3960 6206
418 355 517 416 725

1700 335 1972 397 SMARAG
1981 332 2043 391 DI
2078 328 2366 389 ABBATIS

3576 310 3681 369 γει

422 471 577 528 Sicut
599 476 857 537 scriptum
878 471 964 519 est
989 482 1001 515 :
1034 458 1171 527 Quia
1193 460 1281 529 qui
1304 458 1447 524 ponit
1471 468 1686 511 manum
1710 451 1765 505 in
1789 457 1991 511 aratro,
2020 450 2071 508 Α
2097 443 2327 515 peditior
2348 442 2419 497 sit
2442 454 2657 503 cursus,
2679 435 3055 506 castigandum
3082 438 3164 487 est
3192 444 3420 499 corpus;
3454 437 3515 482 ut
3542 429 3684 483 idem

422 573 469 619 et
500 519 844 632 respicitrposl
870 566 1104 625 tergum,
1131 519 1284 622 opius
1312 564 1416 605 non
1429 548 1540 602 erit
1568 561 1723 616 regno
1749 542 1995 598 caelorum
2098 531 2387 632 Apostolus
2413 530 2528 632 ait:
2563 527 2676 597 Ego
2705 527 2779 581 sic
2811 540 2996 587 curro,
3031 522 3249 625 inquit,
3295 536 3402 632 uois
3437 526 3595 589 quasi
3632 519 3691 632 is:

425 605 706 725 (Lucftx).
731 605 1124 702 rPavidigenim
1161 605 1216 696 in
1247 641 1366 711 lege
1402 634 1903 692 non.admittuntur
1929 628 2001 684 ad
2098 624 2373 678 incertum.
2409 620 2500 677 Sic
2527 634 2722 691 pugno,
2754 632 2861 671 non
2888 614 3043 686 quasi
3073 628 3248 667 aerem
3272 610 3582 725 vjrberans;
3596 605 3691 661 sed

1672 724 1699 725 ,,
2201 712 2233 725 ,α
2674 724 2699 725 η
2765 715 2800 725 ,ι
2830 707 2877 725 ε--
2917 705 3209 725 --__A:4--s--_
3241 717 3294 725 ...ρ
3334 701 3417 725 Σ-..
3467 714 3530 725 ..Α
3583 705 3691 725 ..-οι

424 724 692 814 prmlium,
721 751 789 793 ne
818 746 872 790 et
899 734 973 788 illi
1002 740 1257 804 paventes
1286 734 1530 801 pereant,
1559 733 1614 781 et
1638 724 1773 779 alios
1801 730 2000 791 pavere

424 813 645 887 laci-ant.
683 825 800 880 Non
829 823 976 879 enim
1003 821 1095 892 qui
1126 817 1482 882 inchoaverit,
1509 815 1603 871 sed
1631 813 1722 883 qui
1752 824 2002 882 perseve—

427 918 662 983 raverit,
692 915 873 970 salvus
901 912 1024 966 erit.
1061 910 1227 965 Nemo
1254 907 1486 963 militans
1513 905 1642 970 Deo,
1676 903 1753 957 ait
1774 901 2004 971 Aposto-

428 1013 543 1078 lus,
586 1007 818 1079 implicat
853 1022 906 1061 se
943 1003 1160 1074 negotiis
1195 998 1558 1061 srrcularibus,
1588 1007 1645 1051 ut
1672 994 1875 1066 placeat
1901 990 2001 1055 illi,

430 1102 515 1154 cui
539 1116 593 1154 se
615 1083 849 1169 probarit
874 1093 959 1166 (ΙΙ
986 1092 1119 1146 Tim.
1144 1090 1228 1162 ιι).
1266 1089 1403 1144 Nam
1421 1088 1514 1158 qui
1537 1092 1712 1145 certat
1734 1085 1787 1139 in
1813 1096 2000 1154 agone,

431 1206 539 1245 non
565 1194 874 1251 coronatur,
903 1180 1007 1239 nisi
1036 1181 1275 1252 legitime
1302 1178 1615 1236 certaverit.

507 1279 639 1345 Quae
660 1293 763 1331 non
785 1286 857 1330 est
882 1274 981 1329 nisi
1002 1282 1224 1343 angusto
1247 1271 1398 1324 initio
1420 1266 1740 1338 incipienda.
1767 1262 1927 1318 Arcta
1955 1267 2011 1315 et

434 1366 662 1440 angusta
683 1368 769 1421 via
801 1374 884 1422 est
912 1379 1031 1436 quae
1054 1364 1203 1419 ducit
1224 1362 1293 1417 ad
1317 1362 1514 1425 vitam;
1549 1360 1659 1412 lata
1687 1364 1742 1411 et
1767 1355 2009 1424 spatiosa

434 1477 557 1532 quae
579 1457 730 1515 ducit
748 1457 816 1512 ad
832 1463 1084 1511 mortem.
1117 1453 1222 1508 Sed
1244 1460 1300 1507 et
1319 1450 1578 1506 Dominus
1597 1445 1875 1515 discipulis
1899 1443 2005 1497 ait:

438 1551 747 1608 Contendite
776 1550 975 1602 intrare
1010 1561 1103 1617 per
1136 1554 1413 1615 augustam
1447 1548 1655 1611 portam
1682 1536 1834 1609 (Luc.
1864 1534 2007 1602 xm).

439 1644 663 1716 Oportet
690 1641 835 1695 enim
864 1653 963 1694 nos
985 1653 1082 1709 per
1106 1635 1302 1690 multas
1327 1631 1705 1688 tribulationes
1728 1628 1933 1683 intrare
1959 1625 2012 1679 in

439 1750 662 1807 regnum
693 1731 973 1787 caelorum.

2101 712 2299 782 castqu
2323 726 2509 781 corpus
2534 724 2723 771 meum,
2752 715 2801 760 et
2825 707 2882 760 in
2909 705 3210 759 seruitutem
3241 700 3439 770 redigo,
3466 714 3530 752 ne
3553 697 3694 767 forte

2103 818 2221 861 cum
2249 804 2369 859 aliis
2390 801 2807 874 praedicaverim,
2837 799 2948 868 ipse
2974 795 3223 867 reprobus
3258 794 3455 863 afﬁcior
3480 789 3531 862 (1
3562 787 3693 844 Cor.

2104 897 2205 970 ιι).
2236 897 2306 951 Et
2327 895 2452 950 alibi
2476 894 2593 965 ipse
2612 891 2906 962 Apostolus
2931 889 3042 944 ait:
3066 884 3340 941 Certamen
3361 882 3554 937 bonum
3581 897 3700 934 cer-

2105 989 2229 1053 tari,
2269 1001 2476 1040 cursum
2505 979 2887 1044 consummari,
2926 976 3087 1047 ﬁdem
3114 973 3347 1037 seruari;
3386 972 3451 1026 de
3489 970 3696 1041 reliquo

2107 1077 2332 1148 reposita
2358 1083 2435 1129 est
2472 1072 2600 1127 mihi
2624 1087 2817 1125 corona
2844 1065 3107 1138 justitia,
3147 1079 3306 1136 quam
3340 1061 3522 1117 reddet
3564 1061 3697 1114 mshi

2111 1168 2366 1224 Dominus
2389 1165 2445 1219 in
2471 1162 2567 1217 illa
2591 1161 2678 1214 die
2696 1160 2877 1230 justus
2905 1156 3065 1225 iudex
3089 1153 3174 1228 (ΙΙ
3204 1153 3343 1207 Tim.
3370 1151 3467 1223 tv).

2183 1256 2252 1313 Ut
2287 1257 2351 1313 ab
2382 1255 2546 1326 ipsius
2575 1266 2844 1321 nunquam
2880 1247 3185 1319 magisterio
3219 1242 3569 1297 discedentes.
3616 1237 3701 1292 Ah

2113 1348 2299 1418 ipsius,
2326 1345 2475 1409 dicit,
2507 1343 2561 1397 id
2584 1350 2690 1406 est,
2721 1340 2836 1394 Dei.
2878 1334 3211 1409 Magisterio,
3235 1333 3291 1389 id
3315 1339 3402 1387 est
3423 1331 3700 1396 doctrina,

2112 1437 2196 1492 vel
2225 1435 2547 1491 eruditione.

2187 1522 2256 1581 In
2288 1526 2405 1596 ejus
2441 1522 2679 1581 doctrina
2716 1535 2880 1591 usque
2915 1517 2987 1571 ad
3023 1525 3243 1570 mortem
3280 1515 3336 1569 in
3373 1510 3703 1570 monasterio

2114 1623 2517 1687 perseverantes.
2571 1611 2688 1668 Non
2726 1609 2875 1664 enim
2911 1607 3005 1678 qui
3040 1607 3377 1661 inchoaverit
3400 1646 3416 1671 ,
3469 1606 3566 1661 sed
3607 1602 3707 1674 qui

2116 1694 2554 1778 perseveraverit,
2578 1700 2762 1756 salvus
2782 1698 2907 1754 erit.
2939 1695 3324 1752 Monasterium
3349 1696 3513 1750 etiam
3540 1696 3708 1749 unius

516 1785 771 1877 Processu
792 1835 909 1874 vero
929 1815 1335 1872 conversationis
1355 1822 1404 1868 et
1423 1812 1570 1881 ﬁdei.
1599 1810 1860 1877 Processu
1886 1806 2019 1863 dicit
2044 1789 2092 1851 Β
2121 1794 2371 1850 monac“
2418 1791 2682 1849 blbilatio
2727 1788 2837 1844 (ὶίεὶ
2882 1794 3080 1881 West—
3132 1787 3322 1841 MODOB
3365 1787 3513 1842 alii!!!
3563 1785 3709 1856 amid

442 1910 899 1976 conversationis,
928 1915 1277 1979 augmentum
1305 1906 1597 1970 virtutum,
1634 1911 1688 1959 et
1714 1901 2017 1972 proiectum

447 2004 640 2059 animae
663 2041 679 2067 ,
729 2002 784 2055 in
828 1998 1026 2070 quibus
1066 1997 1365 2053 monachus
1403 1993 1644 2065 quotidie
1680 1988 2019 2062 augmentari

445 2093 642 2159 debet,
693 2098 748 2145 et
790 2102 1057 2146 crescere.
1112 2086 1204 2144 Sic
1240 2086 1384 2145 enim
1414 2082 1703 2154 Apostolus
1741 2097 1841 2153 pro
1867 2079 2022 2135 nobis

445 2197 610 2238 orans
634 2179 741 2235 ait:
769 2176 1021 2245 Oramus,
1044 2187 1099 2233 ut
1124 2177 1402 2231 ambuletis
1427 2175 1581 2246 digne
1603 2173 1710 2228 Deo
1734 2188 1828 2244 per
1847 2169 2023 2225 omnia

447 2271 731 2343 placentes,
755 2270 811 2324 in
832 2270 973 2323 omni
996 2284 1145 2339 opere
1169 2268 1299 2322 bono
1324 2266 1703 2337 [ructiﬁcantes
1729 2274 1776 2318 et
1796 2278 2026 2319 crescen-

453 2370 527 2415 tes
558 2358 782 2432 (Coloss.
810 2359 873 2430 ι).
912 2356 1164 2424 Quotidie
1195 2357 1340 2411 enim
1368 2355 1667 2411 monachus
1720 2367 1891 2408 novus
1917 2389 1934 2416 ,
1971 2358 2029 2406 et

417 2452 420 2456 “
452 2465 623 2506 novus
647 2449 887 2513 effectus,
909 2449 977 2504 de
999 2448 1197 2502 virtute
1218 2461 1468 2503 crescere
1492 2446 1649 2502 debet
1674 2444 1728 2498 in
1748 2443 2024 2506 virtutem,

453 2551 655 2613 etquae
679 2547 825 2597 retro
850 2548 973 2596 sunt
1001 2538 1344 2604 obliviscens,
1372 2538 1427 2593 in
1450 2550 1515 2591 ea
1556 2550 1676 2605 qua:
1702 2533 1881 2603 priora
1905 2538 2031 2587 sunt

456 2653 520 2696 se
537 2636 848 2703 extendere,
868 2636 1037 2691 donec
1057 2634 1123 2689 ad
1144 2632 1468 2688 destinatum
1489 2626 1769 2698 perveniat
1785 2622 2032 2679 bravium

458 2745 703 2803 superum
726 2716 1026 2786 vocationis
1051 2726 1166 2791 Dei,
1197 2724 1252 2778 in
1279 2720 1497 2781 Christo
1522 2718 1649 2774 .Iesu
1676 2716 1907 2773 Domino
1938 2729 2034 2770 no-

461 2822 594 2878 stro.
651 2819 787 2875 Nam
831 2828 886 2876 et
925 2817 1068 2889 quod
1097 2817 1230 2870 ﬁdes
1257 2814 1312 2869 in
1340 2811 1562 2868 homine
1587 2804 2035 2879 processum,-id

454 2916 579 2977 est,
613 2918 995 2982 augmentum,
1029 2916 1083 2962 et
1109 2904 1407 2977 profectum
1434 2900 1629 2962 faciat,
1669 2896 2035 2967 apostolorum

2118 1884 2337 1941 Grzecos
2368 1881 2514 1938 solus
2538 1881 2772 1945 dicitur;
2811 1878 3040 1934 sterium
3069 1877 3235 1932 statio
3260 1886 3510 1931 vocatur.
3564 1877 3710 1949 Ergo

2122 1973 2509 2031 monasterium
2526 1970 2782 2047 solitaria
2810 1968 3076 2025 habitatio
3101 1967 3205 2022 dici
3232 1974 3428 2037 potest.

2194 2062 2535 2120 Passionibus
2575 2060 2771 2117 Christi
2817 2076 2912 2131 per
2951 2058 3259 2130 patientiam
3308 2056 3711 2128 participentur.

2123 2159 2318 2214 Petrus
2344 2154 2616 2225 apostolus
2642 2154 2719 2208 ait
2743 2171 2756 2206 :
2790 2150 3031 2207 Christus
3057 2166 3248 2221 passus
3271 2158 3358 2211 ,est
3394 2165 3491 2219 pro
3527 2147 3703 2211 nobis,

2127 2249 2421 2319 relinquens
2450 2245 2598 2299 nobis
2624 2242 2936 2313 exemplum,
2964 2250 3020 2295 ut
3046 2252 3327 2311 sequamur
3351 2237 3571 2307 vestigia
3595 2236 3717 2306 ejus

2128 2337 2182 2410 (Ι
2210 2336 2352 2391 Petr.
2377 2334 2458 2406 tt).
2495 2335 2600 2390 Per
2621 2332 2937 2403 patientiam
2963 2329 3368 2401 participentur,
3398 2327 3552 2391 dicit,
3579 2325 3713 2395 quia

2128 2429 2183 2485 in
2208 2427 2547 2501 passionibus
2566 2418 2826 2496 pati—entia
2844 2421 3156 2479 necessaria
3178 2420 3427 2475 habetur.
3453 2418 3549 2473 Ille
3569 2416 3721 2472 enim

2126 2538 2229 2594 pro
2261 2523 2416 2578 nobis
2446 2529 2557 2576 tam
2583 2520 2794 2590 patiens
2823 2519 2877 2573 in
2904 2516 3160 2587 passione
3188 2513 3430 2578 exstitit,
3467 2519 3531 2566 ut
3560 2511 3719 2581 quasi

2133 2628 2306 2685 agnus
2352 2619 2667 2667 mansuetus
2711 2610 2999 2664 duceretur
3036 2607 3103 2661 ad
3138 2604 3460 2665 victimam,
3505 2612 3564 2657 et
3610 2616 3725 2657 non

2135 2704 2373 2776 aperiret
2407 2718 2475 2760 os
2506 2717 2685 2759 suum.
2737 2700 3155 2771 Partieipemur,
3197 2695 3360 2759 dicit,
3410 2695 3465 2749 id
3506 2701 3596 2749 est
3634 2705 3731 2749 so-

2136 2798 2364 2857 ciemur.

2211 2887 2280 2942 Ut
2309 2896 2358 2942 et
2386 2888 2531 2958 regni
2559 2886 2674 2956 ejus
2702 2898 2999 2940 mereamur
3017 2881 3138 2936 esse
3166 2887 3450 2934 consortes.
3487 2876 3729 2931 Consor-

463 2966 619 3059 nob'is
646 2966 937 3058 ostendunt
958 2966 1145 3064 verba,
1168 2995 1259 3051 ubi
1288 2968 1516 3048 Domino
1539 2966 1726 3046 dicunt
1751 3006 1764 3041 :
1790 2986 2033 3048 Domine,
2139 2987 2239 3043 tes,
2270 2976 2421 3041 dicit,
2452 2976 2506 3031 id
2536 2982 2621 3031 est
2650 2973 2807 3037 socii,
2836 2972 3100 3036 haeredes,
3131 2970 3214 3024 vel
3241 2968 3555 3038 participes.
3585 2966 3732 3020 Cou-

468 3111 601 3166 auge
637 3095 784 3148 nobis
819 3092 979 3163 ﬁdem
1008 3059 1158 3161 (Luc.
1204 3084 1360 3158 xvn).
1415 3084 1573 3141 Fides
1617 3089 1700 3137 est
1742 3079 2039 3135 divinitatis
2072 3148 2112 3166 Λ
2141 3085 2261 3126 sors
2290 3070 2489 3125 dicitur
2513 3069 2609 3139 qui
2637 3074 2787 3122 sorte
2813 3080 2874 3121 se
2897 3063 3105 3132 jungit,
3133 3063 3276 3117 sicut
3298 3068 3357 3115 et
3376 3074 3608 3115 concors
3634 3059 3731 3129 qui

466 3148 757 3248 confessio,
785 3148 842 3238 et
868 3148 1145 3253 religionis
1167 3148 1396 3234 solidum
1422 3175 1847 3229 fundamentum.
1881 3170 2044 3225 Fides
2070 3148 2114 3211 (ἶ
2146 3161 2309 3216 corde
2328 3158 2526 3229 jungit.
2576 3157 2764 3213 Dictus
2793 3168 3017 3210 consors
3040 3167 3106 3207 eo
3131 3151 3275 3221 quod
3303 3150 3371 3205 ad
3394 3165 3522 3204 eum
3550 3149 3727 3219 perti-

468 3282 552 3329 cst
581 3246 873 3328 credulitas
896 3246 1001 3341 qua
1027 3270 1198 3335 Deum
1230 3265 1571 3329 conﬁtemur,
1612 3261 1790 3319 cultus
1824 3266 1881 3315 et
1918 3258 2044 3314 reli-
2143 3259 2273 3307 neat
2298 3266 2427 3321 pars
2453 3251 2739 3320 bonorum.
2788 3246 2925 3327 Nam
2961 3253 3172 3300 veteres
3201 3254 3405 3299 sortem
3440 3257 3544 3311 pro
3573 3249 3731 3311 parte

470 3364 581 3433 gio,
630 3376 791 3433 quam
840 3359 915 3414 illi
960 3360 1242 3415 credentes
1287 3356 1625 3412 exhibemus.
1681 3353 1835 3408 Dicta
1864 3358 2045 3406 autem

471 3452 607 3509 ﬁdes
644 3453 712 3509 ab
747 3467 834 3520 eo,
871 3451 1016 3522 quod
1056 3448 1115 3504 ﬁt
1150 3449 1313 3514 illud,
1351 3447 1495 3518 quod
1534 3446 1588 3501 in
1627 3454 1887 3512 utrosque
1924 3441 2043 3511 pla—

472 3546 638 3600 eitum
686 3552 803 3609 est,
857 3543 1012 3613 quasi
1050 3543 1194 3598 inter
1230 3540 1401 3596 Deum
1451 3547 1508 3595 et
1543 3536 1837 3593 hominem.
1887 3532 2048 3589 Fides

472 3634 690 3705 proprie
730 3633 949 3700 dicitur,
998 3632 1215 3704 quando
1255 3631 1311 3685 id
1348 3629 1587 3684 creditur
1622 3624 1765 3697 quod
1810 3623 2048 3680 nondum

472 3723 706 3777 videtur.
752 3719 888 3776 Nam
926 3719 1150 3776 credere
1180 3718 1293 3787 jam
1329 3733 1438 3773 non
1474 3730 1762 3786 possumus
1796 3712 1940 3784 quod
1969 3712 2050 3766 vi-
2144 3756 2147 3761 .

477 3814 685 3868 demus.

550 3903 786 3958 Dilatato
814 3902 986 3958 corde.
1024 3900 1259 3956 Dilatato
1284 3897 1448 3954 corde
1476 3896 1641 3961 dicit,
1688 3895 1744 3950 id
1776 3902 1895 3958 est,
1938 3906 2053 3946 ma-

478 3993 733 4065 gniﬁcato
768 4000 824 4047 et
858 3991 1095 4062 spatioso
1130 3989 1304 4055 facto;
1345 3987 1471 4058 quia
1499 3993 1763 4057 quantum
1800 3984 1963 4039 homo
1996 3983 2054 4037 in

480 4082 702 4137 servitio
737 4079 831 4136 Dei
869 4076 1132 4152 proiecit,
1175 4087 1322 4133 tanto
1360 4077 1532 4133 laetior
1567 4077 1622 4130 in
1660 4082 2051 4145 praeceptorum

480 4173 600 4242 ejus
623 4170 973 4246 amplitudine
1002 4186 1250 4228 crescere
1277 4170 1507 4241 satagit;
1540 4176 1600 4223 ut
1622 4167 1908 4222 Psalmista
1937 4165 2051 4219 ait:

492 4262 644 4317 Viam
668 4261 1035 4316 mandatorum
1060 4270 1272 4315 tuorum
1295 4258 1525 4324 cucurri,
1548 4257 1675 4311 dum
1694 4254 1945 4309 dilatares
1965 4268 2056 4308 cor

482 4368 654 4406 meum
678 4349 848 4424 (Psal.
875 4347 1083 4422 cxvm).

556 4439 910 4496 Incnar'rabili
960 4438 1251 4493 dilectionis
1304 4435 1595 4491 dulcedine.
1672 4433 2057 4490 inenarrabilis

2144 3344 2436 3417 ponebant.
2489 3340 2551 3397 Si
2576 3342 2724 3397 enim
2752 3340 2846 3395 lilii
2878 3354 3099 3403 sumus,
3142 3344 3200 3392 et
3227 3336 3471 3391 heredes
3498 3336 3729 3391 erimus.

2148 3438 2211 3493 Si
2240 3444 2420 3492 autem
2448 3435 2714 3500 haeredes,
2750 3433 2870 3488 sine
2894 3430 3077 3496 dubio,
3108 3438 3166 3484 et
3190 3434 3475 3484 consortes
3499 3427 3731 3482 erimus.

2147 3529 2338 3581 Amen.

2671 3588 2906 3662 Explicit
2933 3588 3203 3661 prologus.

2221 3684 2427 3755 Regula
2458 3682 2878 3754 appellatur,,uut
2913 3681 3107 3736 beatus
3143 3677 3468 3733 Benedictus
3502 3676 3620 3739 ait,
3666 3674 3737 3730 ab

2146 3774 2254 3829 hoc
2302 3773 2445 3842 quod
2490 3765 3069 3836 obedientiumdirigat
3093 3780 3294 3821 mores.
3346 3764 3617 3819 Aliivero
3653 3762 3740 3817 di-

2152 3876 2282 3923 cunt
2299 3907 2314 3933 ,
2345 3865 2528 3937 regula
2555 3863 2697 3919 dicta
2714 3904 2729 3929 ,
2757 3862 2900 3932 quod
2927 3868 3074 3916 recte
3101 3858 3281 3924 ducit,
3313 3872 3415 3913 nec
3446 3856 3741 3925 aliquando

2153 3943 2408 4012 aliorsum
2448 3954 2649 4019 trahit,
2674 3953 2756 4007 vel
2782 3953 2924 4023 quod
2952 3958 3137 4023 regat,
3174 3950 3259 4005 vel
3294 3950 3451 4020 quod
3482 3961 3741 4003 normam

2156 4055 2303 4103 recte
2329 4045 2544 4100 vivendi
2582 4044 2849 4114 praebeat,
2879 4042 2962 4098 vel
2992 4043 3136 4112 quod
3165 4041 3454 4097 distortum
3481 4055 3745 4111 pravum—

2155 4150 2261 4207 que
2286 4136 2545 4205 corrigat.

2655 4222 2882 4279 CAPUT
2929 4221 3219 4277 PRIMUM.

2425 4315 2497 4370 De
2523 4323 2752 4386 quatuor
2775 4312 3048 4383 generibus
3076 4310 3474 4364 monachorum.

2232 4430 2612 4493 Monacltorum
2639 4436 2871 4498 quatuor
2896 4442 3007 4480 esse
3041 4440 3233 4495 genera
3266 4422 3605 4491 manifestum
3645 4434 3743 4477 est.

487 4531 714 4586 dulcedo
757 4530 954 4584 dicitur
992 4528 1082 4581 illa
1129 4527 1195 4582 de
1242 4543 1347 4596 qua
1393 4525 1676 4581 Psalmista
1718 4525 1832 4578 ait:
1887 4523 2059 4590 Quam
2085 4505 2139 4564 Ῑ)
2164 4527 2458 4583 Monachus
2499 4523 2686 4578 Graeca
2728 4520 3054 4591 etymologia
3094 4526 3339 4580 vocatur,
3387 4531 3455 4571 eo
3491 4516 3635 4585 quod
3674 4516 3751 4570 sit

489 4637 683 4691 magna
709 4617 988 4672 multitudo
1014 4615 1307 4670 dulcedinis
1333 4626 1460 4678 tum,
1489 4614 1730 4678 Domine,
1757 4629 1914 4683 quam
1942 4613 2061 4667 abs-

489 4710 713 4765 condisti
741 4701 1039 4761 timentibus
1069 4714 1141 4769 te,
1169 4715 1218 4757 et
1246 4702 1508 4775 perfeciin
1532 4703 1627 4765 eis,
1655 4703 1743 4772 qui
1768 4711 1976 4770 sperant
2007 4702 2063 4755 in

385 4845 394 4851 .
489 4810 542 4854 te
577 4795 747 4870 (Psal.
788 4795 938 4868 xxx).
991 4794 1162 4861 Quam
1212 4800 1265 4846 et
1310 4791 1598 4861 Apostolus
1644 4789 2063 4844 inenarrabilem

493 4887 644 4952 dicit,
671 4885 762 4941 ubi
790 4886 901 4940 ait:
934 4884 1086 4950 Quod
1115 4880 1297 4937 oculus
1324 4898 1427 4935 non
1450 4880 1597 4945 vidit,
1624 4896 1716 4933 nec
1742 4881 1889 4933 auris
1914 4880 2068 4934 audi-

490 4977 585 5043 uit,
611 4992 703 5030 nec
730 4976 784 5029 in
809 4992 898 5029 cor
922 4973 1147 5027 hominis
1173 4970 1424 5036 ascendit,
1447 4984 1565 5040 qua:
1586 4969 1900 5040 prccparavit
1928 4967 2067 5023 Deus

441 5128 446 5133 ,
494 5065 829 5138 diligentibus
857 5080 910 5119 se
936 5063 987 5136 (Ι
1014 5063 1133 5117 Cor.
1160 5061 1244 5134 ιι).

442 5160 454 5190 λ’
489 5164 495 5170 ’
568 5166 814 5223 Curritur
838 5165 919 5217 via
947 5162 1317 5216 mandatorum
1349 5158 1468 5213 Dei.
1522 5154 1676 5212 Sicut
1716 5156 1965 5227 superius
2001 5156 2069 5212 de

495 5261 674 5334 primo
714 5255 918 5310 dictum
958 5261 1062 5318 est,
1107 5251 1264 5307 Viam
1310 5250 1686 5305 mandatorum
1715 5256 1931 5304 tuorum
1969 5262 2067 5302 cu-

495 5349 675 5414 curri,
716 5348 841 5402 dum
870 5342 1123 5399 dilatares
1151 5358 1245 5396 cor
1270 5355 1470 5395 meum.
1520 5338 1655 5393 Nam
1693 5347 1748 5393 et
1782 5336 2070 5407 Apostolus

497 5441 572 5497 ait
598 5459 610 5494 :
643 5439 731 5496 Sic
761 5439 980 5500 currite,
1021 5446 1077 5490 ut
1105 5434 1551 5507 comprehendatis
1582 5433 1633 5507 (Ι
1663 5433 1785 5489 Cor.
1810 5432 1910 5505 ιι).
1950 5432 2067 5487 Non

496 5530 585 5585 hic
612 5546 829 5586 cursum
855 5528 1075 5600 pedum,
1103 5528 1198 5583 sed
1224 5543 1434 5583 morum
1464 5525 1751 5598 signiﬁcat.
1782 5524 2070 5580 Ambulate

499 5620 646 5672 enim
687 5620 752 5674 de
787 5619 987 5674 virtute
1031 5619 1085 5672 in
1122 5617 1413 5681 virtutem,
1460 5616 1632 5671 donec
1659 5615 1902 5669 videatur
1930 5616 2071 5669 Deus

503 5703 726 5759 deorum
757 5707 809 5760 in
836 5707 1002 5772 Sion;
1037 5721 1231 5762 cursus
1253 5714 1336 5761 est
1362 5706 1570 5760 animae.
1623 5704 1730 5763 Sed
1760 5713 1820 5759 ut
1851 5706 1949 5760 istc
1978 5721 2070 5759 ex-

2162 4615 2471 4688 siugularis.
2509 4614 2567 4667 In
2594 4611 2749 4666 libris
2778 4609 3126 4665 collatiouum
3152 4604 3409 4661 Alouardi
3429 4645 3445 4668 ,
3474 4606 3591 4660 sive
3618 4604 3749 4659 Alo-

2162 4707 2449 4769 nazontai,
2500 4702 2791 4773 singularis
2825 4715 2891 4757 ac
2927 4700 3188 4755 solitaria
3222 4700 3349 4752 vita:
3397 4698 3749 4752 distinctione

2162 4800 2423 4857 nominati
2453 4806 2597 4854 sunt.
2633 4798 2784 4853 Unde
2809 4809 3149 4865 consequens
3173 4793 3294 4858 fuit,
3322 4800 3383 4847 ut
3404 4807 3475 4848 ex
3501 4802 3750 4848 commu-

2167 4884 2327 4947 nione
2351 4889 2609 4944 consortii
2658 4887 2818 4942 koiuo
2864 4885 3082 4951 hisatai,
3135 4884 3392 4943 cellmaue
3445 4897 3512 4938 ac
3570 4884 3749 4939 diver-

2169 4979 2313 5035 soria
2338 4986 2528 5034 eorum
2554 4976 2807 5032 koinobia
2853 4982 3198 5030 vocarentur.
3238 4972 3385 5028 Istud
3415 4988 3547 5043 ergo
3572 4974 3750 5029 solum

2173 5071 2274 5126 i'uit
2308 5069 2751 5139 antiquissimum
2786 5066 3174 5122 monachorum
3214 5078 3414 5135 genus,
3459 5065 3603 5133 quod
3638 5078 3750 5119 non

2172 5164 2334 5218 modo
2360 5170 2623 5232 tempore,
2652 5160 2747 5215 sed
2772 5160 2939 5214 etiam
2966 5159 3137 5228 gratia
3175 5158 3409 5227 primum
3438 5166 3546 5222 est,
3580 5158 3752 5226 quod-

2173 5268 2278 5323 que
2313 5268 2412 5322 per
2447 5266 2618 5307 annos
2644 5250 2904 5321 plurimos
2944 5249 3118 5303 solum
3154 5262 3325 5316 usque
3360 5247 3575 5302 abbatis
3598 5247 3748 5302 Pauli

2177 5343 2259 5399 vel
2282 5342 2500 5398 Antonii
2525 5340 2738 5397 duravit
2764 5345 2993 5393 aetatem.
3027 5337 3189 5406 Cujus
3213 5338 3376 5392 etiam
3404 5352 3551 5391 nunc
3576 5337 3750 5391 adhuc

2176 5436 2232 5489 in
2277 5434 2538 5490 districtis
2581 5431 2843 5487 coenobiis
2890 5430 3164 5484 cernimus
3216 5427 3456 5481 residere
3495 5426 3746 5495 vestigia.

2175 5527 2360 5594 Itaque
2389 5524 2779 5579 coenohitarum
2817 5520 3096 5590 disciplina
3135 5534 3166 5573 a
3203 5525 3445 5587 tempore
3482 5517 3749 5587 praedica-

2174 5615 2340 5669 tionis
2372 5613 2680 5683 apostolicae
2715 5611 2942 5680 sumpsit
2976 5609 3277 5663 exordium.
3327 5607 3463 5662 Nam
3500 5606 3627 5661 talis
3650 5622 3752 5660 ex-

2177 5705 2317 5761 stitit
2352 5704 2531 5758 omnis
2572 5702 2625 5756 in
2664 5700 3012 5771 lcrosolymis
3055 5699 3145 5753 illa
3187 5698 3529 5753 credentium
3565 5694 3755 5752 multi-
