3960 6198
326 316 444 374 725

1394 316 1745 374 COMMENT.
1785 318 1851 374 IN
1891 317 2053 373 REG.
2094 318 2151 373 S.
2195 316 2586 375 BENEDICTL.

3488 324 3590 378 7'26

332 436 492 497 tudo,
529 448 645 502 quae
682 433 735 486 in
774 433 985 488 actibus
1020 432 1397 517 Apostolorum
1437 434 1511 489 ita
1549 420 1910 490 describitur:
1942 437 1994 496 Α
2017 433 2156 487 docti
2177 451 2431 505 pugnare.
2479 432 2636 488 Sicut
2676 433 2731 488 in
2772 433 3155 489 luctammibus
3197 434 3357 505 hujus
3405 442 3585 495 saeculi

328 522 695 578 ualitudinis
743 532 917 576 autem
966 523 1285 578 credentium
1331 535 1443 577 erat
1494 541 1586 578 cor
1624 542 1821 589 unum,
1865 534 1914 578 et

324 613 513 666 atumo
550 627 685 675 una,
718 626 812 664 nec
843 611 1120 681 quisquam
1150 629 1359 675 eorum,
1399 630 1514 684 qua'
1547 614 1911 682 possidebant,

323 697 548 769 aliquod
577 715 727 751 suum
756 715 867 752 esse
892 699 1119 765 dicebat,
1144 700 1234 754 sed
1262 711 1410 755 erant
1438 702 1542 755 illis
1570 703 1745 756 omnia
1771 720 1912 757 com-

322 790 534 843 munia.
567 786 932 844 Possessiones
957 800 1004 845 et
1025 789 1345 845 substantias
1372 792 1677 856 vendebant,
1704 801 1751 846 et
1774 794 1912 847 divi-

320 879 520 934 debant
557 898 616 934 ea
655 881 893 934 omnibus
927 890 1081 950 prout
1116 883 1302 952 cuique
1335 898 1464 952 opus
1499 893 1611 936 erat
1641 882 1779 954 (Act.
1812 882 1907 953 Iv).

320 967 500 1034 Talis,
526 969 760 1039 inquam,
785 977 903 1024 erat
930 979 1055 1024 tunc
1077 970 1252 1024 omnis
1277 970 1535 1037 Ecclesia,
1558 972 1745 1041 quales
1768 989 1912 1029 nunc

314 1073 426 1127 per
451 1075 650 1125 paucos
675 1060 730 1113 in
759 1061 1021 1115 cmnobiis
1047 1060 1289 1114 invenire
1312 1060 1523 1116 dilIicile
1547 1071 1650 1117 est.

400 1145 639 1201 Primum
668 1148 1061 1202 cmnobitarum.
1095 1148 1357 1214 Primum,
1385 1151 1489 1206 hoc
1518 1166 1624 1205 non
1651 1167 1748 1221 pro
1775 1160 1910 1208 tem-

313 1241 476 1309 poris
505 1241 716 1305 ordine,
759 1242 853 1297 sed
896 1256 995 1310 pro
1035 1241 1223 1311 gratim
1264 1243 1635 1313 magnitudine
1670 1245 1906 1313 positum

274 1327 583 1398 ,inlcllige.
639 1328 968 1393 Ccenobitae,
1009 1345 1179 1399 genus
1202 1331 1623 1396 monachorum,
1673 1349 1810 1402 quos
1851 1334 1907 1388 in

310 1433 614 1475 commune
651 1420 896 1475 viventes
939 1434 1224 1489 possumus
1254 1420 1541 1490 appellare.
1585 1421 1905 1479 Cumobium

307 1511 469 1564 enim
503 1498 585 1566 est
621 1513 1007 1567 monasterium
1041 1512 1427 1582 plurimorum,
1473 1512 1528 1568 id
1555 1522 1639 1568 est
1668 1515 1723 1569 in
1752 1530 1905 1571 com-

306 1616 484 1655 mune
509 1601 839 1667 viventium;
873 1601 1017 1671 quod
1046 1617 1114 1656 ex
1142 1587 1332 1656 Graeco
1382 1609 1439 1657 et
1471 1601 1666 1657 Latino
1695 1602 1771 1674 [in
1803 1603 1906 1657 La-

305 1691 517 1765 tinum]
559 1693 772 1746 videtur
830 1708 952 1748 esse
1005 1692 1260 1760 positum.
1299 1692 1503 1748 Coenon
1553 1693 1698 1749 enim
1727 1693 1901 1749 Caeci

2015 526 2131 581 sine
2155 541 2348 597 agone,
2384 540 2477 582 seu
2504 527 2819 591 certamine,
2851 543 2956 582 non
2984 536 3275 582 coronatur
3297 567 3314 591 ,
3360 530 3434 583 ita
3458 541 3510 584 et
3535 533 3588 585 in

2013 615 2241 685 spiritali
2285 616 2723 682 conversatione,
2754 623 2809 671 et
2847 618 3123 686 proposito
3164 624 3350 673 sancto
3375 659 3390 684 ,
3428 635 3589 674 nemo

2012 706 2129 759 sine
2147 703 2437 760 luctamine
2464 713 2641 775 potest
2668 705 3171 763 immarcessihilem
3206 723 3465 763 coronam
3489 726 3585 764 ac-

2010 796 2210 864 cipere,
2227 795 2458 865 vitaeque
2477 803 2695 852 internae
2716 797 2889 852 haeres
2908 797 3163 869 existere.
3191 792 3418 868 Semper
3438 801 3583 854 enim

2009 882 2234 952 perfecti
2265 885 2479 940 athletre
2516 886 2844 956 sine‘aliquo
2879 894 3023 943 metu
3047 927 3069 952 ,
3115 895 3182 943 et
3221 903 3346 943 eum
3390 903 3583 959 magna

2009 975 2290 1030 alacritate
2312 975 2660 1031 inveniuntur
2690 976 2746 1032 in
2776 978 3092 1033 certamine.
3126 977 3218 1033 Sic
3236 994 3363 1050 ergo
3387 989 3443 1034 et
3463 996 3584 1049 per-

2010 1062 2290 1119 lectissimi
2317 1064 2641 1130 luctatores,
2667 1074 2723 1123 et
2744 1068 3192 1124 contiuentissimi
3217 1071 3469 1125 monachi
3493 1070 3587 1126 de-

2009 1161 2240 1218 certant,
2274 1154 2536 1212 habentes
2565 1171 2780 1227 semper
2800 1172 2912 1226 prie
2939 1159 3113 1213 oculis
3133 1159 3369 1228 paradisi
3388 1159 3593 1230 jucun-

2008 1240 2254 1310 ditatem,
2280 1252 2335 1299 et
2352 1254 2730 1316 exspectantes
2750 1246 2957 1302 deliciis
2987 1246 3104 1316 ejus
3132 1246 3358 1316 perfrui,
3387 1258 3442 1304 et
3461 1262 3584 1318 quae

2006 1333 2278 1402 promissa
2300 1343 2426 1389 sunt
2458 1334 2596 1391 bona
2615 1376 2633 1400 ,
2653 1347 2705 1391 et
2729 1336 3052 1397 immortalia
3080 1337 3295 1403 sacoma,
3323 1345 3379 1391 et
3402 1337 3580 1392 lumen

2007 1424 2415 1493 sempiternum.
2466 1426 2558 1481 Vis
2602 1426 2657 1480 in
2681 1440 2855 1495 agone
2901 1434 3134 1491 certare,
3168 1434 3223 1480 et
3266 1426 3444 1480 victor
3470 1427 3584 1481 θιί-

2008 1525 2182 1577 Stere,
2216 1514 2376 1568 indue
2400 1524 2452 1569 te
2494 1524 2769 1569 armatura
2812 1514 2941 1579 Dei,
2987 1514 3128 1568 sicut
3158 1516 3499 1581 vestimento,
3530 1517 3583 1570 id

2005 1611 2107 1669 est,
2157 1613 2310 1663 scuto
2338 1604 2483 1669 ﬁdei,
2529 1606 2681 1676 galea
2708 1604 2933 1671 salutis,
2980 1613 3036 1660 ct
3076 1605 3308 1671 caneris,
3357 1621 3476 1676 qua:
3515 1607 3585 1662 ab

2007 1692 2264 1764 Apostolo
2301 1695 2713 1765 prmcipiuntur.

304 1799 605 1837 commune
647 1784 848 1838 dicunt.
894 1782 969 1838 De
1004 1783 1108 1839 hoc
1162 1781 1525 1853 perfecturum
1558 1799 1808 1850 numero,
1845 1791 1902 1840 et
1930 1765 1977 1823 Β
2074 1783 2144 1839 Et
2183 1784 2309 1839 bene
2345 1785 2586 1840 instructi
2621 1786 2859 1856 fraterna
2892 1802 2956 1840 ex
3001 1788 3114 1841 acie
3155 1786 3226 1840 ad
3264 1785 3591 1857 singularem

302 1873 426 1925 vita
457 1872 535 1944 [et
565 1881 625 1929 ut
657 1872 759 1945 ita]
804 1872 1030 1927 dixerim
1060 1870 1442 1928 fecundissima
1477 1873 1658 1929 radice
1686 1882 1901 1929 sancto-

305 1980 471 2030 rum,
502 1964 663 2018 etiam
690 1963 1135 2018 anachoretarum
1158 1970 1281 2032 post
1317 1964 1432 2018 hmc
1462 1962 1621 2018 ﬂores
1656 1964 1897 2021 fructus-

301 2069 421 2124 que
457 2053 649 2124 prolati
687 2062 831 2108 sunt.
867 2051 1032 2123 Cujus
1077 2050 1429 2121 professionis
1467 2053 1742 2122 principes
1778 2054 1894 2118 hos,

302 2160 456 2215 quos
493 2143 652 2216 paulo
692 2150 816 2198 ante
872 2143 1312 2208 memoravimus,
1357 2150 1606 2197 sanctum
1647 2142 1902 2198 videlicet

300 2236 538 2293 Paulum
572 2242 627 2291 et
657 2234 988 2298 Antonium,
1007 2233 1240 2289 nominis
1280 2229 1534 2304 [For-san,
1566 2231 1895 2304 monuimus]

298 2325 607 2381 exstitisse.
625 2322 725 2391 Qui
748 2338 879 2389 non,
897 2331 958 2377 ut
976 2323 1217 2392 quidam,
1231 2319 1690 2392 pusillanimitatis
1707 2335 1894 2386 causa,

297 2428 415 2469 nec
460 2413 811 2485 impatientiae
856 2412 1063 2476 morbo,
1113 2411 1208 2466 sed
1253 2410 1522 2465 desiderio
1560 2410 1897 2467 sublimioris

298 2504 609 2576 profectus,
638 2502 1220 2572 contemplationisque
1255 2501 1451 2557 divina:
1476 2499 1784 2557 solitudinis
1809 2515 1896 2557 se-

300 2604 459 2653 creta
490 2595 680 2651 sectati
711 2603 857 2650 sunt.

383 2683 619 2738 Militaris
643 2684 738 2738 sub
766 2683 969 2754 regula,
992 2682 1071 2738 vel
1091 2683 1293 2738 abbate.
1333 2681 1747 2746 Militansdicit,
1769 2682 1894 2751 quia

300 2773 499 2829 militia
528 2776 630 2830 vita
657 2784 731 2829 est
771 2775 997 2830 hominis
1022 2786 1178 2844 super
1206 2784 1405 2829 terram
1430 2772 1552 2846 (Iob
1587 2773 1705 2843 vn).
1741 2771 1898 2829 Sicut

301 2874 361 2921 et
402 2866 528 2921 alibi
560 2866 819 2936 scriptum
857 2873 942 2921 est
979 2884 992 2919 :
1031 2864 1162 2930 Fili,
1193 2865 1443 2919 accedens
1483 2864 1554 2918 ad
1599 2863 1895 2919 servitutem

301 2955 426 3015 Dei,
455 2965 545 3010 sta
584 2958 637 3010 in
659 2956 896 3025 justitia,
924 2964 970 3009 et
992 2972 1234 3027 prmpara
1263 2955 1493 3010 animam
1522 2962 1668 3007 tuam
1688 2953 1757 3008 ad
1783 2963 1896 3009 ten-

302 3047 560 3100 tationem
596 3044 798 3118 (Eccli.
868 3044 960 3115 ιι).
1003 3044 1059 3097 In
1099 3060 1207 3115 qua
1243 3043 1432 3098 militia
1461 3042 1621 3112 positi
1650 3040 1895 3119 flagitare

305 3150 434 3189 cum
464 3103 736 3205 Propheta
762 3103 1023 3199 debemus
1050 3103 1337 3188 Dominum
1367 3103 1608 3189 dicentes
1634 3152 1647 3187 :
1672 3103 1891 3199 Indica,
1921 3103 1966 3165 C

304 3223 551 3289 Domine,
600 3233 839 3279 nocentes
868 3241 980 3289 me,
1024 3234 1381 3295 expugnantcs
1424 3241 1525 3279 me.
1556 3226 1898 3296 Apprehende

303 3331 483 3380 arma,
509 3324 774 3370 ctscutum
797 3355 812 3381 ,
839 3324 887 3370 et
907 3331 1127 3387 exsurge
1139 3317 1194 3371 in
1215 3316 1543 3387 adjutorium
1568 3318 1697 3372 milli
1718 3317 1891 3390 (Psal.

306 3404 526 3477 xxxuv).

379 3495 683 3551 Secundum
708 3513 871 3568 genus
898 3506 971 3553 est
1012 3496 1485 3566 anacltoretarum,
1519 3498 1575 3554 id
1605 3507 1679 3553 est
1710 3500 1897 3553 arenti-

303 3596 504 3640 tarum.
550 3586 901 3643 Anachorisis
946 3588 1126 3653 enim,
1171 3585 1357 3643 Grccce
1405 3602 1623 3643 oremus
1673 3588 1891 3644 dicitur.

307 3677 781 3733 Anachoretarnm
807 3694 979 3748 genus
993 3686 1078 3733 est
1102 3680 1493 3733 monachorum
1517 3681 1609 3748 qui
1631 3686 1755 3748 post
1782 3694 1896 3736 cte—

304 3768 614 3824 nobitarum
645 3770 808 3823 vitam
838 3769 1050 3825 deserta
1077 3775 1303 3838 petunt;
1339 3777 1393 3822 et
1418 3768 1486 3823 ab
1507 3784 1574 3824 eo
1606 3770 1749 3838 quod
1770 3784 1896 3840 pro-

304 3860 395 3914 cul
425 3849 498 3915 ab
532 3860 840 3915 hominibus
878 3858 1243 3924 recesserint,
1293 3858 1387 3913 tali
1434 3860 1654 3915 nomine
1681 3876 1895 3915 nuncu-

300 3964 525 4026 pantur.
597 3956 738 4028 Ergo
794 3954 1136 4012 anachoretae
1186 3968 1494 4009 secesseres
1548 3954 1896 4025 interpretari

303 4055 556 4116 pOSsunt.
782 4110 788 4117 ’

378 4134 587 4191 Horum
613 4138 703 4208 qui
739 4154 843 4192 non
870 4137 1226 4192 conversionis
1259 4134 1461 4206 fervore
1489 4135 1701 4189 nouitio.
1727 4133 1893 4191 Novi—

303 4226 416 4280 tius
444 4228 587 4282 enim
612 4226 1049 4297 compunctionis
1086 4224 1299 4282 fervore
1331 4232 1553 4281 coactus
1587 4225 1772 4280 omnia
1809 4241 1895 4282 re-

305 4317 518 4389 gularia
554 4319 845 4374 observare
888 4333 948 4373 se
976 4318 1243 4386 promittit
1285 4324 1574 4389 prmcepta.
1618 4315 1725 4371 Sed
1766 4318 1893 4387 quia

1997 1892 2228 1946 pugnam
2256 1877 2453 1942 eremi,
2481 1877 2652 1932 securi
2678 1877 2798 1946 jam
2833 1878 2946 1932 sine
2975 1876 3332 1937 consolatione
3364 1876 3585 1933 alterius

1999 1966 2113 2021 sola
2147 1983 2326 2032 manu,
2357 1966 2435 2022 vel
2462 1968 2675 2021 brachio
2695 1977 2881 2021 contra
2905 1968 3032 2021 vitia
3055 1968 3254 2032 carnis,
3280 1964 3356 2021 vel
3383 1966 3580 2036 cogita-

2000 2060 2199 2113 tionum
2235 2057 2344 2113 Deo
2372 2057 2664 2112 auxiliante
2685 2073 2920 2128 pugnare
2938 2057 3220 2127 sufﬁciunt.
3255 2056 3417 2111 Acies
3449 2056 3579 2111 dici-

2000 2157 2088 2202 tur
2109 2148 2402 2205 instructus
2425 2148 2559 2202 ordo
2575 2147 2804 2203 militum
2829 2149 2897 2203 ad
2916 2147 3224 2204 bellandum
3246 2155 3436 2209 contra
3460 2146 3580 2200 dia-

1998 2235 2199 2291 bolum.
2229 2237 2309 2291 Ex
2331 2253 2435 2307 qua
2455 2237 2557 2291 iste
2577 2236 2724 2291 solus
2743 2237 3127 2292 monachorum
3148 2236 3282 2293 ordo
3307 2235 3584 2306 egreditur

1995 2333 2350 2397 pugnaturus.
2385 2324 2571 2396 Pugna
2598 2334 2788 2382 vocata
2817 2340 2882 2381 eo
2911 2327 3052 2395 quod
3084 2325 3338 2394 primitus
3357 2326 3412 2380 in
3441 2325 3593 2380 bello.

1996 2413 2190 2484 pugnis
2240 2413 2476 2484 praeliari
2525 2413 2878 2482 incipiebant.
2947 2411 3137 2467 Nullus
3186 2412 3331 2467 enim
3378 2413 3588 2481 absque

1996 2505 2294 2562 certamine
2343 2505 2720 2571 coronabitur;
2776 2518 2952 2574 neque
3013 2501 3187 2572 gratia
3234 2501 3332 2557 Dei
3381 2501 3583 2557 deserit

1996 2611 2345 2666 quemquam,
2374 2596 2419 2650 si
2453 2611 2576 2650 cum
2609 2594 2889 2651 alacritate
2916 2601 2971 2648 et
3000 2593 3141 2647 bona
3180 2590 3458 2647 voluntate
3484 2605 3582 2661 pu-

1994 2686 2241 2754 gnaverit
2265 2693 2449 2741 contra
2480 2686 2609 2740 vitia
2647 2687 2847 2751 carnis,
2876 2685 3019 2741 Vitia
3044 2690 3225 2740 autem
3256 2683 3436 2739 carnis
3463 2697 3583 2737 om-

1995 2776 2154 2830 nibus
2186 2783 2311 2830 nota
2340 2784 2504 2841 sunt,
2534 2776 2673 2830 sicut
2697 2774 2986 2846 Apostolus
3015 2774 3092 2829 ait
3124 2788 3138 2827 :
3172 2772 3459 2842 Manifesta
3478 2788 3581 2826 au-

1995 2876 2097 2920 tem
2132 2874 2277 2929 sunt,
2318 2865 2512 2935 inquit,
2539 2881 2696 2934 opera
2735 2864 2943 2930 carnis,
2971 2880 3089 2934 quia
3121 2872 3244 2919 sunt
3276 2861 3577 2932 fornicatio,

1994 2956 2327 3011 immunditia
2371 2954 2568 3028 (Galat.
2602 2955 2680 3028 v),
2716 2961 2772 3010 et
2809 2955 3042 3025 reliqua,
3083 2955 3222 3009 sicut
3259 2952 3375 3023 jam
3413 2967 3579 3021 supra

1999 3046 2142 3102 dicta
2170 3055 2317 3102 sunt.
2356 3045 2448 3102 Sic
2473 3046 2611 3102 dixit
2632 3054 2819 3102 contra
2848 3045 2976 3101 vitia
3004 3045 3209 3111 carnis,
3254 3044 3339 3099 vel
3377 3045 3598 3114 cogitas

1999 3137 2237 3201 tionum;
2269 3153 2333 3193 ac
2360 3138 2406 3193 si
2449 3138 2687 3204 diceret,
2718 3145 2907 3192 contra
2932 3135 3062 3192 vitia
3098 3136 3278 3206 operis
3302 3142 3358 3190 et
3392 3135 3600 3191 volun—.

2000 3235 2190 3283 latum.
2218 3228 2521 3299 Aliquoties
2544 3239 2724 3284 autem
2748 3236 2876 3284 sunt
2899 3228 3051 3290 vitia,
3078 3227 3315 3303 primum
3342 3227 3397 3280 in
3430 3226 3584 3296 cogi-

1998 3319 2225 3384 tatione,
2256 3327 2381 3389 post
2415 3318 2767 3391 egrediuntur
2800 3318 2856 3372 in
2896 3331 3079 3388 opere.
3118 3315 3420 3387 Aliquoties
3450 3330 3593 3370 vero

1997 3417 2123 3464 sunt
2171 3418 2382 3463 tantum
2432 3409 2485 3463 in
2528 3407 2879 3479 cogitatione,
2917 3414 2974 3461 et
3019 3421 3125 3460 non
3172 3405 3476 3475 procedunt
3522 3405 3600 3460 in.

1996 3514 2178 3570 opere.
2227 3499 2380 3554 Unde
2426 3506 2482 3554 et
2524 3498 2861 3567 ponderosus
2889 3497 2945 3555 in
2992 3497 3111 3567 lege
3161 3497 3319 3567 panis
3351 3495 3601 3551 Domino.

1996 3588 2315 3660 prohibetur
2360 3587 2577 3642 oll'erre.
2623 3584 2970 3640 Ponderosus
3018 3598 3146 3639 vero
3191 3593 3277 3640 est
3318 3585 3409 3653 qui
3441 3584 3593 3641 vitia.

1998 3678 2229 3748 turpiter
2256 3692 2362 3731 non
2378 3683 2595 3731 exercet
2616 3675 2673 3730 iu
2694 3689 2881 3744 opere,
2904 3674 2969 3729 ab
2993 3674 3098 3732 illis
3124 3681 3304 3731 tamen
3319 3674 3589 3745 frequen--

1998 3777 2080 3823 ter
2118 3768 2374 3839 polluitur
2404 3768 2458 3822 in
2499 3773 2698 3821 mente.
2747 3764 2817 3819 Et
2843 3764 3091 3835 quamvis
3117 3780 3268 3835 opus
3312 3764 3597 3821 nefarium.

1995 3875 2100 3917 non
2140 3865 2393 3915 exerceat
2435 3858 2489 3912 in
2520 3856 2880 3926 cogitatione,
2915 3864 3094 3911 tamen
3125 3856 3301 3925 turpia
3332 3856 3463 3911 vitia
3489 3871 3582 3927 ge-

1995 3959 2123 4005 stat.
2157 3948 2356 4007 Contra
2387 3963 2506 4018 qute
2534 3948 2666 4002 vitia
2693 3946 2806 4002 sola
2832 3962 2996 4002 manu
3020 3945 3102 4000 vel
3127 3947 3352 4001 brachio
3385 3961 3580 4001 mona-

1996 4037 2134 4092 chus
2177 4043 2408 4109 pugnat,
2449 4036 2575 4105 quia
2620 4034 2838 4105 propria
2883 4034 3086 4090 virtute
3126 4034 3206 4089 'el
3242 4034 3576 4105 operatione,

1994 4147 2115 4201 qua:
2151 4147 2248 4201 per
2280 4131 2563 4185 brachium
2606 4129 2945 4201 signiﬁcatur
2975 4138 3030 4184 et
3055 4144 3294 4194 manum,
3328 4129 3445 4184 sine
3467 4128 3583 4184 fra-

1997 4229 2138 4275 trum
2199 4219 2551 4284 adminiculo,
2600 4233 2725 4273 cum
2786 4217 3000 4273 Domini
3055 4225 3263 4277 tantum
3312 4215 3582 4286 adjutorio

1997 4312 2171 4366 victor
2193 4309 2400 4365 exstitit
2439 4310 2491 4364 in
2524 4323 2727 4368 eremo.

306 4406 546 4461 hominis
580 4415 663 4462 cst
692 4407 982 4477 disponere
1004 4407 1122 4462 vias
1150 4421 1301 4472 suas,
1329 4418 1383 4461 et
1407 4405 1619 4461 Domini
1648 4413 1735 4461 est
1752 4405 1887 4459 diri-
1914 4447 1969 4506 Β
2068 4398 2299 4454 Tertiam
2320 4415 2441 4453 vero
2464 4398 2838 4452 monac/torum
2861 4395 3181 4452 teterrimum
3200 4412 3360 4467 genus
3381 4389 3584 4499 estsa-

305 4512 439 4568 gcre
470 4513 688 4568 gressus
715 4513 857 4560 suos,
905 4506 1089 4552 utrum
1129 4497 1199 4553 ad
1227 4495 1579 4569 perfectionis
1609 4496 1890 4566 perveniat

304 4586 516 4643 calcem
548 4588 763 4657 ignorat
790 4588 969 4643 homo.

384 4674 491 4730 Sed
518 4678 820 4732 monasterii
836 4674 1139 4747 probatione
1163 4675 1437 4729 diuturna.
1465 4674 1786 4728 Diuturnam
1812 4673 1893 4728 di-

305 4765 406 4831 cit,
440 4765 493 4820 id
519 4773 621 4829 est,
652 4767 837 4823 multis
863 4766 1217 4835 temporibus,
1249 4764 1332 4819 vel
1370 4764 1558 4819 diebus
1580 4762 1885 4834 probatam.

308 4855 472 4914 Sicut
510 4857 653 4912 enim
694 4857 748 4911 in
776 4857 992 4913 camino
1026 4856 1165 4926 ignis
1190 4854 1473 4924 coquendo
1508 4855 1766 4923 probatur
1793 4869 1893 4908 an-

311 4964 468 5014 rum;
502 4948 576 5003 ita
606 4948 660 5003 in
682 4948 993 5005 monasterii
1022 4947 1259 5002 claustro
1278 4953 1332 5000 et
1354 4944 1586 5016 regulari
1609 4942 1894 5014 disciplina

311 5040 647 5107 tribulando,
678 5040 853 5095 bonus
893 5039 1153 5110 probatur
1195 5037 1526 5101 monachus;
1567 5044 1629 5091 ut
1669 5035 1810 5091 sicut
1836 5036 1893 5088 in

310 5136 620 5194 diademate
640 5136 753 5191 veri
777 5135 920 5207 regis
934 5135 1220 5204 probatum
1257 5130 1553 5187 fabricatur
1580 5144 1792 5197 aurum,
1823 5128 1895 5183 ita

310 5227 371 5284 iu
401 5228 704 5284 diademate
726 5225 868 5297 regis
906 5224 1107 5281 Christi
1147 5223 1286 5278 bene
1318 5221 1577 5293 probatus
1599 5218 1898 5274 fabricetur

314 5317 632 5372 monachus.
677 5315 834 5371 Sicut
869 5315 1131 5383 scriptum
1175 5320 1260 5367 est
1307 5312 1373 5366 de
1419 5310 1589 5380 ipsius
1613 5307 1727 5363 veri
1756 5306 1898 5378 regis

313 5423 546 5478 persona
574 5423 589 5462 :
623 5406 789 5474 Quasi
822 5421 1069 5477 sponsum
1107 5403 1371 5457 decoravit
1412 5418 1492 5455 me
1515 5417 1709 5455 corona
1736 5398 1894 5470 (Isai.

317 5498 452 5567 LXI).
486 5498 697 5553 Corona
745 5498 889 5552 enim
917 5495 1121 5551 Christi
1149 5500 1279 5549 sunt
1302 5505 1491 5548 omnes
1520 5490 1711 5555 electi,
1752 5489 1897 5543 inter

315 5602 456 5656 quos
487 5587 620 5641 bene
640 5586 851 5657 probati
881 5583 1175 5655 computati
1203 5591 1330 5638 sunt
1354 5579 1605 5636 monachi

392 5679 704 5735 Didicerunt
736 5688 917 5734 contra
948 5674 1216 5732 diabolum
1239 5672 1526 5728 multorum
1560 5671 1748 5726 solatio
1775 5671 1893 5740 jam

1996 4491 2341 4546 rabaitarum.
2381 4487 2624 4543 Tertium
2671 4488 2803 4542 dicit
2837 4487 3214 4560 uigerrimum,
3257 4485 3582 4543 obscurissi-

1996 4598 2171 4647 mum,
2217 4580 2497 4647 horribile,
2528 4587 2741 4651 agreste
2788 4581 2873 4636 vel
2923 4579 3116 4636 ferum.
3171 4580 3395 4637 Veteres
3431 4579 3579 4636 enim

1998 4687 2096 4742 pro
2117 4655 2280 4725 nimis
2298 4669 2413 4726 fero
2429 4669 2766 4725 teterrimum
2782 4669 3050 4724 dixerunt.
3078 4667 3377 4725 Sarabaitae
3395 4676 3592 4724 autem.

1998 4761 2422 4829 interpretantur
2444 4758 2751 4825 chnuitae,
2778 4773 2843 4813 eo
2870 4757 3011 4827 quod
3039 4757 3303 4825 majorum
3331 4758 3592 4828 exempla.

1999 4854 2082 4909 vel
2138 4854 2444 4910 doctrinam
2493 4851 2648 4922 sequi
2694 4859 2941 4905 renuant.
2995 4849 3232 4903 Emersit
3278 4849 3425 4904 enim
3474 4849 3577 4905 hoc

1997 4944 2335 4999 teterrimum
2353 4949 2410 4997 et
2430 4940 2646 4996 inﬁdele
2666 4940 3054 4995 monachorum
3079 4953 3270 5008 genus,
3290 4938 3373 4993 vel
3396 4939 3578 5010 potius

1998 5033 2192 5087 noxius
2235 5031 2325 5086 illa
2369 5030 2628 5101 plantatio
2674 5028 2910 5083 rediviva
2959 5027 3267 5093 concrevit,
3318 5043 3438 5099 qua:
3480 5042 3580 5098 per

1996 5122 2260 5177 Ananiam
2291 5131 2345 5177 et
2381 5120 2666 5191 Saphiram
2694 5118 2748 5173 in
2778 5117 3000 5174 exordio
3029 5117 3285 5175 Ecclesiae
3310 5118 3579 5190 pullulans

2000 5214 2229 5285 apostoli
2253 5213 2399 5268 Petri
2426 5214 2714 5268 severitate
2745 5209 2957 5266 succisa
2984 5218 3088 5283 est.
3121 5208 3252 5278 Quae
3291 5210 3435 5267 inter
3461 5225 3579 5265 mo-

1998 5305 2213 5361 nachos
2233 5313 2341 5360 tam
2377 5290 2709 5360 detestabilis
2736 5301 3177 5373 exsecrandaque
3197 5300 3439 5371 judicata
3468 5307 3569 5364 est,

1998 5413 2100 5454 nec
2128 5412 2159 5452 a
2187 5411 2458 5467 quoquam
2482 5395 2707 5451 ulterius
2736 5401 2991 5465 usurpata
3026 5402 3130 5458 est,
3156 5391 3394 5462 quandiu
3424 5389 3573 5445 illius

1998 5495 2109 5543 tam
2143 5487 2402 5542 districta:
2441 5483 2672 5539 formido
2713 5484 2994 5539 sententiae
3026 5480 3302 5536 memoriae
3340 5476 3576 5532 ﬁdelium

1998 5578 2160 5632 inﬁxa
2183 5576 2415 5631 duravit.
2447 5574 2562 5642 Qua
2590 5574 2780 5630 beatus
2814 5572 3106 5644 Apostolus
3128 5568 3419 5639 prmdictos
3448 5568 3575 5622 novi

1998 5666 2252 5725 facinoris
2277 5664 2568 5738 principes,
2608 5680 2714 5721 non
2743 5660 3084 5735 poenitentia,
3117 5674 3225 5714 non
3253 5657 3360 5713 ulla
3382 5672 3577 5728 passus
