3960 6206
398 266 498 329 717
1665 258 2014 319 SMARAGDI
2052 259 2342 316 sanans
3542 258 3642 319 7.33

395 400 481 447 est
508 388 876 446 satisfactione
893 384 1095 450 curari,
1118 387 1212 442 sed
1222 389 1736 458 perniciosissimum
1751 402 1971 459 germen
2005 388 2049 446 A
2076 391 2183 449 tur,
2222 390 2279 439 et
2310 383 2363 437 in
2408 383 2525 439 loco
2561 397 2777 452 pascuae
2801 381 3156 438 collocantur.
3186 380 3234 435 At
3281 394 3390 451 quo
3429 381 3519 435 isti
3547 397 3650 437 nec

398 480 563 537 celeri
584 488 757 535 morte
792 478 1037 534 succidit.
2073 480 2350 544 reguntur,
2380 487 2479 527 nec
2506 472 2855 538 collocantur,
2886 474 2980 528 sed
3001 471 3270 527 desideria
3294 486 3391 526 sua
3422 472 3655 541 implen-

473 570 579 637 οιιὶ
622 571 769 625 nulla
808 570 991 640 regula
1034 573 1309 641 approbati
1341 574 1661 643 experientia
1704 574 1970 643 magistri,
2074 571 2156 618 tes
2193 565 2419 633 turpiter
2446 564 2499 618 in
2541 565 2653 619 suis
2694 564 2959 619 cubilibus
2989 570 3413 618 commorantur.
3449 562 3553 619 Ubi
3598 571 3657 619 et

400 663 534 715 sicut
555 676 745 714 aurum
769 659 1019 729 fornacis.
1049 660 1150 727 Qui
1175 661 1322 716 nulla
1347 663 1527 732 regula
1553 662 1859 732 approbali,
1895 664 1975 717 di-
2073 669 2173 725 pro
2199 655 2314 726 lege
2353 663 2539 709 tenent
2580 655 2761 709 omnia
2797 670 2915 724 qua:
2937 661 3252 723 operantur,
3292 662 3346 707 et
3384 653 3656 709 desideria

400 751 497 815 cit,
534 750 590 804 id
623 758 729 813 est,
761 748 959 803 nullius
992 750 1186 821 regulae
1222 753 1622 807 examinatione
1655 754 1862 821 experti
1892 753 1975 807 vel
2076 760 2292 801 suarum
2311 746 2593 816 implentes
2623 746 2974 816 voluptatum,
2999 746 3178 800 omnia
3201 759 3539 816 qumcunque
3562 756 3660 801 vo-

401 841 623 896 eruditi.
646 840 901 896 Omnium
928 842 1073 896 enim
1100 851 1249 898 recte
1270 845 1566 898 viventium
1587 844 1713 899 vita:
1740 844 1856 899 sine
1881 844 1978 898 du-
2078 834 2197 889 lunt
2223 844 2500 906 peragunt.
2531 835 2684 891 Unde
2709 844 2763 890 et
2793 836 3043 890 subditur
3068 848 3083 889 ε

403 930 495 985 bio
522 930 722 999 regulae
745 938 870 984 sunt
890 938 1112 985 vocattc.
1139 932 1504 1001 Experientia,
1537 934 1751 997 notitia,
1784 932 1866 987 vel
1887 933 1981 987 do-
2132 922 2281 985 'Cttm
2316 924 2566 994 quidquid
2600 926 2893 995 putaverint
2930 923 3006 978 rel
3029 921 3297 993 elegerint,
3339 922 3438 979 hoc
3476 925 3662 979 dicunt

405 1022 621 1087 ctrina,
677 1022 746 1077 ab
805 1026 1177 1094 experimento
1232 1026 1395 1080 dicta.
1457 1026 1693 1093 Quarum
1740 1028 1980 1081 omnium

2109 1025 2353 1081 anetum;
2385 1025 2432 1068 et
2471 1015 2610 1085 quod
2651 1031 2753 1068 non
2782 1013 3064 1079 uoluerint,
3104 1024 3290 1082 putant
3330 1031 3434 1068 non
3477 1014 3661 1068 licere.

406 1115 685 1185 exemplar
713 1114 1011 1171 Sarabaita:
1039 1132 1144 1170 non
1173 1117 1456 1171 imitantur
1486 1126 1546 1170 ut
1575 1118 1774 1180 vivant,
1803 1118 1897 1172 sed
1926 1117 1981 1171 in

2107 1106 2350 1176 Quidquid
2378 1105 2707 1175 putaverint,
2736 1105 2892 1171 dixit,
2920 1121 3026 1159 non
3043 1105 3304 1175 quidquid
3328 1104 3666 1159 auctoritate

410 1207 524 1262 suis
557 1207 798 1277 corrupti
849 1207 1213 1277 voluptatibus
1256 1208 1595 1263 resolvuntur
1641 1216 1700 1263 ut
1737 1217 1980 1278 pereant.

2107 1196 2384 1250 liviuarum
2439 1194 2841 1264 Scripturarum
2885 1193 2972 1248 vel
3016 1193 3277 1263 exemplis
3312 1191 3668 1263 prohaverint

411 1297 528 1353 Νοη
577 1298 812 1370 regulari
863 1298 1143 1368 disciplina
1186 1299 1485 1368 ρι-οικιηωι-
1528 1307 1588 1353 ιη
1632 1315 1860 1363 aurum,
1893 1301 1989 1355 sed
2085 1293 2322 1355 patrum.
2353 1284 2487 1339 Cum
2517 1285 2713 1353 quibus
2742 1285 2886 1337 enim
2929 1283 3194 1338 voluerint
3219 1281 3427 1352 jejunia
3456 1282 3669 1337 solvere

412 1390 526 1444 suis
565 1390 852 1445 desideriis
881 1391 1207 1446 mollescunt
1228 1400 1288 1446 ut
1318 1392 1615 1460 plumbum.
1647 1391 1800 1447 Unde
1827 1399 1880 1446 et
1906 1404 1990 1447 se-

413 1481 598 1549 quitur
632 1500 645 1534 :

485 1570 590 1626 Sed
618 1572 674 1625 in
693 1570 893 1642 plumbi
928 1582 1120 1627 natura
1148 1574 1354 1628 molliti.
1388 1575 1595 1629 Aurum
1626 1576 1769 1630 enim
1804 1578 1856 1631 in
1882 1576 1993 1632 for-

416 1679 549 1719 nace
570 1665 803 1733 positum
826 1705 841 1731 ,
874 1674 930 1720 et
958 1664 1329 1722 fortitudinem
1370 1668 1567 1739 accipit
1596 1679 1651 1724 et
1689 1669 1946 1741 fulgorem
1972 1689 1988 1738 ;

418 1755 489 1808 ita
519 1762 574 1810 et
597 1755 799 1823 probus
831 1758 1130 1811 monachus
1162 1757 1215 1812 in
1256 1758 1471 1813 camino
1504 1758 1733 1830 regulari
1761 1762 1991 1831 positus,

416 1854 472 1898 et
492 1844 862 1900 fortitudinem
896 1847 1092 1916 accipit
1119 1856 1177 1901 ut
1204 1850 1428 1904 adversa
1456 1850 1831 1920 aequanimiter
1859 1851 1992 1908 tole-

419 1942 523 1999 ret,
551 1943 607 1989 et
645 1933 907 2006 fulgorem
932 1944 991 1990 ut
1017 1937 1283 1992 bonorum
1319 1952 1542 2009 operum
1573 1942 1781 1997 cunctis
1815 1957 1996 1997 exem-

417 2021 539 2091 plar
562 2023 913 2080 demonstret.
938 2025 1223 2081 Plumbum
1242 2042 1373 2083 vero
1399 2029 1452 2083 in
1477 2030 1599 2099 igne
1620 2032 1844 2087 missum
1866 2033 1997 2089 mol-

418 2114 574 2170 lescit
610 2124 666 2170 et
701 2117 929 2187 deperit,
971 2118 1050 2172 sic
1081 2120 1298 2188 quando
1322 2123 1618 2178 monachus
1646 2126 1909 2195 reprobus
1936 2122 1996 2179 in

418 2206 652 2275 regulari
674 2207 953 2277 disciplina
983 2209 1193 2278 positus
1221 2211 1466 2279 tepescit,
1497 2213 1659 2282 perit.
1697 2212 1773 2270 De
1802 2215 1892 2269 illo
1916 2216 1997 2269 di-

420 2295 599 2349 citur:
626 2294 895 2366 Tanquam
924 2314 1115 2351 aurum
1141 2298 1195 2352 in
1224 2298 1440 2368 fornace
1469 2302 1703 2370 probavit
1733 2321 1851 2357 eum
1890 2304 1997 2357 Do-

419 2385 596 2440 minus
620 2383 884 2457 (Sapient.
908 2386 1014 2459 1n).
1046 2388 1122 2443 De
1143 2389 1247 2444 isto
1272 2398 1454 2445 autem
1486 2409 1499 2445 :
1530 2391 1668 2457 Quia
1695 2395 1898 2465 tepidus
1919 2412 1993 2461 es,

421 2474 669 2545 incipiam
697 2485 746 2531 te
773 2492 1003 2532 evomere
1028 2479 1093 2533 de
1121 2496 1210 2533 ore
1232 2496 1367 2546 meo,
1387 2482 1517 2537 dicit
1530 2482 1789 2539 Dominus
1810 2483 1992 2557 (Apoc.

420 2561 528 2637 lli).
556 2563 709 2621 Unus
757 2567 874 2621 auri
919 2565 1127 2640 fulgore
1178 2580 1396 2642 recepto
1421 2588 1543 2628 cum
1569 2572 1786 2630 Christo
1814 2592 2000 2648 regna-

425 2661 583 2710 turus
600 2656 845 2711 ascendit
872 2657 927 2711 in
950 2658 1169 2727 emtum,
1194 2661 1397 2716 alterin
1420 2663 1624 2733 plumbi
1648 2672 1844 2721 natura
1864 2668 1998 2723 mol—

425 2745 551 2801 litus
578 2760 699 2802 cum
721 2746 936 2804 diabolo
964 2749 1290 2807 eruciandus
1316 2752 1593 2808 descendit
1617 2755 1683 2810 ad
1708 2762 1992 2811 tartarum.

426 2834 576 2892 Unus
604 2839 893 2896 virtutibus
919 2849 1110 2897 auctus
1137 2843 1336 2898 crescit
1362 2843 1416 2898 in
1441 2845 1654 2911 melius,
1684 2846 1823 2903 alter
1859 2847 1997 2918 tepi-

424 2923 523 2979 dus
553 2923 730 2981 factus
753 2927 1020 2984 decrescit
1055 2929 1108 2982 in
1137 2928 1306 2999 pejus.
1342 2930 1493 2987 Unus
1517 2933 1682 3002 pollet
1712 2934 1998 2991 virtutibus

423 3014 631 3080 sacris,
665 3015 805 3071 alter
842 3019 1066 3104 tepescit
1113 3021 1292 3075 smculi
1334 3023 1498 3076 curis.
1547 3024 1699 3080 Unus
1729 3026 1999 3081 veraciter

426 3106 673 3162 monachi
708 3122 902 3163 nomen
931 3119 1136 3179 portat,
1172 3113 1309 3167 alius
1337 3112 1604 3170 falsatorls
1631 3117 1879 3171 monachi
1909 3133 1999 3173 no-

429 3209 551 3249 men
581 3202 1002 3267 gestat,pr0pter
1031 3206 1328 3254 tonsuram.
1370 3201 1521 3258 Unde
1556 3212 1611 3257 et
1639 3205 1881 3273 sequitur
1912 3224 1924 3259 :

495 3282 680 3337 Adhuc
711 3286 950 3354 operibus
973 3298 1233 3343 sementes
1256 3291 1446 3344 srculo
1472 3292 1631 3361 ﬁdem
1659 3295 1868 3348 mentiri
1890 3293 1999 3349 Deo

427 3388 520 3431 ver
541 3380 811 3430 tonsuram
838 3386 1140 3432 noscuntur.
1171 3377 1262 3434 ille
1290 3379 1432 3435 enim
1465 3379 1622 3437 [idem
1655 3385 1850 3439 sacculo
1881 3400 1999 3439 ser-

428 3473 538 3530 vat,
567 3466 660 3537 qui
706 3481 770 3521 ea
815 3483 936 3537 qua:
971 3469 1244 3526 smeularis
1279 3471 1387 3542 egit
1429 3473 1483 3526 in
1518 3474 1706 3528 habitu
1750 3477 1999 3531 monachi

408 3558 637 3626 .positus
675 3573 835 3629 agere
862 3576 968 3614 non
998 3571 1194 3617 cessat.
1228 3563 1364 3631 Quid
1397 3573 1480 3620 est
1505 3566 1646 3620 enim
1671 3567 1847 3624 adhuc
1875 3584 2003 3639 ope-

429 3650 580 3705 ribus
609 3665 828 3706 servarc
855 3652 1052 3707 sazculo
1092 3654 1271 3717 fidem,
1301 3654 1406 3710 nisi
1434 3670 1498 3710 ea
1529 3656 1705 3711 facere
1740 3657 1793 3711 in
1822 3674 2004 3714 mona-

382 3810 389 3811 ί
429 3742 596 3797 sterio
618 3743 941 3797 monachum
961 3783 976 3808 ,
1007 3758 1127 3812 qua:
1163 3746 1273 3814 egit
1314 3746 1367 3799 in
1398 3746 1593 3815 smeulo
1618 3747 1790 3802 adhuc
1819 3747 1872 3801 in
1904 3764 2004 3804 sre-

429 3830 603 3884 culari
653 3831 842 3886 habitu
895 3834 1120 3902 positus.
1175 3832 1382 3889 Sazculo
1433 3835 1591 3890 fidem
1641 3845 1840 3903 servat,
1877 3840 2002 3908 quia

429 3921 547 3990 ejus
594 3922 923 3978 voluntatem
963 3923 1143 3978 facere
1183 3939 1289 3978 non
1341 3935 1557 3992 cessat;
1603 3927 1799 3982 szeculo
1842 3928 2003 3983 fidem

430 4020 631 4076 servat,
676 4014 803 4082 quia
832 4028 889 4068 se
928 4029 1029 4068 nec
1059 4015 1346 4080 desiderio,
1390 4030 1493 4071 nec
1525 4017 1869 4087 cogitatione,
1904 4034 2005 4074 nee

428 4117 593 4172 opere
617 4106 686 4158 ab
726 4104 817 4158 illo
860 4115 1106 4175 separat;
1141 4106 1233 4160 sed
1264 4114 1469 4161 tantum
1509 4123 1607 4178 per
1653 4117 1925 4164 tonsuram
1949 4118 2005 4165 et

430 4195 709 4266 religionis
749 4196 990 4251 habitum
1021 4196 1115 4251 Dei
1158 4211 1279 4252 sese
1306 4199 1567 4254 mentitur
1602 4199 1788 4255 filium.
1827 4200 1884 4255 In
1911 4201 2005 4256 ha-

430 4288 545 4342 bitu
571 4288 714 4343 enim
740 4296 791 4343 et
815 4290 1074 4361 religione
1094 4290 1337 4346 exterius
1356 4306 1386 4345 a
1415 4293 1777 4348 nescientibus
1793 4293 2006 4347 videtur

2088 1375 2331 1438 solvunt,
2362 1374 2454 1443 qui
2478 1373 2680 1437 dicunt,
2708 1372 2934 1438 Bonum,
2963 1380 3021 1428 et
3042 1380 3287 1428 sanctum
3315 1380 3525 1441 estpro
3564 1371 3670 1425 ho-

2089 1464 2230 1533 spite
2275 1462 2478 1534 jejunis
2522 1462 2749 1518 solvere.
2793 1462 2902 1517 Illis
2937 1470 3116 1536 autem
3163 1458 3358 1533 quibus
3395 1458 3673 1517 noluerint

2092 1557 2479 1613 humanitatem
2502 1556 2780 1621 exhibere,
2805 1552 2922 1611 Non
2950 1556 3106 1612 nobis
3134 1556 3261 1611 licet
3281 1552 3547 1626 jejunium
3572 1556 3674 1610 bo-

2093 1648 2181 1703 die
2206 1647 2432 1702 solvere.
2464 1646 2636 1701 Aliter
2652 1653 2844 1716 putant
2868 1647 2921 1701 in
2952 1647 3204 1703 cordibus
3225 1649 3358 1714 suis,
3387 1654 3443 1703 et
3461 1648 3676 1719 eligunt

2095 1738 2150 1793 in
2186 1746 2369 1794 mente
2396 1754 2494 1793 sua
2521 1739 2703 1809 potius
2736 1738 3034 1793 solitariam
3063 1739 3230 1792 vitam
3256 1738 3475 1803 ducere,
3506 1751 3672 1809 quam

2092 1844 2213 1884 cum
2258 1828 2377 1884 aliis
2402 1830 2500 1884 sub
2538 1828 2771 1897 regulari
2796 1828 3077 1898 disciplina
3115 1843 3358 1883 manere.
3392 1828 3671 1894 Dieentes,

2094 1919 2347 1975 Sanctius
2374 1927 2458 1973 est
2486 1932 2674 1973 secura
2703 1925 2884 1972 mente
2913 1922 2966 1971 et
2992 1924 3199 1971 secreta
3229 1917 3441 1971 divisim
3466 1917 3673 1980 vivere,

2091 2022 2255 2078 quam
2284 2015 2377 2061 aut
2401 2007 2521 2061 aliis
2544 2007 2792 2077 irrogare
2819 2014 2914 2060 aut
2943 2005 3010 2059 ab
3039 2005 3160 2060 aliis
3187 2005 3481 2075 irrogatam
3513 2021 3677 2077 regu-

2094 2098 2261 2154 larem
2301 2098 2540 2168 recipere
2583 2096 2944 2168 disciplinam.
2998 2081 3314 2150 Nescientes
3372 2097 3675 2165 scriptum:

2100 2190 2193 2246 Va:
2221 2189 2319 2245 soli
2342 2230 2356 2255 ,
2393 2166 2515 2259 quia
2545 2206 2662 2243 cum
2704 2166 3097 2242 ceciderit'non
3135 2187 3287 2241 habet
3314 2186 3678 2241 sublevantem

2096 2281 2291 2355 (Eccle.
2322 2281 2417 2353 tv).
2447 2281 2610 2336 Multa
2643 2281 2789 2336 enim
2817 2278 3052 2351 pericula
3077 2288 3201 2335 sunt
3228 2279 3468 2335 solitario
3488 2278 3681 2349 proxi-

2093 2388 2200 2427 ma.
2237 2372 2478 2427 Primum
2524 2371 2651 2441 quia
2697 2371 3017 2441 sibimetipsi
3064 2371 3118 2425 in
3161 2369 3411 2425 omnibus
3457 2370 3675 2424 actibus

2095 2464 2207 2518 suis
2232 2462 2423 2533 placet,
2448 2470 2501 2516 et
2521 2460 2727 2515 nullum
2752 2461 2915 2515 alium
2940 2461 3101 2515 habet
3128 2461 3218 2530 qui
3241 2475 3377 2531 opus
3402 2456 3520 2529 ejus
3544 2475 3675 2531 pro—

2093 2555 2205 2610 bet.
2242 2554 2446 2609 Deinde
2472 2566 2697 2622 quaaque
2722 2552 2797 2606 illi
2824 2552 2953 2606 vitia
2986 2552 3283 2616 abundent,
3315 2565 3544 2621 qumque
3570 2551 3684 2605 vir-

2096 2653 2239 2701 tutes
2289 2641 2505 2710 desint,
2555 2657 2663 2700 non
2714 2642 3007 2716 cognoscit.
3042 2643 3100 2698 ln
3151 2657 3258 2713 quo
3304 2641 3673 2697 humilitatem

2098 2751 2252 2791 suam
2301 2736 2492 2806 probet
2536 2735 2809 2790 neminem
2867 2735 3065 2800 habet,
3114 2732 3475 2788 obedientiam
3521 2731 3682 2785 fratri

2099 2844 2208 2884 non
2256 2825 2564 2898 impendit,
2616 2827 2672 2880 in
2712 2823 2934 2894 jejuniis
2974 2823 3292 2896 patientiam
3338 2837 3447 2877 non
3497 2831 3683 2876 osten-

2097 2917 2195 2974 dit.
2226 2916 2411 2972 Melius
2438 2924 2672 2987 estergo
2714 2916 2977 2970 monacho
3010 2914 3236 2969 utvivat
3263 2913 3318 2968 in
3348 2900 3682 2968 monasterio

2100 3022 2223 3063 cum
2251 3005 2532 3077 disciplina
2557 3006 2718 3062 unius
2742 3006 2914 3075 patris
2946 3004 3346 3074 multorumque
3379 3001 3684 3066 consortio,

2099 3105 2154 3151 et
2184 3098 2252 3152 ab
2294 3096 2399 3152 alio
2440 3097 2613 3152 discat
2641 3094 3000 3151 humilitatem
3025 3136 3041 3161 ,
3080 3095 3149 3149 ab
3192 3094 3299 3149 alio
3318 3094 3682 3164 patientiam;

2099 3201 2240 3242 unus
2267 3187 2413 3242 enim
2458 3186 2736 3241 silentium
2757 3225 2771 3252 ,
2803 3185 2942 3240 alter
2975 3185 3131 3239 docet
3154 3184 3629 3239 mansuetudinem
3664 3201 3680 3237 :

2102 3294 2207 3334 non
2234 3278 2395 3333 faciat
2418 3279 2561 3348 quod
2583 3278 2724 3340 vult;
2764 3276 3013 3332 comedat
3038 3276 3180 3344 quod
3199 3275 3457 3345 jubetur;
3483 3273 3683 3328 habeat

2102 3378 2365 3441 quantum
2406 3368 2708 3436 acceperit;
2759 3365 2940 3436 operis
2987 3365 3071 3419 sui
3117 3378 3337 3434 pensum
3368 3362 3682 3433 persolvat;

2102 3460 2422 3531 Subjiciatur
2445 3457 2529 3513 cui
2554 3474 2659 3513 non
2686 3456 2820 3511 vult.
2847 3456 3046 3511 Lassus
3079 3451 3147 3508 ad
3175 3452 3454 3508 servitium
3477 3452 3683 3513 veniat,

2102 3554 2489 3622 ambulansque
2515 3550 2804 3616 dormitet,
2844 3548 3072 3603 necdum
3104 3544 3318 3614 expleto
3346 3552 3539 3599 somno
3565 3556 3684 3598 sur-

2103 3660 2228 3718 gere
2258 3642 2627 3713 compellatur.
2658 3639 2858 3695 Passus
2888 3636 3138 3707 injuriam
3170 3642 3369 3690 taceat.

2174 3738 2436 3804 Quartum
2462 3751 2577 3790 vero
2602 3750 2764 3805 genus
2785 3740 2860 3787 est
2875 3730 3269 3793 monachorum,
3289 3726 3430 3798 quod
3446 3725 3687 3782 nomium

2102 3842 2188 3883 tur
2201 3840 2539 3896 gyrovagum,
2563 3823 2652 3895 qui
2673 3832 2781 3877 tota
2808 3822 2910 3877 vita
2924 3836 3020 3875 sua
3034 3835 3126 3890 per
3138 3818 3369 3872 diversas
3389 3814 3686 3886 provincias

2102 3919 2254 3975 trinis
2289 3926 2382 3971 aut
2409 3916 2673 3989 quaternis
2702 3914 2883 3969 diebus
2911 3928 3003 3984 per
3036 3911 3359 3965 diversorum
3388 3906 3551 3962 cellas
3594 3906 3690 3959 Ito-

2102 4012 2383 4082 spitantur,
2412 4023 2611 4078 semper
2637 4007 2751 4077 uagi
2773 4015 2822 4060 et
2853 4020 3118 4074 nunquam
3141 4002 3372 4057 stabiles.
3405 3998 3555 4071 Gyro
3582 4000 3692 4053 cir-

2103 4104 2280 4159 cuitus
2316 4100 2532 4155 dicitur.
2581 4098 2722 4168 Ergo
2750 4110 3050 4170 gyrovagus
3077 4093 3338 4150 dicendus
3366 4100 3453 4147 est
3476 4091 3569 4145 ille
3592 4090 3686 4159 qui

2103 4209 2272 4266 vagus
2297 4202 2460 4263 atque
2487 4190 2732 4262 vagando
2758 4189 2986 4245 aliorum
3010 4187 3174 4243 cellas
3193 4185 3509 4256 pariterque
3531 4197 3691 4237 casas

2105 4288 2323 4344 circuit.
2360 4284 2468 4355 lpsi
2510 4292 2566 4338 et
2608 4281 2715 4337 alio
2754 4282 2971 4336 nomine
3010 4278 3350 4336 Cireilliones
3396 4282 3686 4339 vocantur,

433 4393 553 4433 esse
575 4380 893 4445 monachus,
917 4381 1169 4449 operibus
1190 4390 1368 4437 tamen
1393 4397 1425 4436 a
1452 4383 1747 4438 scientibus
1777 4383 2004 4438 Domino
2028 4404 2082 4465 Β
2108 4378 2199 4447 qui
2232 4377 2334 4430 sub
2368 4374 2554 4429 habitu
2594 4371 2984 4427 monachorum
3014 4368 3115 4423 hac
3143 4367 3370 4465 illucque
3396 4371 3685 4436 vagantur.

434 4469 644 4524 videtur
669 4483 792 4527 esse
823 4473 1101 4527 mentitus.
1130 4473 1203 4526 De
1232 4473 1427 4528 talibus
1448 4475 1589 4528 enim
1612 4475 1869 4530 Dominus
1889 4476 2000 4531 ait:

444 4558 694 4613 Videbitii
741 4577 827 4614 eos
874 4561 928 4613 in
974 4562 1192 4614 restibus
1243 4563 1436 4628 ovium,
1469 4563 1780 4618 intrinsecus
1831 4574 2006 4619 autem

402 4654 406 4659 ’
433 4660 554 4704 sunt
585 4651 693 4721 lupi
721 4666 934 4722 rapaces
952 4691 967 4716 ,
1010 4668 1041 4704 a
1080 4650 1338 4720 fructibus
1363 4668 1542 4705 eorum
1579 4655 1893 4723 cognoscetis
1920 4669 2007 4707 eos

437 4741 651 4812 (Matth.
676 4741 795 4814 vn).

508 4836 613 4900 Qui
645 4836 752 4889 bini
783 4844 874 4889 aut
902 4837 1053 4898 terni,
1091 4844 1181 4889 aut
1221 4844 1358 4889 certe
1386 4834 1579 4905 singuli
1619 4835 1731 4889 sine
1770 4845 2003 4905 pastore,

438 4942 540 4979 non
563 4925 868 4990 Dominicis,
905 4925 994 4979 sed
1031 4926 1142 4979 suis
1177 4924 1364 4978 inclusi
1401 4923 1618 4987 ovilibus
1660 4941 1755 4994 pro
1786 4924 1893 4995 lege
1930 4924 2005 4979 eis

436 5026 509 5069 est
537 5015 910 5069 desideriorum
946 5017 1200 5087 voluptas.
1248 5015 1377 5071 Sine
1407 5024 1624 5085 pastore
1660 5016 1815 5079 dicit,
1844 5015 1897 5070 id
1925 5026 2010 5071 est

437 5109 554 5163 sine
581 5107 796 5172 abbate,
837 5108 927 5176 qui
969 5108 1023 5161 in
1064 5106 1392 5162 monasterio
1428 5106 1601 5161 vicem
1630 5106 1829 5161 Christi
1857 5107 2007 5161 vide-

404 5200 527 5255 tur
568 5212 744 5268 agere,
795 5191 887 5265 qui
943 5197 1119 5250 dixit:
1151 5196 1265 5266 Ego
1300 5212 1416 5249 sum
1463 5206 1645 5265 pastor
1694 5196 1873 5258 bonus,
1917 5196 2008 5266 qui

435 5306 592 5364 pasco
615 5307 729 5345 aves
757 5305 917 5352 meas,
946 5288 1035 5357 qui
1057 5303 1309 5357 cognosco
1338 5302 1480 5339 meas
1498 5326 1514 5350 ,
1541 5287 1663 5356 quia
1695 5294 2013 5356 cognoscunt

437 5400 517 5441 me
538 5381 865 5455 meonan.
893 5380 970 5453 ι).
997 5379 1062 5433 Et
1087 5380 1209 5449 quia
1234 5388 1503 5449 pastorem
1530 5394 1631 5432 non
1656 5378 1878 5438 habent,
1906 5392 2013 5429 non

440 5477 493 5531 in
531 5474 856 5538 Dominicis,
889 5471 982 5527 sed
1010 5471 1124 5525 suis
1160 5469 1348 5523 inclusi
1382 5468 1611 5523 ovilibus
1641 5474 1875 5521 manent.
1910 5465 2013 5519 Do-

443 5567 571 5620 mini
599 5567 741 5621 enim
771 5564 931 5620 ovilia
962 5570 1272 5618 sanctorum
1315 5560 1700 5613 monachorum
1731 5564 1857 5611 sunt
1900 5568 2014 5608 mo-

445 5659 700 5722 nasteria,
734 5656 824 5722 qui
867 5664 1011 5711 recte
1037 5668 1065 5706 a
1090 5668 1301 5708 summe
1324 5660 1540 5719 pastore
1574 5647 1792 5703 Christo
1816 5659 2011 5714 regun-

2105 4469 2348 4525 venalem
2404 4462 2846 4522 circumferentes
2886 4458 3217 4531 hypocrisin.
3274 4455 3691 4512 Circumeuntes

2101 4558 2408 4631 provincias
2450 4569 2714 4624 nusquam
2752 4552 2925 4617 missi,
2964 4562 3231 4619 nusquam
3271 4545 3383 4610 ﬁsi,
3416 4560 3688 4614 nusquam

2102 4659 2339 4715 stantes,
2374 4662 2640 4718 nusquam
2668 4647 2947 4709 sedentes;
2988 4656 3201 4711 semper
3236 4649 3291 4695 et
3316 4640 3539 4709 ubique.

2176 4739 2417 4810 Propriis
2454 4736 2803 4806 voluptatibus
2843 4745 2890 4787 et
2924 4731 3062 4803 gulm
3092 4729 3344 4785 illecebris
3383 4732 3686 4783 seruientes.

2111 4829 2381 4884 illecebrae
2415 4826 2667 4881 dicuntur
2703 4823 3084 4879 delectationes
3122 4818 3340 4883 illicitm,
3373 4818 3685 4881 luxuriosm,

2115 4919 2476 4988 voluptuosa},
2518 4916 2632 4970 sive
2675 4912 3034 4983 turpissimae,
3083 4910 3138 4964 in
3179 4908 3374 4979 quibus
3408 4906 3587 4961 mollis
3635 4915 3689 4960 et

2114 5008 2407 5065 dissolutus
2434 5003 2732 5060 monachus
2756 5001 3069 5070 frequenter
3099 4997 3410 5052 involvitur.

2185 5097 2393 5151 Etcum
2422 5095 2530 5149 sint
2557 5092 2647 5147 isti
2672 5106 2766 5161 per
2782 5090 2957 5143 omnia
2983 5087 3262 5141 deteriores
3284 5083 3602 5148 Sarabaitis,
3622 5082 3687 5138 tle

2114 5185 2324 5239 illorum
2352 5184 2529 5236 omnia
2558 5179 2853 5234 miserrima
2882 5175 3270 5230 conversatione
3289 5172 3485 5227 melius
3502 5183 3588 5228 est
3614 5171 3692 5229 si-

2115 5276 2247 5339 lere,
2276 5286 2437 5344 quam
2460 5271 2627 5340 loqui.

2739 5355 2966 5411 CAPUT
3003 5355 3067 5408 ll.

2520 5448 2706 5515 Qualis
2737 5447 2919 5502 debeat
2949 5462 3060 5499 esse
3098 5444 3276 5498 abbas.

2183 5547 2506 5614 Qualitatem
2537 5542 2679 5597 enim
2717 5540 2843 5595 boni
2875 5537 3107 5609 pastoris
3142 5537 3195 5590 in
3233 5534 3689 5604 subsequentibus

2112 5637 2396 5695 ostendere
2442 5634 2630 5689 volens
2678 5633 2869 5688 beatus
2906 5630 3227 5686 Benedictus
3268 5627 3554 5698 praemisit,
3609 5626 3692 5679 di-
