3960 6206
257 310 364 367 799

1310 303 1665 364 COMMENT.
1706 302 1771 355 li‘i
1813 305 1967 360 μεθ.
2012 307 2069 364 S.
2111 306 2489 368 DENEDICTI.

3411 318 3512 373 730

255 444 386 484 cens
416 437 431 479 ξ
460 423 646 493 Qualis
685 422 845 478 debet
884 424 1051 478 abbas
1087 424 1240 479 esse?
1275 424 1372 479 Cui
1398 424 1827 493 reSpondemlum
1857 426 1908 487 Α
1933 423 2156 490 docere;
2188 424 2282 480 sed
2303 426 2422 495 ejus
2445 424 2690 481 doctrina
2719 441 2840 507 cum
2867 428 3153 498 praeceptis
3185 429 3396 484 Domini
3421 432 3512 488 de-

253 530 342 575 est
382 517 720 572 afﬁrmative.
767 517 946 571 Bonus
996 516 1201 584 utique.
1249 517 1413 580 Talis,
1453 516 1666 585 qualem
1695 514 1838 585 Apo-

254 612 429 667 stolus
477 609 734 663 describit
782 608 969 662 dicens
1011 622 1023 659 :
1070 606 1193 661 Sine
1257 609 1494 671 crimine,
1545 607 1680 660 sicut
1742 606 1838 660 Dei

253 704 574 764 ministrum,
602 717 706 754 non
735 700 1037 771 superbum,
1074 716 1179 753 non
1206 700 1538 763 iracundum,
1567 716 1671 753 non
1692 700 1838 752 rino-

253 795 478 858 lentum,
513 809 617 846 non
642 804 995 861 percussorem
1015 831 1030 854 ,
1065 807 1169 844 non
1195 790 1495 860 temporalis
1522 789 1656 842 lucri
1686 805 1765 857 cu;
1786 788 1836 842 io

252 887 403 948 dum,
461 883 553 938 sed
606 882 932 953 hospitalem,
978 883 1275 952 benignum,
1324 882 1577 943 sobrium,
1604 880 1834 949 justum,

250 984 523 1039 sanctum,
554 977 931 1039 continentem,
971 984 1026 1026 ut
1053 985 1234 1043 potens
1264 974 1332 1027 sit
1363 974 1631 1027 exhortari
1656 975 1709 1026 in
1742 973 1838 1025 do-

252 1068 428 1121 ctrina
454 1082 610 1130 sana,
634 1074 683 1118 et
712 1081 822 1130 eos,
854 1065 943 1134 qui
968 1064 1336 1118 contradiCunt
1371 1074 1591 1133 arguere
1614 1062 1743 1134 (Tit.
1768 1060 1831 1131 ι).

250 1156 404 1216 Talis
430 1160 549 1214 sine
576 1159 761 1224 dubio,
787 1168 842 1212 et
866 1157 1170 1226 hujusmodi
1201 1157 1359 1211 debet
1392 1167 1531 1209 csse.

324 1250 529 1315 Abbas,
571 1249 658 1321 qui
693 1262 916 1318 privasse
942 1250 1132 1315 dignus
1166 1256 1241 1299 est
1269 1242 1608 1308 monasterio,
1635 1256 1838 1311 semper

247 1342 549 1400 meminisse
575 1341 720 1396 debet
740 1340 879 1412 quod
900 1336 1113 1394 dicitur.
1142 1338 1351 1393 Dicitur
1368 1339 1587 1392 enimet
1610 1343 1835 1389 vocatur

244 1439 443 1503 abbas,
470 1436 523 1490 id
554 1443 639 1489 est
665 1434 839 1504 pater.
870 1431 926 1485 Si
953 1431 1096 1485 enim
1128 1439 1283 1502 pater
1305 1439 1409 1492 est,
1431 1437 1660 1497 paterno
1683 1437 1835 1479 more

250 1528 412 1591 filios,
445 1527 502 1582 id
540 1533 643 1589 est,
675 1523 969 1578 monachos
1000 1536 1128 1576 suos
1158 1520 1380 1585 nutriat,
1420 1528 1650 1589 paterno
1685 1532 1835 1573 more

245 1620 462 1689 diligat,
500 1625 556 1671 et
587 1631 709 1672 cum
742 1598 963 1669 necesse
995 1613 1188 1678 fuerit,
1218 1619 1445 1681 paterno
1486 1625 1634 1664 more
1670 1608 1833 1664 casti-

242 1717 360 1776 get,
391 1715 600 1777 arguat,
629 1708 896 1770 obsecret,
926 1714 979 1760 et
1008 1721 1133 1760 cum
1163 1704 1529 1774 increpatione
1551 1701 1828 1770 corripiat.

1935 515 2027 568 bet
2054 515 2106 569 in
2152 517 2402 571 omnibus
2452 517 2861 588 diligentissime
2911 519 3261 575 concordare.
3302 520 3346 573 A
3378 536 3518 591 pra:-

1937 609 2107 677 ceptis
2136 609 2281 662 enim
2318 611 2530 665 Domini
2575 613 2732 666 debet
2757 614 3002 682 accipere
3037 614 3091 668 in
3137 616 3411 682 omnibus,
3452 618 3519 672 de

1936 702 2131 770 quibus
2158 701 2448 771 discipulos
2483 718 2611 758 suos
2647 705 2762 758 vult
2790 706 3005 760 docere.
3041 708 3143 761 Aut
3169 709 3519 775 constituere;

1935 793 2268 847 constituere
2297 793 2462 859 dicit,
2491 795 2743 862 diiiinire,
2776 798 2858 852 vel
2886 801 3102 853 modum
3130 816 3352 870 ponere,
3374 805 3518 872 quod

1934 889 2087 935 extra
2116 891 2440 952 praeceptum
2478 885 2690 939 Domini
2729 888 2798 941 ab
2826 889 3020 943 abbate
3054 889 3168 944 fieri
3199 907 3304 944 non
3335 893 3514 947 debet.

1934 969 2125 1025 Modus
2146 973 2292 1026 enim
2323 981 2379 1026 ct
2417 972 2666 1029 diilinitio
2694 977 2945 1031 abbatum
2982 983 3277 1035 secundum
3305 981 3514 1039 Domini

1935 1060 1987 1113 in
2020 1062 2274 1117 omnibus
2299 1063 2460 1119 debet
2508 1064 2627 1119 fieri
2670 1078 3028 1137 praeceptum,
3061 1087 3127 1125 ne
3169 1080 3260 1126 aut
3291 1074 3517 1129 remisse

1941 1152 2177 1208 viventes
2216 1165 2427 1227 mergat
2454 1158 2505 1210 in
2535 1158 2820 1227 laqueum;
2862 1165 3207 1220 aut‘uimium
3242 1167 3519 1222 abstinen-

1933 1248 2017 1294 tes
2046 1241 2099 1294 in
2132 1246 2383 1298 nocivum
2414 1248 2696 1318 compellat
2726 1255 3106 1309 murmurlum.
3138 1255 3363 1312 Abbatis
3386 1274 3517 1329 ergo

1933 1332 2247 1388 constitutio
2290 1336 2345 1389 in
2385 1337 2471 1391 via
2510 1340 2900 1409 regiareetnm
2946 1344 3127 1400 facere.
3165 1348 3324 1404 debet
3365 1366 3518 1421 gres-

1933 1434 2092 1485 sum;
2130 1439 2198 1476 ne
2244 1424 2288 1479 si
2318 1425 2435 1494 plus
2482 1426 2692 1496 fecerit,
2736 1447 2950 1503 gregem
2976 1433 3133 1490 suum
3172 1438 3421 1494 laborare
3460 1441 3514 1494 in

1932 1508 2258 1566 ambulando
2286 1513 2606 1570 defectionis
2635 1520 2900 1574 sustineat
2928 1522 3332 1579 detrimentum.
3368 1526 3435 1581 Et
3463 1527 3509 1582 si

1932 1600 2217 1655 remissius
2241 1617 2403 1671 quam
2438 1606 2595 1661 decet
2625 1609 2914 1665 nutriverit
2941 1628 3086 1679 cum,
3126 1614 3401 1673 luxuriose
3427 1619 3511 1672 vi-

1933 1701 2067 1745 rens
2094 1692 2309 1747 labatur
2350 1695 2402 1748 in
2440 1705 2725 1753 tartarum.
2769 1699 2861 1755 νει
2880 1701 3107 1771 jubere;
3140 1705 3334 1775 jubere
3362 1710 3514 1775 dicit,

246 1799 319 1855 Et
356 1799 405 1853 si
434 1794 743 1853 necessario
783 1795 1357 1851 excommunicationis
1391 1792 1714 1856 cantet-ium,
1743 1791 1827 1845 vel

1931 1782 2258 1856 praecipere,
2285 1786 2369 1840 vel
2397 1787 2686 1857 imperare,
2718 1807 2838 1861 qua:
2870 1765 2939 1849 ab
2967 1765 3162 1853 abbate
3193 1809 3346 1855 extra
3377 1765 3515 1870 prte;

242 1890 523 1960 virgarum
560 1885 867 1941 adhibuerit
909 1881 1201 1957 ilageiium,
1233 1898 1339 1939 non
1372 1879 1537 1937 animi
1561 1881 1705 1946 odio,
1732 1882 1827 1937 sed

242 1982 353 2037 hoc
378 1979 544 2035 faciat
577 1992 760 2033 amore
795 1986 1049 2049 paterno,
1083 1992 1189 2031 non
1224 1988 1387 2031 causa
1429 1975 1697 2038 vindicuc,
1734 1971 1827 2029 sed

241 2085 436 2126 amore
457 2069 702 2142 iustitiae.
737 2069 1008 2139 Scriptum
1036 2076 1122 2123 est
1154 2068 1299 2122 enim
1328 2082 1342 2120 :
1374 2066 1527 2121 Iuste
1558 2066 1698 2137 quod
1727 2066 1826 2135 ju-

243 2171 390 2216 stum
428 2170 503 2214 est
544 2159 840 2230 exsequeris
891 2157 1069 2227 (Deut.
1103 2156 1237 2231 xvn).
1268 2157 1336 2211 Et
1363 2156 1489 2226 quia
1524 2156 1703 2225 justus
1730 2156 1830 2209 Do-

242 2252 431 2308 minus
463 2249 732 2320 justitiam
784 2246 985 2320 diligit;
1032 2249 1218 2312 abbas,
1258 2248 1352 2319 qui
1404 2248 1457 2301 in
1501 2247 1826 2302 monasterio

241 2340 369 2414 ejus
405 2342 551 2397 vices
584 2340 796 2395 videtur
823 2354 1011 2411 agere,
1042 2338 1305 2408 justitiam
1335 2339 1495 2393 debet
1514 2351 1714 2391 amare.

326 2433 396 2487 Et
434 2450 619 2487 nomen
670 2431 889 2501 majoris
926 2431 1080 2501 factis
1124 2430 1356 2502 implere.
1400 2429 1549 2485 Multi
1593 2442 1827 2499 namque

240 2523 505 2577 abbatum
530 2522 764 2592 gaudent
793 2522 992 2576 habere
1019 2535 1216 2575 nomen
1257 2519 1499 2589 majoris,
1531 2517 1583 2573 id
1614 2527 1699 2573 cst
1732 2519 1828 2573 ab-

238 2611 414 2672 batis,
437 2612 530 2665 sed
567 2617 746 2664 tamen
775 2608 1026 2663 sudorem
1061 2608 1253 2664 timent
1278 2608 1428 2662 adire
1464 2605 1683 2661 laboris.
1719 2604 1827 2676 Ap-

238 2708 439 2772 petunt
483 2699 708 2771 gloriam
751 2698 1121 2767 temporalem,
1169 2706 1226 2752 et
1267 2713 1373 2751 non
1419 2712 1519 2766 pro
1565 2697 1824 2770 mandato

237 2807 506 2850 exercere
531 2791 790 2847 laborem.
833 2790 897 2845 Et
927 2790 973 2844 si
1004 2790 1290 2858 contigerit
1311 2803 1406 2844 eos
1439 2788 1700 2844 fratribus
1735 2804 1827 2844 ex-

236 2883 572 2940 hortationis
610 2883 855 2953 proferre
901 2886 1205 2937 sermonem
1243 2895 1343 2950 pro
1371 2895 1509 2934 vana
1545 2880 1733 2952 gloria,
1770 2881 1825 2935 id

239 2982 418 3046 agunt
455 2988 560 3028 non
590 2991 689 3045 pro
733 2986 931 3028 teterna
964 2972 1231 3027 mercede.
1280 2971 1383 3038 Qui
1417 2984 1547 3042 ergo
1578 2970 1691 3025 vult
1714 2987 1825 3042 pra:

238 3066 461 3123 caeteris
493 3081 685 3120 nomen
734 3064 954 3133 majoris
986 3064 1187 3118 habere
1214 3103 1228 3130 ,
1259 3062 1312 3116 in
1359 3061 1515 3118 bonis
1567 3064 1823 3132 operibus

240 3170 361 3227 pra:
393 3156 604 3211 caneris
630 3155 789 3210 debet
823 3155 1037 3209 sudare.
1075 3151 1189 3206 Non
1220 3152 1364 3207 enim
1388 3152 1662 3207 auditores
1689 3153 1825 3224 legis

234 3245 376 3316 justi
420 3254 545 3300 sunt
583 3245 723 3317 apud
762 3244 962 3310 Deum,
1007 3244 1101 3299 sed
1128 3241 1361 3298 factores
1394 3240 1531 3313 legis
1564 3242 1828 3311 justitica—

240 3338 471 3391 buntur.

317 3426 516 3481 Christi
559 3426 697 3481 enim
740 3425 873 3479 vices
917 3440 1069 3493 agere
1114 3440 1168 3478 tn
1206 3424 1525 3478 monasterio
1571 3424 1822 3490 creditur,

238 3517 458 3590 quando
486 3517 648 3587 ipsius
681 3524 895 3570 vocatur
921 3515 1261 3584 prmnomine,
1298 3515 1500 3569 dicente
1530 3513 1780 3585 Apostolo
1805 3526 1825 3566 :

241 3606 532 3677 Arcepistis
553 3605 791 3676 spiritum
822 3604 1115 3674 adoptionis
1149 3602 1405 3672 ﬁliorum,
1426 3604 1482 3656 in
1503 3619 1604 3673 quo
1627 3602 1828 3656 elauta-

240 3714 363 3752 mus
388 3714 408 3751 :
449 3694 617 3762 Abba,
660 3706 827 3766 pater.
858 3693 1009 3748 Tunc
1038 3695 1181 3747 enim
1208 3694 1373 3748 abbas
1402 3693 1454 3746 in
1497 3692 1826 3747 monasterio

242 3790 421 3843 vicem
448 3786 648 3841 Christi
686 3787 813 3857 agit,
863 3780 1075 3854 quando
1104 3796 1321 3855 gregem
1347 3783 1445 3837 sibi
1476 3783 1824 3837 commissum

240 3877 470 3950 provide
492 3886 547 3931 et
562 3875 706 3945 juste
728 3875 882 3946 regit,
906 3876 1120 3945 quando
1143 3882 1335 3930 cuncta
1350 3887 1469 3943 quae
1492 3873 1824 3942 disponenda

241 3978 375 4020 sunt
397 3974 545 4021 recte
570 3966 824 4035 disponit,
852 3974 1148 4035 temperate
1170 3981 1289 4034 qua:
1312 3965 1517 4035 agenda
1541 3973 1666 4020 sunt
1691 3967 1821 4035 agit,

241 4059 513 4116 catholice
560 4075 678 4129 qucc
725 4060 960 4115 docenda
1005 4067 1131 4114 sunt
1176 4058 1349 4113 docet.
1404 4057 1671 4127 Operatur
1707 4074 1825 4128 quae

240 4152 522 4224 operanda
571 4162 713 4217 sunt,
766 4161 819 4206 et
848 4168 969 4208 cum
1017 4152 1343 4208 discretione
1382 4167 1501 4221 qua:
1531 4151 1822 4221 judicanda

241 4249 374 4296 sunt
396 4238 636 4309 judicat,
670 4249 723 4296 et
769 4241 1191 4297 misericorditer
1231 4256 1350 4310 qua:
1380 4240 1666 4295 relaxanda
1699 4249 1825 4296 sunt

240 4331 487 4394 relaxat,
518 4339 574 4384 et
607 4336 775 4384 totum
806 4328 905 4385 sibi
934 4345 1150 4402 gregem
1178 4330 1527 4385 commissum
1559 4330 1612 4384 in
1653 4330 1826 4384 chari-

242 4421 373 4475 tatis
417 4418 703 4473 dilectione
734 4418 1088 4491 conglutinat,
1134 4425 1190 4473 et
1235 4425 1430 4483 totum,
1482 4418 1630 4472 velut
1663 4427 1819 4487 pater

241 4511 468 4565 unicum
504 4508 669 4563 tilium
690 4552 704 4571 ,
740 4518 910 4570 amat,
941 4518 995 4563 et
1025 4517 1150 4564 tunc
1171 4509 1318 4579 juste
1347 4518 1401 4563 ct
1431 4509 1821 4564 rationabiliter

240 4617 344 4671 pro
374 4600 591 4654 nomine
621 4597 823 4654 Christi
855 4597 1101 4670 fungens,
1133 4600 1201 4653 ab
1230 4599 1501 4664 omnibus,
1529 4599 1674 4653 velut
1700 4614 1730 4653 a
1760 4598 1824 4653 ti-

240 4691 333 4746 liis
360 4691 498 4745 abba
526 4700 679 4760 pater
713 4699 953 4745 vocatur.

316 4779 548 4847 Ideoque
575 4778 733 4833 abbas
756 4778 886 4833 nihil
906 4788 1053 4834 extra
1080 4792 1392 4851 prwceptum
1419 4780 1631 4834 Domini
1659 4778 1821 4852 (quod

240 4868 403 4941 absit)
429 4869 574 4923 debet
606 4880 694 4923 aut
723 4870 929 4936 docere,
975 4876 1066 4923 aut
1116 4871 1452 4934 constituere,
1483 4879 1575 4924 aut
1613 4871 1820 4940 jubere.

242 4959 435 5015 Omnis
462 4960 605 5014 enim
632 4960 873 5014 doctrina
902 4959 1107 5014 duobus
1133 4959 1304 5015 modis
1333 4962 1580 5041 epusistit
1598 5002 1612 5026 ,
1641 4961 1823 5016 verbis

241 5050 498 5105 videlicet
530 5060 585 5105 et
609 5051 869 5119 exemplis
892 5091 907 5117 ,
947 5052 1085 5106 sicut
1113 5051 1251 5106 idem
1283 5053 1473 5107 beatus
1502 5052 1823 5107 Benedictus

244 5143 301 5197 iu
332 5140 786 5212 subsequentibus
817 5143 892 5196 ait
920 5161 932 5195 :
965 5141 1096 5196 Cum
1127 5143 1340 5212 aliquis,
1373 5143 1567 5214 inquit,
1596 5143 1824 5212 suscipit

242 5251 445 5290 nomen
486 5235 723 5299 abbatis,
757 5232 956 5305 duplici
990 5233 1146 5289 debet
1172 5235 1413 5290 doctrina
1456 5236 1568 5291 suis
1590 5248 1822 5303 prmesse

242 5324 545 5394 discipulis.
568 5325 711 5395 Ergo
732 5326 886 5389 nihil,
910 5326 1052 5395 quod
1081 5332 1231 5379 extra
1253 5333 1581 5395 praeceptum
1606 5325 1819 5380 Domini

242 5418 339 5480 sit,
387 5415 440 5469 in
494 5416 597 5469 hac
646 5413 842 5484 duplici
898 5415 1140 5470 doctrina
1196 5415 1355 5469 debet
1398 5416 1566 5470 abbas
1606 5415 1839 5470 docere.-

243 5505 651 5574 Scripturarum
692 5506 890 5560 etenim
921 5505 1218 5560 divinarum
1245 5504 1520 5574 plenitudo
1553 5513 1608 5558 et
1639 5521 1822 5559 exem-

243 5598 350 5667 plis
396 5607 611 5668 patrum
642 5596 838 5652 referta
864 5638 879 5662 ,
914 5605 968 5653 et
1003 5596 1181 5652 verbis
1217 5598 1496 5652 doctorum
1529 5604 1612 5650 est
1639 5596 1817 5664 plena.

243 5684 363 5742 Non
394 5704 523 5759 ergo
551 5689 694 5758 quod
730 5696 883 5743 extra
926 5697 1251 5757 pratccptum
1300 5687 1513 5743 Domini
1560 5687 1631 5741 sit
1660 5687 1820 5742 debet

1929 1886 2140 1947 ceptum
2166 1877 2374 1932 Domini
2406 1879 2523 1934 ﬁeri
2548 1897 2654 1935 non
2679 1882 2895 1939 delent.
2927 1885 2983 1941 Si
3006 1889 3149 1943 enim
3176 1905 3296 1959 qua:
3323 1908 3514 1948 secutu-

1929 1967 2057 2021 dum
2088 1968 2300 2023 Domini
2325 1981 2593 2041 praecepta
2618 1986 2742 2028 sunt
2768 1976 3043 2046 discipulis
3069 1983 3388 2051 praecipiens
3416 1984 3513 2039 im-

1928 2054 2217 2122 peraverit,
2235 2064 2291 2109 et
2314 2056 2505 2110 abillis
2519 2058 2770 2127 gratiam,
2795 2069 2852 2115 et
2878 2077 2908 2114 a
2939 2063 3167 2120 Domino
3197 2069 3506 2123 mercedem

1929 2144 2153 2215 recipiet
2177 2147 2585 2216 sempiternam.
2631 2149 2689 2204 Si
2730 2163 2910 2207 autem
2949 2157 3091 2224 quod
3132 2167 3285 2213 extra
3309 2175 3513 2229 prince--

1927 2246 2076 2304 ptum
2105 2235 2315 2291 Domini
2355 2237 2426 2291 sit
2470 2239 2785 2309 imperando
2826 2247 3101 2315 prmcepit,
3149 2257 3205 2304 et
3234 2251 3514 2320 discipulis

1935 2325 2205 2392 damnum,
2253 2337 2307 2382 et
2356 2329 2547 2385 animm
2586 2320 2699 2387 suae
2747 2334 2946 2406 ingerit
2992 2339 3395 2397 detrimentum.
3446 2343 3516 2397 Et

1929 2414 2048 2470 ideo
2077 2417 2210 2471 nihil
2239 2421 2382 2488 quod
2418 2430 2572 2477 extra
2616 2436 2946 2497 praeceptum
2976 2430 3187 2487 Domini
3219 2434 3325 2500 sit,
3353 2436 3515 2492 debet

1927 2514 2023 2561 aut
2049 2507 2263 2575 docere,
2294 2516 2387 2564 aut
2413 2515 2769 2581 constituere,
2798 2519 2881 2574 vel
2905 2518 3120 2588 jubere.

1999 2595 2106 2651 Sed
2130 2598 2305 2667 jussio
2350 2598 2489 2670 ejus,
2542 2604 2620 2657 vel
2663 2605 2928 2675 doctrina,
2970 2612 3282 2681 fermentum
3322 2616 3511 2673 divinis

1917 2686 2144 2755 justitim
2184 2690 2240 2743 in
2269 2691 2646 2762 discipulorum
2695 2700 2953 2756 mentibus
3000 2717 3329 2776 conspergat.
3378 2707 3508 2762 Fer-

1928 2785 2171 2833 mentum
2200 2782 2344 2835 enim
2390 2797 2419 2835 a
2459 2782 2673 2839 fervore
2715 2801 2911 2843 nomen
2963 2795 3194 2864 accepit.
3228 2796 3379 2864 Quod
3408 2798 3510 2854 hoc

1926 2868 1981 2922 lu
2011 2868 2132 2924 loco
2153 2870 2437 2927 charitatis
2449 2872 2718 2944 significat
2737 2877 3105 2949 dilectionem,
3128 2900 3249 2953 quae
3270 2887 3336 2941 ad
3362 2904 3510 2943 amo-

1925 2972 2041 3014 rem
2070 2960 2265 3017 divinae
2284 2961 2508 3031 justitize
2536 2964 2748 3025 fervere
2778 2970 2924 3036 facit,
2955 2981 3010 3028 et
3033 2976 3235 3031 excitat
3256 2988 3502 3046 mentes;

1926 3052 2101 3109 donec
2120 3053 2188 3110 ad
2211 3063 2415 3111 tantam
2438 3072 2534 3113 eos
2561 3057 2863 3120 dilectionis
2898 3064 3286 3134 perfectionem
3310 3073 3503 3141 perdu-

1926 3154 2013 3199 cat
2036 3163 2049 3199 :
2074 3155 2134 3200 ut
2161 3144 2293 3201 nihil
2329 3149 2428 3215 eis,
2469 3160 2666 3220 praeter
2694 3163 2992 3211 creatorem
3020 3174 3173 3213 suum
3202 3160 3426 3232 diligere
3447 3164 3511 3220 li—

1923 3237 2070 3291 beat.
2106 3238 2248 3309 Ergo
2272 3239 2467 3309 jussio,
2497 3241 2582 3295 vel
2611 3242 2855 3298 doctrina
2883 3246 3096 3303 abbatis
3124 3249 3177 3303 in
3213 3253 3508 3308 monacho—

1925 3340 2045 3379 rum
2083 3327 2354 3382 mentibus
2386 3327 2712 3384 fermentum
2746 3333 2905 3387 debet
2933 3350 3294 3409 conspergere
3333 3341 3511 3395 chari-

1926 3418 2073 3482 tatis,
2118 3427 2177 3472 ut
2208 3418 2342 3472 nihil
2384 3427 2657 3475 terrenum
2698 3424 2930 3492 sapiant,
2977 3427 3112 3481 nihil
3155 3445 3352 3484 vanum
3383 3431 3509 3485 dili-

1925 3513 2084 3576 gant,
2117 3507 2362 3576 nihilque
2387 3509 2649 3563 caducum
2683 3514 3097 3582 concupiscant;
3133 3517 3227 3571 sed
3267 3518 3507 3574 divinam

1925 3611 2140 3666 semper
2181 3606 2456 3662 amantes,
2496 3607 2847 3669 tenentesquc
2873 3600 3141 3669 justitiam
3179 3606 3246 3660 ad
3277 3606 3509 3662 Redem-

1925 3695 2134 3758 ptorcm
2165 3703 2341 3753 suum,
2369 3696 2426 3743 et
2454 3689 2521 3743 ad
2544 3704 2834 3759 supernam
2862 3690 3119 3749 festinent
3145 3698 3509 3754 conscendere

1923 3778 2177 3847 patriam.

1995 3870 2199 3925 Memor
2226 3871 2292 3924 sit
2316 3885 2516 3941 semper
2539 3871 2718 3938 abbas,
2743 3873 2868 3944 quia
2891 3874 3145 3931 doctrinm
3169 3893 3300 3944 sum,
3326 3883 3402 3931 ret
3425 3877 3504 3932 di‘

1924 3962 2242 4032 scipulorum
2265 3961 2585 4026 obedientiaz,
2610 3971 2950 4032 utrarumque
2970 3980 3143 4017 rerum
3160 3965 3214 4018 in
3231 3966 3501 4018 tremendo

1915 4051 2122 4122 judicio
2151 4051 2251 4105 Dei
2279 4051 2523 4121 facienda
2563 4052 2660 4104 erit
2688 4049 2966 4105 discussio.
3017 4051 3143 4108 Hice
3183 4054 3350 4107 verba
3396 4067 3505 4107 non

1924 4143 2167 4213 indigent
2187 4143 2543 4211 expositione,
2573 4143 2668 4197 sed
2697 4143 2877 4213 potius
2906 4144 3212 4210 abbatibus,
3234 4154 3290 4200 et
3319 4160 3507 4201 mona-

1923 4230 2041 4287 chis
2089 4231 2447 4287 fortissimum
2477 4231 2748 4287 incutiunt
2775 4247 3053 4302 pavorem.
3102 4232 3329 4299 Abbatis
3357 4236 3504 4290 enim

1921 4320 2182 4377 doctrina:
2211 4323 2262 4376 iu
2306 4322 2408 4376 hoc
2432 4322 2538 4377 erit
2574 4322 2627 4377 in
2658 4323 2938 4378 tremendo
2965 4322 3170 4392 judicio
3216 4325 3504 4393 discessio,

1921 4420 2105 4467 utrum
2142 4412 2209 4467 de
2241 4411 2452 4467 Sancta:
2479 4412 2761 4468 Trinitatis
2802 4413 3043 4484 mysterii
3074 4412 3219 4469 fideli
3253 4414 3506 4484 dogmate

1923 4504 2124 4569 docuit,
2152 4511 2208 4557 et
2236 4509 2440 4567 utrum,
2472 4519 2593 4572 quae
2612 4504 2905 4559 secundum
2930 4504 3141 4560 Domini
3168 4513 3495 4574 przeceptum

1924 4594 2215 4664 discipulos
2248 4607 2407 4664 agere
2444 4594 2715 4663 prtecepit,
2759 4595 2901 4664 prior
2938 4595 3051 4665 ipse
3081 4595 3373 4664 complevit
3397 4636 3412 4661 ,
3447 4603 3504 4650 et

1920 4700 2044 4755 qua:
2073 4685 2126 4739 in
2152 4683 2276 4739 aliis
2302 4698 2535 4754 arguens
2564 4685 2891 4750 emendavit,
2921 4686 3073 4755 prius
3094 4687 3150 4740 in
3182 4686 3362 4756 seipse
3386 4701 3505 4741 cor-

1924 4776 2516 4845 rexit.‘Discipulorum
2551 4775 2696 4830 enim
2733 4774 3053 4831 obedientize
3082 4778 3134 4831 in
3168 4779 3271 4833 hoc
3302 4778 3394 4833 illo
3418 4778 3504 4834 die

1926 4869 2205 4922 tremendo
2225 4867 2329 4921 erit
2349 4866 2593 4922 facienda
2621 4867 2907 4935 discessio,
2932 4878 3113 4924 utrum
3138 4871 3361 4942 vestigia
3394 4872 3503 4926 Do-

1927 4958 2059 5013 mini
2087 4966 2373 5029 seqncntes
2395 4958 2642 5024 humilia,
2677 4967 2856 5013 utrum
2882 4973 2941 5015 se
2968 4962 3068 5015 sub
3101 4978 3263 5017 manu
3293 4963 3506 5019 abbatis

1928 5049 2011 5103 sui
2041 5049 2166 5105 facti
2188 5050 2501 5106 obedientes
2522 5066 2694 5120 usque
2722 5053 2787 5105 ad
2810 5060 3058 5118 mortem,
3084 5061 3140 5109 et
3157 5053 3361 5115 omnia.
3384 5068 3502 5124 qum

1928 5141 2035 5197 illis
2065 5143 2132 5196 ab
2172 5143 2365 5197 abbate
2394 5142 2656 5211 imperata
2701 5149 2866 5208 sunt,
2907 5145 3220 5201 obedientes
3250 5145 3504 5215 impleve-

1927 5241 2053 5288 runt
2087 5248 2182 5303 pro
2210 5248 2398 5288 amore
2424 5234 2649 5297 Christi,
2678 5241 2731 5288 et
2752 5233 2898 5289 velut
2917 5234 3155 5302 Christo,
3185 5239 3338 5309 cujus
3357 5237 3503 5291 vices

1929 5326 2096 5381 abbas
2123 5325 2235 5396 agit
2274 5325 2327 5378 in
2352 5325 2707 5389 monasterio,
2736 5326 3064 5381 obedlerunt
3098 5343 3196 5382 suo
3226 5327 3405 5381 abbati
3431 5337 3499 5380 ex

1928 5415 2117 5481 corde;
2166 5414 2290 5483 quia
2336 5414 2598 5484 scriptum
2625 5424 2711 5471 est
2742 5433 2754 5470 :
2791 5415 2930 5481 Quia
2971 5419 3061 5489 qui
3098 5434 3185 5471 eos
3210 5416 3378 5473 audit,
3419 5430 3500 5467 me

1927 5505 2076 5559 audit
2114 5504 2263 5575 (Luc.
2300 5503 2378 5575 ι).
2404 5504 2472 5558 Ει
2508 5504 2632 5559 alibi
2671 5524 2684 5559 :
2725 5504 2943 5560 Obedite
2975 5503 3276 5574 parentibus
3317 5500 3498 5555 vestris

1926 5598 1981 5650 in
2012 5595 2234 5649 Domino
2266 5593 2479 5665 (Ephes.
2508 5609 2584 5657 vr;
2611 5594 2771 5648 Hebr.
2805 5592 2945 5664 xm).

1999 5684 2244 5751 Sciatque
2265 5683 2421 5739 abbas
2459 5684 2626 5754 culpa:
2649 5684 2874 5755 pastoris
2902 5680 3217 5748 incumbere,
3248 5680 3500 5755 quidquid
