3960 6206
435 348 531 404 ’151

1734 311 2082 375 SMARAGDI
2125 278 2412 365 ABBATIS

3592 279 3694 335 ’ἰδὲ

439 464 497 518 in
528 458 704 515 ovibus
729 450 1111 527 paterfamilias
1138 442 1381 502 utilitatis
1406 440 1579 494 minus
1614 434 1838 503 potuerit
1869 431 2010 484 iuve-
2038 428 2087 486 Α
2115 424 2247 478 riter
2272 431 2328 477 et
2354 414 2646 489 querulosi.
2676 412 2883 467 chent
2910 406 3056 463 enim
3094 399 3325 473 subjecti
3354 397 3542 453 abbati
3574 412 3688 463 suo,

1658 525 1668 527 ‘
1830 519 1851 527 ‘
1886 520 1897 527 ‘
2002 526 2008 527 ί
2180 516 2193 527 ·
2242 523 2251 527 -
2434 512 2447 527 ·
2571 507 2721 527 η-ειε
2756 520 2846 527 ---Α
2888 497 3161 527 ,ιιιηιηωζ-,ι
3204 503 3254 527 η.
3285 500 3555 527 Μηοημ,
3585 505 3688 527 mm

443 553 574 607 nire.
608 519 739 604 llaec
761 519 905 600 enim
943 538 1209 596 sententia
1242 532 1529 589 abbatibus
1563 525 1790 581 multum
1826 519 2018 574 fuisset

446 638 786 696 formidanda
811 676 827 700 ,
861 633 964 688 nisi
991 648 1021 685 a
1051 623 1398 694 subsequenti
1425 617 1693 677 sententia
1721 614 1909 669 fuisset
1932 625 2020 665 sa-

446 730 673 785 lubriter
701 730 1020 794 temperata,
1050 734 1156 787 qua
1181 716 1310 772 dicit
1341 732 1355 767 :

520 818 746 873 Tantum
776 790 961 869 iterum
982 812 1079 866 erit
1107 809 1256 864 liber.
1284 806 1343 862 ld
1365 812 1469 869 est,
1499 802 1554 856 in
1589 806 1795 854 tantum
1817 810 1847 848 a
1866 790 2019 861 culpa

448 909 705 965 immunis
734 907 861 970 erit,
894 914 953 958 ut
988 921 1002 956 :

520 996 581 1053 Si
613 996 863 1065 inquieto,
916 990 993 1046 vel
1035 986 1350 1044 inobcdienti
1402 982 1544 1055 gregi
1585 977 1812 1050 pastoris
1866 974 2023 1044 fuerit

448 1088 617 1141 omnis
646 1064 916 1154 diligentia
945 1080 1222 1141 attributa,
1251 1086 1297 1131 et
1329 1072 1580 1130 morbidis
1616 1084 1796 1123 earum
1820 1064 2025 1119 actibus

451 1177 692 1231 universa
747 1153 906 1241 fuerit
962 1187 1090 1224 cura
1135 1166 1383 1222 exhibita.
1429 1162 1656 1218 Omnem
1695 1153 2027 1224 diligentiam

452 1266 619 1319 abbas
647 1262 926 1317 monachis
949 1256 1298 1317 suistribuit,
1321 1251 1536 1322 quando
1562 1264 1656 1304 eos
1684 1244 1924 1301 moribus
1944 1255 2030 1295 sa-

452 1356 563 1409 cris
613 1352 916 1422 componit,
962 1349 1141 1403 verbis
1196 1341 1639 1401 convenientibus
1678 1343 1732 1388 et
1777 1331 2032 1403 operibus

454 1443 659 1499 sanctis
687 1441 928 1499 instruit.
978 1439 1299 1493 Universum
1323 1447 1512 1489 curam
1541 1427 1789 1489 exhibet,
1817 1420 2033 1491 quando

454 1536 537 1590 eis
572 1548 694 1603 quae
751 1530 1056 1591 necessaria
1098 1535 1223 1582 sunt
1269 1524 1554 1580 animabus
1592 1528 1650 1574 et
1689 1515 2031 1586 corporibus,

458 1626 511 1681 in
542 1631 799 1693 quantum
818 1623 983 1684 valet,
1006 1618 1298 1674 ministrat.
1331 1612 1670 1684 Diligentiam
1702 1609 1807 1663 illis
1834 1606 2037 1677 pariter

461 1714 681 1769 exhibet
722 1720 779 1767 et
805 1726 1011 1773 curam,
1040 1707 1255 1778 quando
1285 1703 1402 1758 illos
1434 1700 1665 1757 internis
1694 1697 1901 1753 sanctis
1926 1695 2037 1749 vir-

463 1805 666 1858 tutibus
691 1809 948 1866 exornat;
986 1807 1041 1855 et
1077 1796 1316 1852 externis
1343 1808 1523 1849 rerum
1548 1789 1861 1846 substantiis
1894 1796 2034 1841 tem-

465 2168 521 2222 in
548 2175 772 2235 utroque
813 2171 1142 2233 temperatus
1171 2161 1429 2222 existens,
1450 2164 1505 2212 et
1545 2152 1882 2224 diligentiam
1926 2150 2044 2203 ani-

468 2272 705 2320 marum,
736 2262 792 2309 et
819 2269 1007 2310 curam
1037 2252 1144 2306 illis
1171 2250 1393 2305 exhibet
1417 2260 1724 2316 corporum.

540 2342 732 2399 Pastor
761 2360 939 2399 eorum
987 2344 1041 2397 in
1075 2341 1278 2412 judicio
1323 2338 1536 2392 Domini
1580 2334 1870 2396 absolutus,
1901 2332 2044 2384 dicat

468 2451 585 2489 cum
612 2434 873 2505 Propheta
900 2432 1125 2488 Domino
1150 2447 1168 2484 :
1194 2428 1471 2484 Justitiam
1497 2436 1643 2481 tuam
1669 2440 1773 2477 non
1798 2421 2046 2476 abscondi

469 2526 524 2578 in
552 2525 707 2578 corde
741 2541 852 2577 meo
876 2539 894 2578 :
925 2523 1191 2577 veritatem
1216 2528 1361 2573 tuam
1401 2525 1449 2571 et
1473 2514 1708 2571 salutare
1736 2522 1884 2566 tuum
1913 2510 2044 2564 diri.

475 2609 732 2663 Voluntas
778 2608 921 2664 enim
960 2606 1171 2661 abbatis
1206 2603 1329 2658 talis
1373 2602 1535 2657 debet
1557 2613 1678 2654 esse
1719 2606 1800 2663 ut,
1833 2595 2048 2666 quando

472 2707 646 2771 potest
672 2696 960 2768 prodesse,
1014 2709 1045 2749 a
1089 2689 1490 2762 praedicationis
1520 2701 1766 2745 sermone
1797 2700 1903 2739 non
1933 2697 2052 2738 ees-

474 2799 576 2847 sct.
616 2790 864 2845 Debitum
890 2787 1087 2856 quippe
1138 2783 1214 2841 illi
1243 2791 1327 2838 est
1359 2778 1577 2852 superni
1602 2778 1776 2849 patris
1819 2775 2051 2847 gloriam

475 2899 573 2953 per
597 2896 784 2937 vocem
809 2875 1210 2949 pnedicationis
1230 2871 1550 2938 ostendere;
1576 2877 1778 2942 quanta
1813 2869 1868 2922 in
1893 2864 2054 2934 hujus

478 2977 606 3030 vita:
635 2974 827 3029 itinere
860 2970 1215 3026 tentationum
1241 2966 1450 3037 antiqui
1476 2964 1650 3020 hostis
1688 2962 1892 3016 lateant
1930 2972 2056 3028 ape—

480 3068 626 3130 rire;
673 3072 728 3118 et
757 3059 1094 3119 subditorum
1138 3057 1302 3122 mala,
1329 3071 1450 3125 quae
1475 3053 1707 3109 tolerare
1734 3066 1843 3107 non
1872 3049 2052 3112 debet,

481 3157 679 3214 leniter
702 3167 824 3215 cum
863 3164 1057 3221 magna
1087 3148 1189 3202 zeli
1215 3146 1510 3216 asperitate
1535 3143 1844 3214 corrigere;
1882 3153 1980 3203 ne,
2008 3139 2056 3193 si

483 3250 663 3305 minus
699 3251 888 3299 contra
912 3241 1100 3310 culpas
1130 3237 1478 3300 accendatur,
1507 3234 1789 3303 culparum
1816 3229 2056 3286 omnium

484 3352 612 3393 reus
656 3333 769 3403 ipse
798 3338 1061 3387 teneatur.
1095 3328 1215 3398 Ipse
1254 3335 1435 3381 tamen
1489 3323 1703 3380 abbatis
1736 3335 1938 3385 sermo,
1966 3319 2060 3388 qui

485 3433 706 3500 propter
753 3420 1017 3490 justitiam
1045 3458 1060 3484 ,
1110 3417 1395 3475 veritatem
1425 3413 1507 3480 ﬁt,
1550 3421 1608 3467 et
1655 3410 1916 3476 salutem,
1960 3409 2059 3463 ali-

487 3517 704 3590 quando
753 3513 912 3570 debet
940 3509 1306 3579 subjectorum
1350 3506 1485 3561 vitia
1534 3504 1724 3560 durius
1751 3503 2059 3571 increpare,

489 3606 778 3677 aliquando
800 3602 992 3658 leniter
1014 3613 1266 3671 arguere,
1286 3606 1343 3654 et
1376 3611 1516 3668 quae,
1548 3593 1633 3650 vel
1656 3593 2064 3663 quibus,quan—

491 3699 594 3763 do,
636 3695 718 3750 vel
750 3693 983 3764 qualiter
1019 3692 1165 3746 dicat
1212 3686 1394 3744 subtili
1424 3685 1766 3755 indagatione
1794 3681 2068 3737 discerne-

494 3804 584 3853 re,
623 3795 680 3842 et
725 3784 1012 3852 unicuique
1059 3780 1355 3837 secundum
1408 3776 1625 3830 modum
1678 3772 1889 3840 culpae,
1942 3783 2068 3825 cum

496 3877 822 3935 discretione
869 3883 1081 3936 tamen,
1134 3878 1190 3927 et
1217 3866 1604 3938 tranquillitate
1650 3862 1877 3927 utentis,
1920 3859 2067 3931 judi-

496 3970 640 4024 cium
680 3967 975 4036 imponere.
1018 3962 1101 4017 Sit
1130 3961 1295 4016 abbas
1323 3972 1566 4021 necesse,
1611 3964 1667 4009 ut
1698 3952 1897 4007 Paulus
1936 3966 2069 4021 apo-

501 4059 674 4117 stolus
704 4059 810 4122 ait,
843 4064 1038 4127 potens
1073 4051 1347 4109 exhortari
1397 4049 1452 4104 in
1505 4045 1751 4104 doctrina
1805 4058 1970 4106 sana,
2019 4047 2076 4095 et

501 4170 598 4209 cos
644 4152 737 4223 qui
794 4148 1176 4208 contradicunt
1217 4157 1465 4215 arguere.
1502 4138 1681 4196 Clavis
1723 4136 1872 4193 enim
1919 4149 2077 4205 aper-

502 4245 666 4300 tionis
689 4251 803 4309 est,
830 4255 1014 4297 sermo
1042 4235 1432 4307 correptionis,
1460 4232 1588 4301 quia
1614 4225 1941 4296 increpando
1965 4221 2079 4279 cul-

503 4350 628 4405 pam
654 4334 876 4404 detegit,
898 4344 1067 4401 quam
1088 4341 1231 4396 saepe
1262 4323 1435 4380 nescit
1473 4321 1589 4391 ipse
1613 4318 1780 4374 etiam
1828 4314 1921 4385 qui
1956 4327 2080 4382 per-

505 4403 761 4497 patravit.
805 4422 965 4485 Sunt,
990 4427 1046 4475 et
1075 4425 1236 4474 erunt
1261 4413 1505 4485 plerique
1535 4406 1815 4470 monachi,
1846 4403 1940 4475 qui
1982 4416 2082 4473 per

508 4514 866 4586 ignorantiam
911 4510 1250 4568 conmittere
1295 4504 1487 4575 culpas
1534 4517 1641 4557 non
1689 4498 1980 4561 desinunt,
2023 4502 2077 4549 et

510 4609 632 4663 ideo
683 4605 1002 4660 commissas
1039 4615 1147 4655 non
1182 4597 1462 4668 plangunt,
1514 4591 1609 4648 sed
1657 4590 1835 4660 potius
1889 4592 2080 4641 contra

511 4697 895 4767 corripientem
920 4689 1223 4762 procaciter
1256 4688 1665 4742 contemnentes
1702 4679 2007 4745 insurgunt,
2029 4680 2085 4728 et

514 4788 597 4842 sui
644 4764 895 4856 proterve
947 4776 1367 4835 admonitionem
1412 4771 1626 4829 abbatis
1672 4775 1952 4839 spernunt.
2006 4764 2085 4818 De

517 4875 714 4948 quibus
752 4884 809 4929 et
852 4871 1142 4928 subditur:

589 4964 701 5035 Ipsi
726 4973 898 5016 autem
919 4965 1297 5016 contemnentes
1320 4960 1621 5025 spreverunt
1644 4966 1745 5009 me.
1774 4948 1925 5003 Tunc
1943 4946 2087 5002 enim

488 5102 489 5105 η
521 5054 644 5109 mali
673 5051 921 5109 monachi
962 5051 1159 5105 bonum
1185 5045 1434 5103 abbatem
1474 5057 1633 5097 suum
1682 5044 2090 5094 contemnentes

522 5151 799 5216 spernunt,
833 5143 1047 5212 quando
1071 5138 1356 5210 praeceptis
1383 5134 1499 5204 ejus
1526 5131 1804 5188 humiliter
1829 5145 1936 5183 non
1964 5128 2092 5183 obe-

524 5237 697 5299 diunt,
734 5232 945 5302 quando
997 5230 1254 5285 salutaria
1284 5227 1539 5282 mandata
1567 5220 1683 5291 ejus
1725 5218 1956 5274 humiles
1984 5231 2090 5270 non

525 5325 864 5388 custodiunt;
886 5322 977 5377 sed
1001 5321 1215 5391 superbi
1237 5320 1400 5374 etiam
1423 5312 1850 5385 reprehendunt;
1879 5308 2093 5379 quando

524 5434 592 5476 ea
615 5433 736 5488 quae
757 5415 1013 5486 jubentur
1040 5410 1264 5480 implere
1297 5407 1623 5477 despiciunt,
1646 5410 1702 5459 et
1732 5416 1852 5473 qua}
1886 5414 1992 5453 non
2007 5396 2096 5465 ju—
2173 5455 2184 5465 ,

526 5512 723 5569 bentur
775 5505 995 5577 implere
1048 5502 1301 5574 impudici
1363 5499 1723 5562 contendunt;
1777 5491 1994 5565 quando
2040 5491 2095 5545 in

529 5601 750 5673 agendis
796 5597 1050 5668 operibus
1093 5594 1232 5665 pigri
1272 5604 1329 5647 et
1380 5590 1568 5660 tepidi,
1601 5587 1682 5641 vel
1734 5586 1900 5641 etiam
1954 5580 2093 5636 desi-

534 5692 689 5758 diesi,
736 5699 791 5745 et
818 5692 872 5746 in
911 5688 1122 5745 actibus
1165 5684 1278 5741 suis
1308 5678 1632 5736 murmurosi
1661 5674 1964 5732 etliciuntur
2000 5684 2098 5741 pa-

2113 516 2259 570 vclut
2290 512 2531 568 membra
2560 507 2722 578 capiti
2753 520 2851 559 suo
2883 497 3181 562 deservire,
3204 503 3261 550 et
3285 500 3558 564 praecepta
3584 505 3700 558 ejus

2114 607 2262 662 velut
2294 604 2580 674 imperium
2608 596 2819 654 Domini
2847 607 3061 661 summo
3092 604 3279 644 amore
3316 582 3619 647 custodire,
3646 588 3703 637 ct

2118 698 2507 754 correctionem
2548 687 2942 763 obiurgationis
2978 683 3095 738 suis
3138 678 3482 751 negligentiis
3532 674 3703 731 ascri-

2118 790 2268 856 bere,
2298 806 2405 844 non
2453 786 2666 844 abbatis
2700 780 3050 838 severitatem
3120 780 3215 827 aut
3243 768 3587 838 disciplinam
3620 780 3704 820 re-

2119 881 2475 951 prehendere.

2194 970 2262 1024 Et
2297 978 2420 1022 tunc
2465 964 2675 1018 demum
2719 951 3132 1015 inobedientibus
3182 963 3325 1003 cura:
3362 960 3475 1000 sua:
3522 941 3705 1002 ovibus

2123 1075 2273 1131 paena
2299 1057 2368 1111 sit
2395 1056 2471 1110 eis
2489 1048 2775 1122 prn’valens
2806 1047 2919 1115 ipsa
2955 1040 3153 1096 scilicet
3176 1052 3339 1091 mors.
3363 1033 3496 1101 Quae
3518 1032 3709 1103 primis

2127 1121 2558 1204 inobedientibus
2584 1136 2893 1195 hominibus
2920 1129 3199 1202 praevaluit
3218 1127 3270 1180 in
3288 1122 3565 1194 paradiso,
3591 1121 3709 1190 ipsa

2128 1256 2272 1297 nunc
2301 1238 2518 1295 demum
2541 1225 2972 1286 inobeiientibus
2998 1216 3278 1275 monachis
3301 1212 3548 1284 quotidie
3578 1226 3714 1280 pne-

2128 1329 2272 1384 valet
2310 1329 2366 1379 in
2413 1320 2630 1377 mundo.
2662 1315 3020 1385 Reliquerunt
3048 1307 3192 1363 enim
3222 1305 3277 1358 in
3329 1300 3587 1375 paradiso
3616 1312 3713 1368 per

2132 1413 2556 1475 iuobedientiam
2584 1409 2758 1464 Adam
2787 1414 2842 1459 et
2892 1404 3004 1457 Eva
3050 1396 3266 1455 Domini
3315 1400 3626 1466 praecepta;
3660 1396 3715 1443 et

2130 1517 2265 1564 tunc
2296 1505 2529 1574 primum
2555 1495 2839 1568 praevaluit
2872 1492 2978 1546 illis
3021 1488 3236 1543 fortiter
3263 1484 3454 1539 mortis
3496 1490 3717 1535 aeterna:

2133 1571 2316 1671 poena;
2353 1594 2460 1651 Sed
2491 1589 2753 1646 Dominus
2791 1592 2975 1641 noster
3000 1579 3156 1635 Jesus
3182 1576 3454 1639 Christus,
3478 1571 3575 1641 'qui
3621 1585 3720 1642 per

2136 1690 2458 1763 prophetam
2485 1695 2644 1742 suum
2673 1676 2813 1735 dixit
2842 1693 2855 1728 :
2892 1671 2995 1725 Ero
3025 1686 3166 1724 mors
3202 1677 3315 1732 tua,
3347 1682 3377 1718 o
3420 1678 3594 1725 mors,
3639 1675 3721 1713 se-

2137 1780 2409 1848 metipsum
2455 1769 2764 1833 exinanivit,
2797 1765 3022 1836 formam
3068 1759 3203 1814 servi
3232 1752 3513 1826 accipiens,
3546 1750 3721 1820 factus

2617 1860 2686 1914 ad
2715 1866 2931 1912 mortem
2959 1849 3145 1924 (Oscae
3174 1863 3309 1911 xm;
3356 1842 3590 1912 Philipp.
3620 1837 3723 1909 ιι),

2138 1958 2426 2029 imperium
2472 1931 2661 2007 mortis
2690 1945 2979 2009 destruxit,
3006 1950 3060 1996 et
3109 1956 3141 1995 a
3183 1936 3436 1993 cordibus
3463 1931 3728 1988 obedien-

2142 2230 2289 2284 tibus
2318 2225 2528 2285 ovibus,
2563 2221 2619 2275 id
2649 2208 2749 2281 est,
2779 2214 3081 2277 monachis,
3107 2209 3199 2280 qui
3231 2206 3440 2262 abbatis
3477 2203 3585 2267 sui,
3621 2201 3731 2255 imo

2142 2314 2353 2373 Domini
2398 2309 2694 2367 Salvatoris
2744 2306 3107 2375 relinquentes
3152 2304 3438 2370 przecepta,
3486 2308 3589 2349 sua
3632 2308 3728 2346 co-

2146 2412 2347 2464 nantur
2374 2401 2599 2472 implere
2637 2395 2922 2458 desideria,
2954 2406 3115 2462 paena
3157 2389 3229 2444 sit
3270 2383 3573 2459 prazvalens
3618 2382 3733 2450 ipsa

2145 2512 2322 2563 mors;
2356 2503 2416 2549 ut
2460 2501 2609 2547 recte
2651 2489 2717 2544 de
2747 2486 2853 2542 illis
2890 2484 3101 2540 dicatur
3138 2499 3150 2535 :
3203 2476 3352 2534 Sicut
3383 2491 3498 2528 oves
3549 2472 3607 2526 in
3650 2472 3736 2524 in-

2148 2561 2482 2658 fernovpositi
2510 2587 2654 2645 sunt,
2704 2592 2845 2632 mors
2891 2573 3140 2644 deposcat
3187 2584 3272 2622 eos
3305 2562 3479 2637 (Psal.
3514 2561 3735 2637 surtu).

2150 2656 2341 2732 Merito
2368 2672 2515 2729 enim
2540 2669 2633 2740 qui
2653 2666 2780 2723 boni
2814 2661 3058 2735 magistri
3084 2663 3351 2731 praecepta
3371 2656 3744 2709 contemnunt

2153 2773 2316 2829 talem
2351 2766 2656 2826 mercedem
2685 2761 2972 2832 recipiunt.

2223 2863 2366 2934 Ergo
2418 2874 2537 2914 cum
2583 2854 2773 2927 aliquis
2804 2850 3016 2918 suscipit
3066 2860 3254 2901 nomen
3281 2838 3504 2901 abbatis,
3538 2832 3745 2904 duplici

2153 2923 2568 3012 debet'doctrina
2605 2923 2717 2999 suis
2739 2956 2958 3013 prwesse
2984 2931 3273 3005 discipulis,
3304 2928 3358 2984 id
3399 2936 3506 2992 est,
3563 2923 3745 3003 ornnia

2157 3043 2315 3105 bona,
2345 3049 2392 3095 et
2415 3044 2622 3100 sancta,
2641 3031 2796 3103 factis
2826 3027 3051 3099 amplius
3076 3039 3234 3096 quam
3256 3019 3423 3076 verbis
3446 2996 3744 3070 ostendere.

2156 3133 2331 3203 Caput
2353 3142 2589 3198 namque
2608 3132 2733 3181 sunt
2759 3119 3123 3203 subjectorum
3151 3111 3333 3169 cuncti
3360 3109 3450 3179 qui
3478 3114 3744 3179 priesuut,

2157 3233 2218 3281 ut
2236 3197 2393 3279 recta
2421 3197 2589 3291 pedes
2625 3216 2840 3271 valeant
2875 3197 3068 3266 itinera
3089 3218 3328 3275 carpere,
3354 3216 3452 3273 per
3480 3200 3588 3255 hoc
3613 3212 3748 3268 pro-

2159 3316 2248 3372 cul
2276 3314 2441 3368 dubio
2469 3311 2623 3380 prius
2662 3312 2825 3376 caput
2867 3303 3062 3359 debent
3096 3297 3365 3353 incedere.
3398 3291 3641 3346 Necesse
3668 3295 3749 3344 est

2160 3413 2221 3461 ut
2247 3404 2436 3468 abbas,
2472 3377 2567 3471 qui
2608 3396 2790 3453 verbis
2818 3391 3061 3450 subditos
3089 3384 3365 3459 praedicat,
3408 3378 3649 3434 vivendo
3674 3377 3751 3431 eis

2161 3496 2388 3567 vestigia
2410 3496 2561 3549 bonae
2586 3486 2816 3544 actionis
2836 3481 3113 3544 ostendat;
3137 3485 3192 3532 et
3214 3490 3338 3531 cum
3358 3471 3523 3526 verba
3543 3477 3748 3524 sancta:

2161 3560 2564 3660 praedicationis
2589 3578 2739 3642 dicit,
2758 3575 2910 3646 prius
2939 3573 2993 3626 in
3025 3568 3203 3625 studio
3230 3566 3385 3620 bona
3412 3560 3651 3615 actionis
3676 3571 3753 3611 se-

2166 3647 2453 3747 metipsum
2508 3667 2763 3738 evigilet,
2815 3662 2969 3733 prius
3016 3670 3232 3727 semper
3295 3648 3551 3707 sublimia
3606 3647 3747 3700 facta

2166 3736 2438 3826 exerceat,
2470 3767 2526 3814 et
2554 3736 2683 3812 tunc
2724 3751 2793 3808 ad
2837 3750 2977 3805 bene
3004 3744 3289 3800 vivendum
3320 3739 3456 3794 alios
3485 3736 3753 3792 sollicitos

2169 3856 2380 3913 reddat.
2408 3850 2568 3907 Prius
2604 3861 2663 3903 se
2694 3843 2960 3903 ,districta
2995 3833 3460 3894 animadversione
3488 3831 3752 3898 corrigat,

2169 3954 2224 4004 et
2256 3954 2382 4001 tunc
2425 3941 2656 3996 aliorum
2683 3937 2856 3989 vitam
2906 3927 3175 4001 loquendo
3226 3929 3542 3992 componat.
3594 3917 3751 3972 Prius

2170 4035 2365 4108 punire
2394 4029 2613 4103 propria
2651 4025 2865 4080 ﬂetibus
2901 4029 3057 4077 curet
3080 4059 3095 4085 ,
3144 4025 3200 4072 et
3242 4025 3370 4069 tunc
3398 4010 3640 4065 aliorum
3667 4006 3753 4060 de-

2173 4098 2300 4181 licta
2344 4098 2611 4196 puniendo
2650 4113 2950 4171 denuntiet.
3001 4109 3069 4163 Et
3115 4113 3402 4171 antequam
3432 4098 3624 4153 verbis
3660 4111 3756 4150 ex-

2175 4195 2481 4271 hortatione
2517 4210 2751 4271 insonat,
2782 4216 2942 4259 omne
2993 4195 3136 4268 quod
3182 4195 3463 4250 locuturus
3493 4197 3585 4243 est
3634 4200 3758 4255 ope-

2178 4307 2330 4361 ribus
2356 4303 2568 4359 clamet.
2594 4297 2688 4352 llla
2733 4305 2965 4361 namque
2995 4303 3097 4342 vox
3147 4282 3400 4339 libentius
3447 4277 3761 4333 auditorum

2182 4415 2278 4457 cor
2303 4400 2573 4467 penetrat,
2605 4402 2766 4460 quam
2797 4381 3025 4441 dicentis
3052 4378 3164 4432 vita
3192 4371 3573 4435 commendat;
3616 4365 3759 4436 quia,

2183 4455 2327 4562 quod
2364 4455 2900 4555 loquendo—imperat,
2946 4466 3278 4528 ostendendo
3308 4462 3532 4534 adjuvat
3561 4468 3621 4513 ut
3652 4455 3757 4511 ﬁat.

2260 4544 2327 4633 ὼ
2377 4544 2652 4647 capacibus
2705 4544 2993 4634 discipulus
3042 4556 3294 4615 mandata
3341 4548 3563 4605 Domini
3602 4544 3761 4602 verbis

2187 4638 2492 4744 proponere.
2516 4659 2786 4719 Subaudis
2808 4656 2989 4711 debet.
3020 4649 3090 4705 Ut
3121 4648 3265 4704 enim
3312 4641 3636 4697 adverbium
3663 4638 3762 4744 hoc

2190 4719 2245 4831 in
2269 4719 2387 4815 lbco
2409 4770 2507 4827 pro
2529 4763 2575 4808 et
2604 4745 2982 4820 conjunctione
3002 4737 3201 4810 posuit.
3218 4730 3525 4802 Capacibus
3540 4726 3698 4788 dixit,
3710 4719 3759 4774 id

2192 4816 2298 4915 est,
2325 4816 2685 4904 meinoriosis,
2703 4816 3153 4893 vaccommolatis,
3182 4823 3267 4879 vel
3311 4816 3759 4889 intelligibilibus.

2189 4905 2379 5010 quizea
2423 4947 2544 5004 quae
2587 4945 2617 4984 a
2649 4923 2920 4996 magistris
2965 4918 3189 4973 audiunt
3214 4911 3475 4967 velociter
3522 4905 3762 4974 capiunt,

2189 4995 2503 5084 memoriter
2537 4995 2794 5080 retinent,
2835 5020 2891 5067 et
2922 5006 3178 5079 operibus
3221 4999 3509 5069 complent.
3559 4995 3764 5060 Propo-

2190 5132 2321 5173 nere
2349 5112 2506 5175 dixit,
2547 5109 2600 5162 id
2627 5113 2710 5161 est
2750 5109 3112 5170 anteponere;
3141 5091 3268 5162 quia
3297 5099 3529 5156 capaces
3558 5090 3617 5137 et
3640 5080 3764 5133 sim-

2189 5191 2359 5281 plices
2392 5199 2675 5272 discipuli,
2721 5210 2841 5266 quze
2868 5167 3017 5263 prius
3061 5183 3321 5241 vivaciter
3368 5177 3437 5232 de
3480 5167 3761 5244 paeoeptis

2194 5260 2407 5356 bonum
2449 5260 2809 5361 intelligentes
2838 5260 3082 5346 audiunt,
3131 5284 3321 5348 postea
3355 5266 3626 5339 sagaciter
3670 5260 3763 5313 ira-

2195 5389 2343 5459 plere
2371 5380 2721 5440 contendunt.

2270 5472 2428 5530 Duris
2456 5488 2570 5526 vero
2609 5465 2788 5528 corde,
2829 5470 2876 5516 et
2920 5453 3340 5529 simplicioribus.
3395 5445 3557 5504 Duris
3608 5434 3761 5496 corde

2196 5569 2346 5632 dicit,
2358 5547 2426 5619 id
2467 5570 2549 5618 est
2568 5554 2998 5618 contumacibus,
3026 5548 3215 5620 rigidis
3232 5586 3248 5611 ,
3274 5542 3359 5598 vel
3388 5526 3761 5605 incorrigibili'

2197 5663 2318 5718 bus.
2334 5619 2771 5725 'Simplicioribus
2792 5653 2972 5700 autem
3002 5634 3311 5700 illitteratis,
3330 5640 3385 5686 et
3403 5640 3538 5698 pene
3560 5619 3761 5680 nullam
