3960 6206
272 347 387 410 753

1313 340 1671 404 COMMEXT.
1710 343 1776 398 ΙΝ
1817 342 1977 397 llEG.
2021 339 2078 395 S.
2120 336 2507 394 BENEDICTL

3443 337 3551 393 τδι

271 472 330 525 in
370 462 670 535 Scripturls
699 459 897 519 divinis
945 461 1031 517 vel
1060 461 1379 516 memoriam
1398 500 1414 527 ,
1450 459 1533 513 vel
1563 456 1864 525 intelligen-
1894 457 1943 515 Α
1969 466 2111 517 rare,
2140 460 2193 507 et
2217 460 2469 505 sanctum
2499 449 2696 505 audeat
2721 459 2998 504 assume
3020 454 3427 505 testamentum.
3445 447 3551 516 Qui

272 561 432 623 tiam,
468 555 812 610 habentibus.
1142 604 1155 616 ,

349 646 532 700 Factis
567 645 676 699 suis
707 643 891 697 divina
933 652 1193 714 praecepta
1223 649 1538 695 monstrare.
1577 638 1670 692 llle
1711 652 1861 707 ergo,

271 749 338 794 ut
379 740 573 792 beatus
616 735 913 805 Gregorius
961 734 1057 797 ait,
1082 733 1243 788 debet
1271 733 1339 787 ad
1378 730 1685 799 exemplum
1726 729 1865 782 bene

270 828 492 882 vivendi
527 825 741 881 caeteris
768 839 1023 893 praeesse,
1049 824 1139 892 qui
1180 823 1391 878 cunctis
1435 823 1617 876 carnis
1659 821 1868 890 passio-

272 920 440 975 nibus
474 916 712 971 moriens
734 913 850 981 jam
887 914 1211 983 spiritaliter
1248 914 1414 979 vivit;
1465 913 1555 982 qui
1600 924 1862 980 prospera

273 1008 464 1063 mundi
488 1006 830 1076 postposuit;
877 1006 971 1075 qui
1015 1005 1159 1060 nulla
1203 1004 1436 1058 adversa
1482 1003 1858 1074 pertimescit;

272 1100 370 1169 qui
410 1099 523 1153 sola
568 1098 781 1151 interna
832 1097 1136 1161 desiderat;
1189 1098 1281 1166 qui
1317 1097 1386 1151 ad
1438 1097 1616 1152 aliena
1664 1109 1864 1150 concu-

273 1188 533 1258 piscenda
590 1203 696 1241 non
755 1188 993 1252 ducitur,
1044 1188 1139 1241 sed
1194 1187 1412 1257 prepria
1455 1187 1719 1259 largitur;
1771 1186 1861 1255 qui

274 1278 424 1333 nulla
460 1276 646 1331 illicita
679 1283 978 1345 perpetrat,
1022 1277 1117 1330 sed
1165 1282 1472 1346 perpetrata
1527 1276 1596 1329 ab
1631 1274 1752 1328 aliis
1805 1280 1863 1327 ut

276 1367 498 1437 propria
534 1365 811 1434 deplorat;
850 1365 939 1432 qui
974 1365 1049 1418 ita
1096 1378 1156 1419 se
1186 1364 1505 1419 imitabilem
1562 1364 1777 1419 caeteris
1808 1364 1862 1417 in

275 1456 492 1510 cunctis
519 1468 638 1523 qua:
678 1454 790 1523 agit
838 1454 1108 1519 insinuat;
1139 1454 1232 1523 qui
1287 1455 1367 1508 sic
1420 1454 1600 1509 studet
1645 1455 1862 1520 vivere,

275 1553 344 1602 ut
368 1544 651 1600 monachis
677 1544 792 1600 suis
819 1545 878 1599 in
895 1545 1044 1599 omni
1065 1544 1176 1598 vita
1200 1559 1299 1599 sua
1326 1546 1526 1599 bonum
1554 1545 1861 1616 exemplum

273 1637 459 1694 valeat
488 1638 896 1702 demonstrare;
929 1638 1022 1707 qui
1063 1637 1333 1708 laerymas
1375 1648 1511 1707 quas
1537 1637 1653 1692 vult
1678 1653 1709 1693 a
1748 1638 1863 1694 suis

273 1728 619 1787 auditoribus
648 1725 801 1784 fundi
827 1730 980 1800 prius
1008 1732 1123 1801 ipse
1151 1729 1365 1797 fundat,
1393 1738 1451 1785 et
1484 1731 1564 1786 sic
1586 1746 1682 1787 eos
1710 1744 1862 1787 com-

1969 544 2113 599 euim
2150 558 2269 613 qua:
2299 543 2557 612 prmdieat
2606 540 2831 610 implere
2858 539 3184 604 dissimulat,
3217 551 3274 595 et
3314 556 3433 609 qua:
3476 536 3565 594 fa-

1969 634 2159 689 cienda
2179 633 2388 702 judicat
2411 633 2637 703 implere
2670 648 2776 687 non
2810 640 3012 698 cessat,
3056 632 3420 701 necjustitias
3449 633 3555 688 Do-

1969 725 2098 778 mini
2147 738 2423 787 enarrare,
2453 738 2554 776 nec
2598 731 3008 778 sacrosanctum
3050 723 3104 777 in
3151 722 3555 792 praedicationis

1967 813 2200 870 cilicium
2225 815 2383 869 debet
2407 807 2687 868 assumere
2729 823 3135 869 testamentum.
3166 813 3441 883 Scriptum
3467 821 3556 869 est

1966 909 2113 961 enim
2138 925 2153 959 :
2186 905 2310 960 Non
2337 915 2413 960 est
2447 905 2606 975 digna
2632 905 2751 960 laus
2790 905 2848 959 in
2879 918 3011 959 aure
3040 906 3329 963 peccatoris
3353 903 3549 976 (Eccli.

1969 1013 2037 1051 sv
2057 996 2096 1066 ).

2038 1087 2117 1142 Tu
2159 1105 2278 1143 vero
2306 1088 2463 1143 edisti
2501 1086 2839 1158 disciplinam
2859 1128 2875 1153 ,
2922 1096 2972 1142 et
2996 1087 3262 1158 projecisti
3289 1102 3554 1143 sermones

1965 1194 2106 1231 meos
2126 1187 2243 1248 post
2270 1187 2339 1231 te.
2394 1175 2547 1231 Tunc
2575 1176 2721 1231 enim
2769 1175 3019 1230 subditus
3045 1175 3162 1230 odit
3188 1174 3553 1244 disciplinam,

1965 1268 2183 1337 quando
2215 1269 2284 1323 ad
2327 1267 2695 1323 correctiones
2725 1265 2904 1335 justas
2931 1266 3114 1335 iniqua
3134 1265 3555 1335 praisumptionc

1966 1368 2349 1414 remurmurat.
2377 1358 2528 1413 Sicut
2550 1358 2813 1427 scriptum
2837 1363 2924 1411 est
2952 1372 2973 1409 ι
2995 1354 3158 1411 Stulti
3192 1356 3338 1410 enim
3366 1352 3552 1424 despi-

1965 1451 2116 1504 ciunt
2167 1449 2529 1518 disciplinam.
2567 1447 2718 1502 Tune
2765 1456 2946 1501 autem
3002 1460 3283 1501 sermones
3337 1441 3555 1502 Domit}

1964 1546 2089 1609 post
2126 1553 2188 1593 se
2234 1537 2469 1608 proiicit,
2502 1536 2721 1606 quando
2753 1536 2966 1593 abbatis
2996 1535 3101 1599 sui,
3143 1533 3228 1588 vel
3274 1533 3554 1589 seniorum

1965 1644 2186 1684 suorum
2201 1627 2539 1698 jnssionibus
2555 1624 2727 1694 justis
2748 1624 2971 1681 obedire
3003 1623 3318 1679 contemnit.
3348 1621 3550 1678 Praela-

1965 1728 2054 1774 tus
2082 1726 2267 1773 autem
2292 1724 2539 1773 sanctam
2561 1714 2905 1785 disciplinam
2934 1712 3071 1778 odit,
3114 1711 3333 1781 quando
3359 1727 3554 1767 secun-

272 1824 571 1895 punctione
594 1824 676 1878 sui
700 1823 881 1877 cordis
903 1824 1180 1878 accendat.
1208 1824 1280 1878 Et
1303 1825 1448 1880 sicut
1467 1826 1604 1880 bene
1628 1839 1862 1895 operan-

1965 1808 2091 1863 dum
2122 1807 2392 1878 regularis
2419 1814 2692 1876 praecepta
2713 1805 2898 1860 vivere
2919 1802 3239 1868 contemnit,
3256 1800 3558 1871 Scriptura!

278 1922 364 1970 tes
393 1914 641 1971 subditos
674 1916 878 1970 honore
904 1923 1145 1986 superat,
1176 1916 1253 1971 ita
1283 1916 1451 1972 etiam
1493 1915 1651 1972 factis
1677 1924 1733 1971 et
1751 1917 1864 1971 vita

276 2003 654 2058 transcendat.
1296 2009 1304 2017 '

351 2093 542 2149 Omnia
558 2112 678 2150 vero
703 2112 823 2168 quis
842 2096 1115 2166 discipulis
1139 2098 1374 2154 docuerit
1396 2117 1506 2154 esse
1525 2100 1791 2155 contraria
1807 2099 1862 2154 in

273 2187 389 2240 suis
416 2186 569 2255 factis
582 2186 785 2256 judicet
811 2204 916 2242 non
935 2189 1161 2259 agenda.
1190 2189 1359 2245 Docet
1391 2191 1536 2245 enim
1563 2190 1860 2260 crapulam,

273 2278 572 2333 ebrietates
589 2287 642 2332 et
657 2292 820 2333 curas
843 2279 1004 2350 hujus
1026 2280 1232 2346 surculi,
1251 2289 1306 2336 et
1324 2283 1505 2337 omnia
1523 2281 1684 2337 simul
1704 2283 1861 2347 vitia,

276 2378 444 2438 atque
457 2377 679 2438 peccata
700 2370 978 2441 discipulis
996 2385 1116 2427 esse
1137 2375 1426 2435 contraria,
1445 2390 1475 2427 a
1489 2374 1684 2443 quibus
1694 2373 1866 2428 omni.

274 2459 383 2514 bus
412 2474 634 2515 necesse
652 2469 736 2516 est
758 2470 818 2517 ut
850 2460 939 2517 ille
971 2463 1122 2532 prius
1148 2478 1208 2519 se
1237 2465 1531 2529 abstineat,
1561 2464 1710 2519 etsic
1730 2460 1865 2518 alios

273 2550 558 2606 abstinere
584 2553 837 2622 operibus
861 2562 916 2607 et
947 2553 1128 2608 verbis
1164 2556 1406 2611 edoceat.
1447 2555 1530 2608 Ad
1569 2554 1673 2608 hoc
1714 2553 1859 2608 enim

276 2639 499 2709 cligitur
518 2641 704 2706 abbas,
734 2655 803 2695 ne
833 2643 974 2697 dicta
998 2658 1092 2697 sua
1114 2642 1269 2699 factis
1290 2651 1535 2699 evacuet.
1566 2643 1669 2710 Qui
1708 2644 1860 2699 enim

277 2729 351 2782 ad
370 2730 471 2782 hoc
486 2730 724 2799 eligitur,
742 2740 803 2786 ut
824 2732 1052 2787 aliorum
1075 2734 1260 2803 culpas
1278 2735 1537 2806 corrigat,
1553 2750 1747 2790 cavere
1778 2737 1867 2791 de-

277 2824 398 2888 bet,
426 2838 493 2878 ne
522 2824 586 2877 ab
607 2825 727 2879 aliis
755 2827 1197 2895 reprehendenda
1217 2828 1539 2882 committat.
1572 2827 1689 2882 Non
1718 2827 1863 2883 enim

278 2914 445 2968 debet
493 2915 894 2983 paciﬁcationis
940 2914 1173 2971 otlicium
1223 2918 1515 2989 suscipere,
1549 2918 1641 2987 qui
1689 2917 1866 2972 nescit

280 3007 514 3058 c’asteros
542 3005 679 3059 bene
706 3005 937 3061 vivendo
962 3008 1173 3075 praeire.
1197 3008 1356 3064 Prius
1389 3024 1519 3079 ergo
1547 3007 1713 3063 abbas
1739 3022 1865 3079 pra-

277 3097 366 3150 vis
398 3095 651 3165 operibus
675 3098 1000 3154 omnimodis
1028 3099 1236 3154 alienus
1273 3102 1494 3167 existat,
1517 3109 1571 3156 et
1609 3101 1690 3156 sic
1726 3100 1861 3156 alios

280 3184 439 3237 firma
468 3186 789 3242 auctoritate
816 3196 1088 3242 coerceat.
1111 3188 1342 3244 Necesse
1373 3189 1517 3244 enim
1548 3197 1632 3245 est
1658 3196 1717 3243 ut
1738 3204 1861 3244 esse

278 3276 481 3329 munda
526 3277 743 3331 studeat
782 3290 996 3344 manus,
1044 3279 1135 3347 qui
1163 3278 1369 3333 diluere
1399 3279 1589 3335 sordes
1631 3279 1861 3334 aliorum

283 3374 465 3433 curat,
492 3383 561 3423 ne
596 3376 738 3423 tacta
767 3385 994 3439 quaeque
1033 3370 1272 3425 deterlus
1310 3370 1610 3441 inquinent,
1657 3373 1701 3426 si
1742 3388 1862 3427 sor-

280 3457 406 3512 dida
454 3458 744 3527 insequens
771 3458 974 3514 lbetum
1027 3466 1193 3515 tenet.
1224 3459 1362 3515 Hinc
1406 3476 1505 3531 per
1542 3463 1860 3531 prophetam

279 3547 520 3603 dicitur:
554 3548 915 3615 Hundamini,
961 3552 1050 3622 qui
1081 3551 1231 3620 fertis
1275 3567 1401 3606 vasa
1447 3552 1662 3607 Domini
1692 3551 1857 3625 (Isai.

278 3635 402 3709 ιιι).
429 3637 643 3693 Domini
687 3641 888 3695 etenim
919 3654 1048 3694 vasa
1072 3640 1257 3695 ferunt
1284 3642 1532 3707 abbates,
1562 3641 1654 3711 qui
1680 3643 1863 3712 proxi-

280 3742 495 3782 morum
548 3730 758 3784 animas
811 3729 876 3784 ad
930 3731 1143 3786 interna
1202 3733 1440 3788 sacraria
1488 3733 1862 3802 perdueendas

280 3818 337 3871 in
368 3832 480 3872 suae
508 3820 876 3874 conversionis
904 3821 1007 3876 (ide
1057 3829 1430 3893 susceperunt.
1460 3822 1617 3892 Apud
1663 3831 1861 3879 semet-

278 3908 430 3976 ipsos
457 3924 611 3978 ergo,
643 3919 904 3979 quantum
961 3911 1191 3967 debeant
1225 3913 1495 3978 mandari,
1527 3913 1863 3983 eonSpiciant

280 3999 373 4067 qui
408 3998 477 4052 ad
506 4000 823 4055 aeternitatis
854 4001 1112 4070 templum
1165 4017 1293 4057 vasa
1348 4003 1582 4057 viventia
1635 4004 1689 4058 in
1739 4004 1860 4059 sinu

276 4095 514 4164 propria:
548 4095 854 4163 sponsionis
880 4103 1115 4165 portant.
1163 4096 1304 4166 Ergo
1333 4097 1476 4166 quod
1506 4113 1612 4153 non
1660 4096 1865 4153 facien-

280 4181 410 4237 dum
458 4183 716 4253 praedicat
761 4183 952 4251 abbas,
980 4185 1096 4255 ipse
1122 4200 1230 4239 non
1272 4184 1465 4252 faciat;
1496 4194 1553 4240 et
1595 4186 1738 4255 quod
1778 4186 1863 4240 fa-

278 4276 531 4329 ciendum
559 4276 851 4345 prmdicat,
901 4280 1052 4348 prius
1080 4279 1196 4351 ipse
1235 4293 1459 4336 necesse
1500 4287 1584 4335 est
1610 4280 1864 4350 operibus

276 4367 524 4438 impleat.

354 4458 439 4514 Ne
462 4460 582 4514 aliis
609 4461 902 4530 prmdicans
946 4464 1055 4533 ipse
1095 4462 1341 4532 reprobus
1369 4463 1686 4517 inveniatur.
1723 4462 1858 4519 Aliis
1882 4480 1936 4539 D

275 4551 581 4620 praedicans
602 4554 924 4621 praedicator
949 4554 1066 4622 ipse
1087 4557 1348 4623 reprobus
1369 4555 1664 4620 invenitur,
1680 4570 1857 4625 quan-

277 4643 350 4697 do
365 4642 509 4695 aliud
527 4643 780 4712 loquitur,
797 4654 850 4699 et
863 4645 1005 4700 aliud
1028 4654 1303 4715 operatur.
1321 4645 1479 4700 Aliud
1495 4647 1855 4714 sermonibus,

277 4730 427 4786 aliud
464 4748 594 4788 vero
630 4742 847 4790 exercet
870 4737 1140 4805 operibus.
1175 4736 1327 4803 Quod
1357 4737 1502 4791 enim
1556 4737 1678 4792 aliis
1721 4752 1859 4807 pra:-

277 4820 427 4875 dieat
474 4824 806 4891 Operandum
843 4824 956 4894 ipse
1004 4825 1156 4895 piger
1206 4824 1435 4880 efﬁcitur
1473 4826 1541 4880 ad
1595 4841 1858 4882 exercen-

277 4912 426 4966 dum.
456 4914 634 4969 Verbo
664 4917 803 4971 viam
842 4918 1179 4973 rectitudinis
1227 4919 1483 4981 ostendit,
1530 4919 1622 4973 sed
1671 4918 1858 4972 ambu-

270 5001 397 5057 lare
430 5018 526 5072 per
565 5021 684 5059 eam
714 5007 949 5078 negligit.
982 5006 1063 5061 Ad
1093 5008 1492 5077 praedicandum
1540 5008 1755 5070 alacer,
1788 5006 1857 5061 ad

276 5095 610 5161 operaudum
650 5093 880 5150 ellieitur
906 5097 1077 5167 piger.
1109 5095 1246 5150 Aliis
1281 5096 1568 5151 tenendam
1597 5097 1856 5165 praedicat

276 5180 424 5235 viam
441 5181 682 5248 justitiae,
705 5184 819 5252 ipse
847 5200 908 5238 se
927 5200 1031 5239 non
1048 5185 1163 5239 vult
1187 5185 1411 5239 salutari
1441 5184 1673 5239 subdere
1695 5184 1856 5239 disci-

272 5269 457 5339 plima.
489 5270 584 5324 Cui
620 5279 765 5327 recte
793 5274 1065 5339 convenit,
1096 5273 1235 5342 quod
1267 5273 1534 5328 subditur.

354 5355 645 5428 Nequando
666 5360 805 5415 dicat
833 5361 911 5414 illi
939 5361 1076 5415 Deus
1102 5363 1375 5432 peccanti:
1406 5360 1582 5427 Quare
1607 5370 1662 5415 tu
1698 5376 1855 5414 enar-

278 5447 612 5516 rasjustitias
637 5466 796 5513 meas,
812 5462 858 5505 et
877 5453 1100 5506 assumis
1124 5461 1485 5506 testamentum
1504 5466 1677 5504 meum
1692 5465 1785 5520 per
1798 5466 1854 5502 os

275 5544 427 5591 tuum
440 5535 608 5607 (Psal.
623 5542 790 5610 χιιι).
811 5540 918 5597 Nec
934 5543 1001 5597 ad
1016 5557 1448 5611 unumquemque
1464 5541 1697 5611 pertinet
1710 5540 1855 5609 quod

277 5626 537 5694 praedicat
578 5628 713 5691 aliis,
745 5637 800 5683 et
826 5631 939 5700 ipse
971 5647 1076 5686 non
1104 5639 1361 5699 operatur
1405 5629 1544 5699 quod
1572 5630 1848 5698 praedicat.

279 5715 354 5772 Os
365 5718 510 5778 enim
525 5718 684 5775 debet
697 5736 814 5776 esse
822 5721 1049 5790 justum,
1067 5722 1207 5791 quod
1221 5721 1459 5791 justitias
1473 5720 1683 5777 Domini
1700 5735 1852 5777 enar-

1965 1900 2161 1954 divinat
2206 1898 2524 1962 obliviosus,
2553 1912 2676 1967 quae
2704 1896 2838 1952 dicit
2878 1913 2891 1949 :
2924 1893 3273 1964 Disciplinam
3315 1892 3552 1957 Domini,

1963 1988 2045 2057 fili
2086 1988 2177 2053 uti,
2230 2004 2294 2042 ne
2332 1987 2575 2056 abjicias,
2613 1996 2662 2041 et
2701 1986 2831 2040 audi
2884 1984 3199 2050 consilium,
3255 1992 3305 2038 et
3348 1983 3555 2052 suscipe

1964 2077 2324 2148 disciplinam,
2347 2087 2407 2130 ut
2436 2078 2562 2132 bene
2590 2078 2658 2131 sit
2699 2076 2793 2131 tibi
2824 2074 3008 2148 (Prov.
3071 2091 3162 2140 Ill;
3201 2074 3361 2129 Prov.
3411 2074 3549 2144 nx).

1965 2170 2087 2225 Vita
2106 2171 2309 2224 etenim
2352 2169 2617 2240 regularis
2638 2168 2949 2224 tenentibus
2976 2182 3119 2232 eam,
3154 2166 3437 2236 disciplina
3465 2174 3552 2221 est

1965 2260 2241 2316 salutaris.
2270 2259 2400 2314 Post
2423 2274 2483 2314 se
2519 2273 2802 2314 sermones
2846 2257 3058 2312 Domini
3090 2257 3347 2326 praelatus
3385 2255 3551 2325 proji-

1964 2350 2057 2415 cit,
2087 2350 2302 2419 quando
2320 2364 2441 2419 quae
2468 2350 2534 2405 de
2562 2350 2762 2404 divinis
2785 2348 3077 2419 scripturis
3095 2346 3329 2403 subditis
3354 2345 3550 2415 przedi-

1963 2447 2055 2496 eat
2080 2439 2304 2509 implere
2333 2441 2448 2508 ipse
2471 2439 2797 2495 dissimulat.
2828 2439 2935 2505 Qui
2961 2439 3105 2493 enim
3134 2438 3349 2493 curiose
3372 2435 3551 2490 aliena

1964 2529 2247 2614 ingrepare
2287 2530 2510 2585 festinat
2535 2530 2763 2614 delicta,
2794 2544 3018 2585 necesse
3061 2535 3147 2584 est
3187 2536 3248 2583 ut
3290 2542 3391 2583 sua
3418 2538 3549 2599 pro-

1962 2609 2085 2673 vide
2115 2619 2473 2675 considerans
2517 2634 2616 2689 per
2639 2609 3013 2690 paenitentiam
3043 2618 3265 2674 damnet
3303 2624 3550 2688 peccata,

1962 2724 2051 2774 ne,
2080 2707 2209 2763 dum
2231 2709 2467 2763 alienum
2484 2710 2765 2764 minimum
2787 2709 3000 2779 publice
3018 2709 3244 2778 corripit
3268 2708 3549 2773 delictum,

1963 2814 2118 2854 suum
2162 2799 2338 2854 inanis
2386 2808 2644 2869 tanquam
2681 2814 2873 2853 aurum
2910 2799 3212 2854 abscondat
3238 2806 3545 2868 peceatum.
3595 2870 3598 2873 Α

1962 2889 2097 2944 Nam
2138 2899 2268 2945 sunt
2297 2890 2538 2945 nonnulli
2565 2891 2657 2960 qui
2696 2890 2927 2945 aliorum
2952 2903 3170 2958 semper
3191 2895 3321 2943 ante
3363 2889 3555 2944 oculos

1963 2984 2167 3038 habent
2195 2990 2399 3047 errata,
2425 2997 2520 3036 sua
2574 2990 2754 3039 autem
2798 2996 2898 3052 pro
2941 2979 3113 3035 nihilo
3141 2979 3369 3044 ducunt,
3401 2985 3459 3033 et
3490 2978 3551 3032 in

1962 3073 2287 3128 oblivionem
2335 3078 2559 3141 ponunt,
2606 3079 2662 3127 et
2692 3079 2819 3140 post
2854 3071 3076 3126 dorsum
3121 3067 3419 3140 projiciunt
3452 3068 3549 3124 des

1887 3144 1932 3205 (ἶ
1963 3164 2116 3219 licta.
2159 3164 2243 3217 De
2281 3162 2480 3232 quibus
2504 3170 2561 3217 et
2587 3169 2777 3232 aperte
2799 3161 3044 3229 sequitur
3071 3177 3086 3214 :

2032 3252 2101 3307 Et
2128 3253 2219 3323 qui
2256 3253 2309 3306 in
2333 3253 2517 3323 fratris
2546 3252 2625 3305 tui
2646 3250 2800 3305 oculo
2825 3251 3082 3321 festucam
3102 3248 3334 3313 uidebas,
3353 3247 3410 3302 in
3449 3256 3541 3302 tuo

1960 3345 2160 3400 trabem
2174 3360 2280 3399 non
2295 3345 2470 3399 vidisti
2483 3343 2823 3416 (Mantum).
2843 3345 2900 3398 In
2918 3343 3104 3398 fratris
3118 3343 3202 3399 sui
3217 3342 3377 3398 oculo
3388 3340 3551 3398 festu-

1960 3450 2080 3490 cam
2103 3436 2273 3490 abbas
2292 3436 2460 3499 videt,
2475 3435 2573 3490 sed
2595 3435 2650 3487 in
2674 3449 2774 3488 suo
2797 3434 3008 3488 trabem
3031 3448 3139 3488 non
3153 3433 3316 3496 videt,
3332 3431 3549 3502 quando

1959 3525 2045 3579 vel
2066 3524 2325 3579 minimas
2354 3522 2721 3591 subiectorum
2759 3538 2983 3578 suorum
3010 3523 3203 3592 culpas
3240 3521 3456 3591 publice
3491 3528 3550 3575 et

1958 3615 2337 3685 exaggerando
2355 3615 2588 3684 iudicat,
2604 3622 2661 3669 et
2677 3630 2775 3669 sua
2800 3613 3009 3683 majora
3032 3613 3429 3683 parvipendens
3454 3626 3549 3667 oc-

1959 3705 2152 3771 cultat,
2170 3712 2226 3760 et
2239 3704 2533 3760 emendare
2551 3704 2876 3760 dissimulat.
2909 3702 2968 3758 In
2997 3703 3183 3759 fratris
3204 3702 3360 3758 oculo
3379 3701 3549 3758 festu—

1958 3811 2079 3852 cam
2104 3795 2272 3863 videt,
2318 3797 2537 3867 quando
2566 3797 2625 3851 in
2649 3796 2816 3852 corde
2849 3795 3072 3851 alterius
3111 3794 3424 3857 iracundiae,
3458 3793 3543 3862 pi-

1960 3888 2155 3958 gritize,
2179 3887 2575 3953 somnolentiae,
2611 3897 2668 3943 et
2692 3896 3015 3943 cancrorum
3073 3885 3261 3942 talium
3288 3884 3548 3941 vitiorum

1958 3991 2080 4032 esse
2109 3977 2300 4032 vitium
2330 3977 2712 4046 reprehendit;
2745 3977 2800 4031 in
2843 3992 2943 4031 suo
2965 3975 3175 4046 trabem
3211 3989 3321 4028 non
3367 3972 3547 4038 videt,

1960 4069 2174 4137 quando
2207 4068 2340 4133 odii,
2379 4067 2683 4134 ebrietatis,
2720 4066 3018 4136 superbiae,
3068 4072 3124 4120 et
3152 4064 3412 4120 similium
3462 4068 3546 4117 ta—

1960 4158 2091 4213 lium
2121 4158 2328 4213 crimen
2356 4156 2525 4212 abbas
2554 4158 2762 4213 habens
2786 4158 2843 4211 in
2876 4154 3042 4211 corde
3093 4154 3297 4233 habere
3334 4168 3395 4209 se
3442 4152 3552 4208 mi-

1958 4249 2104 4303 nime
2140 4248 2498 4317 recognoscit,
2526 4246 2745 4317 quando
2796 4248 2852 4302 in
2889 4245 3122 4300 aliorum
3168 4244 3428 4300 cordibus
3462 4243 3548 4300 le-

1959 4338 2070 4404 via,
2098 4353 2221 4408 quae
2251 4337 2585 4408 increpanda
2615 4344 2764 4402 sunt,
2800 4335 2976 4392 cernit
3008 4343 3069 4389 et
3095 4333 3308 4404 arguit,
3337 4341 3396 4388 et
3420 4348 3548 4403 qua:

1960 4425 2017 4481 in
2040 4426 2203 4482 corde
2231 4440 2330 4481 suo
2352 4432 2480 4482 sunt
2504 4425 2713 4496 gravia,
2746 4439 2848 4480 nec
2873 4423 3041 4491 videt,
3067 4436 3171 4479 nec
3189 4421 3432 4491 corrigit.

2034 4540 2158 4595 Non
2183 4539 2247 4593 ab
2274 4554 2331 4594 eo
2354 4552 2578 4609 persona
2605 4537 2661 4592 in
2695 4536 3014 4592 monasterio
3037 4534 3387 4589 discernatur.
3413 4531 3539 4586 Non

1957 4633 2102 4688 enim
2125 4646 2466 4702 personarum
2495 4638 2737 4700 acceptor
2769 4640 2843 4684 est
2875 4628 3014 4683 Deus
3059 4626 3197 4699 (Act.
3229 4626 3286 4697 ι)
3306 4666 3321 4691 ,
3351 4624 3445 4680 sed
3480 4625 3539 4679 in

1959 4723 2107 4779 omni
2126 4728 2289 4792 gente
2308 4721 2364 4775 in
2395 4720 2482 4776 bis
2510 4716 2601 4789 qui
2629 4719 2822 4773 timent
2852 4732 2999 4783 eum,
3026 4723 3308 4785 acceptum
3333 4722 3418 4770 est
3437 4714 3535 4769 illi.

1958 4814 2028 4869 Et
2046 4813 2169 4869 ideo
2191 4813 2260 4869 ab
2285 4810 2480 4867 abbate
2506 4810 2563 4865 in
2592 4808 2924 4864 monasterio
2940 4820 3171 4877 persona
3200 4819 3308 4861 non
3336 4805 3544 4861 discer-

1958 4912 2135 4968 natur,
2183 4919 2285 4959 nec
2328 4902 2654 4971 accipiatur;
2704 4899 2832 4969 quia
2867 4913 2899 4952 a
2929 4898 3040 4952 Deo
3068 4911 3171 4952 nec
3210 4896 3546 4952 discernitur

1956 5012 2188 5066 persona
2218 4995 2475 5058 hominis,
2502 5008 2605 5050 nec
2647 4990 2931 5060 accipitur,
2971 4991 3069 5045 sed
3115 4996 3325 5044 tantum
3369 5002 3537 5059 opera

1954 5085 2096 5140 bona
2146 5094 2202 5139 et
2236 5085 2451 5153 accipit,
2501 5090 2553 5137 et
2606 5082 2886 5150 approbat.
2945 5078 3182 5148 Accipere
3225 5080 3365 5132 enim
3411 5093 3507 5148 per

1952 5190 2138 5230 sonam
2165 5176 2219 5229 in
2238 5175 2444 5245 judicio
2471 5189 2578 5227 non
2602 5183 2677 5226 est
2696 5169 3054 5235 bonum,dieit
3074 5167 3328 5223 Salomon
3344 5166 3532 5240 (Prov.

1954 5265 2132 5337 xvm).
2184 5265 2252 5319 Et
2303 5266 2357 5319 in
2402 5256 2643 5320 Levitico
2692 5264 2953 5333 scriptum
3006 5270 3088 5317 est
3137 5279 3151 5316 :
3201 5261 3326 5316 Non
3371 5261 3537 5330 facies

1956 5356 2096 5426 quod
2127 5356 2364 5425 iniquum
2390 5362 2489 5419 est,
2518 5370 2608 5407 nec
2637 5353 2834 5424 injuste
2846 5352 3138 5422 judicabi's,
3173 5369 3267 5406 nec
3293 5350 3532 5403 conside-

1958 5464 2039 5501 res
2067 5463 2343 5517 personam
2369 5447 2615 5516 pauperis
2634 5486 2647 5507 ,
2690 5460 2781 5498 nec
2804 5445 3028 5499 honores
3060 5442 3259 5497 cultum
3282 5439 3530 5511 potentis.

1955 5535 2107 5590 Iuste
2124 5533 2396 5604 judicabis
2439 5536 2681 5603 proximo
2718 5543 2805 5589 tuo
2837 5534 3023 5604 (Leuit.
3056 5532 3192 5602 xu).
3236 5530 3536 5599 Postquam

1953 5642 2084 5681 vero
2135 5624 2203 5678 ad
2255 5626 2612 5680 monachatus
2660 5626 2727 5678 de
2760 5624 2962 5678 saeculo
2998 5622 3120 5690 quis
3166 5621 3380 5676 venerit
3425 5620 3527 5676 ha-

1951 5718 2150 5784 bitum,
2200 5715 2315 5771 sive
2351 5715 2488 5771 liber
2513 5714 2707 5771 fuisset
2748 5721 2937 5780 antea,
2983 5711 3099 5768 sive
3135 5726 3357 5782 servus,
3405 5713 3527 5773 sive
