3960 6206
400 317 497 376 735

1675 308 1957 368 SHARAG
1967 306 2031 363 DI
2072 299 2358 359 ABBATIS

3569 297 3690 351 776

394 447 620 504 pauper,
665 432 779 487 sive
809 428 977 492 dives,
1011 427 1123 482 sive
1160 427 1377 491 nobilis,
1410 427 1522 481 sive
1553 425 1827 496 ignobilis,
1868 436 1977 474 non
2008 425 2056 480 Λ
2086 417 2312 471 Domino
2349 410 2952 483 inqualiterbajulamus
2982 429 2995 464 :
3029 411 3154 480 quia
3196 409 3445 480 quamvis
3489 426 3687 479 mqua—

395 531 481 576 est
524 522 593 575 ab
634 520 828 572 ahha‘e
869 516 1284 570 discernendum
1314 554 1327 576 ,
1387 515 1482 568 sed
1532 524 1980 581 unumquemque

397 611 689 666 sccumlum
726 609 852 663 vitae
876 621 986 661 suae
1025 608 1182 661 debet
1214 606 1295 659 vel
1327 607 1618 680 castigare.
1658 606 1744 659 vel
1793 616 1983 655 amare

400 701 677 755 meritum.

472 788 592 842 Non
639 805 775 842 unus
802 787 920 858 plus
958 797 1161 839 ametur
1204 802 1365 857 quam
1415 784 1576 848 alius,
1618 784 1716 838 nisi
1748 793 1903 853 quem
1928 783 1985 835 in

398 880 545 933 bonis
598 880 800 933 actibus
859 887 951 931 aut
1010 876 1307 930 obedientia
1371 875 1623 929 invenerit
1689 872 1981 926 meliorem.

399 971 591 1026 Merito
640 971 707 1024 ab
738 970 932 1024 abbate
967 984 1064 1023 suo
1094 969 1390 1021 monachus
1436 966 1647 1021 ceteris
1674 964 1794 1035 plus
1836 976 1988 1029 ama-

401 1069 504 1124 tur,
537 1061 629 1130 qui
655 1061 707 1113 in
738 1060 894 1113 bonis
920 1059 1131 1113 actibus
1160 1066 1215 1111 et
1247 1057 1554 1111 obelientia
1599 1056 1791 1109 melior
1821 1061 1985 1107 exnte-

400 1149 476 1203 ris
506 1147 802 1202 invenitur.
829 1145 983 1200 Justc
1008 1145 1211 1199 etenim
1262 1145 1351 1198 ille
1381 1145 1450 1198 ab
1496 1144 1714 1197 homine
1741 1141 1990 1212 diligitur

402 1238 587 1302 homo,
618 1237 709 1306 qui
758 1237 917 1291 bouis
942 1235 1201 1304 operibus
1243 1242 1298 1289 et
1325 1243 1514 1288 sancta
1553 1233 1862 1288 obedientia
1892 1231 1991 1285 ho-

401 1337 626 1382 noratur
660 1343 691 1382 a
732 1328 863 1383 Deo.
896 1326 1132 1383 Necesse
1156 1335 1259 1389 est,
1294 1327 1549 1395 inquam,
1581 1334 1642 1379 ut
1677 1339 1863 1378 amore
1893 1322 1989 1376 tali

402 1417 664 1490 diligatur
685 1420 864 1483 homo,
907 1419 999 1488 qui
1030 1420 1097 1473 ab
1129 1418 1422 1471 immortali
1449 1416 1691 1486 diligitur
1724 1416 1853 1468 Deo.
1883 1414 1989 1467 Pro

402 1513 546 1567 enim
590 1513 685 1567 Dei
718 1525 904 1565 amore
964 1525 1024 1565 se
1061 1510 1184 1563 talis
1234 1509 1532 1562 monachus
1578 1522 1690 1575 pra:
1739 1506 1992 1560 omnibus

402 1604 723 1658 obedientiie.
777 1602 990 1667 subdit,
1047 1609 1103 1654 et
1161 1600 1214 1653 in
1273 1600 1428 1653 bonis
1468 1599 1721 1653 omnibus
1778 1597 1991 1651 actibus

403 1703 652 1757 exercet;
713 1699 770 1746 et
810 1692 932 1746 ideo
974 1690 1043 1743 ab
1085 1690 1282 1743 abbate
1331 1702 1444 1760 prae
1489 1687 1739 1742 omnibus
1793 1683 1992 1739 merito

403 1779 647 1849 diligitur
685 1788 741 1834 et
780 1786 1011 1832 amatur.

477 1869 601 1923 Non
632 1870 947 1924 convertenti
984 1885 1050 1922 ex
1078 1868 1289 1937 servitio
1330 1876 1671 1937 prteponatur
1706 1866 1986 1935 ingenuus,

404 1962 507 2015 nisi
530 1960 639 2014 alia
670 1960 997 2015 rationabilis
1021 1976 1181 2012 causa
1209 1960 1431 2012 existat:
1451 1955 1605 2022 Quod
1626 1956 1671 2010 si
1690 1955 1764 2009 ita
1777 1955 1991 2025 justitia

403 2050 635 2104 dictante
659 2048 844 2103 abbate
877 2050 1045 2103 visum
1072 2045 1264 2119 fuerit,
1287 2057 1335 2102 et
1382 2047 1447 2101 de
1482 2046 1761 2116 cujuslibet
1803 2045 1985 2098 ordine

404 2140 459 2194 id
489 2140 671 2209 faciat.
702 2137 795 2192 Sin
818 2139 976 2204 alias,
994 2140 1210 2208 propria
1236 2146 1449 2191 teneant
1470 2136 1606 2190 loca.
1633 2136 1784 2203 Quod
1807 2143 1989 2189 autem

406 2229 557 2293 dicit,
587 2244 693 2282 non
722 2238 1067 2298 pneponatur
1095 2228 1362 2296 ingenuus
1408 2240 1600 2288 servo,
1636 2223 1997 2293 subintelligie

408 2326 516 2382 tur,
550 2317 606 2370 in
646 2318 858 2382 ordine,
889 2317 973 2371 vel
1014 2317 1334 2371 ministerio.
1369 2316 1485 2370 Non
1530 2322 1841 2384 propterea,
1867 2313 1994 2383 quia

415 2411 683 2481 ingenuus
709 2418 812 2479 est,
844 2417 937 2462 aut
967 2410 1302 2479 superiorem
1331 2408 1538 2463 ordinis
1585 2412 1768 2461 teneat
1792 2405 1993 2471 locum,

408 2501 820 2570 autpraepositi,
858 2500 940 2554 vel
975 2500 1162 2555 decani
1215 2508 1395 2554 teneat
1436 2499 1835 2562 ministerium,
1886 2496 1998 2575 nisi

410 2592 517 2646 alia
565 2590 902 2645 rationabilis
951 2605 1115 2645 causa
1166 2591 1387 2645 existat.
1450 2588 1811 2643 llationabilis
1852 2589 1998 2642 enim

411 2696 577 2735 causa
604 2689 689 2735 est
716 2692 775 2733 ιιι
809 2680 881 2747 is,
910 2680 1003 2749 qui
1032 2680 1086 2734 in
1134 2679 1374 2734 Ecclesia
1406 2678 1601 2732 melius
1639 2684 1823 2747 potest
1863 2692 1997 2732 can-

419 2779 537 2824 tare
562 2777 617 2823 et
641 2768 840 2839 legere,
868 2769 953 2824 vel
999 2783 1160 2823 omne
1191 2766 1424 2823 cilicium
1452 2766 1697 2837 implere,
1743 2765 1839 2819 tali
1869 2780 2000 2821 con-

412 2875 546 2931 gruo
571 2860 938 2915 constituatur
965 2858 1105 2923 loco,
1132 2863 1195 2913 ιιί
1213 2859 1375 2928 digne
1409 2858 1583 2927 possit
1602 2856 1742 2910 illud
1773 2855 2000 2925 implere

412 2950 670 3006 cilicium.
702 2950 773 3004 Et
799 2951 844 3005 si
874 2951 949 3004 ita
991 2957 1078 3004 est
1108 2948 1462 3018 intelligentia
1504 2945 1760 3000 rationali
1804 2944 2001 3015 praedi-

415 3052 525 3108 tus,
554 3052 609 3097 et
643 3044 830 3107 verbo,
860 3050 916 3097 et
943 3042 1199 3111 cperibus
1225 3040 1488 3103 eruditus,
1526 3046 1586 3092 ιιι
1610 3038 1847 3092 decanos
1875 3050 2002 3106 pos-

2086 508 2209 560 liter
2265 522 2371 559 non
2419 519 2681 567 vvamus,
2720 501 2908 573 jugum
2948 502 3164 556 Domini
3216 517 3384 556 suave
3422 509 3477 555 et
3530 516 3694 555 onus

2083 599 2200 666 ejus
2243 596 2359 650 leve
2388 595 2441 648 in
2490 592 2719 663 regulari
2755 593 2868 646 vita
2897 592 3155 661 degentes
3209 592 3493 660 :equaliter
3543 608 3689 661 pro-

2086 690 2333 744 misimus
2388 696 2445 743 et
2486 687 2831 742 sustinemus.
2883 684 3013 751 Qum
3062 684 3327 755 regularis
3368 684 3492 744 vita.
3543 698 3691 751 quas

2085 780 2174 834 hic
2196 786 2422 833 vocatur
2464 776 2679 839 militia,
2708 775 2777 830 ab
2799 774 3051 828 omnibus
3076 770 3360 827 monachis
3384 775 3691 841 mqualiter

2085 879 2171 925 est
2200 869 2451 932 tenenda,
2467 877 2522 923 et
2545 882 2645 921 nec
2666 882 2695 920 a
2718 865 2912 927 servis,
2941 879 3087 919 neea
3110 864 3315 929 liberis,
3333 880 3432 919 nec
3457 880 3485 917 a
3510 864 3683 932 prio-

2089 961 2256 1022 ribus,
2295 974 2394 1012 nce
2420 975 2448 1012 a
2487 957 2788 1011 minoribus
2834 954 3123 1022 aliquando
3154 953 3384 1008 licenter
3410 963 3492 1008 est
3536 954 3681 1007 vio-

2087 1049 2266 1102 landa.
2290 1047 2357 1101 Et
2376 1049 2421 1101 si
2440 1059 2659 1116 propter
2684 1044 3031 1115 fragilitatem
3058 1045 3352 1098 humanam
3364 1046 3432 1097 ah
3452 1060 3516 1099 ea
3539 1060 3689 1099 con-

2089 1138 2272 1206 tigerit
2302 1136 2527 1200 deviari,
2561 1150 2590 1189 a
2621 1150 2892 1204 quoquam
2923 1149 3030 1188 una
3080 1135 3396 1188 emendetur
3442 1150 3693 1189 necesse

2089 1235 2173 1280 est
2196 1224 2535 1293 paenitentia,
2552 1231 2609 1277 et
2633 1238 2736 1276 una
2762 1221 3079 1277 teneaturin
3095 1222 3344 1276 omnibus
3363 1222 3689 1292 disciplina.

2093 1316 2246 1371 Unde
2274 1323 2329 1369 et
2352 1325 2542 1383 aperte
2568 1315 2839 1382 sequitur.

2166 1406 2303 1472 Quia
2358 1423 2462 1459 non
2517 1414 2591 1459 est
2638 1420 2984 1475 personarum
3044 1404 3276 1474 acceptio
3320 1406 3458 1474 apud
3503 1404 3698 1459 Deum

2096 1498 2249 1570 (Act.
2278 1498 2361 1568 χ).
2379 1497 2487 1551 Nos
2515 1512 2778 1566 personas
2803 1498 3133 1567 accipientes
3156 1498 3526 1561 discernimus,
3543 1502 3696 1569 quia

2093 1591 2374 1646 venientes
2404 1591 2457 1643 in
2481 1591 2585 1645 hoc
2616 1590 2871 1647 smculum
2911 1590 3176 1645 discretas
3204 1605 3302 1644 eas
3349 1591 3695 1647 invenimus.

2094 1681 2238 1737 Deus
2265 1690 2445 1736 autem
2477 1683 2568 1751 qui
2597 1683 2883 1737 universos
2900 1682 2956 1736 in
2981 1682 3134 1736 initio
3163 1682 3228 1736 de
3245 1698 3353 1736 uno
3373 1683 3591 1737 homine
3623 1693 3704 1737 et

2012 1770 2060 1829 B
2089 1787 2193 1826 una
2223 1773 2537 1829 conditione
2581 1774 2812 1836 creavit,
2858 1786 3123 1842 personas
3171 1788 3272 1826 nec
3309 1773 3538 1842 accipit,
3573 1790 3705 1829 nec

2092 1863 2378 1929 discernit,
2427 1864 2523 1918 sed
2571 1878 3011 1933 unumquemque
3039 1864 3336 1918 secundum
3371 1878 3535 1932 opera
3578 1880 3699 1918 sua

2091 1952 2178 2006 vel
2201 1953 2440 2020 damnat,
2474 1954 2865 2023 veljustilicat.
2914 1954 3147 2023 lnjustos
3178 1964 3359 2010 autem
3401 1954 3571 2023 jusfe,
3620 1964 3703 2012 et

2096 2041 2290 2096 merito
2318 2043 2558 2101 damnat.
2603 2042 2788 2099 Justos
2828 2060 2959 2099 vero
2987 2045 3517 2110 misericorditer,'et
3554 2063 3705 2118 gra-

2096 2130 2233 2207 tuito
2246 2131 2528 2200 justilicat.
2574 2131 2719 2199 Quos
2751 2134 2803 2187 in
2833 2134 3016 2209 pravis
3044 2133 3303 2203 operibus
3331 2137 3563 2204 superbe
3590 2138 3696 2190 vi-

2096 2229 2286 2277 ventes
2325 2222 2529 2277 invenit
2552 2262 2567 2284 .
2623 2224 2891 2289 humiliat,
2923 2231 2979 2278 et
3010 2225 3352 2278 condemnat.
3396 2225 3544 2291 Quos
3583 2242 3706 2280 au-

2097 2321 2204 2368 tem
2235 2314 2289 2368 in
2314 2313 2470 2369 bonis
2509 2315 2721 2369 actibus
2763 2314 3040 2369 humiliter
3067 2315 3310 2369 viventes
3340 2314 3565 2380 invenit,
3598 2333 3703 2371 re-

2097 2390 2370 2469 munerat,
2400 2404 2622 2458 exultat.
2662 2404 2816 2459 Unde
2847 2412 2902 2459 et
2925 2386 3019 2459 hic
3051 2404 3332 2473 sequitur:

2173 2492 2515 2548 Solummodo
2541 2494 2598 2548 in
2640 2494 2740 2547 hac
2780 2503 2930 2561 parte
2950 2494 3090 2563 apud
3115 2494 3284 2564 ipsum
3310 2493 3705 2560 discernimur,

2097 2584 2143 2639 si
2188 2583 2429 2638 meliores
2461 2583 2582 2639 aliis
2617 2585 2671 2638 in
2710 2584 2952 2656 operibus
2996 2583 3143 2638 bonis
3190 2594 3238 2639 et
3278 2582 3497 2638 humiles
3544 2591 3707 2637 inve-

2099 2680 2330 2732 niamur.
2364 2676 2420 2730 ln
2448 2677 2535 2731 his
2580 2676 2789 2731 duabus
2817 2677 2977 2730 rebus
3018 2690 3234 2744 semper
3254 2674 3369 2729 elec
3394 2675 3411 2728 i
3438 2689 3471 2727 a
3495 2689 3707 2742 repro-

2100 2769 2189 2823 bis
2241 2769 2642 2833 discernuntur,
2700 2769 2750 2822 i-l
2804 2775 2924 2831 cst,
2970 2767 3025 2820 in
3067 2781 3195 2820 vera
3238 2765 3418 2820 cordis
3463 2764 3705 2819 humili-

2102 2866 2233 2924 tate,
2263 2867 2322 2914 et
2363 2859 2492 2914 boni
2527 2858 2707 2927 operis
2740 2858 2972 2911 actione.
3016 2855 3224 2925 Capitis
3242 2855 3386 2910 enim
3415 2862 3470 2909 et
3494 2869 3711 2922 corpo-

2102 2947 2196 3008 ris.
2227 2946 2282 3003 id
2308 2954 2413 3013 est,
2460 2945 2663 3002 Christi
2687 2953 2745 3002 et
2776 2944 3034 3000 Ecclesia:
3055 2959 3158 2998 vox
3197 2951 3284 2999 est
3324 2944 3378 2996 in
3422 2942 3649 2997 Psalmo
3682 2961 3701 2996 :

2100 3034 2299 3091 Indica
2331 3051 2430 3099 me,
2466 3034 2626 3099 Deus,
2654 3044 2701 3090 et
2736 3035 2970 3089 discerne
2995 3051 3213 3088 causam
3241 3049 3410 3087 meam
3442 3032 3505 3085 de
3534 3043 3705 3100 gente

416 3133 489 3185 sit
511 3145 657 3193 esse,
683 3129 770 3184 vel
799 3129 1140 3198 prtepositus,
1175 3127 1311 3181 nihil
1338 3126 1413 3180 illi
1437 3128 1523 3181 vel
1552 3125 1862 3195 ingenuitas
1883 3124 1998 3179 oﬂl-
2026 3124 2072 3187 C
2104 3141 2209 3178 non
2237 3134 2420 3179 sancta
2460 3122 2633 3197 (Psal.
2660 3125 2815 3192 XLII).
2842 3123 2959 3179 Non
2979 3139 3109 3195 ergo
3137 3123 3393 3179 discernit
3423 3122 3707 3181 Dominus

417 3223 548 3286 ciat,
579 3221 665 3276 vel
708 3221 962 3275 servitus.
990 3218 1101 3274 Sed
1126 3218 1173 3272 si
1204 3217 1544 3272 rationabilis
1592 3217 1763 3286 exigit
1811 3231 2001 3281 causa,

417 3319 477 3366 et
505 3311 560 3364 in
587 3310 778 3365 ordine
817 3309 1184 3365 constituatur
1210 3307 1479 3377 superior,
1508 3314 1564 3361 et
1591 3307 1646 3360 in
1672 3308 2006 3362 monasterio

417 3402 587 3473 prior.
620 3400 746 3455 llzec
773 3407 951 3453 autem
983 3413 1090 3452 non
1117 3405 1326 3452 tantum
1354 3398 1421 3452 de
1467 3396 1728 3465 ingenuili
1756 3395 1842 3450 vel
1885 3410 2006 3450 ser-

419 3494 511 3548 vili
540 3492 731 3548 ordine
760 3489 1066 3545 faciendum
1109 3497 1215 3555 est,
1241 3489 1336 3545 sed
1370 3490 1438 3544 de
1479 3486 1767 3555 cujuslibet
1791 3487 2005 3552 ordine,

420 3583 474 3638 id
497 3592 602 3649 est,
626 3583 744 3638 sive
772 3582 839 3637 de
870 3580 1066 3650 priori,
1097 3581 1212 3636 sive
1237 3582 1305 3634 de
1331 3579 1556 3643 minori,
1586 3579 1701 3632 sive
1728 3577 1796 3632 de
1822 3592 2010 3633 sacer-

421 3674 612 3739 dotali,
641 3674 758 3728 sive
787 3674 854 3727 de
884 3672 1194 3737 levitarum,
1224 3670 1312 3725 vel
1340 3670 1677 3738 reliquorum
1722 3668 1916 3723 ordine
1954 3668 2007 3723 id

424 3766 608 3821 faciat.
625 3764 721 3819 Sin
747 3771 926 3817 autem
950 3763 1168 3832 propria
1192 3770 1409 3816 teneant
1431 3761 1637 3824 loca,id
1663 3769 1767 3825 est,
1783 3768 2009 3829 propter

422 3856 681 3926 potentia:
708 3854 790 3908 vel
816 3852 1169 3924 ingenuitatis
1200 3852 1515 3922 dignitatem
1553 3852 1694 3905 alter
1720 3867 1827 3905 non
1871 3866 2010 3920 prm-

424 3959 660 4023 ponatur
684 3950 866 4013 alteri,
897 3949 993 4003 sed
1021 3947 1394 4017 unusquisque
1432 3947 1488 4000 in
1523 3961 1632 4016 quo
1657 3946 1864 4001 ordinis
1892 3945 2008 4000 loco

424 4042 591 4105 venit,
622 4042 675 4094 in
706 4041 825 4109 ipso
853 4044 1196 4108 permaneat.

501 4132 639 4197 Quia
661 4132 767 4185 sive
791 4145 988 4195 semis,
1017 4130 1122 4183 sive
1147 4128 1297 4195 liber,
1320 4145 1498 4183 omnes
1523 4128 1580 4183 in
1614 4128 1822 4182 Christo
1847 4143 2007 4181 unum
2032 4118 2038 4132 ’

426 4236 629 4275 sumus.
666 4217 868 4274 Omnes
921 4218 977 4272 in
1021 4216 1240 4272 Christo
1281 4233 1449 4272 unum
1493 4231 1699 4279 sumus,
1745 4216 1906 4279 dicit,
1954 4216 2008 4270 id

428 4319 513 4365 est
534 4324 698 4363 unum
721 4323 921 4377 corpus
945 4306 1172 4362 Christi.
1199 4306 1293 4362 Sic
1326 4308 1472 4362 enim
1505 4307 1613 4361 alio
1644 4305 1764 4361 loco
1810 4305 2008 4360 Paulus

430 4399 706 4470 apostolus
733 4399 851 4452 ait:
884 4397 953 4453 In
990 4413 1095 4452 uno
1122 4398 1312 4462 spiritu
1341 4411 1520 4451 omnes
1556 4413 1679 4463 nos,
1718 4406 1766 4450 et
1809 4398 1865 4450 in
1902 4412 2006 4450 uno

2109 3230 2141 3269 a
2166 3215 2416 3285 personis
2437 3230 2717 3285 personas,
2746 3215 2800 3271 id
2840 3222 2945 3280 est,
2986 3230 3018 3269 a
3044 3214 3215 3270 servis
3239 3214 3536 3283 ingenuos,
3582 3214 3697 3268 sed

2106 3304 2177 3359 ab
2198 3304 2455 3374 operibus
2478 3305 2737 3365 discernit
2762 3319 2948 3374 opera,
2988 3312 3044 3359 et
3081 3319 3111 3357 a
3141 3304 3351 3358 meritis
3374 3302 3588 3366 merita,
3631 3312 3709 3358 ut

2105 3395 2400 3464 unicuique
2455 3396 2751 3450 secundum
2788 3395 2993 3465 proprii
3027 3395 3228 3450 laboris
3279 3408 3448 3462 opera
3484 3392 3704 3446 tribuat

2105 3494 2161 3540 et
2193 3487 2436 3556 premis.
2463 3485 2599 3540 Nam
2642 3494 2698 3540 et
2736 3485 2876 3551 illos,
2904 3501 3040 3555 quos
3071 3486 3123 3538 in
3157 3485 3312 3540 bonis
3336 3482 3591 3552 operibus
3636 3491 3706 3537 et

2107 3575 2371 3630 virtutum
2400 3576 2609 3631 meritis
2637 3576 2906 3631 invenerit
2926 3576 3197 3640 meliores,
3230 3584 3286 3630 et
3307 3575 3540 3644 puritate
3565 3589 3705 3628 eor-

2106 3664 2192 3720 dis
2217 3666 2430 3721 cmteris
2452 3667 2787 3731 humiliores,
2827 3682 2951 3721 cum
2973 3666 3319 3736 praemiorum
3362 3666 3705 3722 discretione

2108 3769 2376 3826 congruas
2435 3755 2491 3808 in
2559 3770 2727 3825 regno
2782 3754 3042 3809 cwlorum
3097 3755 3297 3809 tribuet
3358 3753 3700 3808 mansiones.

2109 3844 2283 3911 Quam
2310 3845 2570 3899 virtutum
2607 3843 2846 3898 omnium
2875 3851 3104 3898 matrem
3151 3843 3206 3897 in
3235 3844 3486 3897 omnibus
3527 3844 3703 3900 abbas

2111 3943 2295 3990 tenere
2316 3936 2478 3990 debet
2502 3936 2909 3998 discretionem,
2935 3943 2992 3990 et
3008 3950 3110 3989 non
3133 3950 3395 4004 personas
3416 3936 3705 3990 discerne-

2111 4041 2201 4091 re,
2238 4025 2334 4080 sed
2361 4025 2785 4095 uniuscujusque
2821 4026 3015 4096 merito
3048 4028 3373 4095 approbare,
3401 4035 3459 4081 et
3502 4042 3705 4082 omnes

2108 4117 2405 4172 secundum
2453 4118 2644 4170 merita
2693 4131 2920 4185 operum
2968 4117 3183 4171 sincero
3236 4102 3399 4171 corde
3441 4115 3698 4186 diligere.

2110 4206 2266 4262 Unde
2291 4215 2347 4261 et
2370 4208 2620 4277 sequitur
2648 4224 2660 4261 :

2184 4296 2323 4367 Ergo
2352 4297 2568 4366 (equalis
2600 4298 2668 4350 sit
2691 4297 2755 4351 ab
2784 4314 2844 4352 ea
2871 4296 3111 4350 omnibus
3137 4288 3406 4360 Charitas;
3428 4314 3536 4349 una
3560 4312 3705 4365 prir-

2111 4386 2295 4441 bentur
2324 4388 2378 4440 in
2408 4386 2647 4440 omnibus
2672 4426 2689 4452 ,
2726 4387 3012 4442 secundant
3046 4387 3258 4451 merita,
3293 4386 3600 4455 disciplina.
3636 4386 3703 4440 In

430 4464 646 4559 corpore
691 4489 942 4559 baptizati
969 4503 1175 4552 sumus,
1226 4488 1332 4542 sive
1367 4486 1547 4541 Juda'i
1563 4527 1577 4553 ,
1624 4488 1731 4541 sive
1766 4485 2004 4557 gentiles,
2034 4464 2087 4522 Ῑ)
2112 4476 2216 4532 hoc
2245 4477 2389 4532 Θηὶιῐι
2412 4478 2635 4547 aequalis
2659 4478 2816 4533 debet
2835 4492 2956 4533 esse
2978 4479 3045 4540 ab
3069 4478 3266 4533 abbate
3296 4476 3551 4533 omnibus
3570 4478 3708 4533 cha-

432 4580 537 4633 sive
568 4579 721 4641 servi,
745 4579 846 4631 sive
868 4577 1040 4631 liberi.
1073 4586 1123 4631 et
1167 4593 1345 4630 omnes
1386 4578 1444 4631 in
1474 4594 1576 4630 uno
1607 4578 1798 4647 spiritu
1846 4578 2012 4645 patati

435 4686 617 4724 sumus
683 4669 933 4743 (Ephes.”‘
986 4666 1313 4736 'Iv,b,16;l
1356 4667 1479 4722 Cor.
1517 4682 1625 4731 xu;
1675 4666 1702 4719 Ι
1739 4666 1875 4720 Tim.
1924 4664 2009 4736 ιι).

439 4761 582 4814 Deus
609 4766 788 4814 autem
818 4758 913 4813 Dei
934 4756 1125 4823 Filius,
1141 4756 1234 4826 qui
1256 4757 1502 4812 homines
1526 4756 1642 4811 vult
1666 4755 1842 4810 salvos
1871 4755 2010 4821 ﬁeri,

435 4859 495 4906 et
519 4850 588 4905 ad
613 4850 942 4919 agnitionem
968 4849 1209 4904 veritatis
1228 4849 1525 4918 perducere
1548 4862 1771 4903 omnem
1798 4862 2011 4913 sexum,

437 4954 654 4994 omnem
683 4945 925 5001 atatem,
958 4952 1175 4993 omnem
1223 4936 1617 5001 conditionem,
1667 4935 1734 4989 de
1760 4935 2013 4990 universo

441 5043 639 5098 genere
664 5029 899 5084 humano
950 5028 1200 5090 redemit,
1234 5034 1289 5081 et
1313 5042 1380 5081 ex
1409 5025 1515 5079 illis
1539 5024 1752 5094 corpori
1777 5038 1875 5078 suo
1906 5024 2016 5079 cle-

438 5130 653 5177 ctorum
676 5136 900 5176 numero
925 5121 1172 5187 sociavit,
1202 5131 1257 5176 et
1283 5121 1403 5175 ideo
1427 5121 1481 5175 in
1502 5118 1740 5184 Christo,
1757 5119 1871 5175 sive
1898 5134 2015 5175 ser-

438 5212 523 5276 vi,
564 5212 679 5267 sive
704 5210 861 5266 liberi
889 5226 1078 5266 omnes
1107 5226 1272 5265 unum
1304 5225 1508 5264 sumus.

512 5303 582 5358 Et
615 5302 711 5358 sub
758 5319 871 5355 uno
908 5301 1132 5354 Domino
1178 5300 1435 5371 (aqualem
1479 5301 1744 5353 servitutis
1776 5298 2018 5353 militiam

442 5392 763 5466 bajulamus.
793 5390 1065 5445 Bonorum
1092 5389 1234 5442 enim
1266 5388 1656 5442 monachorum
1680 5386 1733 5440 in
1757 5387 1860 5440 hoc
1882 5400 2020 5455 prte-

442 5484 583 5540 senti
612 5482 811 5538 sascnlo
846 5481 956 5534 vita
980 5478 1034 5532 in
1064 5477 1264 5532 Christi
1289 5484 1374 5532 est
1397 5491 1612 5547 semper
1636 5477 1809 5547 posita
1850 5476 2021 5530 servi-

448 5575 579 5629 tutis
606 5571 819 5627 militia.
845 5568 996 5625 Unde
1021 5574 1077 5621 et
1100 5566 1290 5621 beatus
1310 5563 1412 5620 Job
1435 5566 1512 5618 ait
1538 5583 1550 5618 :
1589 5564 1785 5617 Militia
1813 5572 1887 5616 est
1916 5563 2019 5616 vita

451 5664 670 5717 hominis
708 5678 866 5733 super
903 5671 1098 5716 terram
1135 5657 1297 5731 (Job.
1350 5656 1490 5729 vn).
1540 5656 1710 5724 Quam
1763 5655 1862 5710 sub
1913 5668 2021 5709 uno

2118 4566 2270 4632 ritas,
2298 4568 2439 4622 utin
2469 4568 2775 4623 dilectionis
2821 4568 3011 4623 habitu
3056 4583 3161 4621 non
3191 4568 3472 4622 discernat
3511 4583 3707 4637 perso-

2116 4671 2232 4711 nas.
2264 4656 2571 4727 IEqualiter
2612 4659 2756 4712 enim
2795 4658 2955 4712 debet
2974 4657 3041 4712 de
3062 4657 3230 4712 nobili
3261 4657 3487 4728 diligere
3510 4674 3701 4712 mona-

2115 4746 2248 4802 chos
2274 4786 2290 4812 ,
2329 4748 2612 4817 mqualiter
2652 4748 2719 4802 de
2766 4747 2949 4803 servili
2992 4748 3299 4803 conditione
3341 4756 3581 4802 creatos.
3611 4746 3706 4801 Sic

2115 4836 2298 4905 itaque
2321 4837 2655 4909 singulorum
2679 4837 2840 4892 debet
2878 4836 3190 4891 discernere
3221 4837 3435 4900 merita,
3459 4843 3519 4889 ut
3543 4835 3703 4889 alteri

2115 4927 2341 4983 alteram
2374 4946 2480 4984 non
2518 4937 2796 5000 praeponat
2835 4943 3144 4997 personam.
3170 4926 3236 4981 Et
3261 4927 3305 4981 si
3338 4942 3501 4981 unam
3554 4943 3707 4980 eain-

2120 5020 2349 5089 demque
2406 5020 2708 5091 ingenuitas
2759 5018 2843 5073 vel
2876 5018 3153 5073 servitutis
3194 5032 3426 5088 persona
3477 5016 3711 5071 commi-

2122 5108 2255 5162 serit
2298 5108 2532 5178 culpam,
2585 5123 2748 5162 unam
2785 5107 3140 5177 eamdemque
3182 5106 3489 5161 sustineant
3537 5106 3709 5161 disci-

2122 5199 2341 5268 plinam.
2375 5199 2491 5253 Non
2519 5198 2663 5253 enim
2685 5198 2909 5252 honoris
2929 5198 3099 5269 gratia
3123 5197 3261 5251 alius
3291 5196 3344 5250 in
3382 5197 3710 5266 poenitentia

2126 5288 2405 5358 levigetur,
2439 5287 2577 5342 alios
2616 5302 2746 5341 vero
2794 5284 3157 5356 despectionis
3207 5300 3375 5341 causa
3428 5296 3707 5355 gravetur.

2128 5377 2234 5432 Sed
2257 5378 2331 5432 ita
2358 5377 2427 5431 ab
2455 5377 2649 5432 abbate
2680 5393 2907 5432 censura
2926 5376 3116 5446 judicii
3140 5385 3495 5445 temperetur,
3522 5384 3583 5430 ut
3603 5391 3710 5430 non

2127 5482 2234 5521 una
2263 5482 2492 5536 persona
2526 5467 2718 5531 levius,
2749 5467 2922 5521 altera
2966 5466 3184 5537 gravius
3217 5465 3519 5535 judicetur.

2218 5555 2287 5611 In
2325 5556 2565 5610 doctrina
2612 5571 2838 5624 namque
2879 5571 2977 5608 sua
3025 5552 3186 5608 abbas
3236 5552 3579 5621 apostolicam
3620 5551 3713 5604 dc-

2131 5648 2211 5701 bet
2242 5646 2393 5701 illaut
2426 5660 2627 5715 semper
2667 5644 2895 5712 formam
2937 5659 3169 5709 servare,
3204 5643 3257 5698 in
3281 5659 3385 5712 qua
3409 5642 3583 5695 dicit:
3614 5643 3717 5715 ,ιε’-
