3960 6206
243 288 349 341 737

1291 288 1655 353 ΕΟΜΜΕΝΤι
1688 292 1754 346 IN
1796 292 1954 348 RBG.
1997 294 2053 350 S.
2089 297 2467 355 BENEDICTI.

3408 309 3509 369 738

236 420 344 472 gae
369 446 383 467 ,
420 401 654 463 obsecra,
698 401 910 469 increpa
956 400 1041 469 (II
1095 401 1232 461 Tim.
1264 402 1370 471 tv).
1406 403 1467 457 lu
1502 404 1604 459 hac
1647 408 1830 473 itaque
1857 410 1907 467 Α
1933 407 2105 473 dirus,
2150 426 2399 480 magnus,
2437 412 2518 466 vel
2549 412 2739 483 dignus
2768 413 3107 487 intelligitur.
3152 384 3305 483 Quoi
3331 430 3510 475 autem

235 490 541 560 apostolica
568 490 840 544 sententia
871 490 1014 544 beati
1047 491 1359 561 Hieronymi
1406 505 1463 546 et
1505 494 1646 548 beati
1690 496 1826 549 Pro-

233 582 388 650 speri
410 580 665 649 ponenda
707 588 836 633 sunt
878 581 1060 635 verba.
1108 581 1198 635 Ait
1225 583 1370 636 enim
1420 583 1822 655 Hieronymus:

236 671 424 742 Argue
478 677 798 740 peccantes,
842 678 1152 726 contestare
1201 688 1270 725 ne
1311 673 1564 741 peccent‘,
1608 674 1826 743 increpa

232 763 579 816 resistentes.
609 761 715 816 Sed
737 761 853 816 haec
877 762 1057 816 omnia
1082 777 1207 817 cum
1250 765 1533 833 patientia,
1554 774 1611 819 et
1632 781 1826 820 secun-

230 849 370 903 dum
414 850 734 904 doctrinam.
790 849 1027 918 Prosper
1071 861 1252 906 autem
1310 854 1449 907 dixit
1503 872 1516 908 :
1570 855 1825 910 Ecclesiae

229 940 439 1008 quippe
483 940 797 994 doctoribus
845 948 904 993 et
946 955 1173 995 censura
1219 942 1379 998 debet
1423 944 1620 1009 inesse,
1649 954 1707 999 ut
1734 961 1823 999 ar-

227 1037 427 1100 guant,
467 1038 523 1085 et
564 1030 849 1099 patientia,
894 1038 954 1082 ut
980 1032 1272 1087 emenlare
1314 1034 1562 1088 uolentes
1607 1034 1824 1089 fortiter

230 1123 418 1177 teram
476 1123 791 1193 Apostolico
836 1123 1234 1180 satisfacientes
1274 1126 1541 1196 imperio,
1591 1130 1683 1197 qui
1733 1129 1823 1183 Ti-

227 1215 462 1268 motheo
507 1215 765 1284 praecepit
792 1215 979 1269 dicens
1014 1233 1025 1267 :
1057 1216 1264 1285 Argue,
1314 1218 1527 1272 obsecra
1550 1259 1565 1283 ,
1609 1222 1821 1290 increpa

222 1304 289 1358 in
335 1304 476 1358 omni
500 1305 774 1375 patientia,
803 1313 850 1359 et
878 1304 1140 1359 doctrina.
1171 1305 1335 1373 Quasi
1362 1309 1606 1363 diceret:
1640 1309 1821 1380 Argue

224 1393 564 1462 comquales,
593 1395 821 1450 obsecra
856 1396 1125 1462 seniores,
1166 1398 1380 1467 increpa
1405 1397 1670 1467 juniores.
1713 1403 1820 1457 Sed

223 1493 522 1554 propterea
567 1485 773 1539 addidit
823 1486 878 1538 in
909 1485 1056 1539 omni
1109 1487 1393 1556 patientia,
1439 1496 1495 1543 et
1534 1491 1817 1558 doctrina;

221 1574 364 1643 quis
406 1573 602 1628 leniter
637 1576 939 1645 castigatus
977 1575 1200 1630 exhibet
1248 1577 1608 1632 reverentiam
1657 1579 1821 1634 casti-

223 1663 405 1733 ganti.
428 1661 734 1731 Asperitate
758 1671 939 1717 autem
962 1663 1143 1717 nimize
1167 1665 1553 1734 iucrepationis
1579 1665 1820 1722 offensus

1927 495 2077 560 dicit,
2105 500 2254 567 pium
2280 502 2453 571 patris
2481 505 2734 558 ostendat
2758 504 3034 572 ail‘ectum,
3080 508 3424 575 subauditur,
3453 510 3511 565 iu

1927 603 1987 642 se
2006 590 2224 646 habere.
2248 592 2419 647 Aliter
2437 594 2613 647 dirum
2634 597 2878 666 magistri
2900 598 3031 653 dicit
3054 600 3505 668 magnitudinem,

1926 678 2009 731 vel
2040 686 2298 735 terrorem
2345 683 2752 753 increpationis,
2799 701 2920 754 quas
2944 701 3071 756 erga
3121 688 3364 744 subditos
3391 705 3510 743 ma-

1925 768 2093 837 gister
2137 770 2374 837 exhibet,
2423 780 2484 826 ut
2533 784 2814 829 sanentur.
2867 775 3021 841 Quod
3052 777 3266 840 'dirum,
3315 778 3512 845 idest,

1925 861 2050 929 quia
2080 871 2254 915 terror
2292 878 2396 918 nou
2447 864 2651 928 odium,
2682 866 2774 919 sed
2807 868 3005 922 habere
3036 869 3089 921 in
3133 884 3192 923 se
3221 869 3294 939 pii
3331 872 3507 939 patris

1925 964 2147 1005 necesse
2170 959 2252 1005 est
2290 953 2541 1007 ostendat
2570 954 2840 1009 affectum.
2892 955 3008 1010 Non
3057 957 3201 1011 enim
3251 958 3307 1012 in
3338 958 3507 1015 delin-

1923 1049 2152 1109 quentes
2178 1042 2470 1112 discipulos
2500 1053 2678 1099 terror
2725 1047 2791 1101 de
2820 1047 2927 1102 odii
2969 1047 3178 1113 fomite,
3206 1051 3299 1104 sed
3343 1052 3409 1104 de
3436 1052 3511 1119 pii

1921 1130 2094 1198 patris
2115 1133 2408 1200 procedere
2437 1134 2596 1189 debet
2631 1150 2837 1193 amore.
2873 1137 2939 1193 Ut
2965 1148 3214 1194 errantes
3259 1140 3508 1210 magistri

1923 1231 2103 1280 terror
2129 1228 2388 1295 providus
2413 1228 2676 1297 corrigat,
2706 1240 2760 1284 ει
2786 1230 2923 1285 bene
2943 1241 3165 1299 agentes
3193 1233 3312 1301 pius
3340 1233 3512 1300 patris

1921 1329 2077 1369 amor
2114 1315 2375 1372 refoveat.
2420 1318 2574 1374 Unde
2617 1330 2671 1373 et
2700 1329 2825 1388 apta
2853 1322 3115 1389 expositio
3164 1322 3305 1376 beati
3345 1321 3513 1376 Bene-

1920 1406 2049 1461 dicti
2074 1408 2126 1460 in
2156 1409 2423 1478 superiori
2455 1412 2747 1474 sententia,
2789 1426 2897 1480 qua
2924 1412 3091 1466 dicit:
3121 1411 3322 1481 Argue,
3354 1413 3512 1468 obse-

1923 1509 2040 1559 cra,
2087 1495 2332 1565 increpa,
2376 1495 2707 1552 lucidissime
2734 1499 3000 1552 subditur.
3043 1500 3134 1552 Ait
3161 1516 3304 1553 enim
3331 1501 3398 1555 de
3425 1517 3515 1554 ar-

1919 1584 2172 1653 gutione:
2208 1584 2276 1638 Id
2298 1595 2371 1639 est
2405 1585 2847 1656 indisciplinatos,
2876 1596 2924 1639 et
2950 1586 3206 1657 inquietos
3230 1588 3377 1643 debet
3407 1590 3510 1644 du-

1920 1673 2031 1726 rius
2063 1689 2302 1742 arguere.

228 1767 337 1807 uec
379 1752 801 1822 increpationem
831 1753 1057 1822 recipit,
1107 1769 1209 1809 nec
1235 1754 1485 1809 salutem.
1522 1755 1817 1812 Possumus
1846 1745 1892 1804 Β
1987 1763 2080 1817 Ait
2123 1764 2188 1818 de
2214 1764 2596 1833 obsecratione
2631 1784 2645 1819 :
2683 1764 2992 1822 Obedientes
3028 1777 3225 1834 autem,
3262 1780 3311 1825 et
3340 1771 3510 1837 mites,

227 1851 281 1896 et
314 1843 373 1895 in
401 1841 504 1896 hac
531 1841 820 1906 sententia,
852 1857 1015 1911 quam
1055 1843 1132 1898 illi
1166 1844 1223 1898 in
1247 1844 1478 1899 diversis
1513 1846 1813 1902 rationabi-

228 1934 360 1989 liter
403 1933 714 2003 intelligunt
773 1934 1100 2003 implendam
1142 1937 1419 2005 personis,
1474 1936 1528 1991 in
1566 1953 1672 1991 una
1718 1953 1813 1992 ea-

227 2026 463 2092 demque
485 2037 714 2094 persona
743 2039 838 2094 per
869 2032 1167 2095 tempon
1196 2027 1478 2082 intervalla
1509 2030 1626 2084 sine
1652 2029 1815 2084 dubio

231 2113 536 2184 intelligere
561 2128 681 2168 esse
715 2114 1106 2183 complendum.
1131 2115 1373 2171 Primum
1402 2118 1548 2172 enim
1589 2134 1814 2188 arguen-

228 2204 335 2258 dus
374 2211 461 2257 est
503 2210 778 2272 peccator,
823 2204 950 2273 quia
986 2214 1196 2274 peccat.
1248 2206 1433 2276 Neque
1453 2208 1614 2262 cnim
1646 2208 1814 2263 alium

227 2296 388 2352 decet
436 2310 684 2365 arguere,
717 2296 821 2350 nisi
866 2307 1200 2366 peccantem.
1247 2299 1400 2355 Sicut
1446 2301 1706 2357 Dominus
1756 2304 1813 2357 in

230 2387 521 2456 Evangelio
542 2387 620 2441 ait
650 2406 663 2440 :
691 2386 750 2442 Si
788 2390 1074 2458 peccaverit
1112 2390 1169 2443 in
1212 2399 1262 2443 te
1304 2391 1472 2459 frater
1490 2401 1637 2457 tuus,
1663 2393 1810 2456 rade,

227 2489 279 2534 et
320 2496 483 2547 argue
526 2497 644 2534 eum
680 2482 819 2534 inter
854 2490 904 2534 te
948 2490 998 2534 et
1033 2480 1203 2551 ipsum
1242 2481 1434 2536 solum.
1486 2482 1546 2538 Si
1583 2484 1812 2538 audierit

194 2583 299 2636 -ιο,
342 2571 579 2625 lucratus
627 2588 679 2625 es
721 2571 940 2641 fratrem
981 2581 1129 2625 tuum
1171 2571 1390 2642 (Matth.
1443 2573 1623 2645 xvm).
1671 2574 1811 2628 Ecce

222 2666 338 2735 jam
368 2668 607 2721 lucratus
625 2682 685 2721 es
711 2668 988 2737 arguendo
1015 2666 1271 2733 fratrem;
1320 2670 1447 2737 quia
1478 2670 1704 2725 audiens
1733 2680 1806 2735 te,

226 2759 472 2814 correxit
493 2773 572 2814 se.
595 2758 830 2813 ()bsecra
854 2759 999 2812 enim
1028 2758 1249 2824 iterum,
1273 2765 1333 2812 ut
1355 2760 1597 2829 quotidie
1619 2760 1672 2813 in
1709 2760 1808 2815 bo-

227 2848 317 2902 nis
357 2848 569 2902 actibus
598 2849 803 2913 vivens,
830 2848 908 2902 sic
952 2848 1006 2901 in
1037 2847 1328 2903 virtutibus
1358 2856 1588 2914 crescat,
1613 2857 1807 2919 quate-

228 2951 333 2992 nus
354 2937 421 2992 ad
442 2938 904 3007 perseverantiam
924 2937 1048 2992 boni
1073 2938 1255 3007 operis
1273 2940 1475 2993 veniat.
1505 2938 1602 2995 Sin
1625 2950 1804 2995 autem

230 3038 284 3083 te
319 3043 426 3083 nou
478 3028 730 3094 audierit,
767 3043 869 3083 nec
909 3043 969 3083 se
1000 3028 1401 3096 emendaverit,
1441 3038 1536 3085 aut
1574 3030 1806 3088 fortasse

226 3129 349 3190 post
386 3122 817 3176 emendationem
857 3121 925 3174 ad
973 3120 1234 3176 vomitum
1288 3122 1550 3188 redierit,
1586 3123 1804 3195 increpa

224 3225 351 3265 cum
378 3209 604 3276 duriter,
627 3211 749 3266 etsi
773 3211 940 3277 vales,
965 3211 1213 3277 emenda,
1247 3211 1301 3266 in
1324 3213 1471 3267 omni
1494 3221 1672 3268 tamen
1705 3230 1804 3284 pa-

227 3302 438 3364 tientia,
470 3309 525 3355 ει
559 3301 826 3356 doctrina.
855 3301 925 3355 Et
947 3302 1054 3356 hoc
1090 3301 1253 3355 modo
1281 3301 1334 3355 in
1356 3318 1463 3359 una
1508 3304 1809 3374 eademque

226 3407 456 3463 persona
505 3394 620 3449 lucc
663 3401 775 3449 tota
806 3393 1016 3464 impleri
1066 3400 1246 3462 potest
1296 3395 1585 3448 sententia.
1632 3394 1807 3450 Alizer

222 3498 463 3555 rmgruo
488 3495 728 3555 tempore
757 3488 1066 3555 arguendos
1093 3493 1179 3540 est
1206 3500 1438 3555 peccatis
1482 3487 1803 3551 monachus,

221 3584 285 3630 ut
313 3576 547 3632 declinet
568 3593 600 3630 a
627 3576 787 3631 malo.
806 3576 865 3631 Si
895 3577 1221 3642 emendavit,
1238 3578 1436 3631 iterum
1461 3578 1806 3632 convenienti

223 3676 469 3736 tempore
516 3668 883 3722 obsecrandus
920 3676 1024 3733 est,
1049 3676 1110 3721 ut
1135 3684 1243 3722 non
1289 3668 1471 3737 tepide
1499 3669 1664 3733 vivat,
1709 3669 1805 3723 sed

223 3759 277 3811 iu
325 3758 618 3813 virtutibus
666 3773 918 3813 crescens
974 3757 1139 3813 faciat
1191 3757 1417 3812 bonum.
1475 3757 1571 3811 Sin
1623 3767 1805 3813 autem

221 3848 512 3903 eiueudare
542 3847 793 3913 noluerit,
819 3848 903 3903 vel
924 3849 1242 3903 obsecratus
1272 3848 1471 3901 iterum
1506 3856 1632 3917 apto
1672 3856 1807 3902 tem-

220 3954 352 4007 pore
412 3938 696 3994 terrendus
728 3947 812 3993 est
859 3940 1055 4003 valde,
1106 3946 1164 3993 et
1209 3936 1591 4007 increpandus,
1623 3936 1696 3990 ita
1748 3946 1809 3991 ut

218 4029 468 4084 ethnicus
493 4036 549 4083 et
574 4028 910 4098 publicanus.
958 4028 1094 4083 Huic
1138 4027 1320 4082 sensui
1358 4027 1503 4081 beati
1528 4027 1805 4082 Benedicti

218 4123 431 4176 videtur
462 4121 729 4191 expositio
765 4135 1083 4190 congruere.
1117 4119 1252 4175 Cum
1292 4118 1437 4174 enim
1470 4119 1695 4185 diceret,
1722 4134 1807 4174 ar-

218 4230 342 4284 gue,
363 4214 614 4277 obsecra,
638 4214 878 4282 increpa,
919 4213 1127 4267 addidit
1154 4214 1191 4263 :‘

288 4304 356 4359 Id
377 4314 474 4369 est,
502 4305 719 4358 miscens
739 4303 1054 4373 temporibus
1075 4312 1330 4371 tempora,
1352 4301 1640 4355 terroribus
1663 4301 1809 4355 blan-

214 4397 448 4450 dimenta
495 4395 572 4449 Ac
597 4395 643 4449 si
672 4394 879 4450 diceret
905 4407 919 4446 :
956 4394 1293 4462 temporibus
1314 4393 1612 4462 argutionis
1640 4393 1807 4448 misce

1915 1861 1964 1905 et
1994 1856 2266 1923 patientes,
2293 1866 2349 1911 ut
2370 1858 2425 1911 in
2448 1857 2633 1912 melius
2655 1858 2933 1928 proﬁciant
2959 1859 3249 1915 obsecrare.

1984 1941 2073 1997 Ait
2107 1943 2176 1998 de
2221 1945 2593 2015 increpatione
2636 1962 2650 2001 :
2695 1946 3027 2018 Negligentes
3080 1958 3127 2002 et
3171 1959 3509 2004 contemnem-

1916 2044 2012 2100 tes,
2042 2046 2097 2089 ut
2139 2038 2390 2108 increpet,
2422 2048 2470 2094 et
2513 2040 2765 2108 corripiat
2811 2040 3174 2096 admonemus.
3224 2040 3400 2106 Nulla,
3449 2051 3510 2097 ut

1915 2128 1994 2180 ar‘.
2016 2127 2169 2193 itror,
2205 2127 2434 2183 lucidior
2476 2130 2746 2197 expositio
2792 2130 2848 2184 in
2898 2130 2998 2185 hac
3045 2130 3310 2201 Apustoli,
3343 2148 3509 2202 quam

1914 2216 2102 2269 beatus
2139 2215 2461 2272 Benedictus
2483 2216 2634 2282 fecit,
2663 2219 2862 2288 poterit
2892 2220 3123 2273 inveniri
3150 2222 3442 2276 sententia.

1984 2322 2172 2393 Neque
2200 2324 2495 2378 dissimulet
2523 2335 2737 2395 peccata
2769 2326 3199 2397 delinquentium.
3228 2328 3344 2383 Non
3365 2331 3510 2385 enim

1913 2414 2298 2470 dissimulanda
2338 2424 2465 2470 sunt
2490 2425 2713 2487 peccata
2741 2418 3189 2487 delinquentium,
3224 2435 3292 2488 ne
3322 2420 3509 2475 subdi-

1914 2512 2093 2559 torum
2139 2507 2300 2560 noxia
2351 2507 2439 2561 diu
2488 2508 2825 2578 protelentur
2867 2510 3086 2565 delicta.
3128 2512 3301 2578 Quam
3345 2513 3509 2568 citius

1911 2596 2055 2649 enim
2086 2598 2389 2666 peccatoris
2414 2600 2751 2654 emendanda
2796 2598 2957 2655 fuerit
2984 2602 3162 2672 culpa,
3193 2610 3304 2657 tam
3334 2603 3504 2658 citius

1909 2688 2263 2756 consequitur
2307 2696 2362 2744 et
2391 2691 2627 2744 veniam.
2677 2690 2944 2747 Celeriter
2988 2695 3149 2748 bolie
3179 2695 3347 2749 abbas
3390 2695 3505 2750 cul-

1910 2796 2034 2850 pam
2062 2781 2407 2836 manifestam
2458 2783 2715 2838 emendat
2760 2802 2962 2851 unam;
3011 2802 3136 2842 cras
3180 2790 3297 2843 sine
3342 2790 3507 2845 dubio

1911 2891 2074 2945 quam
2105 2877 2399 2931 emendare
2449 2876 2644 2931 debeat
2678 2878 2900 2932 habebit
2929 2879 3176 2934 alteram.
3224 2881 3364 2951 Ergo
3398 2897 3507 2935 non

1911 2965 2135 3019 tardans
2176 2963 2482 3019 dissimulet
2511 2968 2820 3034 emendare,
2851 2969 3004 3037 quasi
3049 2970 3318 3035 nesciens,
3346 2987 3507 3042 quem

1911 3062 2021 3110 tam
2049 3056 2268 3126 grandis
2295 3056 2599 3111 animarum
2634 3058 2915 3127 rcgimiuis
2942 3060 3141 3128 premit
3177 3060 3359 3116 fascis.

1982 3165 2084 3222 Sed
2108 3184 2230 3222 mox
2258 3176 2313 3220 ut
2344 3169 2587 3237 coeperint
2609 3170 2757 3234 oriri,
2790 3171 3043 3224 radicitus
3063 3182 3211 3231 ea,ut
3232 3173 3505 3243 prtevalct,

1907 3268 2159 3329 amputet.
2226 3258 2283 3312 lu
2349 3268 2471 3314 ortu
2540 3277 2639 3315 suo
2694 3261 2953 3317 radicitus
3004 3265 3331 3334 amputanda
3380 3272 3508 3322 sunt

1906 3350 2060 3414 vitia,
2093 3351 2177 3404 vel
2224 3363 2468 3422 peccata,
2525 3369 2616 3417 ne,
2669 3353 2791 3409 fixis
2822 3354 3160 3426 firmatisque
3205 3358 3506 3427 radicibus,

1907 3443 2101 3499 noxios
2143 3460 2325 3499 ramos
2370 3446 2613 3512 mittant,
2646 3456 2699 3500 et
2733 3449 2785 3501 in
2818 3450 2982 3502 ramis
3011 3449 3137 3502 mali
3185 3452 3365 3519 operis
3391 3451 3505 3506 fru-

1908 3543 2028 3588 ctus
2059 3535 2255 3589 ferant.
2310 3535 2590 3590 Radicitus
2622 3546 2907 3607 amputare
2952 3546 3194 3607 peccata,
3243 3539 3327 3594 vel
3369 3540 3503 3595 vitia

1899 3620 2083 3689 jussit,
2115 3623 2208 3677 sed
2239 3630 2417 3678 tamen
2450 3632 2508 3677 ut
2534 3625 2792 3693 prmvalet
2816 3626 2971 3679 dixit.
3013 3626 3128 3680 Non
3159 3628 3305 3682 enim
3330 3645 3504 3699 quan-

1909 3720 2021 3767 tum
2053 3714 2303 3769 volumus
2343 3724 2624 3785 amputare
2670 3726 2911 3785 peccata,
2947 3718 3027 3772 vel
3067 3719 3196 3773 vitia
3227 3719 3492 3785 valemus,

1907 3803 2002 3858 sed
2031 3813 2292 3873 quantum
2323 3822 2445 3861 cum
2493 3806 2704 3860 Domini
2747 3806 3015 3877 adjutario
3056 3825 3343 3879 possumus
3382 3827 3499 3864 am-

1906 3904 2101 3963 putare
2130 3905 2353 3965 peccata
2384 3897 2831 3968 delinquentium,
2876 3897 3210 3953 festinemus.

1985 4008 2186 4064 Memor
2210 4012 2431 4082 periculi
2460 4011 2583 4066 Heli
2605 4014 2893 4068 sacerdotis
2921 4014 2985 4068 de
3027 4013 3138 4069 Silo
3180 4015 3233 4085 (Ι
3254 4015 3379 4085 Reg.
3410 4017 3497 4087 ιι).

1908 4099 2045 4168 Quia
2073 4102 2218 4157 enim
2251 4103 2385 4157 falsa
2415 4104 2617 4172 pietate
2645 4113 2937 4174 superatus
2970 4104 3136 4161 ferire
3182 4104 3294 4161 Heli
3324 4108 3499 4163 delin-

1912 4199 2135 4261 quentes
2162 4190 2514 4256 iilios'noluit,
2546 4192 2686 4263 apud
2716 4193 3270 4262 districtumjudiccm
3298 4204 3498 4250 semct-

1908 4281 2082 4353 ipsum
2121 4298 2242 4337 cum
2275 4281 2402 4336 (iliis
2444 4283 2647 4337 crudeli
2681 4284 3027 4338 damnatione
3068 4285 3357 4353 percussit.
3388 4285 3497 4340 Pro

1912 4373 2198 4442 iniquitate
2226 4374 2370 4427 enim
2403 4372 2638 4428 ﬁliorum
2669 4388 2889 4428 suorum
2921 4373 3210 4429 damnatus
3238 4383 3344 4440 est,
3372 4376 3497 4455 quia

1831 4441 1886 4499 D
1916 4479 2022 4517 non
2051 4480 2146 4518 eos
2166 4466 2475 4529 severitate,
2502 4472 2558 4518 et
2582 4466 2908 4520 auctoritate
2933 4464 3211 4520 Pontiﬁcis
3251 4446 3498 4537 increpa-

214 4580 388 4633 misce
418 4587 658 4645 tempora
690 4575 1096 4646 increpationis.
1127 4575 1340 4629 Etcum
1371 4574 1642 4643 peccatrix
1691 4575 1809 4628 ani-

216 4685 305 4724 ma
345 4668 807 4737 increpationibus
843 4666 1088 4737 magistri
1118 4666 1307 4736 rigidis
1329 4666 1598 4735 justisque
1643 4664 1808 4720 fuerit

215 4760 428 4825 territa,
459 4759 728 4812 addantur
755 4757 830 4811 illi
858 4766 1085 4826 paterno
1124 4771 1333 4820 amore,
1371 4770 1440 4809 ne
1466 4756 1520 4809 in
1548 4755 1804 4823 despera-

212 4853 383 4909 tionis
434 4861 710 4922 mergatur
750 4851 982 4914 foveam,
1023 4857 1079 4904 et
1115 4849 1503 4903 blandimenta.
1555 4847 1694 4903 Hinc
1744 4856 1802 4903 et

214 4947 409 5000 beatus
438 4941 734 5011 Gregorius
760 4941 877 4995 ait:
911 4939 1187 4995 Miscenda
1208 4946 1291 4993 est
1311 4953 1441 5008 ergo
1459 4937 1657 4993 lenitas
1679 4953 1802 4993 cum

211 5033 529 5089 severitate.
581 5030 911 5084 Faciendum
942 5028 1212 5100 quoddam
1244 5043 1311 5081 ex
1341 5036 1574 5096 utroque
1600 5035 1806 5097 tempe—

214 5129 551 5186 ramentum,
597 5129 659 5175 ut
685 5135 860 5191 neque
902 5120 1071 5175 multa
1104 5118 1396 5188 asperitate
1421 5117 1806 5173 exulcerentur

210 5212 440 5275 subditi,
470 5227 647 5281 neque
694 5211 860 5266 nimia
902 5210 1236 5281 benignitate
1283 5209 1580 5264 solvantur.
1616 5208 1804 5265 Omnis

209 5303 360 5358 enim
391 5302 459 5356 ab
481 5303 672 5357 abbate
696 5302 969 5372 sagaciter
995 5300 1295 5355 exhibenda
1325 5309 1411 5356 est
1434 5315 1585 5366 cura,
1614 5315 1683 5356 ne
1702 5300 1801 5355 ali-

207 5410 319 5466 qua
345 5411 411 5450 ex
434 5395 628 5449 ovibus
654 5394 772 5465 ejus
803 5400 1009 5464 pereat.
1040 5392 1195 5448 Unde
1220 5400 1276 5446 et
1301 5393 1581 5447 subditur:

285 5486 476 5538 Dirum
497 5485 756 5554 magistri,
783 5486 927 5554 pium
952 5485 1118 5554 patris
1148 5483 1383 5537 ostendat
1409 5484 1674 5552 aﬂ'ectum.
1709 5482 1800 5536 Di-

210 5591 331 5629 rum
356 5575 625 5645 magistri,
654 5574 853 5629 dicitur
878 5574 1161 5643 gravitudo
1187 5572 1321 5641 ejus,
1349 5574 1435 5627 vel
1473 5573 1800 5643 magnitudi-

210 5666 320 5728 nis.
349 5673 444 5720 aut
482 5665 723 5733 dignitas
765 5665 987 5734 grandis
1034 5665 1275 5720 honoris.
1324 5664 1622 5735 Aliquoties
1651 5664 1795 5721 enim

1912 4553 1991 4607 vit
2016 4570 2032 4618 ;
2061 4552 2155 4607 sed
2184 4554 2597 4609 mansuetudine
2618 4563 2842 4624 paterna
2866 4555 3072 4609 lenivit.
3115 4555 3245 4621 Quae
3279 4567 3500 4612 senten-

1913 4645 1987 4697 tia
2033 4644 2323 4714 vigilantcr
2368 4646 2439 4700 ab
2482 4645 2781 4700 Abbatibus
2823 4652 2908 4700 est
2955 4645 3213 4710 timenda,
3260 4662 3329 4701 ne
3358 4646 3501 4703 forte

1912 4750 2035 4788 cum
2064 4734 2185 4803 plus
2226 4750 2389 4805 quam
2436 4736 2615 4801 decet,
2662 4735 2856 4791 leniter
2893 4736 3229 4791 subditorum
3276 4752 3499 4793 suorum

1910 4826 2246 4895 palpaverint
2286 4826 2496 4897 culpas,
2538 4842 2570 4881 a
2601 4827 2852 4883 districto
2897 4826 3081 4896 judice
3131 4828 3497 4886 damnationis

1907 4916 2178 4973 feriantur
2212 4919 2502 4973 sententia.

1976 5029 2045 5083 Et
2070 5030 2390 5084 honestiores
2420 5030 2647 5100 quidem,
2686 5038 2840 5100 atque
2877 5028 3227 5100 intelligibiles
3268 5032 3497 5097 animos,

1904 5123 2097 5192 prima,
2122 5119 2199 5175 uel
2239 5120 2470 5175 secunda
2507 5120 2865 5174 admonitione
2893 5119 3058 5174 verbis
3092 5121 3361 5191 corripiat.
3390 5121 3499 5178 Hoc

1905 5212 2175 5267 nestiores
2226 5210 2397 5275 dicit,
2452 5209 2902 5265 honorabiliores.
2958 5209 3230 5266 Honestas
3278 5211 3495 5278 dicitur,

1904 5300 2057 5372 quasi
2089 5300 2312 5355 honoris
2339 5308 2536 5365 status,
2561 5314 2627 5355 eo
2667 5300 2812 5370 quod
2852 5300 2988 5355 nihil
3032 5301 3233 5356 habeat
3262 5302 3494 5371 turpitu‘

1907 5392 2065 5447 diuis.
2092 5390 2478 5461 lntelligibiles,
2524 5392 2736 5447 ratione
2762 5407 3012 5463 capaces,
3045 5392 3136 5463 qui
3158 5407 3221 5446 ea
3244 5407 3364 5461 qua:
3392 5406 3491 5443 au-

1904 5483 2059 5538 diunt
2110 5497 2142 5537 a
2188 5482 2468 5552 magistris
2514 5483 2837 5553 intelligunt,
2885 5493 2940 5538 et
2979 5482 3234 5552 operibus
3271 5480 3493 5549 implere

1908 5572 2266 5628 contendunt.
2299 5571 2456 5639 Quod
2485 5572 2530 5628 si
2563 5572 2619 5630 iu
2644 5573 2916 5642 aliquibus
2944 5573 3106 5625 rebus
3127 5568 3490 5633 excesserint;

1901 5664 2027 5734 quia
2056 5678 2162 5720 non
2201 5671 2286 5718 est
2314 5664 2478 5721 homo
2506 5664 2598 5735 qui
2642 5665 2776 5719 vivit
2811 5672 2868 5718 et
2913 5678 3019 5716 non
3063 5667 3271 5730 peccet,
3300 5674 3491 5714 secun-
