3960 6206
457 280 562 337 ’559

1740 270 2089 328 ΞΜληΑϐΒΙ
2130 270 2422 328 ABBATIS

3613 277 3720 334 740

447 392 577 446 dum
626 388 839 445 Domini
887 394 1240 457 praeceptum,
1294 383 1530 439 secundo
1577 397 1673 438 eos
1719 383 1900 438 verbis
1934 383 2031 438 adv
2057 389 2371 467 A\pr:esunt
2393 385 2705 449 exhibeant,
2734 382 2930 452 quibus
2956 381 3185 451 subjecti
3212 384 3427 442 occulta
3464 407 3565 447 sua
3596 406 3717 458 pro.

447 497 671 536 monere
717 477 995 549 pra-cepit,
1045 476 1174 542 quia
1211 490 1305 531 eos
1352 476 1532 531 taliter
1578 474 1857 530 emendari
1905 489 2027 529 cre-

448 572 603 627 didit.

517 661 789 732 Improbos
818 668 993 714 cum
1037 669 1084 714 et
1128 659 1290 714 duros
1337 658 1516 723 corde,
1558 673 1621 711 ac
1666 656 1915 728 superbos
1951 655 2031 711 vel

442 751 812 816 iaobedientes,
864 749 1156 815 verborum,
1205 750 1283 805 vel
1326 749 1556 821 corporis
1603 746 1943 819 castigatione
1974 749 2031 803 in

441 845 556 914 ipso
579 843 728 897 initio
754 843 953 914 peccati
989 852 1263 897 coerceat:
1310 843 1478 897 sciens
1507 841 1776 910 scriptum,
1824 839 2031 893 Stultus

445 934 615 989 verbis
639 951 745 988 non
780 935 1070 1005 corrigitur
1096 932 1275 1006 (Prov.
1307 934 1484 1004 xvm).
1531 933 1599 987 Et
1635 933 1869 987 iterum:
1906 932 2034 985 Per-

445 1033 563 1077 eute
602 1023 773 1093 ﬁliam
800 1033 952 1079 tuum
998 1025 1167 1093 virga,
1212 1032 1260 1077 et
1304 1022 1550 1077 liberabis
1584 1023 1819 1076 animum
1859 1023 1975 1092 ejus
1998 1039 2032 1076 α

443 1124 611 1170 morte
650 1114 832 1186 (Prov.
865 1113 1045 1186 unt).
1103 1116 1402 1184 improbos,
1450 1115 1820 1184 imprudentes
1875 1116 2029 1180 dicit,

440 1202 712 1278 probitne
752 1206 951 1260 mentis
971 1214 1237 1260 carentes.
1280 1207 1454 1261 Duros
1477 1215 1680 1271 autem,
1703 1207 2026 1276 pertinaces,

443 1296 529 1351 vel
557 1303 933 1359 contumaces,
980 1302 1038 1349 et
1081 1295 1498 1366 incorrigibiles.
1552 1297 1687 1350 Istos
1732 1305 1933 1360 autem,
1968 1311 2033 1351 ac

438 1387 726 1457 superbos,
773 1393 831 1440 et
876 1386 1272 1450 inobedientes,
1326 1388 1613 1442 verborum
1657 1388 1744 1443 vel
1789 1388 2032 1458 corporis

440 1475 801 1545 castigatione
830 1474 885 1528 in
916 1475 1032 1544 ipso
1063 1475 1218 1528 initio
1248 1476 1460 1544 peccati
1485 1491 1737 1532 coercere
1761 1476 1939 1542 debet,
1966 1492 2032 1532 ne

441 1564 650 1637 peccati
673 1564 873 1618 malum
898 1572 1111 1618 crescat
1141 1564 1193 1618 in
1220 1565 1408 1632 altum,
1449 1575 1505 1621 et
1529 1581 1652 1622 cum
1688 1582 2033 1622 consumma-

446 1663 560 1710 tum
587 1654 771 1720 fuerit,
801 1657 1008 1710 auctori
1035 1672 1134 1711 suo
1158 1657 1349 1712 mortis
1368 1668 1592 1727 generet
1621 1657 1877 1722 fructum,
1905 1659 2030 1727 quia

2131 476 2263 530 dere
2292 490 2398 530 non
2444 474 2785 540 erubescant,
2836 483 2898 528 ut
2946 488 3069 528 cum
3120 474 3482 529 tentationnm
3527 477 3721 534 tinctus

2130 567 2338 635 parvuli
2368 566 2715 630 tolerant,ad
2753 566 2923 635 patris
2950 573 3190 619 mentem
3226 567 3384 635 quasi
3431 567 3499 620 ad
3527 570 3722 624 matris

2132 656 2309 710 sinum
2334 664 2637 712 recurrant.
2666 659 2803 709 Nam
2826 663 2882 709 et
2904 652 3033 708 illud
3055 653 3197 708 scire
3220 653 3383 708 debet
3405 656 3577 709 abbas
3596 660 3724 726 quia

2131 747 2219 801 cui
2240 746 2764 816 pluscommittitur,
2794 745 2913 814 plus
2937 744 3007 799 ab
3033 759 3100 799 eo
3135 744 3391 814 exigitur.
3432 744 3534 799 Cui
3575 746 3726 805 etaim

2132 835 2251 907 plus
2289 837 2345 891 in
2374 835 2820 905 cura-regiminis
2861 834 3291 899 commendatur,
3338 833 3409 887 ab
3432 848 3501 887 eo
3537 838 3696 903 requi

2134 923 2285 978 rendi
2320 925 2460 978 ratio
2481 923 2600 993 plus
2625 923 2880 992 exigitur.
2906 921 3149 988 Quantos
3175 922 3323 977 enim
3347 924 3725 992 unusquisque

2133 1013 2299 1067 abbas
2346 1012 2401 1067 in
2458 1027 2554 1067 sua
2602 1012 2799 1082 accipit
2844 1012 3141 1067 monachos
3193 1012 3607 1082 gubernatione,
3658 1016 3729 1070 de

2132 1101 2300 1156 tantis
2346 1102 2652 1157 redditurus
2677 1110 2762 1155 est
2808 1101 3037 1157 Domino
3063 1103 3351 1157 rationem.
3383 1103 3451 1156 ltt
3501 1104 3550 1158 si
3576 1103 3718 1161 bene

2131 1191 2363 1246 vivendo
2389 1206 2447 1247 se
2472 1191 2684 1247 salvum
2708 1191 2921 1257 fecerit,
2947 1199 3004 1247 et
3036 1192 3157 1247 illos
3183 1192 3339 1257 bene,
3369 1202 3424 1247 et
3465 1193 3615 1260 iuste
3636 1209 3725 1250 re-

2131 1283 2296 1346 xerit,
2327 1283 2394 1337 de
2430 1298 2530 1337 sua
2579 1282 2755 1338 salute
2802 1283 3059 1353 gratiam,
3108 1292 3162 1338 et
3210 1284 3279 1339 de
3327 1285 3583 1340 omnibus
3614 1285 3725 1342 illis

2130 1373 2440 1427 mercedem
2468 1388 2499 1426 a
2526 1372 2755 1428 Domino
2792 1373 3017 1442 recipiet
3044 1374 3451 1442 sempiternam.

2203 1462 2453 1534 Sciatque
2478 1479 2637 1534 quam
2680 1461 2941 1532 difﬁcilem
2980 1472 3032 1516 et
3075 1462 3300 1517 arduam
3330 1479 3436 1518 rem
3462 1466 3718 1534 suscepit,

2132 1569 2309 1624 regere
2340 1553 2567 1608 animas.
2618 1550 2897 1608 Diﬂicilem
2941 1558 2996 1607 et
3040 1551 3264 1607 arduam
3296 1568 3414 1607 rem
3446 1553 3577 1609 dicit
3598 1568 3727 1609 esse

2133 1658 2324 1715 regere
2380 1643 2659 1708 animam;
2716 1642 2841 1711 quia
2889 1643 3069 1698 tenuis
3110 1650 3166 1698 et
3204 1643 3475 1700 laboriosa
3519 1653 3625 1709 est,
3666 1646 3724 1700 in

446 1747 706 1817 scriptum
748 1755 869 1802 est:
901 1747 1187 1803 Peccatum
1226 1764 1349 1803 cum
1370 1758 1807 1805 consummatum
1838 1750 2022 1814 fuerit,

2131 1734 2643 1806 comprehendendo
2670 1733 3046 1799 subtilissima,
3079 1744 3137 1790 et
3158 1744 3388 1806 angusta
3424 1738 3479 1791 in
3505 1738 3725 1792 examio

441 1842 666 1904 generat
693 1845 943 1889 mortem.
974 1834 1270 1906 Castigatio
1303 1844 1507 1903 autem,
1536 1846 1592 1892 et
1622 1839 1675 1893 in
1712 1854 2026 1893 excommu-

444 1925 738 1990 nicatione,
766 1932 827 1979 et
856 1925 909 1978 in
939 1926 1142 1991 verbis,
1172 1939 1227 1981 et
1257 1928 1311 1981 in
1338 1927 1651 1982 verberibus
1691 1929 2025 1999 intelligitur.

437 2015 718 2078 Coerceat,
763 2015 916 2080 dicit,
946 2016 998 2069 id
1025 2025 1115 2071 est
1158 2024 1488 2086 compescat,
1520 2015 1792 2083 refrenet,
1836 2018 1921 2071 vel
1946 2032 2031 2071 re-

438 2109 653 2178 primat.
686 2106 754 2161 Et
774 2107 901 2175 quia
929 2109 1192 2177 scriptum
1213 2115 1299 2163 est
1322 2126 1335 2161 ε
1369 2106 1575 2164 Stultus
1604 2107 1770 2162 verbis
1795 2125 1899 2162 non
1919 2125 2032 2162 cor-

441 2198 632 2268 rigitur
673 2196 860 2269 (Prov.
887 2197 1065 2270 xvm),
1118 2214 1342 2254 necesse
1370 2207 1430 2252 ut
1468 2199 1790 2255 exhibentur
1816 2199 1864 2251 ei
1905 2212 2017 2252 cor.

439 2289 589 2358 poris
618 2289 907 2359 castigatio
938 2289 991 2342 in
1030 2289 1612 2347 excommunicatione.
1668 2288 1734 2343 Et
1760 2287 1805 2342 si
1851 2287 2028 2341 adlmc

440 2393 669 2455 necesse.
705 2378 892 2444 fuerit,
942 2380 1266 2436 exhibeatur
1310 2387 1365 2434 et
1410 2381 1463 2435 in
1494 2378 1810 2434 verberibus
1852 2377 2024 2447 virga,

440 2467 564 2537 quia
588 2467 846 2537 scriptum
866 2475 957 2527 est
973 2486 985 2522 :
1004 2467 1233 2523 Percute
1254 2467 1424 2523 illium
1448 2476 1599 2521 tuum
1627 2467 1799 2538 virga,
1823 2474 1879 2520 et
1900 2466 2031 2520 hbe-

439 2558 589 2615 rabis
633 2558 872 2613 animam
920 2560 1037 2630 ejus
1085 2575 1115 2613 a
1167 2566 1359 2614 morte.
1415 2559 1606 2613 Melius
1645 2559 1792 2614 enim
1840 2568 1901 2611 ut
1939 2556 2029 2610 hic

438 2649 610 2719 patris
630 2650 970 2719 percutiatur
995 2649 1166 2719 virga,
1196 2664 1359 2718 quam
1391 2647 1588 2704 inferni
1627 2647 1768 2702 male
1799 2647 2024 2700 damna-

439 2746 528 2795 tus
548 2740 815 2795 sustineat
839 2754 1076 2809 pmnam.
1120 2737 1310 2794 Melius
1335 2738 1425 2794 hic
1452 2736 1521 2793 ad
1547 2735 1818 2791 modicum
1848 2735 2019 2805 patris

439 2830 831 2886 correctionem
876 2831 1164 2896 sustineat,
1194 2845 1359 2901 quam
1398 2829 1453 2884 in
1504 2827 1720 2885 inferno
1763 2835 2025 2896 perpetuo

438 2924 724 2980 damnatus
760 2933 959 2994 gemat.
1003 2920 1285 2979 Correctio
1326 2922 1474 2978 enim
1518 2920 1689 2991 patris
1724 2918 1779 2973 in
1811 2918 2025 2974 modico

437 3014 650 3069 videtur
687 3030 808 3070 esse
854 3029 1064 3080 amara,
1095 3013 1189 3068 sed
1233 3012 1574 3068 dulcissimos
1600 3009 1809 3066 fructus
1844 3010 1897 3065 in
1943 3009 2026 3063 fu-

440 3111 561 3157 turo
587 3111 809 3172 generat
833 3104 1103 3172 patienter
1136 3104 1531 3158 sustinentibus
1559 3116 1698 3157 eam.

515 3191 813 3248 Meminisse
867 3193 1014 3248 debet
1068 3210 1270 3263 semper
1315 3184 1479 3247 abbas
1524 3193 1663 3264 quod
1706 3192 1923 3257 dicitur,
1972 3201 2022 3245 et

438 3279 596 3344 scire,
621 3281 745 3351 quia
772 3281 857 3335 cui
898 3280 1015 3351 plus
1045 3281 1405 3345 committitur,
1432 3279 1551 3352 plus
1576 3281 1641 3334 ab
1675 3297 1734 3334 eo
1771 3281 2018 3350 exigitur.

439 3369 519 3425 Ne
536 3387 700 3443 super
722 3373 857 3428 bene
887 3372 1130 3427 viventes
1152 3373 1402 3442 superbia
1427 3372 1601 3428 elatus
1626 3385 1684 3427 se
1706 3370 1950 3435 extollat,
1967 3378 2023 3425 et

438 3462 632 3519 vitiose
663 3464 902 3518 viventes
946 3463 1227 3532 despiciat.
1261 3462 1567 3517 Meminisse
1609 3460 1769 3515 debet
1810 3475 2024 3530 semper

437 3552 606 3608 abbas
633 3553 776 3624 quod
825 3552 1044 3617 dicitur,
1097 3551 1150 3607 id
1199 3559 1304 3617 est,
1345 3566 1650 3606 memorare
1677 3549 1803 3620 quia
1835 3548 2022 3619 fragile

439 3641 757 3714 figmentum
781 3650 886 3709 est,
919 3651 974 3698 et
1001 3643 1068 3698 de
1096 3643 1243 3697 molli
1274 3650 1432 3697 terrae
1472 3642 1587 3697 luto
1610 3642 1929 3713 plasmatus.
1955 3641 2024 3694 Et

438 3734 560 3789 ideo
601 3733 911 3811 fragilitatis
946 3749 1056 3789 suae
1096 3724 1310 3803 semper
1343 3735 1528 3790 timeat
1573 3734 1783 3804 lapsum
1813 3750 1828 3800 ;
1859 3743 1914 3788 et
1943 3734 2022 3788 sic

438 3823 731 3885 humiliter,
760 3833 816 3877 et
843 3838 968 3878 cum
994 3824 1321 3879 discretione
1365 3824 1599 3879 alienum
1648 3824 1869 3878 damnet
1897 3839 2022 3893 pec-

438 3919 640 3966 catum.
672 3910 862 3967 Aliena
902 3911 1112 3968 occulta
1138 3912 1483 3983 indagatioue
1510 3913 1689 3983 sagaci
1714 3914 2018 3983 perquirat,

436 4009 492 4057 ct
519 4001 751 4075 inventa,
772 4001 1003 4057 discrete
1037 4010 1198 4072 atque
1223 4002 1533 4058 cautissime
1568 4002 1746 4057 feriat.
1789 4003 2021 4059 Tentato

434 4108 566 4148 vero
590 4093 889 4158 condoleat,
923 4094 1120 4149 timens
1162 4110 1231 4149 ne
1258 4094 1547 4165 aliquando
1584 4103 1824 4150 tentatus
1846 4102 1903 4151 et
1931 4096 2021 4151 ille

436 4183 769 4241 succumbat.
800 4183 999 4239 Audiat
1020 4183 1349 4261 Apostolurq
1364 4185 1670 4241 dicentem:
1724 4184 1785 4241 Si
1817 4202 2019 4257 purae.

435 4282 654 4344 cupatus
681 4274 836 4342 luerit
856 4273 1014 4328 homo
1043 4274 1101 4327 in
1141 4273 1317 4344 aliqua
1351 4274 1562 4340 delicto,
1599 4291 1713 4341 vos,
1751 4276 1841 4346 qui
1866 4276 2022 4346 spiri-

434 4363 565 4419 tales
591 4363 734 4427 estis,
764 4363 1007 4418 instruite
1046 4363 1352 4434 hujusmodi
1378 4365 1433 4420 in
1479 4366 1666 4437 spiritu
1701 4374 2018 4421 mansuetu—

434 4452 614 4507 dinis:
652 4451 991 4506 considerans
1015 4461 1063 4506 te
1086 4453 1281 4523 ipsum,
1311 4471 1374 4509 ne
1396 4463 1446 4510 et
1489 4464 1545 4508 tu
1588 4458 1821 4510 tenteris.
1853 4454 1945 4511 Ac‘
1969 4457 2015 4511 si

434 4543 675 4597 diceret:
718 4540 854 4596 Cum
901 4541 1148 4613 displicet
1183 4558 1249 4598 ex
1294 4543 1469 4598 aliena
1509 4544 1825 4601 inﬁrmitate
1871 4546 2015 4617 quod

433 4632 725 4703 conspicis,
749 4646 915 4701 pensa
939 4633 1082 4703 quod
1104 4648 1184 4687 es.
1221 4633 1288 4687 Et
1311 4642 1580 4689 memento
1605 4635 1747 4704 quod
1778 4636 1976 4689 dicitur
1998 4651 2012 4688 :

432 4720 634 4776 dicitur
662 4720 805 4774 enim
850 4720 1038 4785 abbas,
1067 4720 1120 4775 id
1163 4728 1245 4774 est
1290 4728 1460 4791 pater.
1488 4720 1546 4775 Si
1562 4735 1696 4777 vere
1720 4732 1875 4792 pater
1908 4730 2014 4788 est,

434 4822 620 4864 amore
645 4816 871 4878 paterno
902 4807 1096 4880 diligat
1140 4808 1277 4864 ﬁlios
1306 4825 1454 4876 suos,
1502 4811 1554 4866 id
1591 4820 1677 4866 est
1719 4812 2015 4868 monachos

434 4912 580 4964 suos,
622 4907 675 4954 et
705 4899 863 4955 talem
896 4915 955 4955 se
994 4900 1248 4956 exhibeat
1292 4901 1456 4967 natis,
1504 4910 1564 4955 ut
1594 4910 1806 4959 animetur
1849 4911 1905 4958 et
1945 4904 2016 4958 ti-

434 4997 646 5048 meatur
670 4991 738 5046 ab
777 4991 902 5047 illis.
950 4990 1178 5047 Ametur
1200 5006 1233 5045 a
1256 4991 1435 5057 bonis,
1467 4992 1722 5047 timeatur
1745 5007 1776 5045 a
1806 4993 2007 5062 pravis.

432 5080 492 5139 In
520 5081 814 5150 eademque
841 5097 947 5135 una
976 5082 1187 5139 abbatis
1215 5097 1474 5154 persona,
1501 5090 1556 5139 et
1601 5084 1688 5153 pia
1716 5085 1910 5140 matris
1932 5087 2011 5141 vi-

433 5184 609 5236 scera,
639 5180 696 5225 et
740 5172 987 5227 districta
1030 5174 1203 5247 patris
1247 5173 1410 5229 debet
1437 5174 1614 5230 inesse
1656 5189 1924 5241 censura;
1949 5187 2010 5232 ut

431 5278 573 5335 quos
596 5279 781 5319 amore
807 5264 978 5319 nutrit
1014 5274 1280 5333 materno,
1305 5267 1543 5338 corrigat
1569 5269 1747 5339 rigore
1766 5279 2012 5338 paterno.

434 5359 503 5415 Et
528 5358 726 5427 quibus
760 5357 953 5413 matris
989 5360 1227 5428 augenda
1256 5360 1462 5430 praebet
1493 5361 1683 5427 ubera,
1716 5363 1816 5417 sub
1844 5364 2018 5431 patris

433 5454 616 5503 teneat
645 5445 948 5516 disciplina.
978 5446 1113 5501 Hinc
1138 5447 1330 5503 beatus
1352 5448 1645 5521 Gregorius
1670 5452 1747 5506 ait
1771 5450 2016 5506 :Curan-

430 5539 559 5593 dum
582 5539 777 5609 quippe
800 5545 885 5594 est
926 5547 987 5594 ut
1010 5546 1278 5594 rectorem
1303 5539 1531 5596 subditis
1555 5550 1612 5597 et
1642 5551 1870 5598 matrem
1894 5542 2013 5611 pie-

434 5637 543 5695 tas,
587 5637 645 5684 et
685 5638 893 5699 patrem
933 5629 1191 5685 exhibeat
1223 5628 1505 5701 disciplina
1530 5640 1625 5704 get
1663 5633 1801 5689 tales
1836 5647 1895 5690 se
1919 5633 2012 5705 qui

2132 1828 2350 1892 nando;
2382 1836 2438 1882 et
2484 1826 2608 1883 ideo
2643 1826 2935 1893 laboriosa,
2962 1836 3021 1883 et
3068 1828 3235 1883 ardua
3264 1830 3319 1885 in
3346 1831 3722 1901 gubernando,

2131 1924 2312 1994 gravis
2352 1931 2409 1977 et
2432 1922 2586 1992 pigra
2626 1922 2681 1976 in
2722 1924 3082 1989 emendando,
3110 1933 3165 1977 et
3189 1932 3476 1994 propterea
3503 1927 3724 1995 pericu-

2130 2011 2240 2066 lum
2270 2012 2520 2068 imminet
2545 2013 2689 2068 omni
2719 2014 3092 2085 gubernatori,
3138 2014 3207 2070 de
3240 2015 3331 2070 illa
3362 2016 3416 2070 in
3447 2013 3721 2074 rationem

2130 2102 2424 2156 reddendo.
3458 2106 3469 2115 '

2201 2192 2268 2245 Et
2294 2191 2582 2248 multorum
2610 2195 2803 2249 servire
2827 2195 3079 2251 moribus.
3118 2196 3256 2264 Quia
3309 2212 3490 2252 mores
3533 2198 3721 2252 diver-

2129 2295 2315 2337 sorum
2342 2284 2540 2339 diversi
2572 2294 2699 2340 sunt
2725 2284 3138 2350 monachorum,
3168 2287 3398 2342 diversis
3428 2289 3726 2357 impensio-

2130 2372 2290 2427 nibus
2336 2373 2580 2444 indigent
2627 2390 2908 2438 curarum,
2957 2376 3082 2445 quia
3131 2376 3363 2432 diversis
3407 2378 3724 2435 vulneribus

2127 2464 2341 2518 diversa
2390 2465 2601 2520 medela
2646 2466 3005 2534 impendenda
3038 2475 3123 2523 est
3167 2469 3607 2525 medicaminum.
3652 2470 3725 2527 Et

2129 2553 2250 2608 ideo
2275 2553 2468 2609 beatus
2510 2554 2834 2610 Benedictus
2878 2556 3215 2613 diversorum
3256 2558 3345 2614 hic
3367 2574 3601 2626 morum,
3633 2561 3750 2617 dim

2126 2657 2342 2699 versum
2373 2643 2463 2699 hic
2488 2644 2670 2713 posuit
2690 2646 2987 2702 curationis
3012 2648 3233 2703 modum
3257 2649 3482 2705 dicens:

2200 2733 2266 2789 Et
2309 2734 2475 2791 alium
2502 2737 2710 2808 quidem
2744 2737 3135 2805 blandimentis,
3183 2739 3349 2795 alium
3380 2757 3500 2796 vero
3542 2743 3725 2799 iacre-

2124 2825 2445 2894 pationibus,
2488 2826 2656 2881 alium
2702 2828 3077 2892 suasibnibus;
3120 2838 3172 2883 et
3215 2830 3505 2885 secundum
3536 2834 3724 2888 unius-

2126 2918 2381 2986 cujusque
2399 2916 2729 2986 qualitatem.
2761 2918 2838 2972 vel
2864 2917 3260 2988 intelligentiam
3289 2920 3365 2975 ita
3385 2938 3443 2976 se
3478 2923 3723 2977 cautibus

2128 3005 2435 3075 conformet,
2474 3016 2524 3060 et
2564 3016 2725 3075 aptet.
2773 3007 2831 3062 in
2857 3008 3201 3077 expositione
3248 3010 3410 3079 hujus
3436 3013 3722 3068 sententia

2053 3072 2097 3135 (ἶ
2129 3072 2269 3151 beati
2295 3096 2539 3164 Gregorii
2568 3072 2819 3165 ponenda
2838 3072 2966 3154 sunt
2984 3099 3174 3155 verba.
3204 3100 3297 3155 Ait
3314 3072 3461 3156 enim
3488 3121 3502 3155 :
3531 3102 3723 3158 Scien-

2128 3184 2254 3239 dum
2293 3199 2511 3254 quoqne
2539 3194 2640 3247 est.
2685 3189 2828 3256 quod
2856 3188 3146 3257 aliquando
3182 3190 3552 3260 subiectorum
3582 3195 3719 3250 vitia

2127 3275 2423 3345 prudenter
2451 3276 2837 3334 dissimulanda
2860 3286 3008 3345 sunt,
3033 3281 3127 3336 sed
3149 3282 3274 3350 quia
3301 3282 3721 3341 dissimulantur

2126 3364 2432 3421 indicanda.
2469 3363 2771 3435 Aliquando
2799 3375 2856 3422 et
2883 3377 3069 3437 aperte
3093 3370 3310 3440 cognita
3346 3380 3563 3428 mature
3584 3374 3722 3429 tole-

2126 3457 2313 3513 randa.
2366 3456 2669 3527 Aliquando
2714 3474 2844 3514 vero
2888 3458 3177 3524 subtiliter,
3221 3468 3279 3515 et
3328 3462 3542 3518 occulte
3586 3480 3720 3534 per-

2125 3545 2439 3599 scrutanda.
2482 3544 2784 3616 Aliquando
2827 3542 3023 3603 leniter
3065 3550 3377 3620 arguenda;
3427 3552 3723 3623 aliquando

2126 3645 2307 3692 autem
2347 3638 2697 3693 vehementer
2735 3638 3086 3709 increpando.
3138 3639 3245 3696 Sed
3282 3641 3413 3711 quia
3467 3659 3573 3699 non
3606 3661 3720 3701 una

2125 3725 2419 3796 eademque
2444 3727 2658 3785 cunctis
2682 3729 2988 3784 exhortatio
3010 3732 3273 3803 congruit,
3307 3734 3438 3803 quia
3463 3749 3565 3792 nec
3580 3751 3721 3793 cun-

2125 3823 2243 3871 ctos
2278 3832 2379 3885 par
2406 3832 2621 3873 morum
2650 3818 2885 3886 qualitas
2912 3820 3181 3891 astringit,
3211 3831 3270 3876 et
3301 3823 3428 3879 ideo
3456 3840 3558 3894 pro
3578 3841 3722 3895 qua-

2122 3905 2274 3962 litate
2307 3907 2640 3964 audientium
2667 3907 2891 3964 formari
2919 3910 3078 3964 debet
3112 3925 3293 3971 sermo
3316 3913 3624 3977 doctorum.
3658 3925 3723 3973 ut

2122 4008 2178 4057 et
2215 3999 2280 4054 ad
2308 4014 2405 4055 sua
2452 3999 2678 4070 singulis
2723 4009 3004 4073 congruat,
3047 4009 3104 4056 et
3138 4009 3318 4060 tamen
3344 4019 3375 4059 a
3404 4009 3725 4065 communis

2123 4088 2495 4147 mdiﬁcationis
2512 4098 2629 4147 arte
2651 4107 2925 4161 nunquam
2949 4094 3185 4149 recedat.
3207 4093 3519 4155 Secundum
3535 4099 3724 4156 unius-

2123 4180 2382 4250 cujusque
2427 4197 2558 4251 ergo
2601 4184 2934 4252 qualitatem,
2968 4184 3055 4241 vel
3100 4186 3514 4258 intelligentiam
3547 4191 3630 4246 sic
3656 4206 3722 4247 se

2122 4274 2444 4339 conformet,
2474 4285 2529 4329 et
2554 4284 2704 4346 aptet
2737 4278 2926 4341 abbas,
2952 4278 3169 4347 quando
3193 4294 3317 4337 cum
3357 4295 3557 4352 magno
3596 4298 3723 4338 ma-

2123 4381 2279 4437 gnus.
2310 4372 2513 4419 etcum
2552 4366 2735 4435 parvis
2779 4365 3254 4436 etﬁciturparvus.
3305 4367 3535 4434 Quando
3562 4369 3720 4425 infir-

2040 4426 2095 4486 Β
2121 4426 2223 4510 uiis
2243 4453 2473 4511 eilicitur
2494 4426 2764 4522 iniirmus,
2781 4464 2841 4510 ut
2859 4426 3106 4513 infirmes
3126 4455 3303 4513 salvos
3326 4457 3511 4514 faciat.
3532 4460 3719 4527 Quan-

2119 4547 2189 4602 do
2211 4546 2386 4602 forma
2407 4545 2587 4601 factus
2612 4547 2781 4617 gregi,
2808 4546 3106 4607 humilibus
3133 4547 3459 4604 humilitatis
3476 4551 3721 4605 ostendit

2117 4635 2369 4703 formam,
2390 4645 2446 4693 et
2458 4635 2829 4691 obedientibus
2850 4636 3169 4695 obedientiae
3186 4638 3392 4708 praebet
3409 4640 3715 4709 exemplar.

2121 4726 2379 4783 Similiter
2405 4726 2820 4792 abstinentibus,
2847 4735 2903 4781 et
2927 4726 3293 4798 vigilantibus,
3323 4736 3377 4784 et
3400 4730 3714 4793 orantibus.

2120 4827 2181 4873 et
2203 4817 2456 4873 omnibus
2497 4816 2659 4872 bonis
2703 4816 2997 4871 virtutibus
3040 4817 3252 4872 cunctis
3298 4817 3403 4875 sibi
3449 4819 3717 4887 subiecus

2120 4925 2370 4964 normam
2401 4909 2604 4980 praebet
2629 4909 2838 4965 salutis.
2884 4908 3019 4963 Nam
3060 4918 3118 4963 et
3140 4909 3357 4980 quando
3386 4926 3514 4964 cum
3542 4910 3715 4965 Paulo

2106 5001 2388 5073 veraciter
2407 5002 2538 5059 dicit
2565 5020 2578 5054 :
2610 5000 2745 5066 Quis
2764 5001 3087 5070 inﬁrmatur,
3116 5010 3164 5055 et
3192 5017 3284 5071 ego
3308 5017 3414 5055 non
3437 5003 3717 5070 inﬁrmat:

2113 5092 2228 5162 quis
2248 5088 2662 5156 scandalizatur,
2687 5100 2743 5145 et
2755 5107 2848 5161 ego
2871 5107 2974 5146 non
2994 5107 3122 5145 uror
3148 5089 3233 5163 (II
3256 5088 3381 5144 Cor.
3406 5107 3461 5145 ιι
3490 5091 3535 5161 ),
3565 5101 3617 5147 et
3641 5093 3719 5146 si-

2114 5181 2282 5243 milia,
2331 5181 2412 5235 sic
2466 5196 2526 5236 se
2566 5179 2819 5236 omnibus
2863 5179 3186 5245 conformat,
3215 5187 3270 5234 et
3296 5190 3471 5250 aptat,
3502 5191 3560 5236 et
3582 5180 3716 5235 boni

2116 5271 2350 5342 pastoris
2375 5273 2572 5326 bonam
2599 5269 2831 5326 subditis
2850 5269 3093 5324 ostendit
3121 5270 3370 5325 formam.
3398 5271 3469 5325 Et
3491 5269 3717 5341 quando

2116 5363 2315 5434 gaudet
2341 5366 2465 5423 cu'm
2502 5362 2880 5433 gaudentibus,
2926 5359 3020 5417 flet
3058 5377 3181 5417 cum
3228 5360 3511 5426 ﬂentibus,
3544 5363 3715 5416 mise-

2117 5463 2268 5508 retur
2295 5453 2546 5518 infirmis,
2573 5451 2898 5521 compatitur
2936 5450 3347 5516 tribulantibus,
3375 5452 3717 5507 condescen-

2115 5544 2195 5597 dit
2225 5542 2446 5598 senibus
2481 5548 2537 5596 et
2564 5538 2881 5603 infantibus,
2928 5540 3147 5608 quando
3190 5539 3356 5594 etiam
3403 5549 3588 5595 mente
3627 5539 3718 5592 in-

2115 5633 2300 5690 firmos
2329 5633 2600 5703 patienter
2623 5630 2837 5697 tolerat,
2866 5627 3085 5701 fragiles
3106 5628 3339 5702 benigne
3362 5627 3721 5695 corroborat,
