3960 6206
259 293 363 351 ’141

1291 295 1642 353 COMMENT.
1687 293 1755 348 IN
1789 292 1945 348 RBG.
1990 290 2046 343 S.
2091 287 2474 343 BENEDICTI.

3425 289 3530 344 τις

258 424 317 469 et
351 410 647 469 secundum
692 424 901 464 morum
946 407 1183 464 omnimn
1209 411 1522 479 qualitates,
1564 418 1837 478 etparvn-
1867 415 1911 470 Α
1940 403 2240 456 su':stantia
2290 403 2628 470 incorporea,
2679 409 2733 458 ct
2777 401 3078 462 invisibilis,
3128 409 3294 471 atque
3332 403 3530 472 ignaue

257 507 462 567 lorum,
493 503 606 556 sive
632 501 918 554 stultorum
947 499 1326 571 intelligentias
1352 501 1602 556 omnibus
1625 515 1684 554 se
1704 515 1846 554 com-

255 599 499 668 positum
540 593 747 656 reddat,
773 601 830 646 ct
856 601 1058 661 aptum.

337 685 405 738 Ut
442 700 545 736 non
574 681 744 736 solum
771 683 1078 734 detrimenta
1124 681 1291 751 greg’s
1332 681 1414 734 sui
1457 681 1556 734 sibi
1585 681 1846 733 conmissi

256 795 370 830 non
419 776 694 844 patiatur,
751 774 1088 827 verumetiam
1156 775 1210 827 in
1257 775 1677 842 nugmentatione
1727 772 1846 825 boui

252 868 431 937 gregis
457 865 701 934 gaudent.
755 864 1110 927 Detrimcnta,
1169 865 1382 926 damna,
1429 865 1716 933 jacturam,
1763 864 1846 917 vel

257 955 681 1009 diminutionem
718 955 920 1022 gregis.
948 954 1105 1017 dixit,
1131 969 1290 1021 quam
1329 969 1446 1008 esse
1473 955 1526 1007 in
1555 969 1716 1024 grege
1745 954 1845 1008 sibi

253 1047 554 1100 commisso
589 1045 764 1098 abbas
817 1060 916 1098 nec
951 1046 1081 1114 pati,
1136 1060 1238 1099 nec
1288 1047 1443 1109 velle,
1485 1047 1537 1100 in
1587 1055 1846 1116 quantum

249 1135 428 1197 valet,
468 1150 568 1188 nec
608 1133 723 1186 fleri
757 1133 938 1188 sinere
965 1133 1146 1197 debet,
1172 1135 1264 1189 sed
1294 1137 1464 1205 magis
1491 1136 1543 1189 in
1589 1151 1849 1206 augmen—

257 1225 496 1287 tatione,
528 1224 704 1286 idest,
736 1223 788 1275 in
810 1222 1229 1292 amplificatione
1249 1225 1372 1277 boni
1398 1226 1574 1295 gregis
1597 1226 1844 1294 gaudeat.

253 1313 402 1379 Quia
429 1314 481 1366 in
510 1327 738 1367 numero
777 1312 902 1367 boni
932 1313 1110 1382 gregis
1145 1314 1509 1382 amplificatio,
1546 1315 1627 1369 vel
1660 1315 1714 1369 in
1740 1316 1850 1369 vir-

253 1407 473 1459 tutibus
507 1404 894 1473 augmentatio,
930 1403 1205 1472 profectus
1245 1413 1331 1458 est
1371 1405 1495 1458 boni
1539 1406 1770 1474 pastoris
1795 1415 1848 1460 et

258 1498 542 1554 exaltatio.
599 1496 893 1560 Bonorum,
946 1496 1189 1563 inquam,
1235 1497 1620 1550 monachorum
1669 1497 1850 1550 multi-

257 1589 480 1657 plicatio
525 1587 671 1642 salus
722 1593 806 1640 est
852 1589 1154 1638 animarum
1209 1592 1481 1638 rectorum
1508 1625 1523 1648 ,
1573 1593 1630 1638 et
1676 1586 1849 1639 honor

259 1679 698 1748 gubernantium.
750 1677 1053 1732 Notandum
1107 1677 1233 1746 quia
1290 1677 1344 1730 in
1411 1678 1846 1744 augmentatione

1948 495 2174 562 originis
2201 501 2304 553 est,
2332 493 2453 547 ideo
2500 493 2565 547 ad
2610 491 2904 563 regendum
2933 492 3226 557 laboriosa,
3255 501 3314 547 et
3337 492 3531 550 difﬁci-

1949 585 2031 645 lis,
2061 592 2117 638 et
2149 585 2315 638 ardua
2361 599 2447 637 res
2475 592 2578 638 est.
2610 583 2744 638 Cum
2794 584 2962 637 multo
3009 586 3153 638 enim
3205 585 3406 640 laboris
3446 586 3535 641 itt-

1948 677 2106 746 gcnio
2133 677 2197 730 ad
2225 677 2518 746 puritatem
2554 676 2902 747 cogitationis
2948 676 3064 745 ejus
3107 678 3443 745 pervenitur,
3473 688 3532 733 et

1949 768 2069 821 ideo
2093 783 2215 820 cum
2262 769 2517 821 diuturno
2559 767 2886 823 difﬁcultatis
2930 769 3114 822 labore
3159 770 3367 838 peccati
3415 771 3532 840 ejus

1949 856 2142 911 vulnus
2186 858 2450 911 medetur.
2501 857 2665 912 Multa
2711 858 2853 911 enim
2907 866 3253 928 peccatorum
3308 860 3532 914 vulnera

1947 947 2251 1000 voluntarie
2295 948 2534 1016 suscepit
2579 949 2779 1011 anima,
2811 949 2904 1002 sed
2935 957 2992 1001 ut
3021 960 3257 1013 sanetur,
3301 949 3529 1004 multum

1951 1040 2116 1093 invita
2146 1040 2338 1109 recipit
2366 1040 2711 1094 medicinam.
2747 1039 2878 1092 Nam
2919 1041 2962 1092 si
3007 1041 3242 1094 discr.te
3285 1050 3341 1095 et
3367 1043 3534 1097 ratio-

1949 1127 2198 1181 nabiliter
2224 1129 2508 1183 animabus
2536 1129 2835 1183 vulneratis
2858 1130 3122 1198 spiritalia
3171 1131 3532 1186 medicamina

1949 1217 2017 1271 ab
2060 1219 2252 1272 abbate
2287 1217 2487 1273 fuerint
2534 1220 2861 1285 ministrata,
2901 1228 2956 1274 et
2985 1221 3075 1274 ille
3120 1222 3532 1277 animast-mede-

1948 1311 2076 1374 lam,
2105 1319 2161 1363 et
2192 1311 2279 1366 ille
2307 1326 2334 1363 a
2366 1311 2476 1365 Deo
2521 1313 2712 1380 recipit
2749 1315 2998 1382 gratiam.
3031 1313 3106 1366 Ac
3147 1328 3298 1377 vero,
3331 1315 3376 1368 si
3409 1316 3529 1368 ani-

1948 1402 2140 1454 mabus
2163 1401 2388 1455 infirmis
2431 1404 2692 1471 spiritalia
2724 1405 3078 1458 medicamina
3110 1405 3406 1473 neglexerit
3431 1408 3534 1460 mi-

1949 1492 2197 1555 nistrare,
2242 1493 2307 1546 de
2351 1493 2602 1547 omnibus
2651 1494 2752 1547 sibi
2800 1495 3028 1548 subditis
3064 1504 3288 1563 cogetur
3329 1510 3532 1563 ponere

1949 1581 2231 1634 rationem.

2018 1669 2086 1721 Et
2118 1686 2178 1722 ne
2205 1680 2449 1723 causatur
2475 1670 2539 1722 de
2569 1671 2770 1724 minore
2793 1671 2926 1739 forte
2951 1673 3263 1728 substantia.
3301 1674 3378 1730 Ne
3401 1691 3531 1731 cau-

261 1768 396 1821 boni
427 1783 532 1821 non
580 1767 706 1820 mali
746 1767 924 1836 gregis
970 1766 1219 1834 gaudium
1255 1765 1394 1818 dixit
1419 1780 1539 1820 esse
1584 1766 1834 1833 pastoris.
1867 1759 1912 1815 Β
1941 1767 2104 1820 setur,
2137 1759 2286 1822 dicit,
2321 1759 2369 1811 id
2403 1767 2507 1824 est,
2540 1775 2606 1812 ne
2626 1760 2950 1827 quereletur.
2977 1760 3242 1814 Causatur
3269 1764 3412 1816 enim
3439 1765 3530 1833 qui

264 1860 528 1912 Malorum
558 1860 701 1913 enim
744 1858 1134 1928 multiplicatio,
1172 1859 1434 1912 honorum
1488 1851 1568 1913 est
1621 1858 1842 1912 tribula-

263 1950 361 2002 tio.
396 1949 562 2018 Magis
598 1964 726 2019 ergo
771 1949 1153 2002 detrimentum
1199 1947 1331 2002 facit
1370 1963 1556 2002 eorum
1589 1948 1844 2015 multipli-

261 2038 429 2101 catio,
478 2053 639 2106 quam
685 2037 987 2090 diminutio.
1045 2035 1111 2089 Et
1158 2037 1326 2104 magis
1369 2036 1533 2105 justis
1581 2044 1844 2105 generant

264 2129 448 2198 injusri
480 2129 680 2182 luctum
710 2144 868 2197 quam
900 2127 1171 2198 gaudium.
1212 2128 1655 2197 Multiplicatione
1697 2128 1842 2182 enim

264 2221 528 2274 malorum
582 2218 886 2271 infirmatur
939 2218 1288 2288 congregatio
1343 2219 1658 2283 bonorum;
1714 2225 1767 2270 et
1813 2232 1844 2270 e

262 2311 560 2372 contrario,
605 2309 1039 2377 augmentatione
1076 2311 1336 2362 bonorum
1367 2307 1673 2363 infirmatur
1716 2322 1846 2362 eon-

263 2411 462 2454 ventus
490 2398 863 2468 malignorum.
912 2398 978 2450 Et
1018 2398 1348 2465 profectibus
1393 2399 1654 2452 virtutum
1693 2399 1846 2453 forti-

267 2493 401 2546 tudo
429 2491 738 2546 debilitatur
773 2491 1046 2543 vitiorum.

341 2582 475 2636 Ante
511 2584 705 2644 omnia,
737 2598 800 2634 ne
824 2581 1180 2642 dissimulans,
1230 2591 1320 2633 aut
1353 2581 1724 2650 parvipcndens
1762 2597 1849 2634 sa-

268 2671 431 2724 lutem
464 2670 757 2723 animarum
789 2669 886 2722 sibi
936 2671 1351 2732 commissarum,
1399 2687 1501 2724 non
1546 2670 1663 2740 plus
1699 2682 1845 2740 gerat

267 2760 675 2816 sollicitudinem
701 2760 764 2812 de
794 2759 941 2812 rebus
987 2759 1304 2812 trunsitoriis
1333 2769 1380 2812 et
1418 2762 1654 2824 terrenis,
1696 2771 1850 2830 atque

269 2850 534 2905 caducis?
562 2849 676 2903 Non
707 2850 851 2902 enim
891 2850 1049 2903 debet
1084 2850 1250 2903 abbas
1273 2851 1634 2910 dissimulare.
1669 2851 1846 2912 idest,
1894 2886 1900 2892 -

270 2941 483 2995 nescire
507 2956 565 2994 se
607 2940 807 3010 fingere
838 2956 971 3002 rem,
997 2941 1063 2992 de
1091 2957 1196 3008 qua
1241 2941 1292 2993 in
1321 2942 1566 2993 districto
1603 2941 1849 2995 examine

273 3031 538 3084 rationem
569 3030 727 3084 debet
757 3030 985 3084 Domino
1035 3031 1294 3092 reddere;
1346 3045 1517 3098 neque
1563 3031 1846 3098 parvipen-

273 3121 404 3173 dere
447 3120 606 3174 debet
648 3119 876 3173 salutem
931 3119 1316 3172 monachorum
1369 3136 1608 3183 suorum,
1653 3130 1707 3172 et
1757 3135 1854 3188 pro

273 3224 472 3278 magno
509 3210 819 3262 existimare
842 3224 1025 3262 curam
1055 3223 1234 3262 rerum
1266 3217 1596 3262 terrenarum
1624 3227 1636 3270 ;
1682 3225 1854 3278 neque

278 3297 462 3351 minus
488 3312 679 3352 curare
717 3296 877 3351 debet
905 3297 970 3350 de
1005 3296 1176 3350 salute
1219 3299 1521 3351 animarmn
1570 3299 1671 3352 sibi
1700 3315 1852 3353 com-

282 3390 589 3452 missarum,
637 3397 691 3442 et
731 3388 848 3456 plus
887 3402 1074 3458 gerere
1119 3404 1304 3442 curam
1343 3389 1406 3442 de
1441 3390 1740 3442 substantia
1773 3405 1856 3442 rc-

279 3494 424 3531 rum.
467 3475 597 3530 Plus
619 3487 690 3540 est
720 3479 879 3541 enim,
907 3477 984 3530 ait
1007 3479 1278 3540 Dominus,
1309 3479 1506 3540 anima,
1533 3493 1688 3547 quam
1714 3494 1850 3530 esca.

283 3567 420 3622 Nam
444 3568 672 3623 sollicite
694 3569 759 3622 de
787 3569 948 3622 rebus
987 3568 1218 3622 terrenis
1241 3583 1425 3621 curam
1465 3582 1669 3637 gerere,
1701 3577 1756 3620 et
1789 3569 1855 3620 de

281 3659 566 3712 animabus
589 3675 694 3713 non
718 3674 933 3723 curare,
960 3675 1068 3712 non
1105 3667 1184 3712 est
1214 3659 1494 3712 consilium
1521 3659 1731 3722 salutis,
1761 3659 1854 3711 sed

281 3749 488 3802 mortis.
516 3748 622 3802 Pro
649 3764 842 3819 magno
879 3750 1077 3804 habere
1103 3765 1212 3802 rem
1245 3749 1633 3811 transitoriam,
1665 3757 1719 3802 et
1749 3757 1831 3800 ter

280 3853 464 3891 renum
489 3847 649 3906 atque
672 3840 948 3901 caducam,
967 3847 1020 3891 ct
1043 3839 1428 3908 parvipcndcre
1452 3847 1854 3906 permanentem

281 3937 338 3983 et
361 3937 643 3992 aeternam,
670 3943 775 3981 non
807 3936 888 3981 est
913 3928 1196 3981 consilium
1246 3927 1457 3991 salutis,
1505 3927 1598 3981 sed
1627 3927 1854 3980 stultitia

278 4022 616 4091 perditionis.
641 4021 1035 4090 Parvipendere
1071 4021 1214 4074 enim
1245 4021 1441 4074 dicitur
1467 4036 1688 4088 parvum
1715 4020 1856 4073 {esti-

282 4127 452 4176 mare,
499 4113 582 4167 vel
635 4112 964 4181 contemptui
1017 4111 1238 4176 habere,
1292 4111 1404 4163 sive
1452 4111 1614 4163 etiam
1659 4111 1854 4178 aliquid

282 4224 536 4278 magnum
580 4209 760 4262 animo
799 4206 1030 4275 superbo
1055 4205 1348 4273 despicere.
1379 4204 1621 4257 Pendere
1659 4203 1858 4256 dicitur

279 4301 426 4353 enim
453 4298 742 4352 :estimare.
767 4297 870 4362 Qui
893 4296 1038 4349 enim
1063 4295 1264 4363 aliquid
1295 4309 1352 4347 se
1375 4307 1494 4347 esse
1525 4293 1852 4354 considerat,

281 4399 340 4444 et
360 4390 523 4444 alium
546 4390 868 4458 despiciens,
901 4396 994 4442 aut
1019 4403 1264 4458 parvum,
1295 4395 1388 4440 aut
1408 4386 1540 4440 nihil
1561 4387 1853 4447 existimat,

1942 1851 2272 1918 querelatur.
2295 1850 2360 1902 Et
2383 1849 2471 1918 qui
2494 1864 2591 1917 pro
2609 1858 2918 1918 paupertate
2939 1849 3266 1904 caduearum
3291 1869 3532 1906 murmu-

1944 1951 2028 1995 rat
2063 1957 2262 2006 rerum,
2292 1942 2544 2008 injustam
2575 1941 2848 2009 querelam
2874 1942 3092 2010 deponit
3126 1952 3313 1997 contra
3350 1945 3532 1998 Domi-

1943 2049 2091 2086 num.
2117 2032 2393 2095 Nesciens,
2417 2027 2704 2100 quia'sicut
2723 2032 2777 2083 in
2799 2033 3002 2084 camino
3019 2033 3155 2101 ignis
3175 2031 3424 2102 probatur
3436 2049 3533 2085 au-

1946 2138 2060 2175 rum
2085 2119 2262 2190 (Prov.
2295 2123 2426 2187 xrn)
2451 2161 2465 2186 ,
2496 2121 2569 2174 ita
2590 2120 2641 2174 in
2667 2122 2997 2190 paupertatis
3028 2121 3246 2175 fornace
3274 2124 3533 2192 probatur

1945 2211 2053 2263 vita
2077 2210 2480 2271 monachorum.
2512 2209 2586 2262 De
2609 2211 2802 2263 minori
2837 2211 3136 2264 substantia
3161 2210 3314 2274 dicit,
3341 2211 3392 2264 id
3415 2221 3521 2276 est,

1945 2299 2011 2352 de
2040 2300 2310 2368 paucitate
2355 2314 2537 2353 rerum
2585 2309 2940 2353 terrenarum.
2995 2299 3305 2354 Substantia
3346 2310 3527 2356 autem

1946 2389 2034 2442 hic
2063 2390 2283 2442 abusive
2306 2403 2404 2458 pro
2428 2389 2660 2442 terrenis
2682 2390 2860 2458 posuit
2885 2390 3066 2443 rebus.
3109 2389 3242 2444 Nam
3269 2392 3525 2445 substan—

1949 2480 2019 2532 tia
2047 2481 2114 2533 ab
2151 2491 2216 2534 eo
2257 2481 2474 2549 proprie
2515 2480 2728 2544 dicitur,
2777 2481 2919 2548 quod
2955 2481 3132 2534 omnis
3180 2495 3269 2533 res
3313 2482 3381 2536 ab
3418 2481 3533 2550 ipsa

1949 2571 2222 2624 subsistat.
2257 2571 2347 2624 Cui
2391 2572 2573 2625 insunt
2599 2580 2746 2634 octo,
2803 2571 2854 2624 id
2890 2578 2994 2634 est,
3027 2571 3317 2639 quantitas,
3348 2574 3532 2642 cogni-

1948 2663 2043 2726 tio,
2081 2663 2237 2727 situs,
2266 2663 2499 2726 habitus,
2546 2663 2570 2716 f
2584 2679 2742 2726 :cere,
2778 2664 2906 2731 pati,
2940 2661 3052 2726 ubi,
3079 2663 3294 2732 quando
3321 2679 3334 2716 :
3366 2676 3529 2730 quam

1948 2753 2116 2807 Graeci
2145 2755 2316 2807 usiam
2349 2761 2560 2807 vocant.

2019 2840 2315 2895 Mcminerit
2338 2844 2609 2911 scriptum,
2629 2839 2868 2894 Primum
2892 2843 3108 2912 quwrite
3129 2859 3343 2912 regnum
3367 2840 3468 2895 Dei
3485 2851 3534 2897 et

1946 2931 2201 3002 justitiam
2232 2934 2368 3002 ejus,
2412 2942 2459 2986 et
2489 2933 2597 2985 lucc
2623 2933 2797 2985 omnia
2818 2933 3135 3001 adjiciantur
3155 2932 3294 2984 vobis
3318 2931 3532 3002 (Matth.

1951 3023 2045 3093 vr).
2096 3025 2339 3077 Primum
2380 3039 2409 3076 a
2448 3023 2622 3085 nobis,
2674 3023 2722 3076 id
2764 3032 2869 3086 est,
2913 3037 3278 3090 summopere,
3326 3035 3536 3075 summo

1884 3101 1927 3162 C
1963 3115 2158 3177 studio,
2189 3121 2244 3166 et
2273 3123 2383 3167 tota
2410 3115 2590 3168 cordis
2619 3114 2914 3167 intentione
2954 3112 3162 3165 Domini
3190 3111 3538 3180 qumrendum

1962 3214 2045 3258 est
2087 3219 2332 3272 regnum,
2372 3211 2425 3256 et
2457 3205 2536 3258 sic
2587 3206 2654 3257 ab
2702 3203 2790 3257 illo
2822 3203 2977 3256 nobis
3021 3203 3384 3256 necessarium
3410 3215 3538 3272 spe-

1962 3297 2188 3350 randum
2239 3305 2321 3350 est
2369 3304 2642 3349 terremnn
2688 3295 3008 3348 subsidium.
3057 3293 3295 3347 Primum
3323 3310 3350 3347 a
3379 3293 3540 3347 nobis

1961 3388 2248 3456 quzercnda
2285 3386 2401 3455 ejus
2443 3385 2654 3452 justitia
2682 3394 2736 3439 et
2773 3395 2894 3454 post
2942 3386 3010 3439 ab
3045 3385 3134 3438 illo
3161 3385 3314 3438 nobis
3354 3399 3540 3438 neces-

1961 3481 2101 3532 saria
2132 3479 2396 3548 speranda
2443 3486 2525 3529 est
2574 3487 2785 3530 terrena
2841 3476 3166 3529 substantia.
3221 3475 3263 3526 A
3311 3475 3540 3528 Domino

1962 3570 2102 3622 enim
2136 3568 2484 3636 qumrcndum
2530 3576 2613 3620 est
2660 3575 2714 3619 ct
2757 3582 2981 3635 regnum
3027 3573 3305 3626 attentum,
3357 3573 3410 3618 et
3438 3575 3542 3618 ter-

1963 3675 2148 3712 renum
2201 3656 2517 3712 subsidium.
2574 3657 2703 3710 lllud
2751 3657 2900 3725 quasi
2952 3669 3270 3726 permanens
3315 3655 3538 3720 bonum,

1963 3753 2102 3806 istud
2134 3751 2285 3819 (ptasi
2337 3751 2745 3813 transitorium;
2796 3750 2890 3803 sed
2941 3757 3122 3802 tamen
3162 3748 3214 3800 in
3254 3748 3339 3801 via
3381 3748 3541 3817 hujus

1964 3843 2085 3896 vita:
2135 3843 2518 3895 necessaritm.
2576 3841 2651 3894 De
2700 3841 2802 3894 hac
2853 3841 2996 3894 enim
3047 3839 3314 3893 sententia
3350 3840 3542 3893 beatus

1961 3932 2310 3998 Augustinus,
2362 3931 2480 3984 ait:
2521 3931 2658 3995 Quid
2712 3930 2925 3984 intersit
2971 3931 3112 3982 inter
3151 3930 3348 3983 bonum
3396 3929 3539 3998 quod

1963 4023 2321 4091 appetendum
2372 4030 2477 4084 est,
2530 4029 2585 4072 ct
2621 4019 2984 4073 necessarium
3034 4021 3176 4088 quod
3223 4020 3539 4073 sumendum

1962 4121 2063 4165 est.
2100 4112 2247 4164 lianc
2271 4110 2596 4164 sententiam
2639 4108 2954 4172 declaravit,
2995 4125 3114 4161 cum
3152 4110 3267 4162 ait:
3313 4108 3541 4172 Quwrile

1961 4201 2186 4270 primum
2231 4215 2446 4268 regnum
2494 4197 2608 4262 Dei,
2654 4207 2709 4251 et
2739 4198 2963 4267 reliqua.
3003 4198 3245 4265 Regnum
3288 4213 3436 4268 ergo,
3487 4206 3544 4251 et

1959 4272 2221 4360 justitiam
2255 4289 2348 4341 Dei
2396 4290 2595 4342 bonum
2641 4295 2884 4340 nostrum
2908 4296 3010 4352 est,
3062 4296 3114 4342 et
3151 4288 3253 4340 hoc
3282 4297 3540 4356 appeten-

1964 4384 2112 4440 dum.
2141 4391 2194 4435 ct
2234 4383 2303 4435 ibi
2339 4381 2459 4435 finis
2494 4382 2919 4442 constituendus,
2948 4389 3168 4450 propter
3193 4381 3332 4448 quod
3359 4381 3539 4432 omnia

282 4480 632 4550 parvipendit
657 4481 708 4532 in
745 4479 869 4543 alio,
897 4478 1037 4547 quod
1072 4479 1124 4532 in
1167 4494 1225 4532 se
1255 4478 1556 4532 considerat
1594 4491 1713 4531 esse
1745 4493 1850 4529 ma-
1886 4453 1936 4508 ἶ)
1965 4474 2213 4536 facimus,
2243 4486 2576 4542 quaecunque
2620 4471 2867 4526 facimus.
2911 4471 3014 4525 Sed
3041 4471 3164 4538 quia
3211 4471 3263 4524 in
3309 4471 3407 4523 hac
3433 4471 3539 4523 vita

281 4586 468 4643 gnum.
527 4570 774 4623 Nonnulli
819 4570 996 4632 obliti,
1053 4571 1195 4639 quod
1248 4569 1506 4622 fratribus
1559 4568 1860 4620 animarum

282 4675 449 4716 causa
485 4668 609 4712 sunt
641 4658 867 4727 praelati,
899 4666 1012 4711 toto
1053 4657 1233 4710 cordis
1278 4657 1469 4710 annisu
1515 4655 1862 4708 sa‘cularilms

284 4754 448 4807 rebus
474 4751 788 4804 inserviunt.
824 4750 915 4803 llic
943 4765 1064 4804 cum
1089 4751 1306 4811 adsunt,
1343 4748 1649 4807 exsultant:
1679 4748 1742 4800 ad
1768 4750 1864 4800 has

286 4845 475 4905 etiam,
508 4858 629 4896 cum
655 4841 868 4903 desunt,
899 4842 1088 4894 diebus
1109 4856 1171 4894 ac
1204 4840 1453 4892 not-tibus
1480 4838 1860 4906 cogitationum

285 4932 508 4986 aestibus
533 4931 805 4985 anhelant.
837 4929 970 4983 Nam
997 4938 1055 4983 ut
1077 4931 1213 4983 ratio
1237 4937 1381 4981 recta
1403 4928 1656 4996 postulat,
1687 4928 1863 4980 minus

287 5026 354 5078 de
402 5024 744 5086 transitoriis,
791 5030 846 5076 ct
874 5022 992 5091 plus
1023 5037 1215 5076 curare
1243 5021 1500 5074 debemus
1530 5021 1593 5073 de
1631 5020 1679 5072 in
1708 5028 1863 5072 teter-

288 5134 417 5169 nutn
451 5117 736 5170 mansuris.
769 5115 942 5169 Minus
972 5117 1037 5169 de
1087 5115 1335 5176 terrenis,
1366 5114 1485 5184 plus
1514 5112 1579 5164 de
1621 5111 1860 5165 (-mlesti—

294 5208 433 5269 bus;
471 5207 647 5260 minus
673 5207 739 5260 de
781 5206 1018 5267 caducis,
1065 5212 1120 5258 et
1149 5205 1266 5273 plus
1295 5203 1361 5256 de
1393 5202 1731 5255 inattentibus
1762 5201 1864 5252 sul-

289 5296 422 5350 liciti
455 5311 572 5350 esse
597 5295 890 5350 debemus:
941 5296 1065 5363 quia
1112 5310 1217 5348 non
1263 5295 1328 5347 de
1376 5292 1628 5355 terrenis,
1677 5292 1768 5343 sed
1796 5291 1861 5343 de

291 5389 679 5442 Innnaehorum
729 5396 1036 5441 nostrorum
1093 5386 1374 5439 animabus
1430 5383 1694 5436 rationem
1754 5382 1862 5434 Duo

294 5481 550 5534 rrddituri
585 5495 792 5534 sumus.
833 5480 981 5534 Unde
1007 5487 1061 5532 et
1084 5478 1327 5546 sequitur
1352 5494 1364 5530 :

348 5571 470 5648 ,ἅμα
504 5587 705 5642 semper
739 5573 924 5640 cogitet
948 5571 1070 5641 quia
1106 5570 1309 5620 animus
1335 5567 1557 5635 suscepit
1592 5563 1864 5633 regendss,

294 5664 356 5717 ιιε
394 5662 580 5731 quibus
619 5673 667 5716 el.
715 5665 969 5716 rationem
1012 5661 1310 5714 redditurus
1359 5669 1452 5713 est.
1494 5657 1629 5722 Quia
1675 5656 1867 5710 animus

1965 4565 2278 4624 militamus,
2321 4571 2380 4616 ut
2426 4563 2491 4615 ad
2540 4562 2667 4614 Illud
2720 4576 2940 4629 regnum
2979 4561 3375 4629 perveniamus,
3423 4573 3542 4627 qme

1965 4655 2072 4706 vita
2103 4653 2217 4706 sine
2245 4651 2328 4706 his
2359 4651 2680 4705 necessariis
2706 4651 2788 4720 agi
2820 4666 2922 4703 non
2965 4657 3162 4718 potest,
3208 4656 3545 4716 opponentur

1968 4748 2080 4800 lucc
2115 4745 2284 4804 nobis,
2320 4744 2511 4812 inquit.
2544 4742 2649 4795 Sed
2683 4757 2778 4794 vos
2806 4748 3027 4810 regnum
3072 4739 3162 4792 Dei
3192 4747 3241 4792 el
3275 4739 3541 4808 justitiam

1969 4837 2083 4905 ejus
2105 4836 2337 4903 primum
2380 4833 2623 4902 quzcrite.
2650 4831 2782 4884 Cum
2825 4831 2968 4884 enim
3008 4829 3143 4882 dixit
3179 4828 3433 4896 primum,
3471 4827 3545 4879 si-

1963 4925 2240 4995 gnificavit
2288 4925 2412 4992 quia
2460 4923 2564 4976 hoc
2612 4920 2881 4990 posterius
2918 4917 3262 4988 querendum
3311 4925 3395 4970 est
3434 4932 3541 4971 non

1966 5025 2228 5085 tempore,
2269 5013 2363 5066 sed
2409 5013 2687 5082 dignitate.
2726 5010 2855 5062 lllud
2908 5016 3159 5077 tanquam
3187 5008 3405 5060 ‘bonum
3448 5021 3546 5058 no-

1965 5115 2160 5171 strum,
2191 5109 2292 5160 hoc
2339 5115 2590 5172 tauquam
2646 5101 3010 5155 necessarium
3054 5089 3318 5153 nostrum.
3359 5099 3415 5153 Si
3442 5098 3548 5152 hoc

1968 5198 2330 5252 necessarium
2357 5204 2576 5265 propter
2605 5193 2734 5246 illud
2763 5193 2982 5255 bonum,
3029 5191 3374 5260 quaerendum
3403 5197 3485 5242 est
3514 5201 3547 5241 a

1968 5289 2138 5342 vobis.

2042 5380 2108 5433 Et
2159 5380 2390 5443 iterum:
2444 5373 2592 5426 Nihil
2651 5373 2790 5426 deest
2850 5371 3148 5424 timentibus
3195 5387 3311 5422 eum
3370 5363 3541 5436 (Psal.

1975 5471 2188 5538 xxxiii).
2222 5469 2321 5534 Qui
2377 5467 2519 5518 enim
2571 5465 2735 5517 Deum
2782 5464 2965 5526 habet,
3016 5477 3113 5530 per
3159 5473 3317 5526 quem
3349 5462 3544 5508 cuncta

1973 5572 2150 5616 creata
2184 5568 2328 5620 sunt,
2360 5565 2413 5610 ct
2453 5559 2503 5608 in
2546 5572 2652 5624 quo
2685 5562 2921 5615 manent,
2957 5560 3011 5604 et
3050 5553 3299 5601 constant
3342 5543 3543 5605 omnia,

1977 5652 2106 5706 nihil
2157 5650 2332 5703 minus
2363 5649 2427 5700 de
2479 5646 2704 5714 spiritali
2747 5653 2838 5694 aut
2873 5652 3082 5694 terrena
3131 5642 3305 5703 potest
3349 5633 3552 5686 habere
