3960 6206
380 244 484 302 7ὶό

1655 234 2008 290 SMARAGDI
2046 229 2336 287 ABBATIS

3533 229 3653 287 715

376 359 696 416 substantia.
744 355 942 411 Potens
967 358 1052 409 est
1090 354 1234 407 enim
1268 352 1410 408 Deus
1434 360 1490 406 et
1535 350 1868 421 spiritalibus
1898 359 1953 404 et
1979 352 2029 409 Α
2128 344 2196 398 Et
2224 345 2299 397 ita
2332 357 2532 412 semper
2558 342 2745 395 timeas
2773 341 3008 409 futuram
3038 338 3418 393 discussionem
3443 350 3651 407 pasto-

376 447 683 503 carnalibus
711 444 917 500 deliciis
941 444 1156 512 plenam
1196 444 1399 496 sanctis
1419 440 1534 495 suis
1564 440 1617 493 in
1639 438 1822 493 saeculi
1849 440 1953 492 bu-

378 536 466 608 ius
498 539 713 593 deserto
743 548 937 613 parare
964 547 1226 588 mensam.
1265 531 1368 598 Qui
1400 531 1545 585 enim
1586 538 1740 585 casto
1761 529 1956 583 timore

379 631 535 685 timet
567 628 874 691 Dominum,
923 625 977 680 in
1005 640 1113 694 quo
1152 623 1330 678 omnis
1360 622 1637 692 plenitudo
1665 636 1871 683 rerum,
1899 626 1956 673 et

378 719 532 789 copia
563 724 746 772 manet
770 718 1047 780 virtutum,
1076 714 1210 768 nihil
1240 714 1419 767 minus
1455 702 1660 765 habere
1687 716 1865 780 potest
1889 709 1957 762 de

378 808 679 864 substantia
704 806 1063 877 spiritualium
1091 812 1145 858 et
1173 802 1532 871 corporalium
1557 814 1758 854 rerum.
1811 797 1959 852 Scri-

378 907 529 968 ptum
557 897 753 967 quippe
777 903 893 950 est:
944 893 1168 948 Timenti
1197 893 1364 946 Deum
1396 891 1520 945 bene
1565 891 1663 943 erit
1704 889 1760 942 in
1804 896 1959 941 teter-

383 1004 529 1052 num,
569 995 617 1039 et
650 986 705 1039 in
742 984 923 1038 diebus
968 982 1431 1037 consummationis
1458 978 1602 1033 illius
1631 976 1958 1031 benedicatur

382 1075 554 1148 (Eccl.
586 1074 647 1145 ι).
694 1075 786 1128 Et:
812 1074 914 1138 Qui
955 1074 1136 1126 timent
1188 1071 1492 1133 Dominum,
1536 1074 1874 1138 speraverant
1900 1065 1958 1118 in

381 1166 630 1229 Domino,
694 1163 908 1233 adjumr
961 1178 1141 1217 eorum
1201 1170 1249 1215 et
1318 1168 1579 1231 protector
1643 1172 1823 1212 eorum
1879 1163 1956 1209 est

384 1254 557 1327 (Psal.
580 1252 755 1325 cnu).

458 1345 705 1415 Sciatquc
723 1385 736 1409 ,
768 1344 893 1415 quia
921 1343 1010 1414 qui
1039 1343 1253 1412 suscipit
1279 1343 1483 1396 animos
1512 1341 1763 1411 regendas
1783 1383 1796 1407 ,
1822 1357 1958 1412 prte-

384 1448 532 1507 paret
560 1452 616 1490 se
645 1434 713 1488 ad
741 1436 993 1488 rationem
1033 1432 1371 1487 reddendam.
1406 1432 1509 1498 Qui
1548 1432 1690 1486 enim
1734 1432 1959 1501 suscipit

382 1526 611 1581 aliorum
656 1525 863 1579 animas
899 1523 967 1576 ad
1005 1522 1320 1592 regendum,
1367 1536 1432 1574 ne
1471 1529 1694 1591 cogatur
1738 1523 1805 1576 de
1850 1521 1960 1576 illis

383 1630 506 1672 cum
531 1615 755 1670 Domino
776 1628 974 1683 ponere
996 1612 1260 1667 rationem
1280 1653 1293 1673 ,
1313 1620 1366 1665 ct
1386 1621 1545 1666 rectae
1564 1600 1959 1681 przedicatiouis

2059 438 2131 491 ris
2154 436 2218 490 de
2237 435 2448 489 creditis
2470 434 2669 497 oribus,
2690 448 2808 487 cum
2832 431 2899 486 de
2925 430 3112 484 alienis
3141 431 3434 486 ratiociniis
3457 445 3635 496 cauet,

2058 528 2296 582 redditur
2321 527 2385 580 de
2417 525 2524 579 suis
2560 523 2833 578 sollicitus.
2874 521 3164 576 lnferiores
3202 522 3351 576 enim
3386 531 3665 592 pastores

2057 619 2257 678 summi
2282 618 2557 681 Pastoris,
2590 616 2645 671 id
2674 623 2759 670 est
2792 614 3025 677 Christi,
3055 614 3148 683 qui
3177 614 3345 679 dixit,
3378 614 3489 685 Ego
3518 630 3668 670 sum

2056 719 2238 780 pastor
2278 707 2441 761 bonus
2490 704 2698 777 (Joan.
2732 719 2765 757 κ
2795 703 2845 773 ),
2903 702 3121 757 solliciti
3179 718 3417 781 semper,
3468 712 3528 760 et
3570 707 3671 761 de

2059 802 2170 857 suis
2203 800 2446 863 artibus,
2483 809 2540 853 et
2573 799 2640 853 de
2672 797 2893 853 creditis
2934 797 3126 851 ovibus
3164 796 3403 852 futuram
3444 800 3663 855 timere

2059 896 2256 951 debent
2299 894 2692 949 discussionem
2715 933 2730 955 ,
2782 907 2851 946 ne
2879 892 3095 960 quando
3133 892 3462 963 increpando
3492 894 3661 949 dicat

2058 989 2165 1043 illis
2190 988 2349 1042 Deus.
2383 985 2536 1051 Quod
2563 986 2789 1054 fractum
2815 994 2930 1037 erat
2956 1001 3060 1037 non
3086 984 3348 1055 alligastis
3367 1027 3381 1050 ,
3407 997 3454 1040 et
3492 988 3663 1057 quod

2059 1080 2318 1148 abjectum
2339 1118 2354 1142 ,
2393 1093 2497 1130 non
2530 1075 2810 1129 reduxistis
2849 1073 2867 1145 (
2897 1073 3090 1128 Ezech.
3130 1090 3297 1128 xxxxv
3323 1074 3365 1145 ).
3414 1076 3479 1129 Et
3512 1090 3662 1129 cum

2060 1171 2158 1241 ipsi
2191 1169 2620 1239 limpidissimam
2647 1181 2842 1235 aquam
2874 1164 3159 1230 biberitis,
3190 1166 3450 1236 reliquam
3476 1166 3665 1235 pedi-

2057 1256 2160 1315 bus
2191 1259 2389 1315 vestris
2423 1257 2750 1320 turbabatis,
2781 1267 2836 1310 et
2861 1271 2991 1311 oves
3018 1272 3152 1311 meae
3180 1273 3301 1327 qua:
3328 1258 3663 1312 conculcata

2059 1348 2299 1418 pedibus,
2331 1346 2528 1402 vestris
2586 1344 2799 1400 merant
2850 1345 3174 1416 pascebant,
3217 1353 3273 1401 et
3314 1361 3433 1415 qnze
3468 1348 3667 1415 pedes

2059 1440 2228 1495 vestri
2262 1440 2635 1504 turbaverant,
2674 1439 2791 1492 hzec
2822 1437 3100 1499 bibebant,
3139 1444 3243 1491 etc.
3284 1436 3431 1491 lianc
3456 1447 3665 1491 autem

2060 1530 2443 1600 increpationis
2478 1544 2666 1583 vocem
2707 1528 2934 1583 abbates
2972 1544 3041 1583 ne
3085 1529 3335 1591 audiant,
3373 1537 3425 1584 et
3455 1529 3673 1583 subdi-

2061 1628 2238 1676 torum
2288 1635 2511 1674 suorum
2563 1619 2828 1686 sagaciter
2873 1619 3125 1689 expleant
3174 1635 3363 1683 curas,
3411 1630 3465 1675 et
3509 1636 3671 1674 suas

327 1722 334 1729 '
382 1706 583 1769 νει·ιῦος
613 1712 666 1758 ει
693 1703 956 1757 bonorum
985 1717 1209 1772 operum
1238 1717 1335 1756 €05
1359 1702 1552 1755 ἀοοθτθ
1580 1701 1744 1756 debel
1769 1715 1955 1754 εκθιιι-
1984 1706 2030 1763 Β
2057 1715 2350 1785 prudenter
2392 1728 2553 1785 agere
2589 1729 2696 1768 non
2736 1714 3018 1768 desistant.
3054 1714 3123 1769 Et
3158 1715 3236 1769 sic
3276 1715 3329 1769 in
3367 1716 3667 1784 propriam

383 1793 494 1864 plo,
522 1800 787 1862 quatenus
813 1800 868 1845 et
895 1799 1097 1845 aeterno
1117 1790 1285 1860 judici
1316 1790 1530 1859 placere
1558 1790 1696 1845 bene
1721 1791 1957 1844 vivendo

383 1880 625 1945 studeat,
657 1888 711 1933 et
748 1877 1054 1948 exemplum
1082 1877 1236 1932 bonae
1263 1879 1389 1932 vitae
1415 1878 1646 1934 subditis
1674 1879 1917 1947 praebeat
1941 1917 1956 1942 ,

382 1979 440 2027 et
476 1986 541 2025 ea
582 1984 701 2038 quae
741 1968 792 2023 in
838 1968 918 2023 eis
958 1967 1276 2037 corrigenda
1316 1976 1442 2022 sunt
1469 1966 1734 2037 sagaciter
1761 1966 1959 2035 depre-

385 2060 617 2123 hendat,
656 2066 712 2113 et
751 2056 1029 2122 velociter,
1070 2063 1133 2110 ut
1171 2054 1458 2125 praevalet,
1498 2054 1769 2124 corrigat,
1797 2062 1853 2108 et
1892 2052 1961 2108 de

386 2152 492 2207 hoc
521 2147 805 2202 consilium
833 2144 1139 2200 Salomonis
1162 2146 1391 2207 dicentis
1415 2146 1597 2201 audiat
1624 2165 1637 2199 :
1659 2143 1767 2199 Fili
1793 2146 1887 2209 mi,
1912 2144 1959 2199 si

384 2236 722 2310 spoponderis
748 2251 842 2305 pro
871 2235 1037 2289 amico
1068 2244 1191 2299 tuo,
1222 2234 1450 2303 deﬁxisti
1479 2235 1620 2305 apud
1651 2244 1959 2295 extraneum

384 2344 597 2383 manum
613 2322 795 2391 ‘tuam,
819 2335 865 2379 et
888 2324 1160 2395 laqueatus
1182 2341 1236 2378 es
1256 2324 1426 2378 verbis
1448 2326 1553 2377 oris
1576 2324 1652 2377 tui
1666 2362 1682 2388 ,
1707 2332 1757 2376 et
1779 2331 1960 2393 captus

384 2416 611 2487 propriis
640 2414 985 2469 sermonibus.
1016 2410 1132 2469 Fac
1169 2428 1290 2483 ergo
1331 2411 1470 2482 quod
1495 2412 1643 2477 dico,
1671 2410 1749 2479 ﬁli
1776 2410 1880 2475 mi,
1910 2418 1961 2465 et

384 2508 606 2577 teipsum
649 2505 832 2560 libera.
889 2504 1169 2569 Discurre,
1216 2504 1445 2573 festina,
1493 2503 1689 2557 suscita
1732 2502 1957 2556 amicum

386 2602 556 2658 tuum,
580 2601 685 2649 etc.
711 2591 907 2665 (Prov.
932 2608 986 2647 vi
1006 2591 1047 2664 ).
1078 2592 1356 2663 Spondere
1381 2607 1611 2662 namque
1636 2607 1734 2663 pro
1759 2592 1957 2656 amico,

384 2694 473 2743 est
495 2685 726 2740 alienam
753 2685 988 2739 animam
1020 2685 1075 2738 in
1109 2684 1346 2754 periculo
1386 2700 1498 2740 sure
1532 2684 1960 2741 conversationis

385 2775 656 2846 accipere.
695 2775 850 2845 Apud
876 2782 1193 2830 extraneum
1223 2790 1413 2830 manus
1439 2774 1712 2846 deligitur,
1742 2775 1960 2844 quando

386 2865 443 2922 in
464 2864 694 2920 alterius
718 2878 849 2920 cura
877 2878 1032 2920 mens
1058 2863 1273 2934 ligatur.
1300 2863 1626 2934 lllaqueatur
1651 2864 1814 2934 igitur
1838 2878 1963 2920 ver-

386 2956 472 3012 bis
498 2954 610 3011 oris
636 2955 755 3021 sui,
786 2955 913 3010 dum
942 2954 1151 3011 ratione
1177 2954 1582 3024 constringitur,
1609 2969 1678 3009 ne
1707 2952 1823 3022 ejus
1847 2954 1959 3009 vita

2059 1797 2470 1859 sollicitudinem
2524 1802 2769 1858 ferveant
2817 1812 2877 1858 ut
2925 1820 2953 1858 a
3003 1805 3339 1859 subditorum
3392 1806 3661 1861 custodia

2059 1907 2167 1947 non
2214 1893 2490 1947 recedant.
2540 1892 2769 1963 Dignum
2823 1894 3021 1964 quippe
3065 1904 3147 1949 eSt
3190 1904 3252 1950 ut
3281 1897 3334 1950 lii
3364 1898 3450 1965 qui
3500 1913 3671 1968 pm

2060 1990 2187 2037 sunt
2231 1982 2386 2049 aliis,
2434 1982 2621 2037 oculos
2648 1991 2866 2052 apertos
2908 1983 3178 2049 habeant,
3228 1993 3283 2038 et
3336 1985 3458 2040 hinc
3510 1986 3668 2040 inzle

2060 2070 2349 2141 vigilanter
2375 2071 2661 2139 aspiciunt.
2699 2069 2850 2125 Intus
2876 2079 2929 2125 et
2963 2070 3094 2127 foris
3122 2072 3265 2142 pleni
3296 2073 3408 2128 sint
3436 2074 3620 2128 oculis
3641 2116 3665 2139 ,

2060 2168 2123 2215 ut
2171 2149 2395 2215 insidias
2425 2161 2629 2231 antiqui
2672 2176 2703 2215 a
2745 2161 2903 2229 longe
2936 2164 3275 2231 prospiciunt
3328 2165 3538 2230 hostis;
3580 2174 3671 2221 ut

2062 2250 2208 2305 intus
2250 2264 2311 2304 se
2356 2250 2644 2320 diligenter
2677 2251 3017 2315 custodiant,
3065 2251 3197 2307 foris
3235 2261 3296 2307 ut
3336 2254 3455 2308 aliis
3497 2256 3667 2310 bene

2062 2340 2278 2395 vivendi
2312 2339 2616 2409 exemplum
2652 2342 2945 2410 prurheant.
2978 2342 3047 2396 Et
3076 2344 3389 2411 hormodo,
3419 2346 3547 2400 dum
3576 2348 3672 2403 de

2063 2428 2256 2484 alienis
2294 2429 2594 2484 ratiociniis
2627 2438 2811 2497 cavet,
2848 2431 3092 2487 redditur
3123 2434 3190 2488 de
3226 2435 3339 2490 suis
3376 2435 3668 2493 sollicitus

2063 2519 2263 2584 abbas,
2294 2518 2348 2574 id
2373 2527 2484 2583 est,
2520 2519 2648 2574 dum
2681 2522 2748 2575 de
2780 2521 3118 2577 subditorum
3159 2539 3379 2579 suorum
3415 2526 3671 2581 ratioci-

2062 2610 2171 2666 niis
2197 2619 2384 2676 cavet,
2413 2610 2639 2681 Domino
2664 2612 2841 2667 reddit
2868 2614 3129 2669 rationem
3154 2632 3169 2681 ;
3198 2617 3449 2683 redditur,
3476 2617 3532 2672 id
3559 2627 3671 2674 est

2064 2698 2156 2763 fit,
2195 2700 2260 2753 de
2295 2701 2438 2765 suis,
2480 2699 2800 2754 subauditur
2835 2703 3144 2759 ratiociniis
3175 2704 3447 2760 sollicitus.
3477 2705 3673 2764 Solli-

2064 2789 2172 2844 cite
2204 2789 2351 2845 enim
2385 2788 2606 2859 cOgitet,
2642 2790 2769 2858 quia
2806 2799 2861 2846 et
2892 2792 2958 2846 de
2994 2793 3107 2847 suis
3163 2794 3373 2850 actibus
3410 2796 3549 2851 sicut
3585 2806 3672 2856 et

2064 2875 2133 2932 de
2158 2876 2343 2932 ovium
2369 2892 2589 2932 suarum
2616 2876 2883 2933 rationem
2909 2877 2964 2932 in
2992 2882 3273 2937 tremendo
3299 2882 3499 2952 judicio
3520 2886 3671 2939 sed.

2065 2966 2279 3021 diturus
2311 2974 2398 3022 est
2427 2966 2676 3022 Domino.
2709 2966 2857 3023 inter
2886 2969 3152 3024 rationem
3188 2980 3243 3026 et
3274 2974 3671 3030 ratiocinatio-

386 3044 454 3100 ad
477 3046 623 3101 aliud
650 3060 812 3116 quam
841 3045 1095 3100 admouet
1120 3045 1409 3100 relaxetur.
1434 3044 1588 3101 Unde
1608 3046 1749 3115 apud
1775 3046 1959 3101 distri-
1986 3050 2032 3112 C
2064 3068 2188 3108 nem
2218 3055 2294 3109 ita
2325 3055 2681 3127 distinguunt.
2715 3056 2874 3111 Ratio
2900 3058 3043 3112 enim
3073 3069 3252 3116 motus
3294 3063 3507 3132 quidam
3550 3075 3664 3119 cst

386 3144 535 3191 ctum
574 3134 813 3202 iudicem
857 3135 1067 3204 cogitur
1130 3142 1276 3188 tanta
1322 3135 1376 3190 in
1417 3148 1580 3204 Opere
1646 3134 1959 3200 exsolvere.

386 3231 589 3294 quanta
622 3237 745 3278 eum
783 3231 998 3279 constat
1026 3224 1147 3279 aliis
1170 3239 1304 3279 voce
1331 3226 1672 3296 praecepisse.
1704 3225 1961 3297 Quisquis

388 3314 531 3371 cnim
559 3315 626 3368 ad
652 3312 937 3369 vivendum
966 3312 1087 3368 aliis
1116 3312 1170 3367 in
1198 3312 1444 3384 exemplo
1472 3315 1821 3386 praeponitur,
1853 3330 1962 3371 non

389 3405 560 3463 solum
583 3414 643 3460 ut
665 3405 778 3476 ipse
800 3405 940 3459 bene
967 3404 1193 3460 vivendo
1211 3405 1425 3474 vigilet,
1450 3404 1544 3460 sed
1564 3406 1727 3461 etiam
1746 3415 1806 3459 ut
1828 3406 1965 3460 διιιί-

390 3511 509 3551 cum
532 3493 872 3566 praedicando
895 3493 1118 3548 suscitet
1138 3493 1475 3548 admonetur.
1503 3492 1714 3548 Etenim
1738 3494 1964 3564 vigilare

388 3589 523 3642 bene
550 3586 781 3641 vivendo
807 3601 911 3640 non
941 3583 1166 3653 suﬁicit,
1199 3585 1242 3640 si
1274 3601 1382 3640 non
1411 3593 1466 3639 et
1494 3586 1641 3640 illum
1663 3625 1678 3650 ,
1709 3584 1795 3641 cui
1825 3601 1964 3656 prur-

388 3688 505 3741 est,
532 3693 562 3731 a
591 3676 799 3746 peccati
838 3692 1065 3747 corpore
1100 3678 1380 3748 disiungit.
1419 3677 1560 3748 Ergo
1592 3678 1672 3734 sic
1706 3679 1875 3734 abbas
1906 3690 1964 3734 et

391 3782 451 3823 se
480 3765 830 3822 custodiendo
854 3773 911 3821 et
934 3766 1069 3822 alios
1093 3767 1402 3821 suscitando
1427 3767 1600 3830 vivat,
1630 3775 1818 3825 utnon
1848 3782 1965 3837 poe-

393 3853 568 3910 nalem
607 3852 833 3909 Domino
868 3853 1132 3909 rationem
1170 3854 1391 3921 reddat,
1428 3854 1523 3910 sed
1566 3856 1635 3910 ab
1677 3856 1770 3912 illo
1811 3857 1965 3913 lactus

391 3942 613 4014 prmmia
640 3950 843 3998 aeterna
876 3943 1115 4015 recipiat.

461 4029 531 4086 Et
558 4040 809 4102 quantum
837 4030 932 4086 sub
962 4048 1091 4087 cura
1111 4049 1212 4088 sua
1234 4032 1460 4103 fratrum
1485 4051 1539 4089 se
1563 4034 1755 4093 habere
1786 4037 1963 4091 scierit

392 4136 663 4176 numerum
681 4160 696 4185 ,
720 4130 966 4191 agnoscat
989 4138 1082 4192 pro
1107 4132 1244 4177 certo
1287 4123 1412 4194 quia
1434 4124 1490 4178 in
1510 4117 1805 4195 die'judicii
1829 4127 1967 4196 ipsa-

390 4226 509 4265 rum
555 4210 786 4265 omnium
828 4211 1125 4265 animarum
1160 4213 1459 4268 redditurus
1496 4225 1572 4269 est
1608 4215 1838 4271 Domino
1876 4231 1967 4272 ra—

388 4302 581 4356 tionem
602 4339 617 4364 ,
648 4300 759 4359 sine
784 4298 941 4353 dubio
967 4300 1149 4355 addita
1175 4310 1224 4355 et
1248 4319 1361 4357 sua:
1404 4304 1616 4359 animat.
1656 4305 1965 4362 Secundum

393 4389 775 4442 monachorum
801 4404 1018 4444 suorum
1042 4390 1250 4446 numeri
1271 4392 1628 4458 quantitatem
1656 4394 1962 4451 redditurus
1987 4388 2040 4446 D

391 4483 476 4531 est
503 4477 669 4532 abbas
699 4477 750 4529 in
784 4479 1060 4532 tremendo
1088 4479 1299 4535 Domini
1319 4479 1523 4549 judicio
1563 4484 1851 4539 rationem.
1896 4485 1962 4539 Et

394 4565 440 4618 si
466 4580 590 4619 eum
622 4564 769 4633 justa
799 4567 1088 4620 salvaverit
1115 4569 1284 4635 ratio,
1315 4577 1369 4626 et
1396 4569 1584 4626 salutis
1611 4573 1845 4641 propriae
1868 4613 1882 4637 ,
1910 4580 1966 4627 et

392 4652 620 4707 fratrum
644 4654 1048 4725 gubernationis
1078 4657 1306 4727 accipiet
1327 4660 1628 4728 praemium.
1660 4660 1755 4715 Sin
1783 4676 1963 4718 autem

391 4757 515 4795 eum
544 4742 723 4812 iniqua
754 4744 969 4814 propria
996 4753 1145 4810 acta,
1181 4755 1236 4800 et
1272 4748 1606 4804 subditorum
1639 4751 1961 4821 gubernatio

394 4831 661 4886 damnarit
704 4832 931 4902 injusta,
968 4835 1261 4890 secundum
1304 4837 1565 4893 malorum
1603 4843 1961 4911 quantitatem

394 4920 618 4989 recipiet
645 4922 1060 4980 damnationem.
1091 4923 1243 4980 Sicut
1261 4926 1404 4980 enim
1430 4928 1495 4982 de
1523 4930 1806 4989 animabus
1831 4932 1961 4987 sub-

393 5006 630 5063 ditorum
658 5025 875 5065 suorum
897 5052 912 5077 ,
943 5015 1017 5068 ita
1048 5015 1212 5070 abbas
1241 5024 1296 5070 et
1324 5016 1390 5072 de
1418 5033 1514 5073 sua
1544 5018 1849 5077 redditurus
1880 5032 1965 5078 est

397 5097 624 5154 Domino
650 5100 933 5156 rationem.
972 5104 1038 5159 Et
1067 5107 1186 5162 ideo
1219 5118 1273 5163 et
1307 5107 1518 5163 illorum
1556 5117 1612 5165 et
1645 5125 1798 5166 suam
1828 5113 1965 5184 vigi-

397 5188 571 5244 lanter
606 5199 662 5243 ct
691 5193 911 5259 provide
943 5194 1101 5250 debet
1140 5213 1330 5268 gerere
1375 5215 1589 5262 curam,
1626 5210 1681 5255 et
1730 5218 1829 5257 nec
1861 5220 1959 5275 pro

395 5276 609 5332 illorum
642 5294 820 5343 suam,
862 5294 961 5335 nec
996 5298 1092 5351 pro
1126 5300 1223 5338 sua
1251 5303 1465 5341 morum
1506 5289 1663 5344 debet
1692 5292 1964 5364 negligere

393 5372 582 5425 vitam.
614 5372 813 5426 Teneat
844 5388 1063 5429 necesse
1094 5386 1176 5431 est
1210 5381 1378 5434 abbas
1413 5386 1652 5438 exterius
1690 5383 1833 5454 quod
1865 5402 1964 5455 pro

398 5459 610 5514 illorum
647 5460 875 5518 utilitate
911 5465 1184 5535 suscepit;
1215 5479 1397 5525 servet
1426 5471 1650 5530 interius
1679 5477 1820 5544 quod
1855 5478 1962 5535 Do-

399 5553 544 5607 mino
571 5568 667 5625 pro
694 5569 788 5610 sua
820 5553 990 5610 salute
1018 5558 1283 5627 promisit.

2062 3144 2227 3198 animi
2263 3159 2390 3199 vera
2427 3160 2457 3199 a
2494 3144 2645 3201 falsis
2678 3145 3009 3202 discernens.
3049 3148 3410 3208 Ratiocinatio
3453 3163 3661 3210 autem

2063 3232 2401 3289 rationabilis
2438 3241 2524 3290 est
2571 3233 2670 3307 [et]
2710 3236 2925 3291 subtilis
2964 3236 3276 3308 disputatio.
3307 3241 3471 3308 Quam
3500 3243 3667 3301 bene

2062 3330 2220 3378 cavet
2260 3322 2350 3378 ille
2385 3339 2507 3379 cum
2538 3325 2768 3381 Domino
2812 3340 3015 3397 ponere
3045 3330 3307 3385 rationem
3329 3373 3342 3396 ,
3367 3333 3454 3401 qui
3492 3343 3553 3388 et
3586 3350 3669 3392 se

2062 3415 2334 3471 custodire
2359 3422 2414 3471 et
2439 3418 2682 3473 subditos
2708 3419 2847 3473 bene
2874 3434 3063 3491 regere
3080 3420 3227 3489 juste
3255 3426 3419 3478 norit.

2136 3503 2202 3559 Et
2237 3523 2357 3560 cum
2387 3507 2452 3562 de
2479 3507 2919 3564 admonitionibus
2946 3512 3057 3565 suis
3086 3514 3493 3568 emendationem
3523 3517 3669 3572 alii:

2061 3596 2462 3663 subministrat,
2507 3600 2618 3669 ipse
2657 3601 2881 3670 eﬁicitur‘
2925 3620 2958 3655 a
3008 3603 3146 3658 vitiis
3180 3607 3498 3662 emendatus.
3554 3610 3666 3666 Di-

2063 3702 2227 3758 gnum
2259 3688 2415 3743 valde
2457 3698 2541 3744 est
2582 3698 2642 3743 ut
2680 3691 2774 3761 qui
2816 3692 2937 3747 aliis
2962 3709 3154 3763 panem
3181 3698 3308 3752 vita:
3336 3699 3616 3757 ministrat
3638 3744 3663 3773 ,

2064 3775 2180 3845 ipse
2207 3775 2349 3831 fame
2376 3792 2483 3833 non
2510 3788 2716 3847 pereat.
2758 3779 2860 3848 Qui
2906 3784 3051 3836 enim
3088 3783 3343 3842 fratribus
3370 3802 3533 3843 causa
3562 3791 3667 3846 di-

2063 3864 2310 3920 lectionis
2336 3865 2558 3921 verbum
2588 3869 2791 3937 praebet
2816 3870 3034 3936 salutis,
3068 3873 3180 3943 ipsa
3211 3874 3497 3931 dilectione
3528 3878 3664 3935 edi-

2064 3954 2206 4009 citur
2252 3956 2572 4013 emendatus
2620 3975 2650 4012 a
2699 3960 2868 4015 vitiis.
2918 3961 3169 4021 Charitas
3215 3968 3359 4023 enim
3404 3974 3665 4041 cooperit

2064 4044 2465 4101 multitudinem
2493 4056 2873 4117 peccatorum,
2904 4052 3044 4107 sicut
3070 4056 3331 4124 scriptum
3368 4067 3489 4113 est:
3540 4060 3661 4126 Qui

2066 4135 2293 4188 converti
2313 4136 2490 4205 fecerit
2516 4148 2843 4208 peccatorem
2855 4142 2921 4196 ab
2937 4159 3114 4198 errore
3139 4147 3235 4200 vite
3258 4163 3388 4213 stur,
3415 4150 3655 4206 salvebis

2066 4225 2297 4279 animum
2337 4225 2453 4294 ejus
2481 4244 2517 4281 a
2542 4239 2726 4283 morte.
2762 4230 2831 4285 Et
2857 4235 3087 4302 cooperit
3114 4235 3499 4294 multitudinem
3528 4259 3659 4311 pec-

2068 4321 2304 4366 catorum
2352 4331 2570 4370 suorum
2624 4318 2785 4388 (Jac.
2819 4320 2910 4390 v).
2957 4318 3110 4378 Iuste
3153 4340 3282 4395 ergo
3312 4327 3360 4383 is
3386 4330 3478 4397 qui
3508 4331 3657 4387 alios

2067 4403 2452 4459 monitionibus
2490 4407 2602 4463 suis
2628 4410 2696 4464 ab
2734 4425 2922 4467 errore
2948 4412 3141 4469 liberat
3178 4417 3463 4485 vitiorum,
3494 4423 3661 4489 prior

2066 4492 2301 4560 propriis
2345 4492 2567 4563 juvante
2621 4496 2851 4555 Domino
2908 4502 3228 4560 liberabitur
3277 4508 3444 4564 vitiis.
3501 4513 3651 4568 Vitia

2065 4582 2208 4636 cnim
2248 4583 2502 4640 dicuntur
2525 4598 2745 4657 peccata
2764 4631 2778 4656 ,
2812 4607 2933 4662 qum
2959 4610 3057 4664 per
3084 4611 3144 4651 se
3167 4599 3299 4653 nihil
3326 4609 3482 4667 sunt,
3515 4606 3609 4658 sed
3631 4646 3649 4669 ,

2067 4673 2156 4726 ubi
2202 4674 2413 4733 bonitas
2456 4677 2636 4745 deest,
2683 4682 2873 4738 vitium
2916 4694 3018 4740 est.
3062 4686 3252 4744 Omnis
3274 4691 3421 4746 enim
3453 4703 3651 4751 natura

2069 4777 2204 4832 opus
2252 4774 2353 4820 est.
2404 4767 2577 4837 Opera
2622 4771 2765 4827 enim
2813 4774 2986 4839 mala,
3036 4791 3156 4845 quae
3200 4778 3331 4834 vitia
3371 4782 3649 4851 dicuntur,

2069 4864 2223 4910 actus
2265 4867 2416 4923 sunt,
2462 4876 2569 4916 non
2609 4876 2717 4917 res.
2760 4863 2866 4921 Sed
2901 4868 3203 4937 privatione
3238 4871 3365 4927 boni
3409 4875 3513 4932 hoc
3553 4893 3656 4935 no.

2069 4961 2191 5000 men
2218 4950 2448 5018 accepit.

2683 5047 2912 5105 CAPUT
2951 5052 3038 5107 Ill.

2305 5131 2378 5186 De
2404 5134 2709 5192 adhibendis
2735 5139 2806 5193 ad
2833 5142 3109 5198 consilium
3139 5146 3411 5216 fratribus.

2140 5215 2265 5273 Ideo
2305 5220 2376 5275 ab
2413 5223 2609 5278 abbate
2647 5225 2715 5279 ad
2756 5229 3043 5285 consilium
3073 5215 3271 5290 fratres
3299 5239 3644 5304 adhibentur,

2069 5308 2196 5375 quia
2228 5310 2488 5380 scriptum
2517 5322 2602 5368 est
2627 5331 2640 5368 :
2674 5314 3018 5387 Dissipantur
3044 5325 3403 5393 cogitationes,
3428 5331 3517 5384 ubi
3546 5348 3649 5386 non

2068 5405 2142 5448 est
2180 5397 2476 5454 consilium.
2519 5399 2618 5455 Ubi
2646 5420 2764 5459 vero
2789 5406 2967 5476 plures
2989 5423 3112 5464 sunt
3140 5415 3434 5472 consiliarii
3455 5423 3651 5489 conﬁr-

2068 5496 2283 5541 mantur
2314 5485 2494 5559 (Prov.
2519 5491 2634 5562 xv).
2661 5493 2816 5560 Item,
2841 5494 3115 5569 Unguento
3136 5514 3187 5557 et
3211 5507 3370 5561 variis
3392 5485 3648 5567 odoribus

2070 5574 2357 5635 delectatur
2379 5595 2489 5649 cor,
2513 5591 2560 5636 et
2584 5583 2730 5639 bonis
2753 5588 2909 5642 amici
2934 5592 3168 5649 consiliis
3191 5598 3368 5653 animi
3395 5577 3650 5655 dulcora-
