3960 6206
343 311 451 365 7ιὸ

1381 301 1734 359 COMMENT.
1776 298 1841 352 IN
1884 297 2044 352 REG.
2089 297 2145 351 S.
2193 290 2569 349 BENEDICTI.
3507 290 3608 344 746

341 426 483 477 bitur
512 417 706 490 (Prov.
738 415 938 488 xxvu).
982 415 1115 472 Cum
1141 415 1482 487 dispositione
1507 414 1672 468 initur
1698 410 1922 475 bellant,
1952 411 2004 470 Α
2029 406 2145 460 deat
2191 406 2438 470 arbitrio,
2474 412 2529 456 ut
2566 402 2704 473 quod
2741 400 3003 456 salubrius
3036 400 3354 471 judicaverit
3387 418 3496 456 esse
3517 444 3531 467 ,
3563 405 3611 457 ei

256 528 263 533 '
341 524 390 568 et
417 512 519 566 erit
542 508 689 564 salus
717 508 807 562 ubi
835 506 1002 561 multa
1033 506 1254 561 consilia
1285 515 1406 559 sunt
1435 505 1454 575 (
1480 502 1639 557 Prov.
1668 518 1796 557 xxw
1824 506 1841 573 )

415 600 634 668 Quoties
653 598 832 670 aliqua
853 599 1119 668 praecipua
1138 596 1341 667 agenda
1364 605 1486 650 sunt
1510 596 1564 648 in
1584 594 1923 648 monasterio.

344 688 736 747 Monasterium
774 687 951 750 enim,
993 694 1051 740 ut
1078 686 1394 755 praedictum
1425 692 1540 750 est,
1571 684 1738 738 etiam
1767 682 1928 736 unius

343 778 599 836 monachi
628 776 889 833 habitatio
919 776 1136 831 dicitur.
1186 775 1294 830 Sed
1335 775 1683 844 quaarendum
1724 780 1839 837 est,
1882 771 1928 826 si

345 873 507 928 unius
543 870 809 926 habitatio
850 869 1066 939 proprie
1104 868 1495 922 monasterium
1526 873 1774 929 vocatur,
1806 879 1931 934 pro-

343 970 465 1032 pter
489 961 686 1016 idioma
708 958 913 1014 Graecae
938 958 1152 1029 linguaa,
1173 973 1280 1028 qua
1307 957 1506 1011 dicitur
1527 970 1716 1011 monas
1737 970 1927 1020 unum,

345 1066 446 1106 cur
473 1048 769 1105 multorum
797 1048 1059 1102 habitatio
1090 1049 1145 1101 in
1175 1061 1283 1102 uno
1321 1047 1620 1116 positorum
1659 1054 1931 1103 monaste-

347 1140 490 1195 rium
522 1139 754 1202 dicatur,
786 1136 891 1191 nisi
922 1133 1084 1202 forte,
1118 1144 1177 1190 ut
1204 1137 1462 1202 arbitror,
1488 1144 1777 1206 propterea
1804 1136 1931 1205 quia

345 1243 455 1284 una
484 1226 645 1293 fides,
676 1240 845 1280 unum
875 1226 1170 1294 baptisma,
1204 1241 1301 1281 cor
1327 1242 1495 1281 unum
1525 1234 1579 1281 et
1606 1226 1786 1280 anima
1825 1241 1931 1279 una

347 1327 432 1373 est
473 1316 526 1372 in
565 1314 818 1370 omnibus
854 1315 991 1369 bene
1018 1313 1237 1383 etjuste
1265 1315 1567 1371 viventibus
1607 1316 1888 1371 monachis
1914 1356 1930 1383 ,

348 1406 490 1461 sicut
519 1405 671 1476 prius
699 1402 754 1458 in
783 1403 1043 1474 religione
1071 1413 1217 1460 recte
1241 1405 1578 1460 credentium
1605 1414 1661 1460 et
1689 1406 1827 1461 bene
1852 1407 1932 1461 vi-

346 1499 591 1553 ventium
617 1495 738 1551 fuit.
772 1496 950 1552 Unum
980 1497 1125 1551 enim
1151 1496 1286 1551 velle
1315 1497 1369 1550 in
1398 1498 1647 1552 omnibus
1678 1507 1825 1552 recte
1854 1499 1935 1552 vi-

347 1586 602 1641 ventibus
620 1584 902 1639 monachis
924 1593 1124 1638 manet.
1150 1583 1254 1639 Uni
1277 1584 1505 1639 Domino
1526 1585 1798 1647 serviunt,
1832 1586 1933 1641 sub

347 1692 459 1732 uno
486 1690 613 1748 rege
641 1675 900 1738 militant,
945 1668 1001 1729 et
1047 1689 1214 1728 unum
1259 1672 1462 1729 Christi
1511 1690 1709 1745 corpus
1752 1675 1931 1731 ell‘ecti

2030 502 2204 555 cuncti
2231 500 2489 555 obediant.
2522 498 2613 553 Sic
2641 498 2786 552 enim
2817 498 2997 552 abbati
3027 513 3125 553 suo
3152 497 3332 551 cuncti
3361 501 3613 555 monachi

2031 591 2231 645 debent
2260 588 2509 652 obedire,
2553 595 2615 641 ut
2652 595 2771 641 acta
2802 586 2947 641 illius
2975 586 3155 640 nullus
3180 602 3245 640 ex
3278 587 3382 642 illis
3412 597 3614 643 temere

2029 681 2227 735 audeat
2262 680 2692 748 reprehendere,
2728 677 2822 733 sed
2852 677 3033 747 potius
3064 684 3319 746 tanquam
3346 680 3486 747 patri
3522 680 3618 733 ﬁlii

2031 768 2115 822 vel
2144 767 2388 822 membra
2415 767 2615 837 capiti,
2645 767 2726 821 sic
2753 766 2802 821 ei
2833 767 3013 820 cuncti
3055 766 3332 821 humiliter
3373 769 3617 824 serviant

2032 864 2087 912 et
2111 858 2365 913 obediant
2392 858 2612 912 subditi.
2641 857 2916 927 Prmcepta
2941 873 3156 927 quoque
3183 856 3324 927 ejus,
3352 858 3397 915 si
3426 875 3619 915 secun—

2033 946 2159 1001 dum
2190 945 2409 1001 Domini
2440 953 2565 1001 sunt
2592 946 2846 1001 mandata
2868 987 2882 1012 ,
2914 946 3059 1001 velut
3088 948 3374 1017 imperium
3403 950 3615 1005 Domini

2035 1052 2378 1106 summopere
2419 1037 2724 1093 custodiant
2763 1046 2819 1093 et
2858 1037 3084 1108 implere
3115 1047 3227 1093 toto
3259 1034 3446 1093 amore
3483 1056 3615 1095 con—

2034 1125 2296 1192 tendant;
2329 1126 2516 1181 ethoc
2544 1142 2664 1182 esse
2699 1134 2978 1192 sanctum,
3008 1128 3111 1182 hoc
3148 1126 3250 1182 sibi
3299 1128 3515 1184 salubre
3551 1145 3613 1185 ac

2036 1218 2402 1273 necessarium
2445 1217 2690 1289 judicent
2736 1218 2880 1287 quod
2929 1219 3111 1273 abbati
3159 1236 3257 1275 suo
3304 1220 3612 1289 placuerit,

2035 1324 2145 1362 non
2172 1309 2316 1378 quod
2346 1308 2446 1378 ipsi
2477 1308 2577 1363 sibi
2606 1308 2913 1363 faciendum
2943 1309 3225 1379 elegerint.
3272 1310 3339 1364 Et
3380 1310 3453 1365 ita
3482 1312 3614 1365 obe-

2036 1397 2251 1453 dientia:
2280 1413 2345 1452 ac
2373 1399 2645 1469 patientia:
2670 1399 2868 1454 virtute
2906 1397 3109 1454 fundali
3148 1401 3359 1456 abbatis
3394 1402 3477 1456 sui
3508 1418 3615 1457 non

2035 1488 2333 1543 discutiant
2359 1490 2679 1551 constituta,
2715 1489 2810 1544 sed
2842 1491 3060 1544 faciant.
3107 1491 3176 1545 Et
3215 1492 3430 1561 quando
3474 1493 3620 1563 rigor

2039 1578 2206 1649 exigit
2233 1578 2531 1646 disciplina:
2572 1586 2633 1630 ut
2674 1577 2938 1632 severiter
2977 1586 3295 1649 arguantur,
3343 1587 3620 1647 acceptam

2040 1669 2437 1739 correptionem
2490 1669 2909 1737 magnanimiter
2958 1671 3171 1735 ferant,
3228 1686 3329 1726 nec
3384 1672 3621 1727 motibus

350 1764 602 1820 eumdem
643 1778 810 1816 unum
852 1758 1267 1831 Redemptorem
1294 1762 1523 1817 adorant
1549 1777 1563 1816 :
1591 1771 1646 1817 et
1673 1765 1793 1819 ideo
1823 1781 1929 1820 una
1960 1758 2009 1818 B
2036 1777 2256 1828 eorum,
2289 1778 2318 1817 a
2349 1763 2547 1832 quibus
2578 1761 2775 1816 fuerint
2805 1758 3070 1830 objurgati
3092 1801 3106 1824 ,
3154 1760 3251 1815 sed
3292 1761 3404 1816 suis
3446 1761 3618 1832 negli-

349 1857 564 1911 iIlorum
596 1855 837 1910 omnium
876 1853 1139 1909 habitatio
1177 1868 1286 1909 non
1326 1854 1622 1926 incongrue
1659 1865 1932 1913 monaste—

348 1946 492 1999 rium
524 1950 770 1999 vocatur.

421 2030 678 2087 Convocet
717 2030 876 2086 abbas
914 2046 1119 2085 omnem
1166 2043 1651 2102 congregationem,
1698 2044 1747 2089 et
1795 2036 1933 2090 dicat

346 2124 459 2195 ipse
485 2121 623 2177 unde
651 2122 847 2192 agitur.
884 2119 1037 2176 Unde
1064 2121 1262 2191 agitur,
1295 2122 1512 2187 dicitur,
1544 2124 1597 2177 id
1636 2132 1751 2185 est,
1794 2124 1935 2178 unde

348 2217 743 2291 consiliandum
765 2258 780 2284 ,
808 2216 893 2272 vel
921 2216 1063 2271 unde
1092 2216 1475 2286 requirendum
1502 2227 1606 2272 est.
1641 2219 1784 2273 Inter
1806 2235 1936 2275 con—

349 2309 717 2381 gregationem
750 2313 930 2361 autem
962 2314 1018 2360 et
1044 2306 1487 2360 convocationem
1528 2306 1631 2361 hoc
1672 2307 1935 2363 interesse

349 2402 562 2473 priores
603 2399 874 2455 dixerunt.
920 2395 1281 2467 Congregatio
1318 2404 1373 2451 et
1412 2397 1480 2453 de
1513 2397 1850 2463 hominibus,
1881 2407 1938 2453 et

351 2494 423 2548 de
446 2490 621 2546 brutis
649 2488 1006 2553 animalibus,
1039 2495 1094 2542 et
1123 2487 1190 2542 de
1216 2486 1483 2557 lapidibus
1500 2527 1516 2553 ,
1547 2487 1632 2543 vel
1660 2488 1784 2543 aliis
1812 2488 1936 2558 qui-

349 2581 539 2638 busvis
568 2577 971 2636 insensibilibus
999 2577 1163 2632 rebus
1190 2576 1296 2631 dici
1321 2583 1532 2646 potest,
1561 2578 1686 2648 quia
1715 2593 1940 2649 congre-

351 2672 471 2743 gari
514 2672 601 2727 vel
643 2670 865 2725 vocibus
908 2667 995 2725 vel
1042 2667 1150 2721 alio
1194 2667 1437 2737 quolibet
1482 2668 1643 2722 modo
1689 2676 1934 2737 possunt.

350 2761 684 2819 Convocatio
713 2768 895 2819 autem
924 2773 1033 2814 non
1064 2758 1170 2813 nisi
1201 2759 1268 2813 de
1302 2757 1611 2813 hominibus
1639 2759 1936 2815 rationabi-

351 2851 499 2908 libus
528 2850 647 2907 ﬁeri
677 2858 891 2922 potest,
919 2848 1011 2919 qui
1039 2846 1278 2917 propriis
1303 2846 1614 2902 nominibus
1639 2862 1940 2903 convocan-

353 2951 468 3008 tur,
498 2943 624 3013 quia
653 2941 940 2997 convocari
972 2939 1251 3010 proprium
1280 2947 1367 2993 est
1393 2953 1581 2994 eorum
1619 2939 1714 3010 qui
1752 2940 1942 2996 audire

352 3048 424 3089 ac
452 3034 760 3089 discernere
788 3043 1011 3087 norunt.

2036 1854 2233 1924 gentiis
2253 1894 2266 1915 ,
2299 1853 2443 1923 quod
2472 1853 2829 1923 castigantur,
2863 1852 3161 1905 ascribant.

2110 1942 2213 1999 Sed
2255 1944 2387 1998 sicut
2429 1942 2699 2014 discipulis
2728 1944 2961 1996 convenit
2993 1942 3200 1995 obedire
3230 1944 3477 2013 magistro
3499 1985 3513 2007 ,
3547 1945 3622 1998 ita

2035 2042 2083 2086 et
2127 2033 2297 2102 ipsum
2331 2033 2544 2103 provide
2578 2043 2625 2086 et
2654 2034 2798 2103 juste
2839 2032 3079 2086 condecet
3110 2044 3296 2087 cuncta
3327 2035 3619 2106 disponere.

2038 2122 2207 2177 Debet
2235 2122 2379 2176 enim
2410 2123 2577 2177 abbas
2603 2122 2785 2177 subtili
2811 2138 3025 2193 semper
3054 2124 3453 2179 examinatione
3481 2125 3619 2180 bona

2038 2213 2287 2282 malaque
2335 2214 2681 2279 discernere,
2722 2222 2776 2268 et
2813 2229 2964 2285 quaz,
3010 2215 3238 2284 quibus,
3281 2217 3496 2285 quando
3537 2220 3623 2271 vel

2038 2300 2271 2370 qualiter
2300 2311 2604 2372 congruant
2632 2304 2873 2359 studiose
2902 2303 3171 2375 cogitare,
3202 2312 3257 2359 et
3287 2306 3365 2361 sic
3394 2308 3547 2375 provi
3572 2309 3621 2362 Ie

2039 2404 2094 2450 et
2116 2395 2263 2466 juste
2292 2406 2485 2452 cuncta
2514 2398 2832 2466 disponere;
2861 2408 2917 2454 et
2941 2407 3230 2468 propterea
3255 2414 3285 2452 a
3311 2400 3521 2455 cunctis
3548 2400 3626 2455 illi

2039 2488 2349 2559 discipulis,
2378 2497 2439 2544 ut
2465 2497 2593 2559 pote
2617 2489 2868 2546 rationali
2896 2488 3081 2555 Patri,
3111 2490 3365 2546 convenit
3392 2490 3622 2546 obediri.

2041 2578 2179 2635 Hinc
2206 2580 2329 2635 inde
2355 2594 2485 2649 ergo
2505 2622 2519 2647 ,
2546 2589 2608 2635 ut
2631 2581 2823 2636 beatus
2847 2580 2925 2634 ait
2954 2580 3280 2651 Gregorius,
3310 2581 3402 2649 qui
3433 2592 3628 2649 praeest

2040 2683 2100 2723 se
2130 2669 2560 2739 circumspiciat,
2590 2678 2650 2724 ut
2678 2678 2735 2725 et
2763 2669 2868 2724 sibi
2896 2676 2951 2724 et
2978 2670 3211 2725 subditis
3236 2670 3412 2735 vivat,
3446 2680 3502 2723 ut
3531 2671 3625 2725 bo-

2042 2774 2173 2813 num
2193 2759 2336 2829 quod
2362 2759 2563 2815 faciant
2584 2768 2639 2814 et
2662 2760 2803 2814 intra
2825 2760 3003 2814 sinum
3018 2760 3216 2815 mentis
3228 2761 3547 2824 abscondat,
3571 2768 3621 2814 et

2043 2857 2225 2904 tamen
2242 2864 2309 2905 ex
2325 2863 2391 2904 eo
2405 2849 2472 2904 ad
2491 2847 2790 2919 profectum
2809 2849 3149 2919 sequentium
3168 2849 3447 2918 exemplar
3464 2857 3625 2904 recta:

2041 2938 2373 3009 operationis
2400 2939 2702 3008 impertiat;
2735 2947 2796 2994 ut
2837 2938 3174 2993 subditorum
3221 2939 3406 3008 culpas
3444 2940 3626 2994 anima

2043 3031 2333 3087 advertens
2371 3032 2635 3101 corrigat,
2678 3045 2781 3087 nec
2820 3038 3003 3085 tamen
3045 3031 3363 3101 Superbiens
3392 3031 3628 3086 intume-

428 3124 498 3180 Et
538 3124 759 3180 audiens
788 3123 1064 3179 comitium
1093 3123 1317 3194 fratrum
1337 3166 1351 3189 ,
1385 3133 1571 3180 tractet
1601 3127 1741 3196 apud
1770 3142 1856 3191 se,
1889 3140 1936 3182 et
1965 3099 2012 3162 (ἶ
2044 3130 2192 3188 seat;
2214 3131 2272 3177 ut
2296 3099 2543 3192 quaedam
2563 3123 2760 3178 leniter
2782 3129 3030 3191 correpta
3058 3099 3286 3188 toleret,
3313 3136 3415 3179 nec
3445 3132 3627 3179 tamen

351 3216 500 3289 quod
524 3215 707 3269 utilius
722 3213 1045 3285 judicaverit
1066 3254 1081 3279 ,
1109 3212 1293 3282 faciat.
1322 3212 1482 3270 Prius
1506 3215 1650 3269 enim
1678 3215 1848 3271 abbas
1873 3216 1940 3271 de

353 3305 581 3379 agendis
602 3305 765 3360 rebus
789 3304 1103 3359 monasterii
1129 3303 1212 3359 vel
1237 3304 1469 3360 aliarum
1494 3320 1939 3377 quarumcunque

354 3410 542 3450 rerum
568 3393 894 3465 agendarum
917 3408 949 3447 a
976 3391 1236 3448 fratribus
1257 3395 1509 3450 omnibus
1534 3395 1589 3449 in
1616 3411 1724 3451 uno
1748 3398 1941 3466 positis

353 3486 564 3556 pariter
603 3484 885 3540 consilium
926 3491 1114 3553 petat;
1162 3492 1219 3540 et
1261 3486 1404 3555 quod
1448 3486 1730 3543 consilium
1776 3505 1942 3546 unus-

354 3584 590 3653 quisque
611 3579 844 3646 dederit,
866 3579 1099 3636 libenter
1123 3579 1335 3647 audiat,
1360 3588 1417 3637 et
1437 3589 1626 3652 postea
1652 3582 1704 3636 in
1731 3593 1942 3640 secreto

356 3693 484 3733 cum
514 3675 820 3732 senioribus
848 3682 1061 3730 tantum
1090 3673 1382 3739 fratribus,
1412 3675 1505 3745 qui
1534 3674 1719 3730 utilius
1737 3715 1752 3735 .
1781 3677 1943 3745 quive

357 3766 604 3822 inutilius
640 3764 927 3820 consilium
954 3763 1135 3830 dedit,
1168 3764 1439 3820 subtiliter
1465 3773 1523 3819 et
1547 3774 1707 3821 acute
1736 3764 1943 3821 discer-

356 3867 473 3915 nat.
502 3858 568 3914 Et
596 3866 723 3913 tunc
747 3856 892 3927 quod
921 3856 1115 3911 melius
1133 3854 1459 3924 iudicaverit
1477 3896 1493 3922 ,
1522 3855 1575 3912 id
1601 3864 1714 3922 cst,
1745 3856 1944 3912 discre-

354 3947 529 4012 verit,
560 3945 786 4016 implere
810 3950 1042 4015 satagat.
1074 3941 1325 3998 Judicare
1351 3944 1496 4000 enim
1524 3944 1836 4001 discernere
1863 3945 1945 4000 di—

357 4039 521 4103 citur,
566 4044 629 4092 ut
665 4036 831 4091 illud:
875 4034 1071 4089 Judica
1112 4049 1225 4099 me,
1268 4033 1445 4100 Deus,
1475 4044 1523 4090 et
1550 4035 1788 4091 discerne
1815 4052 1944 4090 cau-

356 4145 472 4185 sam
509 4143 679 4183 meam
724 4123 915 4199 (Psal.
947 4140 1055 4180 xm
1080 4123 1120 4195 ).

429 4220 559 4276 Ideo
601 4228 777 4274 autem
816 4233 992 4272 omnes
1033 4216 1103 4271 ad
1142 4216 1421 4273 consilium
1460 4220 1639 4272 vocari
1676 4218 1941 4284 diximus,

354 4309 482 4381 quia
510 4324 645 4378 swpe
677 4306 887 4377 juniori
927 4304 1184 4360 Dominus
1227 4304 1416 4360 revelat
1441 4306 1582 4377 quod
1617 4306 1805 4362 melius
1842 4316 1938 4361 est.

358 4398 635 4469 Scriptum
665 4404 750 4451 est
772 4396 918 4451 enim
951 4413 964 4448 :
1003 4393 1063 4450 Si
1088 4396 1297 4465 juniori
1327 4396 1608 4450 revelatum
1639 4395 1829 4465 fuerit,
1860 4414 1943 4451 se-

356 4491 479 4542 nior
507 4496 674 4541 taceat
705 4484 778 4558 (I
805 4483 929 4540 Cor.
960 4501 1053 4539 xw
1073 4484 1114 4555 ).
1153 4484 1309 4555 Stepe
1334 4485 1480 4539 enim
1509 4494 1733 4556 propter
1761 4487 1941 4541 humi-

355 4580 530 4634 litatis
568 4578 796 4649 gratiam
846 4575 1053 4645 juniori
1104 4576 1363 4631 Dominus
1412 4576 1622 4631 revelat
1667 4579 1811 4646 quod
1854 4593 1940 4633 se-

359 4667 604 4723 nioribus
640 4665 797 4721 celat.
835 4663 952 4719 Non
992 4664 1135 4719 enim
1172 4679 1528 4732 personarum
1565 4673 1820 4734 acceptor
1856 4672 1941 4721 est

361 4759 506 4813 Deus
532 4755 677 4828 (Act.
709 4755 778 4828 χ)
804 4796 820 4821 ,
851 4755 946 4810 sed
972 4755 1027 4809 in
1056 4754 1204 4809 omni
1232 4762 1414 4820 aetate,
1447 4754 1778 4821 conditione,
1809 4772 1940 4812 sexu

361 4855 419 4903 et
445 4854 629 4917 gente,
648 4845 735 4901 his
758 4845 852 4914 qui
880 4845 1072 4899 timent
1096 4843 1296 4910 Deum,
1329 4854 1612 4914 acceptum
1639 4859 1723 4902 est
1745 4846 1856 4913 illi,
1886 4858 1942 4904 et

361 4937 418 4991 iu
446 4935 640 5005 quibus
665 4935 779 4989 vult
807 4935 873 4990 de
898 4935 1150 4990 omnibus
1177 4937 1264 4991 his
1292 4936 1514 5005 spiritus
1542 4938 1753 4995 Domini
1782 4942 1943 4997 mise-

361 5026 654 5081 ricorditer
681 5026 883 5095 spirat,
910 5025 1221 5095 et.gratiam
1249 5026 1529 5096 sapientiae
1554 5029 1817 5100 benignus
1842 5032 1943 5087 mi-

360 5116 578 5171 nistrat.
617 5115 734 5170 Non
760 5116 905 5170 enim
932 5115 1121 5172 Daniel
1149 5125 1205 5170 et
1234 5114 1455 5171 Samuel
1480 5126 1697 5174 aetatem
1738 5121 1944 5178 discre-

359 5205 443 5259 vit
462 5245 478 5269 ,
507 5204 599 5259 sed
626 5205 854 5276 gratiam
881 5206 1228 5262 ministravit.
1259 5204 1393 5261 Cani
1418 5208 1602 5263 etenim
1626 5219 1781 5275 sunt,
1809 5213 1942 5268 dicit

364 5293 679 5363 Scriptura,
724 5312 907 5349 sensus
948 5296 1209 5362 hominis,
1252 5306 1305 5351 et
1345 5306 1476 5352 tetas
1518 5302 1797 5356 senectutis
1838 5304 1943 5357 vita

364 5384 705 5439 immaculata
735 5383 902 5456 (Sap.
934 5400 988 5439 Iv
1009 5386 1050 5458 ).

436 5474 525 5531 Sic
555 5485 732 5530 autem
763 5477 883 5531 dent
915 5476 1105 5546 fratres
1136 5478 1410 5533 consilium
1441 5496 1559 5533 cum
1592 5483 1733 5535 omni
1765 5481 1941 5537 humi-

358 5566 529 5620 litatis
550 5565 884 5634 subjectione,
909 5577 964 5619 ut
990 5584 1091 5620 non
1109 5579 1431 5637 prtesumant
1455 5571 1745 5640 procaciter
1765 5571 1944 5642 defen-

362 5654 489 5710 dere
514 5655 652 5729 quod
680 5656 754 5710 eis
783 5657 947 5711 visum
974 5657 1160 5727 fuerit,
1194 5659 1283 5713 sed
1311 5661 1475 5731 magis
1506 5661 1560 5715 in
1589 5661 1790 5718 abbatis
1817 5681 1941 5734 pen-

690 5749 964 5810 PsrnOL.
1009 5750 1139 5812 Cll.

2042 3211 2339 3280 disciplinae
2364 3210 2580 3265 vincula
2606 3210 2796 3266 eadem
2828 3209 3049 3264 lenitate
3079 3211 3366 3277 dissolvat;
3401 3219 3456 3266 et
3483 3228 3631 3282 quae-

1984 3372 1995 3377 _
2040 3302 2167 3358 dam
2206 3303 2489 3359 tolerando
2529 3300 2868 3365 dissimulet,
2909 3316 3011 3356 nec
3057 3309 3239 3357 tamen
3278 3317 3343 3356 ea
3382 3317 3632 3357 crescere

2041 3393 2431 3449 dissimulando
2456 3393 2757 3463 permittat.
2792 3392 2945 3450 Unde
2972 3407 3299 3464 magnopere
3322 3392 3627 3449 curandum

2041 3485 2147 3540 sibi
2184 3492 2268 3539 est
2307 3491 2367 3539 ut
2406 3483 2497 3553 qui
2525 3484 2778 3554 regendis
2804 3483 3118 3539 hominibus
3144 3482 3450 3553 praefertur,
3484 3484 3629 3555 apud

2041 3587 2101 3626 se
2131 3572 2276 3626 intra
2311 3572 2667 3627 secretarium
2708 3572 2908 3627 mentis
2944 3572 2998 3625 in
3036 3572 3294 3628 cathedra
3335 3572 3628 3642 przesideat

2041 3664 2396 3729 humilitatis,
2435 3670 2488 3716 et
2528 3662 2772 3735 vigilanti
2816 3662 2975 3719 oculo
3012 3663 3354 3720 incessanter
3395 3664 3631 3734 aspiciat

2041 3755 2130 3810 cui
2174 3757 2500 3825 quandoque
2537 3752 2707 3824 judiei
2753 3755 2870 3824 ipse
2912 3757 2982 3811 de
3025 3755 3111 3812 his
3150 3754 3460 3825 judicandis
3488 3758 3628 3814 assi-

2043 3854 2190 3913 stat;
2240 3854 2303 3900 nt
2350 3852 2554 3917 quanto
2582 3861 2730 3902 nunc
2754 3854 2879 3901 ante
2915 3860 3073 3913 eum,
3104 3863 3264 3918 quem
3305 3865 3414 3905 non
3443 3850 3625 3916 videt,

2042 3935 2303 3991 sollicitus
2344 3935 2610 4006 trepidat,
2654 3943 2803 3991 tanto
2842 3949 2998 4003 eum,
3043 3951 3166 3992 cum
3206 3938 3440 4005 viderit,
3469 3954 3628 3995 secu-

2043 4026 2155 4084 rior
2180 4034 2392 4082 cernat.

2113 4112 2183 4168 In
2220 4114 2458 4169 omnibus
2500 4115 2660 4184 igitur
2700 4132 2877 4171 omnes
2903 4116 3206 4187 magistram
3233 4127 3519 4189 sequantur
3546 4136 3627 4173 re-

2041 4204 2239 4274 gulam.
2270 4205 2423 4273 Quod
2449 4207 2580 4262 dicit
2610 4208 2665 4261 in
2692 4209 2932 4263 omnibus
2950 4248 2964 4272 ,
2997 4208 3316 4263 subauditur
3341 4212 3627 4280 praeceptis

2042 4294 2282 4363 ejusdem
2314 4297 2528 4368 regulas.
2559 4298 2617 4353 In
2646 4299 2838 4354 ciliciis
2866 4298 3011 4352 enim
3044 4298 3243 4354 divinis
3271 4308 3326 4353 et
3357 4300 3410 4353 in
3452 4301 3622 4356 actio-

2042 4393 2202 4447 nibus
2230 4393 2511 4459 humanis,
2544 4395 2598 4449 in
2640 4396 2763 4451 cibo
2807 4395 3017 4450 scilicet
3057 4403 3112 4450 et
3155 4403 3313 4464 potu,
3363 4397 3415 4451 in
3461 4400 3626 4454 vesti-

2045 4490 2228 4537 mento
2255 4491 2309 4536 et
2339 4483 2708 4539 calceamento
2730 4525 2742 4548 ,
2776 4484 2831 4538 in
2861 4483 3061 4554 vigiliis
3089 4491 3142 4539 et
3167 4485 3533 4551 orationibus,
3568 4489 3622 4542 in

2043 4587 2235 4627 somno
2281 4582 2338 4627 et
2377 4574 2627 4636 silentio,
2673 4574 2728 4628 in
2772 4575 2925 4630 horis
2969 4576 3430 4645 competentibus,
3472 4587 3520 4632 et
3567 4580 3623 4633 in

2044 4664 2350 4727 laboribus,
2395 4671 2452 4718 ct
2491 4664 2545 4718 in
2584 4664 2834 4718 omnibus
2870 4665 3090 4719 omnino
3140 4665 3380 4735 ejusdem
3428 4669 3627 4737 regulae

2046 4756 2350 4828 przeceptis,
2402 4755 2646 4810 eamdem
2675 4756 2992 4825 magistram
3020 4772 3209 4811 omnes
3249 4758 3496 4812 monachi
3539 4775 3628 4814 se-

2049 4850 2285 4915 quantur
2313 4843 2585 4913 regulam,
2619 4844 2671 4897 id
2698 4853 2780 4899 est
2800 4885 2815 4909 ,
2846 4853 2903 4900 et
2941 4834 3267 4910 subditifet
3303 4847 3544 4915 prmlati,
3572 4858 3628 4904 et

2047 4934 2325 5004 discipuli,
2367 4942 2422 4988 et
2459 4934 2739 5004 magistri,
2782 4944 2838 4990 et
2875 4935 3182 5004 przepositi,
3226 4946 3280 4991 et
3319 4939 3540 5005 decani,
3572 4949 3629 4995 et

2045 5040 2236 5080 omnes
2262 5025 2485 5080 omnino
2514 5024 2899 5079 ministeriales
2919 5066 2934 5091 ,
2968 5026 3189 5095 insuper
3220 5036 3275 5082 et
3304 5028 3418 5098 ipse
3456 5030 3625 5083 abbas

2044 5116 2099 5170 in
2129 5117 2409 5180 omnibus,
2441 5124 2703 5186 quantum
2733 5116 2874 5171 sicut
2899 5125 2955 5171 et
2981 5119 3165 5176 caeteri
3198 5121 3477 5186 monachi,
3510 5136 3625 5174 ma-

2045 5206 2272 5276 gistram
2300 5213 2557 5275 sequatur
2586 5203 2850 5275 regulam.
2885 5204 3039 5260 Sicut
3069 5214 3125 5260 et
3154 5207 3404 5262 subditur
3429 5225 3443 5260 :

2120 5295 2305 5367 Neque
2344 5296 2409 5348 ab
2451 5311 2513 5350 ea
2552 5303 2742 5356 temere
2779 5294 3013 5349 devictur
3049 5312 3082 5349 a
3111 5312 3389 5367 quoquam.
3421 5294 3476 5349 Id
3503 5303 3619 5358 est,

2048 5384 2114 5438 ab
2145 5384 2259 5454 ipsa
2287 5383 2471 5453 regula
2503 5398 2603 5438 nec
2628 5398 2659 5437 a
2686 5383 2953 5454 przelatis,
2996 5398 3171 5454 neque
3210 5401 3241 5438 a
3284 5383 3512 5441 subditis
3541 5391 3624 5437 te-

2046 5491 2198 5532 mere
2222 5476 2546 5541 declinetur,
2576 5476 2631 5529 id
2662 5483 2747 5531 est
2777 5476 3175 5531 inconsiderate
3213 5473 3295 5525 vel
3336 5471 3624 5527 irrationa-

2045 5568 2246 5623 biliter.
2276 5566 2400 5622 Ideo
2429 5574 2609 5621 autem
2642 5581 2748 5621 non
2777 5566 2912 5620 dixit
2941 5563 3206 5625 absolute,
3248 5560 3433 5629 Neque
3459 5560 3527 5617 ab
3554 5575 3622 5618 ea

2046 5661 2345 5716 declinetur
2374 5676 2403 5716 a
2436 5676 2741 5731 quoquam,
2787 5658 2880 5714 sed
2919 5655 3154 5719 addidit,
3198 5664 3415 5719 temere,
3461 5664 3521 5712 ut
3563 5666 3624 5716 tu

3227 5751 3305 5813 21s
