3960 6206
325 316 416 370 747

1614 307 1960 362 SMABAGDI
1997 305 2286 362 ABBATIS

3479 306 3581 361 748

317 429 664 500 intelligeres,
692 427 737 482 si
766 425 1062 481 necessitas
1087 421 1472 494 postulaverit,
1501 426 1560 474 ut
1591 419 1890 475 declinetur
1921 431 1968 486 Α
1997 417 2047 470 id
2075 425 2192 479 est,
2223 418 2274 469 in
2305 413 2643 470 contumacia
2663 454 2678 480 ,
2709 413 2762 467 in
2787 414 3146 469 inobedientia
3168 455 3182 481 ,
3214 415 3265 469 in
3295 419 3572 485 superbia,

317 521 730 585 rationabiliter,
778 527 834 574 et
878 534 999 572 cum
1041 516 1402 581 discretione,
1451 521 1507 568 et
1548 528 1670 568 cum
1702 527 1894 580 magna

318 611 556 676 cautela,
588 617 641 664 et
669 622 767 677 pro
796 606 1119 660 necessitate
1151 603 1264 657 fiat.

393 699 585 755 Nullus
625 699 679 751 in
719 697 1034 750 monasterio
1074 695 1273 766 proprii
1309 703 1554 765 sequatur
1593 693 1764 746 cordis
1806 708 1894 744 vo-

320 791 590 844 luntatem.
620 785 808 841 Omnis
836 785 981 840 enim
1014 785 1106 854 qui
1137 792 1494 853 compunctus
1523 792 1578 837 et
1607 797 1636 834 a
1667 782 1896 835 Domino

319 883 514 936 missus
535 879 682 934 venit
709 879 776 932 ad
808 877 1214 942 monasterium,
1239 893 1343 930 non
1373 875 1576 945 proprii
1602 875 1782 929 cordis
1811 889 1898 926 ar-

318 972 480 1027 bitrio
499 1012 512 1036 ,
543 971 639 1025 sed
667 969 879 1024 abbatis
907 969 988 1021 sui
1016 1009 1030 1033 ,
1061 977 1115 1022 et
1143 967 1356 1020 Domini
1394 965 1506 1018 vult
1545 965 1727 1018 vivere
1769 978 1897 1017 con-

319 1063 470 1128 silio,
504 1070 558 1117 et
586 1077 691 1116 non
734 1061 817 1115 sui
845 1059 1024 1115 cordis
1056 1059 1234 1114 facere
1267 1059 1632 1125 voluntatem,
1663 1057 1759 1112 sed
1787 1056 1894 1110 Do~

320 1152 451 1206 mini
481 1159 536 1205 et
563 1150 772 1204 abbatis
795 1151 879 1204 sui
906 1151 1017 1203 vult
1044 1150 1415 1219 obtemperare
1442 1148 1712 1203 mandatis
1734 1189 1747 1213 ,
1779 1162 1896 1201 cre-

319 1241 416 1294 bro
448 1239 514 1293 ad
544 1239 859 1294 memoriam
901 1241 1162 1294 reducens
1209 1241 1531 1294 sententiam
1582 1239 1756 1303 illam,
1789 1252 1895 1306 qua

319 1331 517 1384 dicitur
544 1347 556 1382 :
589 1329 711 1383 Non
742 1330 853 1383 veni
881 1330 1052 1398 facere
1081 1329 1396 1384 voluntatem
1426 1346 1593 1383 meam
1615 1371 1629 1394 ,
1664 1329 1753 1382 sed
1781 1329 1895 1398 ejus

317 1423 407 1492 qui
437 1422 572 1475 misit
602 1437 683 1474 me
713 1419 911 1493 (Joan.
945 1438 996 1474 vi
1019 1421 1059 1492 ).
1091 1421 1228 1476 Sunt
1255 1421 1406 1475 multi
1438 1421 1690 1475 monachi
1717 1420 1896 1473 minus

320 1511 680 1582 intelligentes
704 1510 794 1578 qui
821 1510 1006 1563 dicunt
1036 1527 1048 1562 :
1077 1509 1286 1578 Proprii
1313 1509 1491 1564 cordis
1515 1510 1620 1563 mei
1647 1509 1895 1564 voluntas

319 1597 458 1652 bona
487 1605 570 1651 est
588 1637 601 1662 ,
631 1604 684 1651 et
711 1596 831 1650 ideo
855 1596 975 1649 volo
1001 1597 1151 1667 sequi
1175 1612 1312 1650 eam.
1341 1596 1438 1651 Cui
1467 1599 1893 1665 respondendum

321 1693 441 1741 est:
475 1685 752 1755 Interroga
783 1685 1032 1739 abbatem
1081 1695 1262 1749 tuum,
1305 1695 1359 1739 et
1397 1686 1667 1755 spiritales
1696 1685 1928 1745 fratres-

2001 509 2055 562 in
2086 507 2541 570 murmuratione,
2574 505 2626 558 in
2656 506 3018 572 detractione,
3050 514 3104 561 et
3145 507 3199 560 in
3230 509 3444 562 caneris
3473 509 3577 561 hu-

1991 599 2225 667 jnsmodi
2260 598 2403 652 vitiis
2433 597 2606 668 primo
2637 597 2752 651 fieri
2781 597 2972 664 debet,
3019 600 3318 653 secundum
3359 599 3575 656 Domini

1997 699 2346 760 praeceptum,
2379 689 2432 743 in
2464 689 2828 743 admonitione
2857 689 3043 756 semel,
3073 699 3129 744 et
3159 693 3397 745 secundo
3420 709 3449 746 a
3492 709 3579 748 se-

1999 781 2240 834 nioribus
2267 780 2321 833 in
2351 789 2577 833 secreto.
2613 779 2672 833 Si
2700 794 2804 833 non
2828 780 3228 847 emendaverit,
3259 781 3353 836 flat
3381 785 3575 838 iterum

1997 869 2052 922 in
2092 871 2465 939 objurgatione
2504 871 2715 939 publica
2757 869 2875 924 loco
2916 871 3096 925 tertio.
3139 869 3196 925 Si
3234 889 3361 929 vero
3401 893 3578 948 neque

1997 958 2076 1012 sic
2104 961 2436 1023 correxerit,
2481 959 2572 1012 fiat
2622 959 2674 1012 in
2718 961 3295 1018 excommunicationis
3340 967 3575 1024 vindicta

1998 1047 2054 1101 in
2085 1047 2202 1101 loco
2232 1056 2442 1116 quarto.
2477 1047 2571 1101 Sin
2601 1055 2780 1101 autem
2811 1048 2884 1100 ita
2916 1052 3179 1118 reprobus
3218 1063 3332 1120 est,
3375 1064 3433 1110 ut
3475 1075 3576 1115 nec

1997 1136 2076 1191 sic
2107 1138 2431 1208 corrigatur,
2463 1135 2735 1204 corporali
2768 1137 3015 1192 vindicta:
3045 1141 3319 1211 subjaceat
3362 1144 3414 1198 in
3457 1147 3574 1202 vice

1996 1230 2203 1298 quinta.
2247 1229 2400 1295 Quod
2445 1229 2489 1282 si
2535 1243 2657 1282 eum
2708 1226 2975 1298 ﬂagellum
3021 1245 3130 1285 non
3169 1237 3572 1304 emendaverit,

1997 1319 2318 1372 adhibeatur
2346 1332 2442 1385 pro
2472 1331 2536 1370 eo
2566 1318 2739 1371 oratio
2767 1317 2997 1372 fratrum
3028 1323 3189 1375 etiam
3235 1324 3352 1378 vice
3395 1338 3569 1382 sexta.

1997 1407 2152 1486 Quod
2177 1406 2222 1459 si
2252 1421 2352 1460 nec
2379 1405 2604 1459 fratrum
2632 1406 2682 1460 ei
2712 1407 2977 1476 profuerit
3002 1413 3177 1465 oratio
3195 1453 3210 1478 ,
3243 1430 3275 1468 a
3313 1415 3575 1476 fratribus

1997 1496 2046 1549 ei
2093 1495 2319 1550 dolenda
2351 1497 2652 1564 separatio,
2681 1506 2736 1551 et
2765 1514 2795 1551 a
2825 1503 3156 1556 monasterio
3184 1505 3438 1562 damnosa
3471 1512 3572 1565 im-

1997 1587 2252 1656 pingatur
2299 1587 2541 1656 expulsio
2589 1588 2753 1641 etiam
2797 1589 2915 1644 vice
2959 1593 3206 1660 septima.
3266 1595 3378 1652 Hoc
3423 1601 3570 1655 enim

1998 1675 2189 1739 modo,
2218 1675 2458 1743 exceptis
2487 1677 2824 1745 gravioribus
2847 1679 3017 1749 culpis
3041 1690 3095 1735 et
3117 1683 3201 1737 his
3229 1700 3346 1754 qua:
3371 1703 3400 1740 a
3429 1689 3572 1745 bono

320 1777 386 1831 de
423 1791 510 1842 ea,
553 1777 679 1846 quia
719 1777 977 1845 scriptum
1025 1785 1148 1829 est:
1182 1776 1370 1830 Omnia
1416 1777 1501 1845 [ac
1530 1795 1646 1830 cum
1677 1777 1891 1832 consilio
1920 1779 1968 1837 Β
1997 1773 2121 1819 sunt
2141 1763 2378 1833 judicata
2407 1765 2731 1833 Benedicto,
2774 1769 2950 1824 omnis
2988 1774 3250 1844 regularis
3289 1778 3572 1850 disciplina

317 1864 701 1936 (Eecli.xxxn).
721 1865 844 1920 Etsi
877 1866 1019 1919 illam
1042 1865 1404 1936 judicaverint
1434 1875 1488 1921 et
1517 1869 1893 1922 consenserint

315 1971 435 2010 esse
465 1956 656 2009 bonam
682 1996 696 2022 ,
730 1955 814 2009 fac
843 1955 985 2009 illam
1004 1996 1018 2020 ,
1048 1957 1173 2025 quia
1199 1957 1308 2026 jam
1349 1972 1452 2011 non
1484 1958 1657 2011 solum
1685 1959 1891 2027 proprii

317 2047 393 2101 tui
423 2046 601 2101 cordis
620 2085 634 2112 ,
663 2045 755 2100 sed
783 2047 1030 2100 omnibus
1055 2047 1520 2102 consentientibus
1544 2058 1627 2102 est
1652 2064 1892 2103 cominu-

315 2135 420 2190 nis.
450 2134 544 2190 Sin
571 2143 750 2188 autem
778 2150 884 2188 non
911 2136 1281 2189 consenserint
1309 2144 1363 2189 et
1391 2151 1508 2190 eam
1541 2135 1740 2189 bonam
1769 2151 1889 2190 esse

314 2239 419 2278 non
447 2223 890 2293 approbaverint,
922 2223 1126 2292 proprii
1157 2223 1337 2278 cordis
1364 2225 1440 2280 tui
1469 2239 1589 2278 eam
1632 2239 1752 2279 esse
1799 2240 1889 2279 co-

314 2327 529 2383 gnosce.
575 2312 642 2365 Et
685 2313 731 2366 si
775 2313 855 2366 vis
900 2311 1078 2366 salvus
1121 2311 1272 2378 fieri,
1305 2312 1370 2366 ab
1406 2327 1469 2367 ea
1508 2313 1661 2382 quasi
1690 2328 1720 2365 a
1751 2312 1889 2368 facie

317 2403 520 2459 colubri
548 2403 688 2474 fuge.

387 2492 567 2563 Neque
608 2501 890 2562 prtesumat
931 2495 1204 2563 quisquam
1245 2509 1360 2546 cum
1403 2493 1586 2546 abbate
1629 2511 1723 2547 suo
1769 2511 1889 2565 pro-

313 2593 448 2637 terve
476 2584 615 2636 intus
644 2581 724 2636 vel
753 2582 884 2652 foris
915 2584 1228 2636 monasterio
1261 2584 1585 2637 contendere.
1628 2583 1889 2640 Proterve

312 2672 634 2728 contendere
660 2680 745 2728 est
765 2673 1014 2743 superbe,
1038 2677 1449 2740 contumaciter,
1493 2677 1777 2729 temerarie
1804 2677 1888 2730 vel

311 2763 711 2832 praesumptive.
755 2762 926 2828 Quam
969 2763 1367 2816 contentionem
1413 2779 1513 2818 nec
1560 2763 1728 2818 frater
1765 2781 1886 2818 cum

313 2851 482 2902 fratre
499 2889 515 2914 ,
543 2863 645 2904 nec
669 2850 966 2903 monachus
989 2863 1111 2903 cum
1141 2849 1335 2904 abbate
1359 2866 1456 2904 suo
1481 2851 1638 2905 debet
1666 2852 1885 2907 habere.

321 2941 426 2994 Sed
454 2941 733 2995 sciendum
762 2948 846 2995 est
877 2941 1031 3010 quia,
1061 2956 1185 2995 cum
1213 2943 1613 2996 contentionem
1643 2959 1766 2997 cum
1797 2944 1890 2998 ad-

317 3029 632 3094 ditamento,
678 3039 944 3099 proterve,
971 3029 1170 3094 vetuit,
1213 3029 1442 3083 amicam
1482 3029 1564 3084 vel
1608 3030 1887 3100 pacificum

1995 1854 2340 1924 cognoscitur
2367 1870 2486 1908 esse
2516 1857 2832 1926 composita.

2061 1941 2182 2011 Ipse
2213 1951 2387 1994 tamen
2433 1942 2592 1997 abbas
2632 1962 2750 1998 cum
2793 1947 2977 2002 timore
3008 1949 3106 2004 Dei
3136 1963 3186 2006 et
3211 1955 3572 2017 observatione

1991 2029 2184 2100 regula:
2217 2031 2393 2084 omnia
2428 2031 2613 2101 faciat.
2661 2035 2796 2089 Cum
2834 2037 3028 2092 timore
3063 2041 3156 2096 Dei
3192 2047 3372 2100 omnia
3408 2065 3572 2120 agere

1991 2119 2148 2174 debet
2181 2119 2378 2184 abbas,
2421 2122 2547 2190 quia
2585 2124 2844 2192 scriptum
2879 2137 3000 2182 est:
3047 2129 3151 2196 Qui
3177 2135 3354 2190 timent
3386 2119 3574 2194 Domi-

1989 2227 2147 2276 num,
2182 2214 2552 2282 prteparabunt
2590 2217 2750 2269 corda
2787 2234 2915 2285 sua,
2945 2231 2991 2274 et
3031 2224 3084 2276 in
3123 2239 3396 2298 conspectu
3425 2233 3572 2288 illius

1986 2302 2385 2369 sancti/icabunt
2415 2303 2619 2358 animas
2645 2323 2768 2360 suas
2788 2349 2801 2372 ,
2832 2317 2880 2362 et
2905 2311 3238 2380 replebantur
3257 2335 3385 2386 pace
3409 2331 3457 2374 et
3483 2340 3575 2376 sa-

1987 2391 2112 2446 lutis
2137 2393 2314 2462 fructu
2341 2394 2646 2467 (Eccli.n).
2676 2397 2743 2452 Et
2771 2403 3063 2455 notandum
3087 2406 3214 2473 quia
3241 2423 3363 2462 eum
3390 2413 3574 2466 obser-

1987 2481 2203 2535 vatione
2232 2482 2428 2552 regulae
2457 2485 2636 2539 omnia
2668 2501 2830 2555 agere
2872 2491 3092 2544 mandat
3131 2494 3416 2564 abbatem,
3461 2517 3529 2555 ne
3550 2541 3567 2566 ,

1987 2584 2108 2624 cum
2127 2570 2257 2662 aliis
2287 2573 2458 2640 ipsam
2490 2574 2727 2644 regulam
2759 2571 3084 2646 implendam
3125 2586 3417 2653 praedicat,
3451 2591 3568 2662 ipse

1986 2674 2092 2714 non
2124 2659 2394 2728 implendo
2421 2675 2539 2714 eam
2571 2663 2832 2730 reprobus
2860 2666 2954 2720 fiat
2979 2684 2993 2732 ;
3023 2676 3077 2722 et
3107 2685 3175 2724 ne
3204 2673 3441 2742 aliquam
3469 2659 3569 2732 ex-

1989 2749 2324 2802 cusationem
2367 2751 2421 2803 in
2462 2767 2568 2806 non
2612 2753 2882 2820 implendo
2911 2771 3028 2810 eam
3061 2761 3231 2815 abbas
3260 2764 3342 2816 vel
3369 2767 3572 2836 aliquis

1988 2837 2242 2905 praelatus
2280 2839 2554 2904 inveniat,
2588 2840 2642 2893 in
2675 2842 2786 2896 hoc
2825 2844 3264 2917 capitulo-legat,
3296 2859 3350 2904 et
3380 2865 3569 2922 aperte

1991 2927 2227 2982 inveniet
2257 2929 2382 2998 quia
2408 2939 2468 2983 ut
2493 2931 2741 2986 subditus
2771 2935 3088 3002 monachus,
3122 2938 3198 2992 ita
3227 2950 3282 2994 et
3309 2943 3568 3001 observa-

1991 3019 2135 3072 tione
2165 3021 2362 3088 regula:
2390 3023 2782 3092 constringitur
2810 3025 2976 3080 abbas
3003 3035 3058 3082 et
3084 3032 3260 3086 omnis
3288 3035 3564 3103 praelatus.

309 3120 708 3173 contentionem
735 3119 1020 3172 concessit.
1050 3118 1146 3171 Est
1169 3118 1312 3171 enim
1339 3119 1512 3172 amica
1539 3120 1882 3188 proﬁcuaque
1911 3116 1956 3177 C
2058 3111 2239 3166 δείεηο
2282 3129 2336 3166 δε
2378 3114 2560 3182 Procul
2606 3115 2762 3168 (λυδῖο
2809 3117 2872 3170 de
2910 3121 3150 3174 omnibus
3185 3125 3408 3192 judiciis
3454 3131 3567 3184 suis

313 3209 625 3272 contentio,
653 3223 772 3276 quae
801 3208 1110 3276 frequenter
1150 3209 1290 3264 inter
1327 3209 1462 3263 duos
1501 3211 1748 3265 homines
1788 3227 1885 3280 pro

309 3297 570 3366 qualitate
596 3296 1000 3351 iutervenientis
1041 3311 1219 3351 causa:
1256 3295 1524 3352 efﬁcitur:
1566 3299 1707 3353 sicut
1746 3300 1887 3354 inter

309 3385 528 3439 beatum
557 3383 904 3438 Benedictum
931 3393 985 3438 et
1016 3383 1262 3438 Maurum
1292 3382 1408 3452 ejus
1437 3385 1756 3455 discipulum
1786 3401 1884 3455 pro

308 3495 476 3550 puero
504 3479 722 3534 Placido
748 3477 1016 3549 quondam
1045 3478 1215 3534 fuisse
1242 3479 1455 3550 legitur.
1488 3478 1712 3534 Dicebat
1740 3480 1883 3532 enim

306 3573 498 3627 beatus
527 3572 847 3627 Benedictus
872 3572 1016 3641 quod
1043 3571 1295 3626 meritum
1325 3579 1470 3625 esset
1495 3571 1741 3640 discipuli
1768 3571 1884 3642 ejus

309 3664 481 3718 Mauri
509 3667 652 3734 quod
683 3665 750 3719 ad
775 3664 1108 3732 eripiendum
1135 3664 1200 3718 de
1225 3662 1443 3718 flumine
1472 3679 1696 3733 puerum
1723 3678 1884 3732 super

307 3768 503 3821 aquam
530 3753 752 3823 pedibus
778 3753 1092 3806 ambulavit.
1123 3753 1188 3806 Et
1209 3767 1241 3806 e
1267 3757 1487 3823 regione
1513 3753 1730 3808 Maurus
1756 3769 1884 3808 con-

308 3846 534 3900 tendens
578 3844 792 3898 dicebat
838 3858 944 3896 non
987 3857 1179 3908 suum,
1223 3844 1314 3897 sed
1357 3843 1601 3914 magistri
1639 3845 1720 3898 sui
1763 3859 1882 3900 esse

307 3935 598 3998 meritum,
645 3932 787 4001 quod
827 3946 989 4000 super
1031 3945 1199 4000 aquas
1236 3931 1520 3986 ambulans
1559 3933 1625 3986 de
1664 3933 1881 3989 flumine

308 4028 533 4081 illaesum
561 4026 757 4096 eripuit
787 4040 1035 4095 puerum.
1065 4026 1235 4091 Quam
1261 4026 1491 4080 amicam
1518 4028 1880 4082 contentionis

305 4119 534 4173 formam
564 4117 696 4171 foris
725 4130 842 4170 esse
883 4115 1086 4181 vetuit,
1132 4117 1276 4170 intus
1316 4117 1433 4171 sine
1474 4118 1666 4184 dubio,
1707 4118 1752 4173 si
1793 4134 1881 4172 res
1918 4163 1926 4170 .

300 4211 446 4281 justa
474 4210 669 4280 exigit,
703 4209 816 4263 fieri
845 4224 953 4262 non
983 4209 1281 4278 prohibuit.
1315 4209 1471 4264 Foris
1498 4211 1642 4264 enim
1671 4201 1880 4265 velali-

306 4300 429 4355 cubi
470 4307 778 4369 protervam
819 4288 1221 4352 contentionem
1265 4298 1570 4365 damnavit,
1613 4299 1757 4353 intus
1786 4315 1880 4353 au-

309 4399 449 4454 tem,
491 4388 853 4443 accusationis
895 4387 977 4442 sui
1019 4403 1216 4452 causa,
1249 4398 1340 4442 aut
1375 4405 1473 4458 pro
1513 4389 1744 4444 utilitate
1773 4390 1874 4443 ali-

1986 3203 2284 3272 aequissimo
2329 3203 2504 3272 judici
2556 3204 2666 3258 Deo
2726 3206 2980 3261 rationem
3040 3211 3388 3268 redditurum.
3445 3218 3565 3287 Ipse

1985 3295 2128 3348 enim
2158 3296 2416 3350 Dominus
2453 3296 2724 3366 judicibus
2766 3301 2888 3352 ait:
2931 3299 2999 3354 In
3039 3319 3141 3373 quo
3172 3305 3378 3372 judicio
3409 3311 3568 3377 judi-

1985 3387 2257 3452 caveritis,
2295 3388 2670 3457 judicabimini
2715 3389 2944 3461 (Matth.
2986 3415 3058 3455 vn
3089 3398 3131 3463 ).
3180 3395 3247 3449 Et
3290 3397 3412 3452 ideo
3443 3402 3568 3455 dili-

1984 3477 2296 3544 gentissime
2325 3478 2602 3533 attendere
2628 3481 2786 3535 debet
2811 3483 3010 3550 abbas,
3041 3492 3101 3537 ut
3128 3487 3270 3554 quod
3314 3489 3416 3543 sibi
3456 3507 3566 3547 non

1983 3565 2098 3620 vult
2142 3567 2294 3633 ﬁeri,
2339 3567 2430 3621 alii
2473 3583 2540 3622 ne
2591 3569 2783 3635 faciat,
2831 3571 2960 3641 quia
3005 3577 3148 3642 apud
3191 3577 3564 3644 aequissimum

1975 3654 2216 3724 judicem
2243 3657 2354 3711 Deo
2381 3658 2648 3713 rationem
2677 3661 3018 3728 redditurus,
3048 3664 3307 3734 quidquid
3336 3668 3391 3722 in
3422 3684 3564 3738 pne-

1982 3747 2121 3800 senti
2151 3748 2261 3802 vita
2291 3763 2456 3818 agens
2475 3750 2856 3816 seminaverit,
2879 3751 2993 3805 haec
3013 3761 3069 3806 et
3091 3753 3143 3806 in
3169 3754 3348 3810 futuro
3368 3759 3563 3826 procul

1983 3838 2145 3892 dUDiO
2184 3847 2369 3892 metet.
2413 3839 2564 3893 Hanc
2604 3840 2751 3893 enim
2789 3843 3117 3896 sententiam
3157 3845 3277 3899 ideo
3306 3849 3564 3906 cordibus

1982 3927 2184 3980 nostris
2211 3927 2455 3981 scribens
2481 3928 2670 3982 beatus
2697 3928 3020 3985 Benedictus
3046 3930 3359 4001 frequenter
3387 3935 3563 3990 incul—

1979 4025 2098 4082 cat,
2129 4032 2197 4070 ne
2227 4033 2258 4071 a
2289 4018 2445 4071 nobis
2475 4019 2530 4071 in
2559 4018 2885 4073 oblivionem
2916 4022 3092 4089 posita
3121 4023 3349 4078 ducatur
3375 4028 3560 4098 negler

1979 4116 2096 4172 cta,
2127 4107 2220 4161 sed
2248 4107 2426 4175 potius
2456 4115 2702 4160 teneatur
2728 4114 2891 4176 atque
2912 4109 3188 4178 judicetur
3214 4116 3509 4168 tremenda.

2049 4199 2111 4254 Si
2134 4215 2236 4269 qua
2257 4215 2376 4252 vero
2402 4199 2605 4252 minora
2632 4201 2834 4268 agenda
2859 4210 2978 4253 sunt
2999 4201 3056 4252 in
3085 4206 3387 4256 monasterii
3410 4206 3559 4258 utili-
3635 4193 3652 4206 ’

1978 4288 2170 4340 tatibus
2189 4327 2204 4353 ,
2231 4289 2496 4341 seniorum
2527 4297 2731 4340 tantum
2759 4299 2939 4342 utatur
2967 4290 3184 4344 consilio
3202 4331 3217 4358 ,
3248 4294 3382 4346 sicut
3421 4297 3557 4348 scri-

1977 4388 2122 4448 ptum
2164 4389 2280 4432 est:
2327 4377 2517 4432 Omnia
2559 4379 2645 4448 [ac
2683 4396 2801 4432 cum
2845 4381 3094 4447 consilio,
3124 4392 3173 4436 et
3197 4394 3308 4452 post
3351 4385 3555 4453 factum

306 4493 445 4548 qua,
495 4479 722 4532 amicam
773 4491 891 4531 esse
939 4479 1360 4544 contentionem,
1415 4487 1474 4532 ut
1523 4480 1839 4548 pnedictum

1990 4487 2079 4523 ton
2114 4472 2377 4540 pwnitebis
2409 4470 2614 4542 (Eccli.
2645 4463 2794 4525 xrxn
2824 4473 2864 4542 ).
2903 4472 3091 4542 Magna
3122 4476 3320 4528 etenim
3351 4491 3440 4530 res
3470 4489 3557 4532 est

305 4577 419 4634 est,
466 4567 585 4622 fieri
633 4581 739 4622 non
789 4567 978 4620 vetuit.
1029 4567 1185 4622 Foris
1233 4583 1330 4622 nec
1378 4577 1722 4638 protervam,
1775 4585 1876 4624 nec

305 4660 530 4714 amicam
561 4659 868 4725 concessit;
901 4660 1028 4727 quia
1071 4661 1118 4713 si
1161 4661 1213 4712 in
1245 4661 1456 4728 publico
1496 4661 1660 4714 etiam
1700 4661 1873 4714 amica

305 4750 578 4804 contentio
627 4747 761 4812 fiat,
809 4749 1071 4816 magistro
1127 4749 1248 4801 inde
1302 4750 1491 4803 nociva
1549 4759 1632 4803 est
1683 4750 1875 4817 despe.

304 4839 444 4902 ctio,
485 4845 540 4889 et
584 4834 843 4904 discipulo
884 4835 1159 4890 mortifera
1202 4836 1444 4888 nascitur
1487 4835 1668 4889 elatio.
1725 4837 1873 4890 Unde

304 4939 358 4983 ct
385 4929 572 4982 beatus
616 4926 937 4981 Benedictus
981 4941 1103 4979 cum
1141 4925 1365 4979 dixisset
1400 4942 1412 4977 :
1442 4924 1622 4995 Neque
1665 4942 1870 4996 pra’su-

305 5027 412 5070 mat
455 5017 728 5086 quisquam
771 5031 890 5068 cum
932 5015 1115 5068 abbate
1142 5032 1237 5068 suo
1261 5024 1490 5084 proterve
1513 5055 1528 5081 ,
1560 5030 1665 5068 non
1693 5017 1828 5070 dixit
1854 5037 1887 5084 ,'

305 5114 446 5165 intus
477 5120 565 5164 aut
596 5110 726 5179 foris
745 5146 760 5173 ,
790 5107 929 5162 sicut
953 5109 1117 5177 aliqui
1148 5109 1362 5163 codices
1391 5109 1619 5174 habent,
1647 5110 1738 5163 sed
1767 5111 1872 5165 sic-

307 5211 367 5256 ut
413 5203 469 5256 in
507 5201 647 5266 illo,
692 5213 854 5270 quem
902 5202 1148 5253 inanibus
1193 5201 1306 5254 suis
1348 5201 1591 5268 scripsit,
1641 5211 1872 5269 proterve

304 5299 446 5351 intus
483 5304 575 5350 aut
613 5293 743 5363 {oris
771 5295 1141 5347 monasterium
1172 5295 1452 5362 reperitur.
1491 5294 1638 5348 Unde
1670 5295 1865 5350 intelli-

307 5387 453 5457 gitur
478 5385 606 5456 quia
635 5383 767 5439 foris
794 5382 995 5436 nullam
1014 5421 1030 5446 ,
1055 5383 1200 5437 intus
1225 5393 1404 5437 autem
1430 5397 1550 5438 esse
1575 5384 1878 5440 contentio-

310 5494 431 5533 nem
461 5477 711 5548 permisit
739 5476 994 5530 amicam.

379 5568 531 5632 Quod
571 5567 615 5622 si
653 5564 1040 5636 prazsumpserit
1063 5603 1078 5630 ,
1106 5562 1337 5635 regulari
1366 5563 1656 5634 disciplina:
1695 5564 1878 5636 subja—

310 5671 439 5712 teat.
471 5661 752 5731 Regularis
777 5660 922 5715 enim
949 5659 1230 5730 disciplina
1260 5658 1314 5712 in
1342 5656 1678 5732 spiritalibus
1705 5659 1871 5729 vitiis,

1981 4563 2295 4626 consilium,
2335 4570 2389 4615 et
2427 4563 2710 4617 abbatibus
2749 4564 2901 4618 valde
2948 4568 3445 4634 pernecessarium,
3495 4578 3553 4624 et

1980 4667 2085 4706 non
2115 4651 2605 4721 parvipendenduin
2624 4693 2638 4718 ,
2664 4654 2757 4707 sed
2789 4667 3166 4723 supernorum
3189 4666 3242 4710 et
3267 4668 3552 4729 argentum

1979 4744 2411 4797 constituendum
2435 4759 2448 4808 ;
2481 4751 2534 4795 et
2563 4745 2664 4798 hoc
2695 4746 2868 4813 ipsum
2897 4746 3077 4799 divina
3109 4749 3370 4816 approbat
3399 4748 3551 4803 Scri-

1977 4843 2134 4902 ptura
2182 4834 2410 4888 dicens:
2452 4833 2654 4887 Aurum
2703 4845 2751 4887 et
2798 4845 3074 4904 argentum
3119 4847 3196 4889 est
3241 4839 3548 4893 constitutio

1977 4930 2200 4999 pedum,
2248 4937 2296 4982 et
2345 4943 2500 4998 super
2544 4937 2818 4996 utrumque
2856 4927 3130 4980 consilium
3169 4927 3548 4997 beneplacitum

1979 5020 2186 5093 (Eccli.
2221 5037 2288 5074 ιι.
2314 5020 2355 5091 ).
2411 5019 2644 5075 Scientia
2689 5020 2935 5090 sapientis
2979 5029 3226 5091 tanquam
3269 5021 3548 5076 inundatio

1976 5115 2291 5179 abundabit,
2337 5124 2384 5168 et
2429 5113 2703 5167 consilium
2747 5113 2889 5167 illius
2933 5113 3064 5167 sicut
3109 5113 3225 5183 fons
3270 5114 3388 5168 vitte
3430 5130 3548 5184 per-

1977 5215 2146 5260 manet
2183 5204 2201 5277 (
2225 5203 2389 5258 Eccli.
2423 5220 2512 5258 xx:
2537 5204 2578 5274 ).

2583 5293 2808 5349 CAPUT
2844 5293 2932 5348 IV.

2177 5385 2307 5452 Qua:
2334 5387 2433 5441 sint
2460 5387 2804 5440 instrumenta
2833 5385 3087 5438 bonorum
3118 5401 3349 5454 operum.

2044 5475 2197 5530 Sicut
2240 5483 2367 5530 sunt
2410 5474 2687 5528 fabrorum
2729 5474 2812 5528 vel
2844 5474 3070 5527 aliorum
3107 5473 3375 5528 artificum
3419 5482 3547 5544 apta

1971 5579 2028 5626 et
2065 5571 2296 5640 plurima
2344 5571 2700 5624 instrumenta
2748 5569 2815 5622 ad
2859 5567 3068 5621 illorum
3109 5581 3272 5636 opera
3317 5566 3543 5621 concin-

1972 5662 2180 5728 nanda,
2225 5661 2299 5716 ita
2345 5668 2470 5716 sunt
2502 5667 2556 5716 et
2586 5659 2849 5714 bonorum
2896 5660 3285 5715 monachorum
3327 5668 3452 5729 apta
3490 5666 3546 5713 et
