  <div class='ocr_page' id='page_1' title='image "/cluster/home/n/w/nwhite01/storage/ocr_20150623/102/hvd.32044052820032/380.png"; bbox 0 0 3960 6206; ppageno 0'>
   <div class='ocr_carea' id='block_1_1' title="bbox 317 361 421 416">
    <p class='ocr_par' dir='ltr' id='par_1_1' title="bbox 317 361 421 416">
     <span class='ocr_line' id='line_1_1' title="bbox 317 361 421 416; baseline -0.01 0"><span class='ocrx_word' id='word_1_1' title='bbox 317 361 421 416; x_wconf 76' lang='grc' dir='ltr'><strong>’ἴί9</strong></span> 
     </span>
    </p>
   </div>
   <div class='ocr_carea' id='block_1_2' title="bbox 1348 353 2541 412">
    <p class='ocr_par' dir='ltr' id='par_1_2' title="bbox 1348 353 2541 412">
     <span class='ocr_line' id='line_1_2' title="bbox 1348 353 2541 412; baseline -0.004 0"><span class='ocrx_word' id='word_1_2' title='bbox 1348 357 1704 412; x_wconf 62' lang='lat' dir='ltr'><strong>COMMENT.</strong></span> <span class='ocrx_word' id='word_1_3' title='bbox 1750 356 1813 408; x_wconf 72' lang='lat' dir='ltr'><strong>IN</strong></span> <span class='ocrx_word' id='word_1_4' title='bbox 1864 354 2020 407; x_wconf 69' lang='grc' dir='ltr'><strong>ΠΕΟ.</strong></span> <span class='ocrx_word' id='word_1_5' title='bbox 2065 353 2122 407; x_wconf 89' lang='lat' dir='ltr'><strong>S.</strong></span> <span class='ocrx_word' id='word_1_6' title='bbox 2164 353 2541 408; x_wconf 79' lang='lat' dir='ltr'><strong>BENEDICTI.</strong></span> 
     </span>
    </p>
   </div>
   <div class='ocr_carea' id='block_1_3' title="bbox 3467 365 3569 417">
    <p class='ocr_par' dir='ltr' id='par_1_3' title="bbox 3467 365 3569 417">
     <span class='ocr_line' id='line_1_3' title="bbox 3467 365 3569 417; baseline 0.02 -2"><span class='ocrx_word' id='word_1_7' title='bbox 3467 365 3569 417; x_wconf 71' lang='lat'><strong>7330</strong></span> 
     </span>
    </p>
   </div>
   <div class='ocr_carea' id='block_1_4' title="bbox 314 466 3573 552">
    <p class='ocr_par' dir='ltr' id='par_1_4' title="bbox 314 466 3573 552">
     <span class='ocr_line' id='line_1_4' title="bbox 314 466 3573 552; baseline -0.001 -18"><span class='ocrx_word' id='word_1_8' title='bbox 314 473 675 552; x_wconf 78' lang='lat' dir='ltr'><strong>spiritualium</strong></span> <span class='ocrx_word' id='word_1_9' title='bbox 701 472 990 526; x_wconf 87' lang='lat' dir='ltr'><strong>multarum</strong></span> <span class='ocrx_word' id='word_1_10' title='bbox 1015 472 1273 526; x_wconf 87' lang='lat' dir='ltr'><strong>virtutum</strong></span> <span class='ocrx_word' id='word_1_11' title='bbox 1299 472 1672 536; x_wconf 86' lang='lat' dir='ltr'><strong>instrumenta,</strong></span> <span class='ocrx_word' id='word_1_12' title='bbox 1698 471 1893 540; x_wconf 85' lang='lat' dir='ltr'><strong>quibus</strong></span> <span class='ocrx_word' id='word_1_13' title='bbox 1921 477 1971 535; x_wconf 72' lang='grc' dir='ltr'><strong>Α</strong></span> <span class='ocrx_word' id='word_1_14' title='bbox 1994 469 2129 521; x_wconf 87' lang='lat' dir='ltr'><strong>sicut</strong></span> <span class='ocrx_word' id='word_1_15' title='bbox 2161 468 2377 535; x_wconf 82' lang='lat' dir='ltr'><strong>teipsum</strong></span> <span class='ocrx_word' id='word_1_16' title='bbox 2426 466 2624 537; x_wconf 83' lang='lat' dir='ltr'><strong>(Galat.</strong></span> <span class='ocrx_word' id='word_1_17' title='bbox 2652 468 2725 537; x_wconf 84' lang='lat' dir='ltr'><strong>v).</strong></span> <span class='ocrx_word' id='word_1_18' title='bbox 2756 468 2821 521; x_wconf 90' lang='lat' dir='ltr'><strong>Et</strong></span> <span class='ocrx_word' id='word_1_19' title='bbox 2847 467 3080 527; x_wconf 81' lang='lat' dir='ltr'><strong>Joannes</strong></span> <span class='ocrx_word' id='word_1_20' title='bbox 3113 473 3188 526; x_wconf 89' lang='lat' dir='ltr'><strong>ait</strong></span> <span class='ocrx_word' id='word_1_21' title='bbox 3213 492 3224 527; x_wconf 76' lang='grc' dir='ltr'>ε</span> <span class='ocrx_word' id='word_1_22' title='bbox 3260 473 3365 539; x_wconf 90' lang='lat' dir='ltr'><strong>Qui</strong></span> <span class='ocrx_word' id='word_1_23' title='bbox 3401 478 3573 549; x_wconf 74' lang='lat' dir='ltr'><strong>diligit</strong></span> 
     </span>
    </p>
   </div>
   <div class='ocr_carea' id='block_1_5' title="bbox 314 565 1886 639">
    <p class='ocr_par' dir='ltr' id='par_1_5' title="bbox 314 565 1886 639">
     <span class='ocr_line' id='line_1_5' title="bbox 314 565 1886 639; baseline -0.008 -11"><span class='ocrx_word' id='word_1_24' title='bbox 314 582 371 629; x_wconf 87' lang='lat' dir='ltr'><strong>et</strong></span> <span class='ocrx_word' id='word_1_25' title='bbox 414 572 469 625; x_wconf 88' lang='lat' dir='ltr'><strong>in</strong></span> <span class='ocrx_word' id='word_1_26' title='bbox 511 565 765 639; x_wconf 67' lang='lat' dir='ltr'><strong>prmsenti</strong></span> <span class='ocrx_word' id='word_1_27' title='bbox 794 565 1016 634; x_wconf 85' lang='lat' dir='ltr'><strong>pulchre</strong></span> <span class='ocrx_word' id='word_1_28' title='bbox 1060 572 1115 618; x_wconf 90' lang='lat' dir='ltr'><strong>et</strong></span> <span class='ocrx_word' id='word_1_29' title='bbox 1150 566 1443 619; x_wconf 83' lang='lat' dir='ltr'><strong>secundum</strong></span> <span class='ocrx_word' id='word_1_30' title='bbox 1484 565 1653 619; x_wconf 88' lang='lat' dir='ltr'><strong>Deum</strong></span> <span class='ocrx_word' id='word_1_31' title='bbox 1700 579 1886 618; x_wconf 84' lang='lat' dir='ltr'><strong>eorum</strong></span> 
     </span>
    </p>
   </div>
   <div class='ocr_carea' id='block_1_6' title="bbox 313 653 1890 731">
    <p class='ocr_par' dir='ltr' id='par_1_6' title="bbox 313 653 1890 731">
     <span class='ocr_line' id='line_1_6' title="bbox 313 653 1890 731; baseline -0.008 -13"><span class='ocrx_word' id='word_1_32' title='bbox 313 659 657 731; x_wconf 88' lang='lat' dir='ltr'><strong>componitur</strong></span> <span class='ocrx_word' id='word_1_33' title='bbox 682 656 813 721; x_wconf 89' lang='lat' dir='ltr'><strong>vita,</strong></span> <span class='ocrx_word' id='word_1_34' title='bbox 844 663 899 710; x_wconf 91' lang='lat' dir='ltr'><strong>et</strong></span> <span class='ocrx_word' id='word_1_35' title='bbox 927 654 1116 709; x_wconf 88' lang='lat' dir='ltr'><strong>eadem</strong></span> <span class='ocrx_word' id='word_1_36' title='bbox 1146 655 1442 723; x_wconf 85' lang='lat' dir='ltr'><strong>composita</strong></span> <span class='ocrx_word' id='word_1_37' title='bbox 1470 655 1524 708; x_wconf 93' lang='lat' dir='ltr'><strong>in</strong></span> <span class='ocrx_word' id='word_1_38' title='bbox 1556 653 1737 707; x_wconf 89' lang='lat' dir='ltr'><strong>futuro</strong></span> <span class='ocrx_word' id='word_1_39' title='bbox 1766 668 1890 707; x_wconf 91' lang='lat' dir='ltr'><strong>cum</strong></span> 
     </span>
    </p>
   </div>
   <div class='ocr_carea' id='block_1_7' title="bbox 315 743 1892 821">
    <p class='ocr_par' dir='ltr' id='par_1_7' title="bbox 315 743 1892 821">
     <span class='ocr_line' id='line_1_7' title="bbox 315 743 1892 821; baseline -0.008 -13"><span class='ocrx_word' id='word_1_40' title='bbox 315 751 531 809; x_wconf 77' lang='lat' dir='ltr'><strong>Christo</strong></span> <span class='ocrx_word' id='word_1_41' title='bbox 553 747 782 803; x_wconf 78' lang='lat' dir='ltr'><strong>feliciter</strong></span> <span class='ocrx_word' id='word_1_42' title='bbox 800 752 1044 821; x_wconf 84' lang='lat' dir='ltr'><strong>regnant.</strong></span> <span class='ocrx_word' id='word_1_43' title='bbox 1071 743 1180 799; x_wconf 83' lang='lat' dir='ltr'><strong>Has</strong></span> <span class='ocrx_word' id='word_1_44' title='bbox 1203 744 1401 799; x_wconf 90' lang='lat' dir='ltr'><strong>etenim</strong></span> <span class='ocrx_word' id='word_1_45' title='bbox 1425 744 1669 807; x_wconf 77' lang='lat' dir='ltr'><strong>virtutes,</strong></span> <span class='ocrx_word' id='word_1_46' title='bbox 1696 743 1892 811; x_wconf 83' lang='lat' dir='ltr'><strong>quibus</strong></span> 
     </span>
    </p>
   </div>
   <div class='ocr_carea' id='block_1_8' title="bbox 313 835 1890 904">
    <p class='ocr_par' dir='ltr' id='par_1_8' title="bbox 313 835 1890 904">
     <span class='ocr_line' id='line_1_8' title="bbox 313 835 1890 904; baseline -0.008 -5"><span class='ocrx_word' id='word_1_47' title='bbox 313 845 581 899; x_wconf 88' lang='lat' dir='ltr'><strong>bonorum</strong></span> <span class='ocrx_word' id='word_1_48' title='bbox 631 837 1019 891; x_wconf 91' lang='lat' dir='ltr'><strong>monachorum</strong></span> <span class='ocrx_word' id='word_1_49' title='bbox 1064 842 1211 888; x_wconf 86' lang='lat' dir='ltr'><strong>caste</strong></span> <span class='ocrx_word' id='word_1_50' title='bbox 1259 835 1603 904; x_wconf 85' lang='lat' dir='ltr'><strong>componitur</strong></span> <span class='ocrx_word' id='word_1_51' title='bbox 1644 835 1797 899; x_wconf 84' lang='lat' dir='ltr'><strong>ordo,</strong></span> <span class='ocrx_word' id='word_1_52' title='bbox 1836 835 1890 887; x_wconf 91' lang='lat' dir='ltr'><strong>in</strong></span> 
     </span>
    </p>
   </div>
   <div class='ocr_carea' id='block_1_9' title="bbox 312 925 1889 996">
    <p class='ocr_par' dir='ltr' id='par_1_9' title="bbox 312 925 1889 996">
     <span class='ocr_line' id='line_1_9' title="bbox 312 925 1889 996; baseline -0.008 -4"><span class='ocrx_word' id='word_1_53' title='bbox 312 939 419 992; x_wconf 84' lang='lat' dir='ltr'><strong>hoc</strong></span> <span class='ocrx_word' id='word_1_54' title='bbox 445 935 638 989; x_wconf 86' lang='lat' dir='ltr'><strong>beatus</strong></span> <span class='ocrx_word' id='word_1_55' title='bbox 665 928 988 984; x_wconf 84' lang='lat' dir='ltr'><strong>Benedictus</strong></span> <span class='ocrx_word' id='word_1_56' title='bbox 1023 926 1311 981; x_wconf 74' lang='lat' dir='ltr'><strong>ordinatim</strong></span> <span class='ocrx_word' id='word_1_57' title='bbox 1343 941 1545 996; x_wconf 91' lang='lat' dir='ltr'><strong>ponere</strong></span> <span class='ocrx_word' id='word_1_58' title='bbox 1591 925 1756 981; x_wconf 87' lang='lat' dir='ltr'><strong>voluit</strong></span> <span class='ocrx_word' id='word_1_59' title='bbox 1795 941 1889 980; x_wconf 89' lang='lat' dir='ltr'><strong>ca-</strong></span> 
     </span>
    </p>
   </div>
   <div class='ocr_carea' id='block_1_10' title="bbox 312 1014 1892 1096">
    <p class='ocr_par' dir='ltr' id='par_1_10' title="bbox 312 1014 1892 1096">
     <span class='ocr_line' id='line_1_10' title="bbox 312 1014 1892 1096; baseline -0.006 -19"><span class='ocrx_word' id='word_1_60' title='bbox 312 1024 506 1096; x_wconf 88' lang='lat' dir='ltr'><strong>pitulo,</strong></span> <span class='ocrx_word' id='word_1_61' title='bbox 535 1029 596 1075; x_wconf 93' lang='lat' dir='ltr'><strong>ut</strong></span> <span class='ocrx_word' id='word_1_62' title='bbox 620 1020 706 1074; x_wconf 91' lang='lat' dir='ltr'><strong>his</strong></span> <span class='ocrx_word' id='word_1_63' title='bbox 744 1027 968 1073; x_wconf 87' lang='lat' dir='ltr'><strong>ornatus</strong></span> <span class='ocrx_word' id='word_1_64' title='bbox 997 1016 1295 1070; x_wconf 79' lang='lat' dir='ltr'><strong>monachus</strong></span> <span class='ocrx_word' id='word_1_65' title='bbox 1338 1016 1569 1077; x_wconf 86' lang='lat' dir='ltr'><strong>incedat,</strong></span> <span class='ocrx_word' id='word_1_66' title='bbox 1600 1024 1655 1070; x_wconf 89' lang='lat' dir='ltr'><strong>et</strong></span> <span class='ocrx_word' id='word_1_67' title='bbox 1683 1015 1767 1070; x_wconf 90' lang='lat' dir='ltr'><strong>his</strong></span> <span class='ocrx_word' id='word_1_68' title='bbox 1800 1014 1892 1069; x_wconf 80' lang='lat' dir='ltr'><strong>lir-</strong></span> 
     </span>
    </p>
   </div>
   <div class='ocr_carea' id='block_1_11' title="bbox 314 1106 1891 1170">
    <p class='ocr_par' dir='ltr' id='par_1_11' title="bbox 314 1106 1891 1170">
     <span class='ocr_line' id='line_1_11' title="bbox 314 1106 1891 1170; baseline -0.005 -2"><span class='ocrx_word' id='word_1_69' title='bbox 314 1122 493 1168; x_wconf 85' lang='lat' dir='ltr'><strong>matus</strong></span> <span class='ocrx_word' id='word_1_70' title='bbox 525 1113 737 1166; x_wconf 86' lang='lat' dir='ltr'><strong>hostem</strong></span> <span class='ocrx_word' id='word_1_71' title='bbox 768 1107 983 1162; x_wconf 81' lang='lat' dir='ltr'><strong>fortiter</strong></span> <span class='ocrx_word' id='word_1_72' title='bbox 1007 1106 1194 1170; x_wconf 82' lang='lat' dir='ltr'><strong>feriat,</strong></span> <span class='ocrx_word' id='word_1_73' title='bbox 1223 1114 1551 1160; x_wconf 87' lang='lat' dir='ltr'><strong>tentamenta</strong></span> <span class='ocrx_word' id='word_1_74' title='bbox 1580 1106 1764 1161; x_wconf 65' lang='lat' dir='ltr'><strong>saeculi</strong></span> <span class='ocrx_word' id='word_1_75' title='bbox 1792 1107 1891 1161; x_wconf 86' lang='lat' dir='ltr'><strong>hu-</strong></span> 
     </span>
    </p>
   </div>
   <div class='ocr_carea' id='block_1_12' title="bbox 311 1196 1891 1273">
    <p class='ocr_par' dir='ltr' id='par_1_12' title="bbox 311 1196 1891 1273">
     <span class='ocr_line' id='line_1_12' title="bbox 311 1196 1891 1273; baseline -0.005 -15"><span class='ocrx_word' id='word_1_76' title='bbox 311 1203 398 1273; x_wconf 87' lang='lat' dir='ltr'><strong>jus</strong></span> <span class='ocrx_word' id='word_1_77' title='bbox 423 1200 603 1258; x_wconf 89' lang='lat' dir='ltr'><strong>omnia</strong></span> <span class='ocrx_word' id='word_1_78' title='bbox 628 1199 827 1261; x_wconf 85' lang='lat' dir='ltr'><strong>vincat,</strong></span> <span class='ocrx_word' id='word_1_79' title='bbox 858 1206 912 1251; x_wconf 91' lang='lat' dir='ltr'><strong>et</strong></span> <span class='ocrx_word' id='word_1_80' title='bbox 937 1210 997 1251; x_wconf 87' lang='lat' dir='ltr'><strong>se</strong></span> <span class='ocrx_word' id='word_1_81' title='bbox 1021 1205 1331 1251; x_wconf 89' lang='lat' dir='ltr'><strong>sanctorum</strong></span> <span class='ocrx_word' id='word_1_82' title='bbox 1354 1204 1409 1250; x_wconf 91' lang='lat' dir='ltr'><strong>et</strong></span> <span class='ocrx_word' id='word_1_83' title='bbox 1432 1196 1744 1265; x_wconf 84' lang='lat' dir='ltr'><strong>angelorum</strong></span> <span class='ocrx_word' id='word_1_84' title='bbox 1773 1210 1891 1250; x_wconf 91' lang='lat' dir='ltr'><strong>om-</strong></span> 
     </span>
    </p>
   </div>
   <div class='ocr_carea' id='block_1_13' title="bbox 313 1288 1892 1359">
    <p class='ocr_par' dir='ltr' id='par_1_13' title="bbox 313 1288 1892 1359">
     <span class='ocr_line' id='line_1_13' title="bbox 313 1288 1892 1359; baseline -0.004 -11"><span class='ocrx_word' id='word_1_85' title='bbox 313 1294 464 1349; x_wconf 88' lang='lat' dir='ltr'><strong>nium</strong></span> <span class='ocrx_word' id='word_1_86' title='bbox 502 1290 752 1347; x_wconf 89' lang='lat' dir='ltr'><strong>societati</strong></span> <span class='ocrx_word' id='word_1_87' title='bbox 779 1288 1088 1359; x_wconf 90' lang='lat' dir='ltr'><strong>conjungat.</strong></span> <span class='ocrx_word' id='word_1_88' title='bbox 1131 1289 1206 1342; x_wconf 91' lang='lat' dir='ltr'><strong>De</strong></span> <span class='ocrx_word' id='word_1_89' title='bbox 1243 1303 1472 1359; x_wconf 86' lang='lat' dir='ltr'><strong>quarum</strong></span> <span class='ocrx_word' id='word_1_90' title='bbox 1510 1289 1752 1343; x_wconf 90' lang='lat' dir='ltr'><strong>omnium</strong></span> <span class='ocrx_word' id='word_1_91' title='bbox 1780 1288 1892 1343; x_wconf 85' lang='lat' dir='ltr'><strong>vir—</strong></span> 
     </span>
    </p>
   </div>
   <div class='ocr_carea' id='block_1_14' title="bbox 313 1375 1886 1448">
    <p class='ocr_par' dir='ltr' id='par_1_14' title="bbox 313 1375 1886 1448">
     <span class='ocr_line' id='line_1_14' title="bbox 313 1375 1886 1448; baseline -0.001 -14"><span class='ocrx_word' id='word_1_92' title='bbox 313 1388 490 1434; x_wconf 85' lang='lat' dir='ltr'><strong>tutum</strong></span> <span class='ocrx_word' id='word_1_93' title='bbox 514 1378 673 1433; x_wconf 87' lang='lat' dir='ltr'><strong>laude</strong></span> <span class='ocrx_word' id='word_1_94' title='bbox 695 1388 750 1433; x_wconf 89' lang='lat' dir='ltr'><strong>et</strong></span> <span class='ocrx_word' id='word_1_95' title='bbox 770 1392 889 1443; x_wconf 91' lang='lat' dir='ltr'><strong>nos,</strong></span> <span class='ocrx_word' id='word_1_96' title='bbox 915 1377 970 1431; x_wconf 91' lang='lat' dir='ltr'><strong>in</strong></span> <span class='ocrx_word' id='word_1_97' title='bbox 992 1384 1253 1448; x_wconf 89' lang='lat' dir='ltr'><strong>quantum</strong></span> <span class='ocrx_word' id='word_1_98' title='bbox 1279 1375 1540 1432; x_wconf 87' lang='lat' dir='ltr'><strong>Dominus</strong></span> <span class='ocrx_word' id='word_1_99' title='bbox 1561 1379 1886 1448; x_wconf 88' lang='lat' dir='ltr'><strong>permiserit,</strong></span> 
     </span>
    </p>
   </div>
   <div class='ocr_carea' id='block_1_15' title="bbox 313 1470 1447 1529">
    <p class='ocr_par' dir='ltr' id='par_1_15' title="bbox 313 1470 1447 1529">
     <span class='ocr_line' id='line_1_15' title="bbox 313 1470 1447 1529; baseline -0.006 -4"><span class='ocrx_word' id='word_1_100' title='bbox 313 1470 632 1525; x_wconf 72' lang='lat' dir='ltr'><strong>conabimur</strong></span> <span class='ocrx_word' id='word_1_101' title='bbox 657 1470 858 1529; x_wconf 87' lang='lat' dir='ltr'><strong>dicere.</strong></span> <span class='ocrx_word' id='word_1_102' title='bbox 1442 1480 1447 1484; x_wconf 81' lang='lat'><strong><em>&#39;</em></strong></span> 
     </span>
    </p>
   </div>
   <div class='ocr_carea' id='block_1_16' title="bbox 385 1557 1890 1628">
    <p class='ocr_par' dir='ltr' id='par_1_16' title="bbox 385 1557 1890 1628">
     <span class='ocr_line' id='line_1_16' title="bbox 385 1557 1890 1628; baseline 0.001 -17"><span class='ocrx_word' id='word_1_103' title='bbox 385 1557 628 1617; x_wconf 85' lang='lat' dir='ltr'><strong>Primum</strong></span> <span class='ocrx_word' id='word_1_104' title='bbox 656 1560 1078 1613; x_wconf 79' lang='lat' dir='ltr'><strong>instrumentum.</strong></span> <span class='ocrx_word' id='word_1_105' title='bbox 1103 1557 1170 1612; x_wconf 87' lang='lat' dir='ltr'><strong>In</strong></span> <span class='ocrx_word' id='word_1_106' title='bbox 1195 1559 1377 1628; x_wconf 81' lang='lat' dir='ltr'><strong>primis</strong></span> <span class='ocrx_word' id='word_1_107' title='bbox 1404 1559 1686 1614; x_wconf 83' lang='lat' dir='ltr'><strong>Dominum</strong></span> <span class='ocrx_word' id='word_1_108' title='bbox 1725 1558 1890 1612; x_wconf 84' lang='lat' dir='ltr'><strong>Deum</strong></span> 
     </span>
    </p>
   </div>
   <div class='ocr_carea' id='block_1_17' title="bbox 312 1647 1886 1719">
    <p class='ocr_par' dir='ltr' id='par_1_17' title="bbox 312 1647 1886 1719">
     <span class='ocr_line' id='line_1_17' title="bbox 312 1647 1886 1719; baseline 0 -19"><span class='ocrx_word' id='word_1_109' title='bbox 312 1647 530 1719; x_wconf 82' lang='lat' dir='ltr'><strong>diligere</strong></span> <span class='ocrx_word' id='word_1_110' title='bbox 551 1665 615 1702; x_wconf 81' lang='lat' dir='ltr'><strong>ea:</strong></span> <span class='ocrx_word' id='word_1_111' title='bbox 656 1659 763 1702; x_wconf 90' lang='lat' dir='ltr'><strong>toto</strong></span> <span class='ocrx_word' id='word_1_112' title='bbox 789 1648 963 1712; x_wconf 84' lang='lat' dir='ltr'><strong>corde,</strong></span> <span class='ocrx_word' id='word_1_113' title='bbox 994 1656 1103 1701; x_wconf 91' lang='lat' dir='ltr'><strong>tota</strong></span> <span class='ocrx_word' id='word_1_114' title='bbox 1136 1649 1337 1712; x_wconf 83' lang='lat' dir='ltr'><strong>anima,</strong></span> <span class='ocrx_word' id='word_1_115' title='bbox 1371 1656 1481 1701; x_wconf 87' lang='lat' dir='ltr'><strong>tota</strong></span> <span class='ocrx_word' id='word_1_116' title='bbox 1508 1648 1694 1701; x_wconf 84' lang='lat' dir='ltr'><strong>virtute</strong></span> <span class='ocrx_word' id='word_1_117' title='bbox 1735 1647 1886 1717; x_wconf 87' lang='lat' dir='ltr'><strong>(Luc.</strong></span> 
     </span>
    </p>
   </div>
   <div class='ocr_carea' id='block_1_18' title="bbox 314 1730 1893 1809">
    <p class='ocr_par' dir='ltr' id='par_1_18' title="bbox 314 1730 1893 1809">
     <span class='ocr_line' id='line_1_18' title="bbox 314 1730 1893 1809; baseline -0.003 -16"><span class='ocrx_word' id='word_1_118' title='bbox 314 1730 392 1809; x_wconf 74' lang='lat' dir='ltr'><strong>it).</strong></span> <span class='ocrx_word' id='word_1_119' title='bbox 422 1739 546 1795; x_wconf 64' lang='lat' dir='ltr'><strong>Hinc</strong></span> <span class='ocrx_word' id='word_1_120' title='bbox 572 1739 717 1793; x_wconf 89' lang='lat' dir='ltr'><strong>enim</strong></span> <span class='ocrx_word' id='word_1_121' title='bbox 746 1738 929 1809; x_wconf 80' lang='lat' dir='ltr'><strong>regula</strong></span> <span class='ocrx_word' id='word_1_122' title='bbox 967 1737 1267 1792; x_wconf 89' lang='lat' dir='ltr'><strong>dilectionis</strong></span> <span class='ocrx_word' id='word_1_123' title='bbox 1299 1738 1371 1792; x_wconf 88' lang='lat' dir='ltr'><strong>ita</strong></span> <span class='ocrx_word' id='word_1_124' title='bbox 1402 1737 1663 1792; x_wconf 89' lang='lat' dir='ltr'><strong>divinitus</strong></span> <span class='ocrx_word' id='word_1_125' title='bbox 1689 1735 1893 1791; x_wconf 90' lang='lat' dir='ltr'><strong>consti-</strong></span> 
     </span>
    </p>
   </div>
   <div class='ocr_carea' id='block_1_19' title="bbox 1992 557 3570 630">
    <p class='ocr_par' dir='ltr' id='par_1_19' title="bbox 1992 557 3570 630">
     <span class='ocr_line' id='line_1_19' title="bbox 1992 557 3570 630; baseline 0.009 -19"><span class='ocrx_word' id='word_1_126' title='bbox 1992 560 2307 630; x_wconf 73' lang='lat' dir='ltr'><strong>proximum,</strong></span> <span class='ocrx_word' id='word_1_127' title='bbox 2338 560 2393 611; x_wconf 86' lang='lat' dir='ltr'><strong>in</strong></span> <span class='ocrx_word' id='word_1_128' title='bbox 2420 557 2617 612; x_wconf 85' lang='lat' dir='ltr'><strong>lumine</strong></span> <span class='ocrx_word' id='word_1_129' title='bbox 2643 568 2838 626; x_wconf 88' lang='lat' dir='ltr'><strong>manet,</strong></span> <span class='ocrx_word' id='word_1_130' title='bbox 2884 570 2933 615; x_wconf 91' lang='lat' dir='ltr'><strong>et</strong></span> <span class='ocrx_word' id='word_1_131' title='bbox 2961 564 3270 618; x_wconf 77' lang='lat' dir='ltr'><strong>scandalum</strong></span> <span class='ocrx_word' id='word_1_132' title='bbox 3296 568 3351 620; x_wconf 88' lang='lat' dir='ltr'><strong>in</strong></span> <span class='ocrx_word' id='word_1_133' title='bbox 3377 586 3437 622; x_wconf 87' lang='lat' dir='ltr'><strong>eo</strong></span> <span class='ocrx_word' id='word_1_134' title='bbox 3466 588 3570 625; x_wconf 83' lang='lat' dir='ltr'><strong>non</strong></span> 
     </span>
    </p>
   </div>
   <div class='ocr_carea' id='block_1_20' title="bbox 1992 649 3570 726">
    <p class='ocr_par' dir='ltr' id='par_1_20' title="bbox 1992 649 3570 726">
     <span class='ocr_line' id='line_1_20' title="bbox 1992 649 3570 726; baseline 0.008 -22"><span class='ocrx_word' id='word_1_135' title='bbox 1992 661 2088 705; x_wconf 88' lang='lat' dir='ltr'><strong>est.</strong></span> <span class='ocrx_word' id='word_1_136' title='bbox 2114 649 2217 715; x_wconf 75' lang='lat' dir='ltr'><strong>Qui</strong></span> <span class='ocrx_word' id='word_1_137' title='bbox 2249 650 2375 703; x_wconf 80' lang='lat' dir='ltr'><strong>dicit</strong></span> <span class='ocrx_word' id='word_1_138' title='bbox 2401 666 2456 703; x_wconf 86' lang='lat' dir='ltr'><strong>se</strong></span> <span class='ocrx_word' id='word_1_139' title='bbox 2490 650 2542 703; x_wconf 86' lang='lat' dir='ltr'><strong>in</strong></span> <span class='ocrx_word' id='word_1_140' title='bbox 2569 649 2681 704; x_wconf 86' lang='lat' dir='ltr'><strong>luce</strong></span> <span class='ocrx_word' id='word_1_141' title='bbox 2708 668 2835 715; x_wconf 87' lang='lat' dir='ltr'><strong>esse,</strong></span> <span class='ocrx_word' id='word_1_142' title='bbox 2862 662 2909 707; x_wconf 89' lang='lat' dir='ltr'><strong>et</strong></span> <span class='ocrx_word' id='word_1_143' title='bbox 2937 653 3153 722; x_wconf 81' lang='lat' dir='ltr'><strong>fratrem</strong></span> <span class='ocrx_word' id='word_1_144' title='bbox 3174 674 3327 712; x_wconf 89' lang='lat' dir='ltr'><strong>suum</strong></span> <span class='ocrx_word' id='word_1_145' title='bbox 3353 661 3483 726; x_wconf 88' lang='lat' dir='ltr'><strong>odit,</strong></span> <span class='ocrx_word' id='word_1_146' title='bbox 3516 664 3570 717; x_wconf 87' lang='lat' dir='ltr'><strong>in</strong></span> 
     </span>
    </p>
   </div>
   <div class='ocr_carea' id='block_1_21' title="bbox 1991 742 3573 820">
    <p class='ocr_par' dir='ltr' id='par_1_21' title="bbox 1991 742 3573 820">
     <span class='ocr_line' id='line_1_21' title="bbox 1991 742 3573 820; baseline 0.009 -25"><span class='ocrx_word' id='word_1_147' title='bbox 1991 742 2214 796; x_wconf 78' lang='lat' dir='ltr'><strong>tenebris</strong></span> <span class='ocrx_word' id='word_1_148' title='bbox 2249 750 2324 794; x_wconf 87' lang='lat' dir='ltr'><strong>est</strong></span> <span class='ocrx_word' id='word_1_149' title='bbox 2368 758 2528 810; x_wconf 87' lang='lat' dir='ltr'><strong>usque</strong></span> <span class='ocrx_word' id='word_1_150' title='bbox 2573 743 2745 796; x_wconf 81' lang='lat' dir='ltr'><strong>adhuc</strong></span> <span class='ocrx_word' id='word_1_151' title='bbox 2774 744 2838 813; x_wconf 92' lang='grc' dir='ltr'><strong>(Ι</strong></span> <span class='ocrx_word' id='word_1_152' title='bbox 2867 744 3029 800; x_wconf 85' lang='lat' dir='ltr'><strong>Joan.</strong></span> <span class='ocrx_word' id='word_1_153' title='bbox 3064 748 3158 819; x_wconf 87' lang='grc' dir='ltr'>ιι).</span> <span class='ocrx_word' id='word_1_154' title='bbox 3201 749 3384 820; x_wconf 87' lang='lat' dir='ltr'><strong>Neque</strong></span> <span class='ocrx_word' id='word_1_155' title='bbox 3428 755 3573 809; x_wconf 90' lang='lat' dir='ltr'><strong>enim</strong></span> 
     </span>
    </p>
   </div>
   <div class='ocr_carea' id='block_1_22' title="bbox 1990 831 3574 906">
    <p class='ocr_par' dir='ltr' id='par_1_22' title="bbox 1990 831 3574 906">
     <span class='ocr_line' id='line_1_22' title="bbox 1990 831 3574 906; baseline 0.009 -22"><span class='ocrx_word' id='word_1_156' title='bbox 1990 838 2334 899; x_wconf 87' lang='lat' dir='ltr'><strong>peccatorum</strong></span> <span class='ocrx_word' id='word_1_157' title='bbox 2365 831 2618 885; x_wconf 84' lang='lat' dir='ltr'><strong>tenebras</strong></span> <span class='ocrx_word' id='word_1_158' title='bbox 2658 847 2857 888; x_wconf 79' lang='lat' dir='ltr'><strong>exuere</strong></span> <span class='ocrx_word' id='word_1_159' title='bbox 2883 837 3058 903; x_wconf 89' lang='lat' dir='ltr'><strong>potuit</strong></span> <span class='ocrx_word' id='word_1_160' title='bbox 3084 838 3175 906; x_wconf 89' lang='lat' dir='ltr'><strong>qui</strong></span> <span class='ocrx_word' id='word_1_161' title='bbox 3206 839 3416 896; x_wconf 81' lang='lat' dir='ltr'><strong>viscera</strong></span> <span class='ocrx_word' id='word_1_162' title='bbox 3443 845 3574 897; x_wconf 85' lang='lat' dir='ltr'><strong>cha-</strong></span> 
     </span>
    </p>
   </div>
   <div class='ocr_carea' id='block_1_23' title="bbox 1993 920 3572 1000">
    <p class='ocr_par' dir='ltr' id='par_1_23' title="bbox 1993 920 3572 1000">
     <span class='ocr_line' id='line_1_23' title="bbox 1993 920 3572 1000; baseline 0.009 -27"><span class='ocrx_word' id='word_1_163' title='bbox 1993 920 2171 974; x_wconf 88' lang='lat' dir='ltr'><strong>ritatis</strong></span> <span class='ocrx_word' id='word_1_164' title='bbox 2196 921 2417 974; x_wconf 85' lang='lat' dir='ltr'><strong>induere</strong></span> <span class='ocrx_word' id='word_1_165' title='bbox 2447 936 2552 975; x_wconf 91' lang='lat' dir='ltr'><strong>non</strong></span> <span class='ocrx_word' id='word_1_166' title='bbox 2577 924 2809 977; x_wconf 80' lang='lat' dir='ltr'><strong>curavit.</strong></span> <span class='ocrx_word' id='word_1_167' title='bbox 2833 924 3058 981; x_wconf 89' lang='lat' dir='ltr'><strong>Dilectio</strong></span> <span class='ocrx_word' id='word_1_168' title='bbox 3079 943 3208 1000; x_wconf 87' lang='lat' dir='ltr'><strong>ergo</strong></span> <span class='ocrx_word' id='word_1_169' title='bbox 3233 932 3345 984; x_wconf 88' lang='lat' dir='ltr'><strong>sola</strong></span> <span class='ocrx_word' id='word_1_170' title='bbox 3372 932 3572 987; x_wconf 87' lang='lat' dir='ltr'><strong>discer-</strong></span> 
     </span>
    </p>
   </div>
   <div class='ocr_carea' id='block_1_24' title="bbox 1992 1008 3570 1078">
    <p class='ocr_par' dir='ltr' id='par_1_24' title="bbox 1992 1008 3570 1078">
     <span class='ocr_line' id='line_1_24' title="bbox 1992 1008 3570 1078; baseline 0.01 -15"><span class='ocrx_word' id='word_1_171' title='bbox 1992 1010 2074 1063; x_wconf 87' lang='lat' dir='ltr'><strong>nit</strong></span> <span class='ocrx_word' id='word_1_172' title='bbox 2120 1010 2263 1064; x_wconf 88' lang='lat' dir='ltr'><strong>inter</strong></span> <span class='ocrx_word' id='word_1_173' title='bbox 2299 1008 2441 1064; x_wconf 85' lang='lat' dir='ltr'><strong>ﬁlios</strong></span> <span class='ocrx_word' id='word_1_174' title='bbox 2489 1010 2585 1065; x_wconf 86' lang='lat' dir='ltr'><strong>Dei</strong></span> <span class='ocrx_word' id='word_1_175' title='bbox 2623 1020 2678 1065; x_wconf 92' lang='lat' dir='ltr'><strong>et</strong></span> <span class='ocrx_word' id='word_1_176' title='bbox 2717 1012 2856 1068; x_wconf 83' lang='lat' dir='ltr'><strong>ﬁlios</strong></span> <span class='ocrx_word' id='word_1_177' title='bbox 2896 1016 3114 1072; x_wconf 90' lang='lat' dir='ltr'><strong>diaboli.</strong></span> <span class='ocrx_word' id='word_1_178' title='bbox 3150 1018 3301 1073; x_wconf 88' lang='lat' dir='ltr'><strong>Sicut</strong></span> <span class='ocrx_word' id='word_1_179' title='bbox 3333 1020 3570 1078; x_wconf 84' lang='lat' dir='ltr'><strong>Joannes</strong></span> 
     </span>
    </p>
   </div>
   <div class='ocr_carea' id='block_1_25' title="bbox 1992 1100 3570 1180">
    <p class='ocr_par' dir='ltr' id='par_1_25' title="bbox 1992 1100 3570 1180">
     <span class='ocr_line' id='line_1_25' title="bbox 1992 1100 3570 1180; baseline 0.008 -26"><span class='ocrx_word' id='word_1_180' title='bbox 1992 1100 2266 1169; x_wconf 85' lang='lat' dir='ltr'><strong>apostolus</strong></span> <span class='ocrx_word' id='word_1_181' title='bbox 2306 1101 2383 1155; x_wconf 89' lang='lat' dir='ltr'><strong>ait</strong></span> <span class='ocrx_word' id='word_1_182' title='bbox 2411 1119 2423 1154; x_wconf 91' lang='lat'><strong>:</strong></span> <span class='ocrx_word' id='word_1_183' title='bbox 2457 1101 2524 1156; x_wconf 84' lang='lat' dir='ltr'><strong>In</strong></span> <span class='ocrx_word' id='word_1_184' title='bbox 2568 1102 2666 1156; x_wconf 83' lang='lat' dir='ltr'><strong>hoc</strong></span> <span class='ocrx_word' id='word_1_185' title='bbox 2701 1106 2837 1158; x_wconf 88' lang='lat' dir='ltr'><strong>enim</strong></span> <span class='ocrx_word' id='word_1_186' title='bbox 2884 1109 3149 1178; x_wconf 83' lang='lat' dir='ltr'><strong>manifesti</strong></span> <span class='ocrx_word' id='word_1_187' title='bbox 3177 1112 3300 1164; x_wconf 81' lang='lat' dir='ltr'><strong>sunt</strong></span> <span class='ocrx_word' id='word_1_188' title='bbox 3328 1112 3429 1180; x_wconf 84' lang='lat' dir='ltr'><strong>ﬁlii</strong></span> <span class='ocrx_word' id='word_1_189' title='bbox 3475 1113 3570 1166; x_wconf 90' lang='lat' dir='ltr'><strong>Dei</strong></span> 
     </span>
    </p>
   </div>
   <div class='ocr_carea' id='block_1_26' title="bbox 1992 1186 3566 1270">
    <p class='ocr_par' dir='ltr' id='par_1_26' title="bbox 1992 1186 3566 1270">
     <span class='ocr_line' id='line_1_26' title="bbox 1992 1186 3566 1270; baseline 0.009 -27"><span class='ocrx_word' id='word_1_190' title='bbox 1992 1200 2040 1243; x_wconf 83' lang='lat' dir='ltr'><strong>et</strong></span> <span class='ocrx_word' id='word_1_191' title='bbox 2071 1188 2172 1259; x_wconf 83' lang='lat' dir='ltr'><strong>ﬁlii</strong></span> <span class='ocrx_word' id='word_1_192' title='bbox 2199 1189 2396 1243; x_wconf 89' lang='lat' dir='ltr'><strong>diaboli</strong></span> <span class='ocrx_word' id='word_1_193' title='bbox 2425 1190 2478 1261; x_wconf 87' lang='grc' dir='ltr'><strong>(Ι</strong></span> <span class='ocrx_word' id='word_1_194' title='bbox 2498 1190 2660 1246; x_wconf 81' lang='lat' dir='ltr'><strong>Joan.</strong></span> <span class='ocrx_word' id='word_1_195' title='bbox 2705 1197 2810 1266; x_wconf 89' lang='grc' dir='ltr'>ιιι).</span> <span class='ocrx_word' id='word_1_196' title='bbox 2856 1194 3064 1262; x_wconf 89' lang='lat' dir='ltr'><strong>Omnis,</strong></span> <span class='ocrx_word' id='word_1_197' title='bbox 3097 1186 3302 1268; x_wconf 73' lang='lat' dir='ltr'><strong>iiiquit,</strong></span> <span class='ocrx_word' id='word_1_198' title='bbox 3334 1202 3425 1270; x_wconf 89' lang='lat' dir='ltr'><strong>qui</strong></span> <span class='ocrx_word' id='word_1_199' title='bbox 3456 1217 3566 1256; x_wconf 89' lang='lat' dir='ltr'><strong>non</strong></span> 
     </span>
    </p>
   </div>
   <div class='ocr_carea' id='block_1_27' title="bbox 1992 1280 3570 1356">
    <p class='ocr_par' dir='ltr' id='par_1_27' title="bbox 1992 1280 3570 1356">
     <span class='ocr_line' id='line_1_27' title="bbox 1992 1280 3570 1356; baseline 0.008 -22"><span class='ocrx_word' id='word_1_200' title='bbox 1992 1288 2076 1334; x_wconf 88' lang='lat' dir='ltr'><strong>est</strong></span> <span class='ocrx_word' id='word_1_201' title='bbox 2100 1280 2298 1350; x_wconf 88' lang='lat' dir='ltr'><strong>justus,</strong></span> <span class='ocrx_word' id='word_1_202' title='bbox 2326 1289 2379 1336; x_wconf 90' lang='lat' dir='ltr'><strong>et</strong></span> <span class='ocrx_word' id='word_1_203' title='bbox 2408 1282 2499 1351; x_wconf 90' lang='lat' dir='ltr'><strong>qui</strong></span> <span class='ocrx_word' id='word_1_204' title='bbox 2529 1298 2634 1337; x_wconf 80' lang='lat' dir='ltr'><strong>non</strong></span> <span class='ocrx_word' id='word_1_205' title='bbox 2677 1284 2853 1354; x_wconf 80' lang='lat' dir='ltr'><strong>diligit</strong></span> <span class='ocrx_word' id='word_1_206' title='bbox 2882 1285 3104 1341; x_wconf 82' lang='lat' dir='ltr'><strong>fratrem</strong></span> <span class='ocrx_word' id='word_1_207' title='bbox 3134 1305 3312 1356; x_wconf 90' lang='lat' dir='ltr'><strong>suum,</strong></span> <span class='ocrx_word' id='word_1_208' title='bbox 3350 1308 3455 1346; x_wconf 89' lang='lat' dir='ltr'><strong>non</strong></span> <span class='ocrx_word' id='word_1_209' title='bbox 3485 1302 3570 1347; x_wconf 87' lang='lat' dir='ltr'><strong>est</strong></span> 
     </span>
    </p>
   </div>
   <div class='ocr_carea' id='block_1_28' title="bbox 1990 1369 3627 1437">
    <p class='ocr_par' dir='ltr' id='par_1_28' title="bbox 1990 1369 3627 1437">
     <span class='ocr_line' id='line_1_28' title="bbox 1990 1369 3627 1437; baseline 0.01 -15"><span class='ocrx_word' id='word_1_210' title='bbox 1990 1383 2060 1423; x_wconf 75' lang='lat' dir='ltr'><strong>ex</strong></span> <span class='ocrx_word' id='word_1_211' title='bbox 2088 1369 2218 1424; x_wconf 85' lang='lat' dir='ltr'><strong>Deo.</strong></span> <span class='ocrx_word' id='word_1_212' title='bbox 2258 1370 2361 1437; x_wconf 93' lang='lat' dir='ltr'><strong>Qui</strong></span> <span class='ocrx_word' id='word_1_213' title='bbox 2404 1370 2605 1426; x_wconf 84' lang='lat' dir='ltr'><strong>habent</strong></span> <span class='ocrx_word' id='word_1_214' title='bbox 2632 1374 2953 1429; x_wconf 88' lang='lat' dir='ltr'><strong>charitatem</strong></span> <span class='ocrx_word' id='word_1_215' title='bbox 2996 1378 3107 1432; x_wconf 89' lang='lat' dir='ltr'><strong>nati</strong></span> <span class='ocrx_word' id='word_1_216' title='bbox 3156 1390 3283 1434; x_wconf 90' lang='lat' dir='ltr'><strong>sunt</strong></span> <span class='ocrx_word' id='word_1_217' title='bbox 3321 1396 3388 1435; x_wconf 80' lang='lat' dir='ltr'><strong>ex</strong></span> <span class='ocrx_word' id='word_1_218' title='bbox 3432 1382 3563 1437; x_wconf 93' lang='lat' dir='ltr'><strong>Deo.</strong></span> <span class='ocrx_word' id='word_1_219' title='bbox 3620 1400 3627 1405; x_wconf 74' lang='lat'><strong><em>‘</em></strong></span> 
     </span>
    </p>
   </div>
   <div class='ocr_carea' id='block_1_29' title="bbox 1991 1459 3564 1537">
    <p class='ocr_par' dir='ltr' id='par_1_29' title="bbox 1991 1459 3564 1537">
     <span class='ocr_line' id='line_1_29' title="bbox 1991 1459 3564 1537; baseline 0.01 -24"><span class='ocrx_word' id='word_1_220' title='bbox 1991 1459 2262 1530; x_wconf 85' lang='lat' dir='ltr'><strong>Quidquid</strong></span> <span class='ocrx_word' id='word_1_221' title='bbox 2289 1462 2372 1517; x_wconf 86' lang='lat' dir='ltr'><strong>vis</strong></span> <span class='ocrx_word' id='word_1_222' title='bbox 2399 1463 2622 1529; x_wconf 88' lang='lat' dir='ltr'><strong>habere,</strong></span> <span class='ocrx_word' id='word_1_223' title='bbox 2652 1465 2789 1519; x_wconf 86' lang='lat' dir='ltr'><strong>habe</strong></span> <span class='ocrx_word' id='word_1_224' title='bbox 2816 1485 2828 1519; x_wconf 90' lang='lat'>:</span> <span class='ocrx_word' id='word_1_225' title='bbox 2860 1467 2964 1521; x_wconf 90' lang='lat' dir='ltr'><strong>hoc</strong></span> <span class='ocrx_word' id='word_1_226' title='bbox 3002 1470 3176 1523; x_wconf 91' lang='lat' dir='ltr'><strong>solum</strong></span> <span class='ocrx_word' id='word_1_227' title='bbox 3212 1487 3316 1525; x_wconf 87' lang='lat' dir='ltr'><strong>non</strong></span> <span class='ocrx_word' id='word_1_228' title='bbox 3343 1473 3564 1537; x_wconf 89' lang='lat' dir='ltr'><strong>habeas,</strong></span> 
     </span>
    </p>
   </div>
   <div class='ocr_carea' id='block_1_30' title="bbox 1990 1552 3568 1629">
    <p class='ocr_par' dir='ltr' id='par_1_30' title="bbox 1990 1552 3568 1629">
     <span class='ocr_line' id='line_1_30' title="bbox 1990 1552 3568 1629; baseline 0.009 -24"><span class='ocrx_word' id='word_1_229' title='bbox 1990 1552 2126 1609; x_wconf 88' lang='lat' dir='ltr'><strong>nihil</strong></span> <span class='ocrx_word' id='word_1_230' title='bbox 2158 1553 2255 1606; x_wconf 88' lang='lat' dir='ltr'><strong>tibi</strong></span> <span class='ocrx_word' id='word_1_231' title='bbox 2284 1554 2523 1621; x_wconf 86' lang='lat' dir='ltr'><strong>prodest.</strong></span> <span class='ocrx_word' id='word_1_232' title='bbox 2565 1554 2685 1609; x_wconf 86' lang='lat' dir='ltr'><strong>Alia</strong></span> <span class='ocrx_word' id='word_1_233' title='bbox 2732 1557 2780 1609; x_wconf 89' lang='lat' dir='ltr'><strong>si</strong></span> <span class='ocrx_word' id='word_1_234' title='bbox 2821 1572 2927 1610; x_wconf 91' lang='lat' dir='ltr'><strong>non</strong></span> <span class='ocrx_word' id='word_1_235' title='bbox 2976 1558 3162 1625; x_wconf 85' lang='lat' dir='ltr'><strong>babes,</strong></span> <span class='ocrx_word' id='word_1_236' title='bbox 3192 1562 3295 1616; x_wconf 87' lang='lat' dir='ltr'><strong>hoc</strong></span> <span class='ocrx_word' id='word_1_237' title='bbox 3323 1563 3482 1629; x_wconf 89' lang='lat' dir='ltr'><strong>habe,</strong></span> <span class='ocrx_word' id='word_1_238' title='bbox 3511 1574 3568 1619; x_wconf 90' lang='lat' dir='ltr'><strong>et</strong></span> 
     </span>
    </p>
   </div>
   <div class='ocr_carea' id='block_1_31' title="bbox 1990 1643 3570 1724">
    <p class='ocr_par' dir='ltr' id='par_1_31' title="bbox 1990 1643 3570 1724">
     <span class='ocr_line' id='line_1_31' title="bbox 1990 1643 3570 1724; baseline 0.008 -26"><span class='ocrx_word' id='word_1_239' title='bbox 1990 1643 2226 1713; x_wconf 86' lang='lat' dir='ltr'><strong>implesti</strong></span> <span class='ocrx_word' id='word_1_240' title='bbox 2267 1644 2461 1715; x_wconf 89' lang='lat' dir='ltr'><strong>legem.</strong></span> <span class='ocrx_word' id='word_1_241' title='bbox 2486 1644 2589 1713; x_wconf 87' lang='lat' dir='ltr'><strong>Qui</strong></span> <span class='ocrx_word' id='word_1_242' title='bbox 2618 1648 2763 1701; x_wconf 88' lang='lat' dir='ltr'><strong>enim</strong></span> <span class='ocrx_word' id='word_1_243' title='bbox 2792 1648 2968 1720; x_wconf 84' lang='lat' dir='ltr'><strong>diligit</strong></span> <span class='ocrx_word' id='word_1_244' title='bbox 2991 1650 3241 1717; x_wconf 88' lang='lat' dir='ltr'><strong>alterum,</strong></span> <span class='ocrx_word' id='word_1_245' title='bbox 3270 1653 3440 1724; x_wconf 85' lang='lat' dir='ltr'><strong>legem</strong></span> <span class='ocrx_word' id='word_1_246' title='bbox 3469 1657 3570 1709; x_wconf 88' lang='lat' dir='ltr'><strong>im-</strong></span> 
     </span>
    </p>
   </div>
   <div class='ocr_carea' id='block_1_32' title="bbox 1990 1734 3570 1806">
    <p class='ocr_par' dir='ltr' id='par_1_32' title="bbox 1990 1734 3570 1806">
     <span class='ocr_line' id='line_1_32' title="bbox 1990 1734 3570 1806; baseline 0.003 -18"><span class='ocrx_word' id='word_1_247' title='bbox 1990 1734 2175 1805; x_wconf 88' lang='lat' dir='ltr'><strong>plevit.</strong></span> <span class='ocrx_word' id='word_1_248' title='bbox 2223 1734 2325 1801; x_wconf 89' lang='lat' dir='ltr'><strong>Qui</strong></span> <span class='ocrx_word' id='word_1_249' title='bbox 2353 1751 2459 1790; x_wconf 89' lang='lat' dir='ltr'><strong>non</strong></span> <span class='ocrx_word' id='word_1_250' title='bbox 2494 1736 2688 1806; x_wconf 80' lang='lat' dir='ltr'><strong>diligit,</strong></span> <span class='ocrx_word' id='word_1_251' title='bbox 2719 1749 2900 1792; x_wconf 88' lang='lat' dir='ltr'><strong>manet</strong></span> <span class='ocrx_word' id='word_1_252' title='bbox 2941 1739 2995 1792; x_wconf 90' lang='lat' dir='ltr'><strong>in</strong></span> <span class='ocrx_word' id='word_1_253' title='bbox 3040 1750 3234 1795; x_wconf 87' lang='lat' dir='ltr'><strong>morte.</strong></span> <span class='ocrx_word' id='word_1_254' title='bbox 3265 1742 3397 1796; x_wconf 88' lang='lat' dir='ltr'><strong>Item</strong></span> <span class='ocrx_word' id='word_1_255' title='bbox 3428 1744 3570 1799; x_wconf 88' lang='lat' dir='ltr'><strong>idem</strong></span> 
     </span>
    </p>
   </div>
   <div class='ocr_carea' id='block_1_33' title="bbox 313 1824 3578 1903">
    <p class='ocr_par' dir='ltr' id='par_1_33' title="bbox 313 1824 3578 1903">
     <span class='ocr_line' id='line_1_33' title="bbox 313 1824 3578 1903; baseline 0 -17"><span class='ocrx_word' id='word_1_256' title='bbox 313 1841 430 1886; x_wconf 89' lang='lat' dir='ltr'><strong>tuta</strong></span> <span class='ocrx_word' id='word_1_257' title='bbox 461 1839 562 1897; x_wconf 85' lang='lat' dir='ltr'><strong>est,</strong></span> <span class='ocrx_word' id='word_1_258' title='bbox 589 1839 649 1886; x_wconf 89' lang='lat' dir='ltr'><strong>ut</strong></span> <span class='ocrx_word' id='word_1_259' title='bbox 675 1845 862 1886; x_wconf 84' lang='lat' dir='ltr'><strong>omnes</strong></span> <span class='ocrx_word' id='word_1_260' title='bbox 891 1830 1258 1901; x_wconf 86' lang='lat' dir='ltr'><strong>cogitationes,</strong></span> <span class='ocrx_word' id='word_1_261' title='bbox 1289 1838 1342 1884; x_wconf 87' lang='lat' dir='ltr'><strong>et</strong></span> <span class='ocrx_word' id='word_1_262' title='bbox 1369 1844 1584 1883; x_wconf 79' lang='lat' dir='ltr'><strong>omnem</strong></span> <span class='ocrx_word' id='word_1_263' title='bbox 1620 1828 1805 1891; x_wconf 89' lang='lat' dir='ltr'><strong>vitam,</strong></span> <span class='ocrx_word' id='word_1_264' title='bbox 1836 1835 1892 1882; x_wconf 88' lang='lat' dir='ltr'><strong>et</strong></span> <span class='ocrx_word' id='word_1_265' title='bbox 1921 1831 1966 1890; x_wconf 82' lang='grc' dir='ltr'><strong>Β</strong></span> <span class='ocrx_word' id='word_1_266' title='bbox 1994 1825 2270 1895; x_wconf 78' lang='lat' dir='ltr'><strong>apostolus</strong></span> <span class='ocrx_word' id='word_1_267' title='bbox 2297 1826 2373 1880; x_wconf 90' lang='lat' dir='ltr'><strong>ait</strong></span> <span class='ocrx_word' id='word_1_268' title='bbox 2406 1845 2419 1879; x_wconf 91' lang='lat'><strong>:</strong></span> <span class='ocrx_word' id='word_1_269' title='bbox 2452 1824 2760 1881; x_wconf 84' lang='lat' dir='ltr'><strong>Cltarissimi</strong></span> <span class='ocrx_word' id='word_1_270' title='bbox 2781 1868 2795 1893; x_wconf 91' lang='lat'><strong>,</strong></span> <span class='ocrx_word' id='word_1_271' title='bbox 2832 1828 3115 1898; x_wconf 82' lang='lat' dir='ltr'><strong>diligamus</strong></span> <span class='ocrx_word' id='word_1_272' title='bbox 3160 1830 3376 1886; x_wconf 86' lang='lat' dir='ltr'><strong>invicem</strong></span> <span class='ocrx_word' id='word_1_273' title='bbox 3399 1849 3417 1886; x_wconf 89' lang='lat'><strong><em>:</em></strong></span> <span class='ocrx_word' id='word_1_274' title='bbox 3444 1850 3578 1903; x_wconf 83' lang='lat' dir='ltr'><strong>quo-</strong></span> 
     </span>
    </p>
   </div>
   <div class='ocr_carea' id='block_1_34' title="bbox 313 1916 1887 1987">
    <p class='ocr_par' dir='ltr' id='par_1_34' title="bbox 313 1916 1887 1987">
     <span class='ocr_line' id='line_1_34' title="bbox 313 1916 1887 1987; baseline -0.004 -12"><span class='ocrx_word' id='word_1_275' title='bbox 313 1936 530 1976; x_wconf 89' lang='lat' dir='ltr'><strong>omnem</strong></span> <span class='ocrx_word' id='word_1_276' title='bbox 562 1918 887 1974; x_wconf 87' lang='lat' dir='ltr'><strong>intellectum</strong></span> <span class='ocrx_word' id='word_1_277' title='bbox 918 1917 973 1971; x_wconf 92' lang='lat' dir='ltr'><strong>in</strong></span> <span class='ocrx_word' id='word_1_278' title='bbox 1004 1916 1095 1973; x_wconf 90' lang='lat' dir='ltr'><strong>illo</strong></span> <span class='ocrx_word' id='word_1_279' title='bbox 1134 1916 1404 1981; x_wconf 76' lang='lat' dir='ltr'><strong>conferas,</strong></span> <span class='ocrx_word' id='word_1_280' title='bbox 1434 1932 1465 1971; x_wconf 91' lang='lat' dir='ltr'><strong>a</strong></span> <span class='ocrx_word' id='word_1_281' title='bbox 1491 1930 1601 1987; x_wconf 88' lang='lat' dir='ltr'><strong>quo</strong></span> <span class='ocrx_word' id='word_1_282' title='bbox 1628 1917 1794 1971; x_wconf 86' lang='lat' dir='ltr'><strong>habes</strong></span> <span class='ocrx_word' id='word_1_283' title='bbox 1821 1930 1887 1970; x_wconf 89' lang='lat' dir='ltr'><strong>ea</strong></span> 
     </span>
    </p>
   </div>
   <div class='ocr_carea' id='block_1_35' title="bbox 315 2006 1886 2081">
    <p class='ocr_par' dir='ltr' id='par_1_35' title="bbox 315 2006 1886 2081">
     <span class='ocr_line' id='line_1_35' title="bbox 315 2006 1886 2081; baseline -0.005 -14"><span class='ocrx_word' id='word_1_284' title='bbox 315 2012 430 2081; x_wconf 86' lang='lat' dir='ltr'><strong>ipse</strong></span> <span class='ocrx_word' id='word_1_285' title='bbox 458 2025 577 2080; x_wconf 66' lang='lat' dir='ltr'><strong>qua:</strong></span> <span class='ocrx_word' id='word_1_286' title='bbox 600 2008 834 2078; x_wconf 84' lang='lat' dir='ltr'><strong>confers.</strong></span> <span class='ocrx_word' id='word_1_287' title='bbox 865 2006 998 2062; x_wconf 88' lang='lat' dir='ltr'><strong>Cum</strong></span> <span class='ocrx_word' id='word_1_288' title='bbox 1027 2015 1206 2061; x_wconf 89' lang='lat' dir='ltr'><strong>autem</strong></span> <span class='ocrx_word' id='word_1_289' title='bbox 1234 2022 1302 2061; x_wconf 76' lang='lat' dir='ltr'><strong>ex</strong></span> <span class='ocrx_word' id='word_1_290' title='bbox 1343 2015 1455 2061; x_wconf 93' lang='lat' dir='ltr'><strong>toto</strong></span> <span class='ocrx_word' id='word_1_291' title='bbox 1483 2006 1665 2070; x_wconf 86' lang='lat' dir='ltr'><strong>corde,</strong></span> <span class='ocrx_word' id='word_1_292' title='bbox 1693 2014 1747 2060; x_wconf 92' lang='lat' dir='ltr'><strong>et</strong></span> <span class='ocrx_word' id='word_1_293' title='bbox 1777 2013 1886 2059; x_wconf 86' lang='lat' dir='ltr'><strong>tota</strong></span> 
     </span>
    </p>
   </div>
   <div class='ocr_carea' id='block_1_36' title="bbox 311 2094 1886 2166">
    <p class='ocr_par' dir='ltr' id='par_1_36' title="bbox 311 2094 1886 2166">
     <span class='ocr_line' id='line_1_36' title="bbox 311 2094 1886 2166; baseline -0.005 -11"><span class='ocrx_word' id='word_1_294' title='bbox 311 2102 515 2166; x_wconf 87' lang='lat' dir='ltr'><strong>anima,</strong></span> <span class='ocrx_word' id='word_1_295' title='bbox 541 2107 596 2153; x_wconf 91' lang='lat' dir='ltr'><strong>et</strong></span> <span class='ocrx_word' id='word_1_296' title='bbox 639 2108 748 2153; x_wconf 89' lang='lat' dir='ltr'><strong>tota</strong></span> <span class='ocrx_word' id='word_1_297' title='bbox 777 2098 974 2151; x_wconf 90' lang='lat' dir='ltr'><strong>virtute</strong></span> <span class='ocrx_word' id='word_1_298' title='bbox 1013 2095 1181 2150; x_wconf 90' lang='lat' dir='ltr'><strong>Deum</strong></span> <span class='ocrx_word' id='word_1_299' title='bbox 1217 2095 1372 2164; x_wconf 88' lang='lat' dir='ltr'><strong>jubet</strong></span> <span class='ocrx_word' id='word_1_300' title='bbox 1414 2095 1655 2166; x_wconf 89' lang='lat' dir='ltr'><strong>diligere,</strong></span> <span class='ocrx_word' id='word_1_301' title='bbox 1684 2094 1886 2149; x_wconf 90' lang='lat' dir='ltr'><strong>nullam</strong></span> 
     </span>
    </p>
   </div>
   <div class='ocr_carea' id='block_1_37' title="bbox 315 2184 1888 2258">
    <p class='ocr_par' dir='ltr' id='par_1_37' title="bbox 315 2184 1888 2258">
     <span class='ocr_line' id='line_1_37' title="bbox 315 2184 1888 2258; baseline -0.004 -15"><span class='ocrx_word' id='word_1_302' title='bbox 315 2190 439 2244; x_wconf 69' lang='lat' dir='ltr'><strong>vitae</strong></span> <span class='ocrx_word' id='word_1_303' title='bbox 472 2196 666 2243; x_wconf 80' lang='lat' dir='ltr'><strong>nostrae</strong></span> <span class='ocrx_word' id='word_1_304' title='bbox 696 2195 902 2258; x_wconf 87' lang='lat' dir='ltr'><strong>partem</strong></span> <span class='ocrx_word' id='word_1_305' title='bbox 931 2185 1146 2254; x_wconf 91' lang='lat' dir='ltr'><strong>reliquit</strong></span> <span class='ocrx_word' id='word_1_306' title='bbox 1163 2199 1284 2254; x_wconf 66' lang='lat' dir='ltr'><strong>quae</strong></span> <span class='ocrx_word' id='word_1_307' title='bbox 1305 2198 1501 2239; x_wconf 91' lang='lat' dir='ltr'><strong>vacare</strong></span> <span class='ocrx_word' id='word_1_308' title='bbox 1525 2185 1719 2239; x_wconf 86' lang='lat' dir='ltr'><strong>debeat</strong></span> <span class='ocrx_word' id='word_1_309' title='bbox 1750 2199 1779 2238; x_wconf 88' lang='lat' dir='ltr'><strong>a</strong></span> <span class='ocrx_word' id='word_1_310' title='bbox 1809 2184 1888 2238; x_wconf 83' lang='lat' dir='ltr'><strong>di-</strong></span> 
     </span>
    </p>
   </div>
   <div class='ocr_carea' id='block_1_38' title="bbox 315 2276 1885 2346">
    <p class='ocr_par' dir='ltr' id='par_1_38' title="bbox 315 2276 1885 2346">
     <span class='ocr_line' id='line_1_38' title="bbox 315 2276 1885 2346; baseline -0.001 -15"><span class='ocrx_word' id='word_1_311' title='bbox 315 2278 545 2334; x_wconf 88' lang='lat' dir='ltr'><strong>lectione</strong></span> <span class='ocrx_word' id='word_1_312' title='bbox 570 2278 687 2331; x_wconf 89' lang='lat' dir='ltr'><strong>Dei.</strong></span> <span class='ocrx_word' id='word_1_313' title='bbox 714 2277 791 2331; x_wconf 77' lang='lat' dir='ltr'><strong>Ex</strong></span> <span class='ocrx_word' id='word_1_314' title='bbox 830 2289 893 2335; x_wconf 84' lang='lat' dir='ltr'><strong>ea</strong></span> <span class='ocrx_word' id='word_1_315' title='bbox 932 2276 1074 2330; x_wconf 88' lang='lat' dir='ltr'><strong>enim</strong></span> <span class='ocrx_word' id='word_1_316' title='bbox 1102 2282 1256 2346; x_wconf 90' lang='lat' dir='ltr'><strong>parte</strong></span> <span class='ocrx_word' id='word_1_317' title='bbox 1283 2276 1405 2345; x_wconf 91' lang='lat' dir='ltr'><strong>quis</strong></span> <span class='ocrx_word' id='word_1_318' title='bbox 1444 2283 1652 2346; x_wconf 87' lang='lat' dir='ltr'><strong>peccat,</strong></span> <span class='ocrx_word' id='word_1_319' title='bbox 1679 2291 1745 2329; x_wconf 79' lang='lat' dir='ltr'><strong>ex</strong></span> <span class='ocrx_word' id='word_1_320' title='bbox 1781 2291 1885 2345; x_wconf 90' lang='lat' dir='ltr'><strong>qua</strong></span> 
     </span>
    </p>
   </div>
   <div class='ocr_carea' id='block_1_39' title="bbox 315 2366 1886 2439">
    <p class='ocr_par' dir='ltr' id='par_1_39' title="bbox 315 2366 1886 2439">
     <span class='ocr_line' id='line_1_39' title="bbox 315 2366 1886 2439; baseline -0.003 -16"><span class='ocrx_word' id='word_1_321' title='bbox 315 2370 493 2424; x_wconf 89' lang='lat' dir='ltr'><strong>minus</strong></span> <span class='ocrx_word' id='word_1_322' title='bbox 526 2368 699 2439; x_wconf 83' lang='lat' dir='ltr'><strong>diligit</strong></span> <span class='ocrx_word' id='word_1_323' title='bbox 729 2366 913 2422; x_wconf 90' lang='lat' dir='ltr'><strong>Deum.</strong></span> <span class='ocrx_word' id='word_1_324' title='bbox 959 2366 1129 2433; x_wconf 89' lang='lat' dir='ltr'><strong>Quem</strong></span> <span class='ocrx_word' id='word_1_325' title='bbox 1157 2367 1204 2422; x_wconf 90' lang='lat' dir='ltr'><strong>si</strong></span> <span class='ocrx_word' id='word_1_326' title='bbox 1248 2382 1315 2421; x_wconf 80' lang='lat' dir='ltr'><strong>ex</strong></span> <span class='ocrx_word' id='word_1_327' title='bbox 1358 2374 1471 2423; x_wconf 89' lang='lat' dir='ltr'><strong>toto</strong></span> <span class='ocrx_word' id='word_1_328' title='bbox 1505 2367 1665 2422; x_wconf 89' lang='lat' dir='ltr'><strong>corde</strong></span> <span class='ocrx_word' id='word_1_329' title='bbox 1695 2367 1886 2437; x_wconf 87' lang='lat' dir='ltr'><strong>diliga-</strong></span> 
     </span>
    </p>
   </div>
   <div class='ocr_carea' id='block_1_40' title="bbox 315 2459 1888 2529">
    <p class='ocr_par' dir='ltr' id='par_1_40' title="bbox 315 2459 1888 2529">
     <span class='ocr_line' id='line_1_40' title="bbox 315 2459 1888 2529; baseline -0.003 -12"><span class='ocrx_word' id='word_1_330' title='bbox 315 2478 458 2525; x_wconf 87' lang='lat' dir='ltr'><strong>mus,</strong></span> <span class='ocrx_word' id='word_1_331' title='bbox 486 2461 619 2515; x_wconf 87' lang='lat' dir='ltr'><strong>nihil</strong></span> <span class='ocrx_word' id='word_1_332' title='bbox 647 2461 748 2515; x_wconf 92' lang='lat' dir='ltr'><strong>erit</strong></span> <span class='ocrx_word' id='word_1_333' title='bbox 782 2460 837 2513; x_wconf 90' lang='lat' dir='ltr'><strong>in</strong></span> <span class='ocrx_word' id='word_1_334' title='bbox 874 2459 1031 2514; x_wconf 90' lang='lat' dir='ltr'><strong>nobis</strong></span> <span class='ocrx_word' id='word_1_335' title='bbox 1058 2459 1198 2514; x_wconf 89' lang='lat' dir='ltr'><strong>unde</strong></span> <span class='ocrx_word' id='word_1_336' title='bbox 1227 2460 1435 2529; x_wconf 88' lang='lat' dir='ltr'><strong>peccati</strong></span> <span class='ocrx_word' id='word_1_337' title='bbox 1464 2459 1747 2514; x_wconf 89' lang='lat' dir='ltr'><strong>desideriis</strong></span> <span class='ocrx_word' id='word_1_338' title='bbox 1773 2473 1888 2514; x_wconf 84' lang='lat' dir='ltr'><strong>ser-</strong></span> 
     </span>
    </p>
   </div>
   <div class='ocr_carea' id='block_1_41' title="bbox 316 2548 1888 2620">
    <p class='ocr_par' dir='ltr' id='par_1_41' title="bbox 316 2548 1888 2620">
     <span class='ocr_line' id='line_1_41' title="bbox 316 2548 1888 2620; baseline -0.001 -15"><span class='ocrx_word' id='word_1_339' title='bbox 316 2551 542 2605; x_wconf 80' lang='lat' dir='ltr'><strong>viamus.</strong></span> <span class='ocrx_word' id='word_1_340' title='bbox 572 2550 640 2603; x_wconf 91' lang='lat' dir='ltr'><strong>Et</strong></span> <span class='ocrx_word' id='word_1_341' title='bbox 663 2549 793 2620; x_wconf 83' lang='lat' dir='ltr'><strong>quid</strong></span> <span class='ocrx_word' id='word_1_342' title='bbox 815 2558 899 2605; x_wconf 89' lang='lat' dir='ltr'><strong>est</strong></span> <span class='ocrx_word' id='word_1_343' title='bbox 922 2548 1144 2619; x_wconf 87' lang='lat' dir='ltr'><strong>diligere</strong></span> <span class='ocrx_word' id='word_1_344' title='bbox 1174 2548 1365 2608; x_wconf 83' lang='lat' dir='ltr'><strong>Deum.</strong></span> <span class='ocrx_word' id='word_1_345' title='bbox 1392 2549 1497 2603; x_wconf 89' lang='lat' dir='ltr'><strong>nisi</strong></span> <span class='ocrx_word' id='word_1_346' title='bbox 1522 2549 1597 2602; x_wconf 90' lang='lat' dir='ltr'><strong>illi</strong></span> <span class='ocrx_word' id='word_1_347' title='bbox 1621 2564 1888 2618; x_wconf 89' lang='lat' dir='ltr'><strong>occupare</strong></span> 
     </span>
    </p>
   </div>
   <div class='ocr_carea' id='block_1_42' title="bbox 314 2636 1885 2710">
    <p class='ocr_par' dir='ltr' id='par_1_42' title="bbox 314 2636 1885 2710">
     <span class='ocr_line' id='line_1_42' title="bbox 314 2636 1885 2710; baseline -0.003 -13"><span class='ocrx_word' id='word_1_348' title='bbox 314 2642 580 2707; x_wconf 86' lang='lat' dir='ltr'><strong>animum,</strong></span> <span class='ocrx_word' id='word_1_349' title='bbox 607 2640 890 2710; x_wconf 83' lang='lat' dir='ltr'><strong>concipere</strong></span> <span class='ocrx_word' id='word_1_350' title='bbox 918 2636 1158 2693; x_wconf 68' lang='lat' dir='ltr'><strong>fruenda:</strong></span> <span class='ocrx_word' id='word_1_351' title='bbox 1194 2639 1421 2694; x_wconf 85' lang='lat' dir='ltr'><strong>visionis</strong></span> <span class='ocrx_word' id='word_1_352' title='bbox 1453 2637 1569 2707; x_wconf 88' lang='lat' dir='ltr'><strong>ejus</strong></span> <span class='ocrx_word' id='word_1_353' title='bbox 1612 2638 1885 2705; x_wconf 71' lang='lat' dir='ltr'><strong>allectum,</strong></span> 
     </span>
    </p>
   </div>
   <div class='ocr_carea' id='block_1_43' title="bbox 316 2728 1890 2803">
    <p class='ocr_par' dir='ltr' id='par_1_43' title="bbox 316 2728 1890 2803">
     <span class='ocr_line' id='line_1_43' title="bbox 316 2728 1890 2803; baseline 0.001 -18"><span class='ocrx_word' id='word_1_354' title='bbox 316 2728 525 2803; x_wconf 84' lang='lat' dir='ltr'><strong>peccati</strong></span> <span class='ocrx_word' id='word_1_355' title='bbox 579 2731 790 2797; x_wconf 89' lang='lat' dir='ltr'><strong>odium,</strong></span> <span class='ocrx_word' id='word_1_356' title='bbox 840 2729 1026 2784; x_wconf 76' lang='lat' dir='ltr'><strong>mundi</strong></span> <span class='ocrx_word' id='word_1_357' title='bbox 1072 2729 1379 2795; x_wconf 88' lang='lat' dir='ltr'><strong>fastidium,</strong></span> <span class='ocrx_word' id='word_1_358' title='bbox 1438 2730 1661 2801; x_wconf 82' lang='lat' dir='ltr'><strong>diligere</strong></span> <span class='ocrx_word' id='word_1_359' title='bbox 1706 2732 1890 2801; x_wconf 81' lang='lat' dir='ltr'><strong>proxi-</strong></span> 
     </span>
    </p>
   </div>
   <div class='ocr_carea' id='block_1_44' title="bbox 318 2810 1891 2892">
    <p class='ocr_par' dir='ltr' id='par_1_44' title="bbox 318 2810 1891 2892">
     <span class='ocr_line' id='line_1_44' title="bbox 318 2810 1891 2892; baseline 0 -16"><span class='ocrx_word' id='word_1_360' title='bbox 318 2837 485 2884; x_wconf 83' lang='lat' dir='ltr'><strong>mum,</strong></span> <span class='ocrx_word' id='word_1_361' title='bbox 516 2821 570 2875; x_wconf 84' lang='lat' dir='ltr'><strong>in</strong></span> <span class='ocrx_word' id='word_1_362' title='bbox 600 2821 719 2892; x_wconf 88' lang='lat' dir='ltr'><strong>ipso</strong></span> <span class='ocrx_word' id='word_1_363' title='bbox 742 2836 926 2875; x_wconf 87' lang='lat' dir='ltr'><strong>amore</strong></span> <span class='ocrx_word' id='word_1_364' title='bbox 958 2835 1175 2875; x_wconf 88' lang='lat' dir='ltr'><strong>servare</strong></span> <span class='ocrx_word' id='word_1_365' title='bbox 1198 2820 1498 2892; x_wconf 88' lang='lat' dir='ltr'><strong>legitimum</strong></span> <span class='ocrx_word' id='word_1_366' title='bbox 1525 2810 1767 2886; x_wconf 85' lang='lat' dir='ltr'><strong>modum,</strong></span> <span class='ocrx_word' id='word_1_367' title='bbox 1792 2836 1891 2876; x_wconf 89' lang='lat' dir='ltr'><strong>nec</strong></span> 
     </span>
    </p>
   </div>
   <div class='ocr_carea' id='block_1_45' title="bbox 318 2908 1891 2982">
    <p class='ocr_par' dir='ltr' id='par_1_45' title="bbox 318 2908 1891 2982">
     <span class='ocr_line' id='line_1_45' title="bbox 318 2908 1891 2982; baseline -0.001 -16"><span class='ocrx_word' id='word_1_368' title='bbox 318 2920 625 2982; x_wconf 82' lang='lat' dir='ltr'><strong>pervertere</strong></span> <span class='ocrx_word' id='word_1_369' title='bbox 648 2910 950 2966; x_wconf 84' lang='lat' dir='ltr'><strong>dilectionis</strong></span> <span class='ocrx_word' id='word_1_370' title='bbox 977 2910 1223 2969; x_wconf 86' lang='lat' dir='ltr'><strong>ordinem</strong></span> <span class='ocrx_word' id='word_1_371' title='bbox 1243 2910 1614 2966; x_wconf 90' lang='lat' dir='ltr'><strong>constitutum.</strong></span> <span class='ocrx_word' id='word_1_372' title='bbox 1635 2908 1891 2966; x_wconf 78' lang='lat' dir='ltr'><strong>Ordinem</strong></span> 
     </span>
    </p>
   </div>
   <div class='ocr_carea' id='block_1_46' title="bbox 318 3001 1891 3071">
    <p class='ocr_par' dir='ltr' id='par_1_46' title="bbox 318 3001 1891 3071">
     <span class='ocr_line' id='line_1_46' title="bbox 318 3001 1891 3071; baseline -0.003 -12"><span class='ocrx_word' id='word_1_373' title='bbox 318 3003 624 3059; x_wconf 87' lang='lat' dir='ltr'><strong>dilectionis</strong></span> <span class='ocrx_word' id='word_1_374' title='bbox 656 3001 730 3055; x_wconf 88' lang='lat' dir='ltr'><strong>illi</strong></span> <span class='ocrx_word' id='word_1_375' title='bbox 759 3008 1089 3070; x_wconf 85' lang='lat' dir='ltr'><strong>pervertunt,</strong></span> <span class='ocrx_word' id='word_1_376' title='bbox 1118 3016 1219 3056; x_wconf 91' lang='lat' dir='ltr'><strong>nec</strong></span> <span class='ocrx_word' id='word_1_377' title='bbox 1260 3001 1482 3056; x_wconf 90' lang='lat' dir='ltr'><strong>modum</strong></span> <span class='ocrx_word' id='word_1_378' title='bbox 1509 3001 1767 3071; x_wconf 86' lang='lat' dir='ltr'><strong>diligendi</strong></span> <span class='ocrx_word' id='word_1_379' title='bbox 1796 3016 1891 3056; x_wconf 89' lang='lat' dir='ltr'><strong>cu-</strong></span> 
     </span>
    </p>
   </div>
   <div class='ocr_carea' id='block_1_47' title="bbox 316 3093 1892 3165">
    <p class='ocr_par' dir='ltr' id='par_1_47' title="bbox 316 3093 1892 3165">
     <span class='ocr_line' id='line_1_47' title="bbox 316 3093 1892 3165; baseline -0.002 -14"><span class='ocrx_word' id='word_1_380' title='bbox 316 3093 685 3165; x_wconf 88' lang='lat' dir='ltr'><strong>stodiunt,qni</strong></span> <span class='ocrx_word' id='word_1_381' title='bbox 716 3094 1077 3149; x_wconf 87' lang='lat' dir='ltr'><strong>autmundum</strong></span> <span class='ocrx_word' id='word_1_382' title='bbox 1097 3094 1190 3164; x_wconf 90' lang='lat' dir='ltr'><strong>qui</strong></span> <span class='ocrx_word' id='word_1_383' title='bbox 1220 3094 1642 3149; x_wconf 88' lang='lat' dir='ltr'><strong>contemnendus</strong></span> <span class='ocrx_word' id='word_1_384' title='bbox 1659 3101 1743 3149; x_wconf 88' lang='lat' dir='ltr'><strong>est</strong></span> <span class='ocrx_word' id='word_1_385' title='bbox 1770 3093 1892 3148; x_wconf 92' lang='lat' dir='ltr'><strong>dili-</strong></span> 
     </span>
    </p>
   </div>
   <div class='ocr_carea' id='block_1_48' title="bbox 1991 1915 3570 1991">
    <p class='ocr_par' dir='ltr' id='par_1_48' title="bbox 1991 1915 3570 1991">
     <span class='ocr_line' id='line_1_48' title="bbox 1991 1915 3570 1991; baseline 0.004 -22"><span class='ocrx_word' id='word_1_386' title='bbox 1991 1917 2135 1969; x_wconf 82' lang='lat' dir='ltr'><strong>niam</strong></span> <span class='ocrx_word' id='word_1_387' title='bbox 2180 1915 2411 1971; x_wconf 74' lang='lat' dir='ltr'><strong>Charitas</strong></span> <span class='ocrx_word' id='word_1_388' title='bbox 2447 1932 2512 1970; x_wconf 79' lang='lat' dir='ltr'><strong>ea:</strong></span> <span class='ocrx_word' id='word_1_389' title='bbox 2542 1916 2647 1970; x_wconf 86' lang='lat' dir='ltr'><strong>Deo</strong></span> <span class='ocrx_word' id='word_1_390' title='bbox 2691 1927 2766 1971; x_wconf 87' lang='lat' dir='ltr'><strong>est</strong></span> <span class='ocrx_word' id='word_1_391' title='bbox 2808 1931 2827 1968; x_wconf 91' lang='lat'><em>:</em></span> <span class='ocrx_word' id='word_1_392' title='bbox 2860 1928 2910 1972; x_wconf 91' lang='lat' dir='ltr'><strong>et</strong></span> <span class='ocrx_word' id='word_1_393' title='bbox 2939 1920 3107 1973; x_wconf 85' lang='lat' dir='ltr'><strong>omnis</strong></span> <span class='ocrx_word' id='word_1_394' title='bbox 3145 1921 3234 1991; x_wconf 82' lang='lat' dir='ltr'><strong>qui</strong></span> <span class='ocrx_word' id='word_1_395' title='bbox 3268 1920 3463 1990; x_wconf 84' lang='lat' dir='ltr'><strong>diligit,</strong></span> <span class='ocrx_word' id='word_1_396' title='bbox 3503 1939 3570 1975; x_wconf 76' lang='lat' dir='ltr'><strong>ex</strong></span> 
     </span>
    </p>
   </div>
   <div class='ocr_carea' id='block_1_49' title="bbox 1991 2005 3557 2085">
    <p class='ocr_par' dir='ltr' id='par_1_49' title="bbox 1991 2005 3557 2085">
     <span class='ocr_line' id='line_1_49' title="bbox 1991 2005 3557 2085; baseline 0.006 -25"><span class='ocrx_word' id='word_1_397' title='bbox 1991 2005 2100 2061; x_wconf 85' lang='lat' dir='ltr'><strong>Deo</strong></span> <span class='ocrx_word' id='word_1_398' title='bbox 2131 2017 2286 2061; x_wconf 88' lang='lat' dir='ltr'><strong>natus</strong></span> <span class='ocrx_word' id='word_1_399' title='bbox 2328 2017 2437 2073; x_wconf 89' lang='lat' dir='ltr'><strong>est,</strong></span> <span class='ocrx_word' id='word_1_400' title='bbox 2477 2017 2525 2062; x_wconf 84' lang='lat' dir='ltr'><strong>et</strong></span> <span class='ocrx_word' id='word_1_401' title='bbox 2554 2010 2815 2078; x_wconf 80' lang='lat' dir='ltr'><strong>cognoscit</strong></span> <span class='ocrx_word' id='word_1_402' title='bbox 2861 2009 3048 2065; x_wconf 89' lang='lat' dir='ltr'><strong>Deum.</strong></span> <span class='ocrx_word' id='word_1_403' title='bbox 3078 2012 3181 2078; x_wconf 90' lang='lat' dir='ltr'><strong>Qui</strong></span> <span class='ocrx_word' id='word_1_404' title='bbox 3211 2029 3317 2066; x_wconf 85' lang='lat' dir='ltr'><strong>non</strong></span> <span class='ocrx_word' id='word_1_405' title='bbox 3363 2014 3557 2085; x_wconf 78' lang='lat' dir='ltr'><strong>diligit,</strong></span> 
     </span>
    </p>
   </div>
   <div class='ocr_carea' id='block_1_50' title="bbox 1988 2096 3558 2171">
    <p class='ocr_par' dir='ltr' id='par_1_50' title="bbox 1988 2096 3558 2171">
     <span class='ocr_line' id='line_1_50' title="bbox 1988 2096 3558 2171; baseline 0.006 -22"><span class='ocrx_word' id='word_1_406' title='bbox 1988 2112 2092 2151; x_wconf 85' lang='lat' dir='ltr'><strong>non</strong></span> <span class='ocrx_word' id='word_1_407' title='bbox 2120 2097 2260 2151; x_wconf 84' lang='lat' dir='ltr'><strong>novit</strong></span> <span class='ocrx_word' id='word_1_408' title='bbox 2290 2096 2479 2163; x_wconf 89' lang='lat' dir='ltr'><strong>Deum,</strong></span> <span class='ocrx_word' id='word_1_409' title='bbox 2520 2098 2646 2169; x_wconf 84' lang='lat' dir='ltr'><strong>quia</strong></span> <span class='ocrx_word' id='word_1_410' title='bbox 2675 2097 2815 2152; x_wconf 84' lang='lat' dir='ltr'><strong>Deus</strong></span> <span class='ocrx_word' id='word_1_411' title='bbox 2844 2100 3072 2155; x_wconf 85' lang='lat' dir='ltr'><strong>charitas</strong></span> <span class='ocrx_word' id='word_1_412' title='bbox 3098 2113 3194 2156; x_wconf 87' lang='lat' dir='ltr'><strong>est.</strong></span> <span class='ocrx_word' id='word_1_413' title='bbox 3227 2102 3558 2171; x_wconf 83' lang='lat' dir='ltr'><strong>Charissimi,</strong></span> 
     </span>
    </p>
   </div>
   <div class='ocr_carea' id='block_1_51' title="bbox 1987 2187 3570 2253">
    <p class='ocr_par' dir='ltr' id='par_1_51' title="bbox 1987 2187 3570 2253">
     <span class='ocr_line' id='line_1_51' title="bbox 1987 2187 3570 2253; baseline 0.004 -11"><span class='ocrx_word' id='word_1_414' title='bbox 1987 2187 2035 2242; x_wconf 85' lang='lat' dir='ltr'><strong>si</strong></span> <span class='ocrx_word' id='word_1_415' title='bbox 2054 2187 2130 2241; x_wconf 83' lang='lat' dir='ltr'><strong>sic</strong></span> <span class='ocrx_word' id='word_1_416' title='bbox 2153 2187 2293 2241; x_wconf 86' lang='lat' dir='ltr'><strong>Deus</strong></span> <span class='ocrx_word' id='word_1_417' title='bbox 2314 2188 2499 2243; x_wconf 74' lang='lat' dir='ltr'><strong>dilexit</strong></span> <span class='ocrx_word' id='word_1_418' title='bbox 2526 2205 2640 2253; x_wconf 84' lang='lat' dir='ltr'><strong>nos,</strong></span> <span class='ocrx_word' id='word_1_419' title='bbox 2666 2205 2759 2243; x_wconf 86' lang='lat' dir='ltr'><strong>nos</strong></span> <span class='ocrx_word' id='word_1_420' title='bbox 2777 2188 3020 2245; x_wconf 84' lang='lat' dir='ltr'><strong>debemus</strong></span> <span class='ocrx_word' id='word_1_421' title='bbox 3042 2200 3089 2245; x_wconf 89' lang='lat' dir='ltr'><strong>et</strong></span> <span class='ocrx_word' id='word_1_422' title='bbox 3113 2191 3425 2247; x_wconf 86' lang='lat' dir='ltr'><strong>alterutrum</strong></span> <span class='ocrx_word' id='word_1_423' title='bbox 3446 2195 3570 2249; x_wconf 87' lang='lat' dir='ltr'><strong>dili-</strong></span> 
     </span>
    </p>
   </div>
   <div class='ocr_carea' id='block_1_52' title="bbox 1985 2275 3569 2349">
    <p class='ocr_par' dir='ltr' id='par_1_52' title="bbox 1985 2275 3569 2349">
     <span class='ocr_line' id='line_1_52' title="bbox 1985 2275 3569 2349; baseline 0.006 -20"><span class='ocrx_word' id='word_1_424' title='bbox 1985 2293 2105 2347; x_wconf 84' lang='lat' dir='ltr'><strong>gere</strong></span> <span class='ocrx_word' id='word_1_425' title='bbox 2134 2276 2189 2347; x_wconf 91' lang='grc' dir='ltr'><strong>(Ι</strong></span> <span class='ocrx_word' id='word_1_426' title='bbox 2213 2275 2375 2331; x_wconf 80' lang='lat' dir='ltr'><strong>Joan.</strong></span> <span class='ocrx_word' id='word_1_427' title='bbox 2400 2275 2497 2349; x_wconf 83' lang='lat' dir='ltr'><strong>tv).</strong></span> <span class='ocrx_word' id='word_1_428' title='bbox 2527 2277 2587 2332; x_wconf 90' lang='lat' dir='ltr'><strong>Si</strong></span> <span class='ocrx_word' id='word_1_429' title='bbox 2615 2278 2902 2348; x_wconf 82' lang='lat' dir='ltr'><strong>diligamus</strong></span> <span class='ocrx_word' id='word_1_430' title='bbox 2933 2280 3184 2347; x_wconf 89' lang='lat' dir='ltr'><strong>invicem,</strong></span> <span class='ocrx_word' id='word_1_431' title='bbox 3214 2282 3358 2337; x_wconf 88' lang='lat' dir='ltr'><strong>Deus</strong></span> <span class='ocrx_word' id='word_1_432' title='bbox 3389 2284 3444 2338; x_wconf 92' lang='lat' dir='ltr'><strong>in</strong></span> <span class='ocrx_word' id='word_1_433' title='bbox 3472 2300 3569 2338; x_wconf 89' lang='lat' dir='ltr'><strong>no-</strong></span> 
     </span>
    </p>
   </div>
   <div class='ocr_carea' id='block_1_53' title="bbox 1985 2366 3564 2442">
    <p class='ocr_par' dir='ltr' id='par_1_53' title="bbox 1985 2366 3564 2442">
     <span class='ocr_line' id='line_1_53' title="bbox 1985 2366 3564 2442; baseline 0.004 -21"><span class='ocrx_word' id='word_1_434' title='bbox 1985 2366 2070 2421; x_wconf 89' lang='lat' dir='ltr'><strong>bis</strong></span> <span class='ocrx_word' id='word_1_435' title='bbox 2102 2375 2315 2434; x_wconf 86' lang='lat' dir='ltr'><strong>manet,</strong></span> <span class='ocrx_word' id='word_1_436' title='bbox 2359 2376 2415 2423; x_wconf 90' lang='lat' dir='ltr'><strong>et</strong></span> <span class='ocrx_word' id='word_1_437' title='bbox 2443 2368 2682 2424; x_wconf 89' lang='lat' dir='ltr'><strong>charitas</strong></span> <span class='ocrx_word' id='word_1_438' title='bbox 2708 2368 2827 2438; x_wconf 88' lang='lat' dir='ltr'><strong>ejus</strong></span> <span class='ocrx_word' id='word_1_439' title='bbox 2866 2370 2922 2425; x_wconf 91' lang='lat' dir='ltr'><strong>in</strong></span> <span class='ocrx_word' id='word_1_440' title='bbox 2966 2371 3123 2427; x_wconf 88' lang='lat' dir='ltr'><strong>nobis</strong></span> <span class='ocrx_word' id='word_1_441' title='bbox 3168 2373 3405 2442; x_wconf 87' lang='lat' dir='ltr'><strong>perfecta</strong></span> <span class='ocrx_word' id='word_1_442' title='bbox 3454 2384 3564 2429; x_wconf 88' lang='lat' dir='ltr'><strong>est.</strong></span> 
     </span>
    </p>
   </div>
   <div class='ocr_carea' id='block_1_54' title="bbox 1985 2453 3567 2531">
    <p class='ocr_par' dir='ltr' id='par_1_54' title="bbox 1985 2453 3567 2531">
     <span class='ocr_line' id='line_1_54' title="bbox 1985 2453 3567 2531; baseline 0.006 -22"><span class='ocrx_word' id='word_1_443' title='bbox 1985 2453 2156 2510; x_wconf 86' lang='lat' dir='ltr'><strong>Nemo</strong></span> <span class='ocrx_word' id='word_1_444' title='bbox 2193 2469 2321 2527; x_wconf 90' lang='lat' dir='ltr'><strong>ergo</strong></span> <span class='ocrx_word' id='word_1_445' title='bbox 2371 2463 2525 2525; x_wconf 88' lang='lat' dir='ltr'><strong>putet</strong></span> <span class='ocrx_word' id='word_1_446' title='bbox 2566 2457 2709 2513; x_wconf 90' lang='lat' dir='ltr'><strong>hanc</strong></span> <span class='ocrx_word' id='word_1_447' title='bbox 2752 2458 3091 2514; x_wconf 87' lang='lat' dir='ltr'><strong>dilectionem</strong></span> <span class='ocrx_word' id='word_1_448' title='bbox 3110 2499 3126 2524; x_wconf 93' lang='lat'><strong>,</strong></span> <span class='ocrx_word' id='word_1_449' title='bbox 3171 2461 3227 2515; x_wconf 90' lang='lat' dir='ltr'><strong>in</strong></span> <span class='ocrx_word' id='word_1_450' title='bbox 3267 2476 3373 2531; x_wconf 90' lang='lat' dir='ltr'><strong>qua</strong></span> <span class='ocrx_word' id='word_1_451' title='bbox 3422 2463 3567 2521; x_wconf 86' lang='lat' dir='ltr'><strong>Deus</strong></span> 
     </span>
    </p>
   </div>
   <div class='ocr_carea' id='block_1_55' title="bbox 1987 2545 3565 2616">
    <p class='ocr_par' dir='ltr' id='par_1_55' title="bbox 1987 2545 3565 2616">
     <span class='ocr_line' id='line_1_55' title="bbox 1987 2545 3565 2616; baseline 0.004 -17"><span class='ocrx_word' id='word_1_452' title='bbox 1987 2551 2188 2610; x_wconf 89' lang='lat' dir='ltr'><strong>manet,</strong></span> <span class='ocrx_word' id='word_1_453' title='bbox 2220 2554 2275 2600; x_wconf 87' lang='lat' dir='ltr'><strong>et</strong></span> <span class='ocrx_word' id='word_1_454' title='bbox 2304 2545 2359 2599; x_wconf 89' lang='lat' dir='ltr'><strong>in</strong></span> <span class='ocrx_word' id='word_1_455' title='bbox 2386 2546 2545 2601; x_wconf 90' lang='lat' dir='ltr'><strong>nobis</strong></span> <span class='ocrx_word' id='word_1_456' title='bbox 2570 2546 2813 2615; x_wconf 86' lang='lat' dir='ltr'><strong>perfecta</strong></span> <span class='ocrx_word' id='word_1_457' title='bbox 2836 2555 2947 2613; x_wconf 81' lang='lat' dir='ltr'><strong>est,</strong></span> <span class='ocrx_word' id='word_1_458' title='bbox 2983 2547 3191 2616; x_wconf 89' lang='lat' dir='ltr'><strong>abjecta</strong></span> <span class='ocrx_word' id='word_1_459' title='bbox 3214 2557 3271 2605; x_wconf 89' lang='lat' dir='ltr'><strong>et</strong></span> <span class='ocrx_word' id='word_1_460' title='bbox 3296 2551 3565 2605; x_wconf 88' lang='lat' dir='ltr'><strong>desidiosa</strong></span> 
     </span>
    </p>
   </div>
   <div class='ocr_carea' id='block_1_56' title="bbox 1986 2636 3570 2708">
    <p class='ocr_par' dir='ltr' id='par_1_56' title="bbox 1986 2636 3570 2708">
     <span class='ocr_line' id='line_1_56' title="bbox 1986 2636 3570 2708; baseline 0.003 -18"><span class='ocrx_word' id='word_1_461' title='bbox 1986 2636 2222 2706; x_wconf 88' lang='lat' dir='ltr'><strong>quadam</strong></span> <span class='ocrx_word' id='word_1_462' title='bbox 2270 2636 2589 2691; x_wconf 85' lang='lat' dir='ltr'><strong>remissione</strong></span> <span class='ocrx_word' id='word_1_463' title='bbox 2613 2644 2669 2691; x_wconf 90' lang='lat' dir='ltr'><strong>et</strong></span> <span class='ocrx_word' id='word_1_464' title='bbox 2704 2637 3032 2708; x_wconf 81' lang='lat' dir='ltr'><strong>negligentia</strong></span> <span class='ocrx_word' id='word_1_465' title='bbox 3069 2639 3297 2692; x_wconf 88' lang='lat' dir='ltr'><strong>servari.</strong></span> <span class='ocrx_word' id='word_1_466' title='bbox 3339 2639 3458 2694; x_wconf 86' lang='lat' dir='ltr'><strong>Non</strong></span> <span class='ocrx_word' id='word_1_467' title='bbox 3484 2649 3570 2695; x_wconf 90' lang='lat' dir='ltr'><strong>est</strong></span> 
     </span>
    </p>
   </div>
   <div class='ocr_carea' id='block_1_57' title="bbox 1987 2725 3567 2796">
    <p class='ocr_par' dir='ltr' id='par_1_57' title="bbox 1987 2725 3567 2796">
     <span class='ocr_line' id='line_1_57' title="bbox 1987 2725 3567 2796; baseline 0.004 -16"><span class='ocrx_word' id='word_1_468' title='bbox 1987 2726 2093 2781; x_wconf 87' lang='lat' dir='ltr'><strong>ista</strong></span> <span class='ocrx_word' id='word_1_469' title='bbox 2118 2725 2376 2790; x_wconf 86' lang='lat' dir='ltr'><strong>charitas,</strong></span> <span class='ocrx_word' id='word_1_470' title='bbox 2407 2726 2502 2781; x_wconf 89' lang='lat' dir='ltr'><strong>sed</strong></span> <span class='ocrx_word' id='word_1_471' title='bbox 2529 2727 2775 2796; x_wconf 86' lang='lat' dir='ltr'><strong>languor.</strong></span> <span class='ocrx_word' id='word_1_472' title='bbox 2805 2727 3034 2783; x_wconf 86' lang='lat' dir='ltr'><strong>Ferveat</strong></span> <span class='ocrx_word' id='word_1_473' title='bbox 3064 2729 3303 2784; x_wconf 82' lang='lat' dir='ltr'><strong>charitas</strong></span> <span class='ocrx_word' id='word_1_474' title='bbox 3327 2730 3397 2783; x_wconf 89' lang='lat' dir='ltr'><strong>ad</strong></span> <span class='ocrx_word' id='word_1_475' title='bbox 3444 2747 3567 2786; x_wconf 89' lang='lat' dir='ltr'><strong>cor-</strong></span> 
     </span>
    </p>
   </div>
   <div class='ocr_carea' id='block_1_58' title="bbox 1987 2815 3570 2886">
    <p class='ocr_par' dir='ltr' id='par_1_58' title="bbox 1987 2815 3570 2886">
     <span class='ocr_line' id='line_1_58' title="bbox 1987 2815 3570 2886; baseline 0.004 -17"><span class='ocrx_word' id='word_1_476' title='bbox 1987 2815 2302 2886; x_wconf 90' lang='lat' dir='ltr'><strong>rigendum,</strong></span> <span class='ocrx_word' id='word_1_477' title='bbox 2339 2816 2406 2870; x_wconf 91' lang='lat' dir='ltr'><strong>ad</strong></span> <span class='ocrx_word' id='word_1_478' title='bbox 2451 2817 2868 2871; x_wconf 85' lang='lat' dir='ltr'><strong>emendandum.</strong></span> <span class='ocrx_word' id='word_1_479' title='bbox 2898 2816 3040 2871; x_wconf 90' lang='lat' dir='ltr'><strong>Sunt</strong></span> <span class='ocrx_word' id='word_1_480' title='bbox 3080 2818 3207 2872; x_wconf 89' lang='lat' dir='ltr'><strong>boni</strong></span> <span class='ocrx_word' id='word_1_481' title='bbox 3247 2833 3448 2886; x_wconf 89' lang='lat' dir='ltr'><strong>mores,</strong></span> <span class='ocrx_word' id='word_1_482' title='bbox 3481 2822 3570 2875; x_wconf 82' lang='lat' dir='ltr'><strong>de-</strong></span> 
     </span>
    </p>
   </div>
   <div class='ocr_carea' id='block_1_59' title="bbox 1988 2906 3569 2980">
    <p class='ocr_par' dir='ltr' id='par_1_59' title="bbox 1988 2906 3569 2980">
     <span class='ocr_line' id='line_1_59' title="bbox 1988 2906 3569 2980; baseline 0.003 -19"><span class='ocrx_word' id='word_1_483' title='bbox 1988 2906 2214 2972; x_wconf 89' lang='lat' dir='ltr'><strong>lectent;</strong></span> <span class='ocrx_word' id='word_1_484' title='bbox 2259 2914 2385 2962; x_wconf 91' lang='lat' dir='ltr'><strong>sunt</strong></span> <span class='ocrx_word' id='word_1_485' title='bbox 2439 2907 2600 2971; x_wconf 88' lang='lat' dir='ltr'><strong>mali,</strong></span> <span class='ocrx_word' id='word_1_486' title='bbox 2650 2908 3025 2975; x_wconf 89' lang='lat' dir='ltr'><strong>emendentur,</strong></span> <span class='ocrx_word' id='word_1_487' title='bbox 3067 2909 3430 2980; x_wconf 85' lang='lat' dir='ltr'><strong>corrigantur.</strong></span> <span class='ocrx_word' id='word_1_488' title='bbox 3475 2910 3569 2966; x_wconf 88' lang='lat' dir='ltr'><strong>Sic</strong></span> 
     </span>
    </p>
   </div>
   <div class='ocr_carea' id='block_1_60' title="bbox 1988 2996 3568 3071">
    <p class='ocr_par' dir='ltr' id='par_1_60' title="bbox 1988 2996 3568 3071">
     <span class='ocr_line' id='line_1_60' title="bbox 1988 2996 3568 3071; baseline 0.003 -19"><span class='ocrx_word' id='word_1_489' title='bbox 1988 3011 2118 3069; x_wconf 90' lang='lat' dir='ltr'><strong>ergo</strong></span> <span class='ocrx_word' id='word_1_490' title='bbox 2143 2996 2430 3068; x_wconf 84' lang='lat' dir='ltr'><strong>diligamus</strong></span> <span class='ocrx_word' id='word_1_491' title='bbox 2458 2998 2690 3053; x_wconf 89' lang='lat' dir='ltr'><strong>invicem</strong></span> <span class='ocrx_word' id='word_1_492' title='bbox 2714 2998 2924 3053; x_wconf 89' lang='lat' dir='ltr'><strong>sincera</strong></span> <span class='ocrx_word' id='word_1_493' title='bbox 2950 3005 3007 3053; x_wconf 89' lang='lat' dir='ltr'><strong>et</strong></span> <span class='ocrx_word' id='word_1_494' title='bbox 3029 2999 3409 3071; x_wconf 82' lang='lat' dir='ltr'><strong>disciplinabili</strong></span> <span class='ocrx_word' id='word_1_495' title='bbox 3442 3003 3568 3056; x_wconf 89' lang='lat' dir='ltr'><strong>cha-</strong></span> 
     </span>
    </p>
   </div>
   <div class='ocr_carea' id='block_1_61' title="bbox 1990 3088 3569 3159">
    <p class='ocr_par' dir='ltr' id='par_1_61' title="bbox 1990 3088 3569 3159">
     <span class='ocr_line' id='line_1_61' title="bbox 1990 3088 3569 3159; baseline 0.002 -17"><span class='ocrx_word' id='word_1_496' title='bbox 1990 3088 2174 3154; x_wconf 88' lang='lat' dir='ltr'><strong>ritate,</strong></span> <span class='ocrx_word' id='word_1_497' title='bbox 2204 3097 2259 3143; x_wconf 88' lang='lat' dir='ltr'><strong>et</strong></span> <span class='ocrx_word' id='word_1_498' title='bbox 2288 3088 2362 3142; x_wconf 87' lang='lat' dir='ltr'><strong>ita</strong></span> <span class='ocrx_word' id='word_1_499' title='bbox 2383 3088 2623 3143; x_wconf 89' lang='lat' dir='ltr'><strong>charitas</strong></span> <span class='ocrx_word' id='word_1_500' title='bbox 2648 3088 2766 3158; x_wconf 87' lang='lat' dir='ltr'><strong>ejus</strong></span> <span class='ocrx_word' id='word_1_501' title='bbox 2788 3088 2843 3141; x_wconf 91' lang='lat' dir='ltr'><strong>in</strong></span> <span class='ocrx_word' id='word_1_502' title='bbox 2868 3088 3024 3143; x_wconf 89' lang='lat' dir='ltr'><strong>nobis</strong></span> <span class='ocrx_word' id='word_1_503' title='bbox 3048 3088 3290 3159; x_wconf 85' lang='lat' dir='ltr'><strong>perfecta</strong></span> <span class='ocrx_word' id='word_1_504' title='bbox 3317 3099 3421 3145; x_wconf 89' lang='lat' dir='ltr'><strong>est.</strong></span> <span class='ocrx_word' id='word_1_505' title='bbox 3445 3090 3569 3145; x_wconf 77' lang='lat' dir='ltr'><strong>Cte-</strong></span> 
     </span>
    </p>
   </div>
   <div class='ocr_carea' id='block_1_62' title="bbox 317 3176 3566 3262">
    <p class='ocr_par' dir='ltr' id='par_1_62' title="bbox 317 3176 3566 3262">
     <span class='ocr_line' id='line_1_62' title="bbox 317 3176 3566 3262; baseline 0.001 -23"><span class='ocrx_word' id='word_1_506' title='bbox 317 3195 473 3256; x_wconf 90' lang='lat' dir='ltr'><strong>gnnt,</strong></span> <span class='ocrx_word' id='word_1_507' title='bbox 521 3193 613 3239; x_wconf 92' lang='lat' dir='ltr'><strong>aut</strong></span> <span class='ocrx_word' id='word_1_508' title='bbox 659 3186 932 3255; x_wconf 81' lang='lat' dir='ltr'><strong>proximos</strong></span> <span class='ocrx_word' id='word_1_509' title='bbox 973 3185 1113 3241; x_wconf 88' lang='lat' dir='ltr'><strong>sicut</strong></span> <span class='ocrx_word' id='word_1_510' title='bbox 1145 3185 1372 3255; x_wconf 86' lang='lat' dir='ltr'><strong>seipsos,</strong></span> <span class='ocrx_word' id='word_1_511' title='bbox 1415 3193 1511 3239; x_wconf 89' lang='lat' dir='ltr'><strong>aut</strong></span> <span class='ocrx_word' id='word_1_512' title='bbox 1556 3176 1731 3240; x_wconf 86' lang='lat' dir='ltr'><strong>Deum</strong></span> <span class='ocrx_word' id='word_1_513' title='bbox 1753 3186 1893 3240; x_wconf 83' lang='lat' dir='ltr'><strong>sicut</strong></span> <span class='ocrx_word' id='word_1_514' title='bbox 1917 3200 1962 3262; x_wconf 71' lang='grc' dir='ltr'>ο</span> <span class='ocrx_word' id='word_1_515' title='bbox 1990 3180 2118 3250; x_wconf 89' lang='lat' dir='ltr'><strong>pisti</strong></span> <span class='ocrx_word' id='word_1_516' title='bbox 2169 3178 2411 3250; x_wconf 64' lang='lat' dir='ltr'><strong>diligere,</strong></span> <span class='ocrx_word' id='word_1_517' title='bbox 2454 3180 2621 3249; x_wconf 74' lang='grc' dir='ltr'><strong>εωρίι</strong></span> <span class='ocrx_word' id='word_1_518' title='bbox 2648 3179 2702 3234; x_wconf 80' lang='lat' dir='ltr'><strong>in</strong></span> <span class='ocrx_word' id='word_1_519' title='bbox 2748 3186 2802 3234; x_wconf 67' lang='lat' dir='ltr'><strong>te</strong></span> <span class='ocrx_word' id='word_1_520' title='bbox 2839 3179 2981 3233; x_wconf 72' lang='lat' dir='ltr'><strong>Deus</strong></span> <span class='ocrx_word' id='word_1_521' title='bbox 3021 3179 3291 3246; x_wconf 73' lang='lat' dir='ltr'><strong>habitare.</strong></span> <span class='ocrx_word' id='word_1_522' title='bbox 3321 3190 3381 3234; x_wconf 78' lang='lat' dir='ltr'><strong>ut</strong></span> <span class='ocrx_word' id='word_1_523' title='bbox 3409 3181 3566 3235; x_wconf 79' lang='lat' dir='ltr'><strong>habi-</strong></span> 
     </span>
    </p>
   </div>
   <div class='ocr_carea' id='block_1_63' title="bbox 319 3271 1891 3344">
    <p class='ocr_par' dir='ltr' id='par_1_63' title="bbox 319 3271 1891 3344">
     <span class='ocr_line' id='line_1_63' title="bbox 319 3271 1891 3344; baseline -0.001 -16"><span class='ocrx_word' id='word_1_524' title='bbox 319 3273 527 3344; x_wconf 87' lang='lat' dir='ltr'><strong>scipsos</strong></span> <span class='ocrx_word' id='word_1_525' title='bbox 563 3271 698 3327; x_wconf 90' lang='lat' dir='ltr'><strong>forte</strong></span> <span class='ocrx_word' id='word_1_526' title='bbox 737 3288 844 3327; x_wconf 89' lang='lat' dir='ltr'><strong>non</strong></span> <span class='ocrx_word' id='word_1_527' title='bbox 892 3272 1140 3344; x_wconf 86' lang='lat' dir='ltr'><strong>diligunt.</strong></span> <span class='ocrx_word' id='word_1_528' title='bbox 1177 3273 1257 3327; x_wconf 88' lang='lat' dir='ltr'><strong>Illi</strong></span> <span class='ocrx_word' id='word_1_529' title='bbox 1302 3274 1470 3328; x_wconf 90' lang='lat' dir='ltr'><strong>Deum</strong></span> <span class='ocrx_word' id='word_1_530' title='bbox 1496 3271 1736 3344; x_wconf 88' lang='lat' dir='ltr'><strong>perfecte</strong></span> <span class='ocrx_word' id='word_1_531' title='bbox 1775 3273 1891 3328; x_wconf 88' lang='lat' dir='ltr'><strong>dili-</strong></span> 
     </span>
    </p>
   </div>
   <div class='ocr_carea' id='block_1_64' title="bbox 316 3362 1890 3434">
    <p class='ocr_par' dir='ltr' id='par_1_64' title="bbox 316 3362 1890 3434">
     <span class='ocr_line' id='line_1_64' title="bbox 316 3362 1890 3434; baseline 0.003 -18"><span class='ocrx_word' id='word_1_532' title='bbox 316 3372 453 3434; x_wconf 88' lang='lat' dir='ltr'><strong>gunt</strong></span> <span class='ocrx_word' id='word_1_533' title='bbox 483 3363 575 3432; x_wconf 90' lang='lat' dir='ltr'><strong>qui</strong></span> <span class='ocrx_word' id='word_1_534' title='bbox 619 3362 845 3417; x_wconf 87' lang='lat' dir='ltr'><strong>volendo</strong></span> <span class='ocrx_word' id='word_1_535' title='bbox 873 3364 1014 3431; x_wconf 89' lang='lat' dir='ltr'><strong>quod</strong></span> <span class='ocrx_word' id='word_1_536' title='bbox 1061 3363 1177 3417; x_wconf 89' lang='lat' dir='ltr'><strong>vult</strong></span> <span class='ocrx_word' id='word_1_537' title='bbox 1210 3363 1370 3429; x_wconf 86' lang='lat' dir='ltr'><strong>Deus,</strong></span> <span class='ocrx_word' id='word_1_538' title='bbox 1402 3371 1459 3419; x_wconf 87' lang='lat' dir='ltr'><strong>et</strong></span> <span class='ocrx_word' id='word_1_539' title='bbox 1485 3364 1718 3419; x_wconf 88' lang='lat' dir='ltr'><strong>nolendo</strong></span> <span class='ocrx_word' id='word_1_540' title='bbox 1744 3364 1890 3434; x_wconf 87' lang='lat' dir='ltr'><strong>quod</strong></span> 
     </span>
    </p>
   </div>
   <div class='ocr_carea' id='block_1_65' title="bbox 314 3450 1892 3522">
    <p class='ocr_par' dir='ltr' id='par_1_65' title="bbox 314 3450 1892 3522">
     <span class='ocr_line' id='line_1_65' title="bbox 314 3450 1892 3522; baseline 0.001 -17"><span class='ocrx_word' id='word_1_541' title='bbox 314 3466 428 3505; x_wconf 88' lang='lat' dir='ltr'><strong>non</strong></span> <span class='ocrx_word' id='word_1_542' title='bbox 476 3450 611 3517; x_wconf 88' lang='lat' dir='ltr'><strong>vult,</strong></span> <span class='ocrx_word' id='word_1_543' title='bbox 640 3465 740 3505; x_wconf 87' lang='lat' dir='ltr'><strong>nec</strong></span> <span class='ocrx_word' id='word_1_544' title='bbox 781 3450 906 3505; x_wconf 89' lang='lat' dir='ltr'><strong>ullis</strong></span> <span class='ocrx_word' id='word_1_545' title='bbox 933 3452 1187 3521; x_wconf 89' lang='lat' dir='ltr'><strong>peccatis,</strong></span> <span class='ocrx_word' id='word_1_546' title='bbox 1220 3452 1415 3522; x_wconf 91' lang='lat' dir='ltr'><strong>quibus</strong></span> <span class='ocrx_word' id='word_1_547' title='bbox 1461 3450 1767 3516; x_wconf 70' lang='lat' dir='ltr'><strong>offenditur,</strong></span> <span class='ocrx_word' id='word_1_548' title='bbox 1798 3467 1892 3506; x_wconf 89' lang='lat' dir='ltr'><strong>ac-</strong></span> 
     </span>
    </p>
   </div>
   <div class='ocr_carea' id='block_1_66' title="bbox 317 3539 1891 3611">
    <p class='ocr_par' dir='ltr' id='par_1_66' title="bbox 317 3539 1891 3611">
     <span class='ocr_line' id='line_1_66' title="bbox 317 3539 1891 3611; baseline 0.001 -17"><span class='ocrx_word' id='word_1_549' title='bbox 317 3539 638 3610; x_wconf 85' lang='lat' dir='ltr'><strong>quiescunt,</strong></span> <span class='ocrx_word' id='word_1_550' title='bbox 683 3549 739 3597; x_wconf 89' lang='lat' dir='ltr'><strong>et</strong></span> <span class='ocrx_word' id='word_1_551' title='bbox 792 3555 1005 3611; x_wconf 89' lang='lat' dir='ltr'><strong>semper</strong></span> <span class='ocrx_word' id='word_1_552' title='bbox 1055 3557 1114 3597; x_wconf 87' lang='lat' dir='ltr'><strong>se</strong></span> <span class='ocrx_word' id='word_1_553' title='bbox 1156 3543 1225 3596; x_wconf 87' lang='lat' dir='ltr'><strong>ad</strong></span> <span class='ocrx_word' id='word_1_554' title='bbox 1282 3542 1542 3606; x_wconf 87' lang='lat' dir='ltr'><strong>virtutes,</strong></span> <span class='ocrx_word' id='word_1_555' title='bbox 1586 3556 1724 3611; x_wconf 89' lang='lat' dir='ltr'><strong>quas</strong></span> <span class='ocrx_word' id='word_1_556' title='bbox 1776 3542 1891 3611; x_wconf 91' lang='lat' dir='ltr'><strong>ipse</strong></span> 
     </span>
    </p>
   </div>
   <div class='ocr_carea' id='block_1_67' title="bbox 316 3630 1890 3702">
    <p class='ocr_par' dir='ltr' id='par_1_67' title="bbox 316 3630 1890 3702">
     <span class='ocr_line' id='line_1_67' title="bbox 316 3630 1890 3702; baseline -0.001 -16"><span class='ocrx_word' id='word_1_557' title='bbox 316 3632 572 3702; x_wconf 87' lang='lat' dir='ltr'><strong>dignatur</strong></span> <span class='ocrx_word' id='word_1_558' title='bbox 631 3631 870 3694; x_wconf 88' lang='lat' dir='ltr'><strong>donare,</strong></span> <span class='ocrx_word' id='word_1_559' title='bbox 924 3632 1222 3702; x_wconf 88' lang='lat' dir='ltr'><strong>diligendas</strong></span> <span class='ocrx_word' id='word_1_560' title='bbox 1268 3640 1322 3687; x_wconf 91' lang='lat' dir='ltr'><strong>et</strong></span> <span class='ocrx_word' id='word_1_561' title='bbox 1370 3630 1646 3687; x_wconf 87' lang='lat' dir='ltr'><strong>habendas</strong></span> <span class='ocrx_word' id='word_1_562' title='bbox 1704 3640 1890 3686; x_wconf 84' lang='lat' dir='ltr'><strong>osten—</strong></span> 
     </span>
    </p>
   </div>
   <div class='ocr_carea' id='block_1_68' title="bbox 317 3719 1888 3789">
    <p class='ocr_par' dir='ltr' id='par_1_68' title="bbox 317 3719 1888 3789">
     <span class='ocr_line' id='line_1_68' title="bbox 317 3719 1888 3789; baseline 0 -14"><span class='ocrx_word' id='word_1_563' title='bbox 317 3722 492 3775; x_wconf 72' lang='lat' dir='ltr'><strong>dunt:</strong></span> <span class='ocrx_word' id='word_1_564' title='bbox 529 3719 622 3789; x_wconf 89' lang='lat' dir='ltr'><strong>qui</strong></span> <span class='ocrx_word' id='word_1_565' title='bbox 663 3721 888 3776; x_wconf 88' lang='lat' dir='ltr'><strong>verbum</strong></span> <span class='ocrx_word' id='word_1_566' title='bbox 932 3721 1025 3775; x_wconf 89' lang='lat' dir='ltr'><strong>Dei</strong></span> <span class='ocrx_word' id='word_1_567' title='bbox 1058 3721 1299 3777; x_wconf 90' lang='lat' dir='ltr'><strong>studiose</strong></span> <span class='ocrx_word' id='word_1_568' title='bbox 1339 3723 1630 3779; x_wconf 88' lang='lat' dir='ltr'><strong>observare</strong></span> <span class='ocrx_word' id='word_1_569' title='bbox 1666 3729 1888 3776; x_wconf 87' lang='lat' dir='ltr'><strong>conten-</strong></span> 
     </span>
    </p>
   </div>
   <div class='ocr_carea' id='block_1_69' title="bbox 317 3810 1890 3882">
    <p class='ocr_par' dir='ltr' id='par_1_69' title="bbox 317 3810 1890 3882">
     <span class='ocr_line' id='line_1_69' title="bbox 317 3810 1890 3882; baseline 0 -16"><span class='ocrx_word' id='word_1_570' title='bbox 317 3811 472 3876; x_wconf 90' lang='lat' dir='ltr'><strong>dunt,</strong></span> <span class='ocrx_word' id='word_1_571' title='bbox 502 3811 642 3865; x_wconf 91' lang='lat' dir='ltr'><strong>sicut</strong></span> <span class='ocrx_word' id='word_1_572' title='bbox 674 3810 962 3882; x_wconf 81' lang='lat' dir='ltr'><strong>Apostolus</strong></span> <span class='ocrx_word' id='word_1_573' title='bbox 990 3812 1104 3867; x_wconf 88' lang='lat' dir='ltr'><strong>ait:</strong></span> <span class='ocrx_word' id='word_1_574' title='bbox 1136 3810 1239 3878; x_wconf 88' lang='lat' dir='ltr'><strong>Qui</strong></span> <span class='ocrx_word' id='word_1_575' title='bbox 1266 3822 1439 3868; x_wconf 88' lang='lat' dir='ltr'><strong>autem</strong></span> <span class='ocrx_word' id='word_1_576' title='bbox 1478 3823 1645 3868; x_wconf 85' lang='lat' dir='ltr'><strong>servat</strong></span> <span class='ocrx_word' id='word_1_577' title='bbox 1684 3814 1890 3868; x_wconf 83' lang='lat' dir='ltr'><strong>verbum</strong></span> 
     </span>
    </p>
   </div>
   <div class='ocr_carea' id='block_1_70' title="bbox 312 3902 1887 3977">
    <p class='ocr_par' dir='ltr' id='par_1_70' title="bbox 312 3902 1887 3977">
     <span class='ocr_line' id='line_1_70' title="bbox 312 3902 1887 3977; baseline -0.001 -20"><span class='ocrx_word' id='word_1_578' title='bbox 312 3904 455 3973; x_wconf 82' lang='lat' dir='ltr'><strong>ejus,</strong></span> <span class='ocrx_word' id='word_1_579' title='bbox 486 3920 600 3958; x_wconf 84' lang='lat' dir='ltr'><strong>vere</strong></span> <span class='ocrx_word' id='word_1_580' title='bbox 625 3907 678 3958; x_wconf 88' lang='lat' dir='ltr'><strong>in</strong></span> <span class='ocrx_word' id='word_1_581' title='bbox 702 3921 761 3959; x_wconf 89' lang='lat' dir='ltr'><strong>eo</strong></span> <span class='ocrx_word' id='word_1_582' title='bbox 791 3904 1022 3959; x_wconf 83' lang='lat' dir='ltr'><strong>charitas</strong></span> <span class='ocrx_word' id='word_1_583' title='bbox 1050 3905 1147 3960; x_wconf 87' lang='lat' dir='ltr'><strong>Dei</strong></span> <span class='ocrx_word' id='word_1_584' title='bbox 1176 3906 1404 3976; x_wconf 74' lang='lat' dir='ltr'><strong>perfecta</strong></span> <span class='ocrx_word' id='word_1_585' title='bbox 1430 3914 1506 3960; x_wconf 81' lang='lat' dir='ltr'><strong>est</strong></span> <span class='ocrx_word' id='word_1_586' title='bbox 1535 3903 1587 3977; x_wconf 92' lang='lat' dir='ltr'><strong>(I</strong></span> <span class='ocrx_word' id='word_1_587' title='bbox 1609 3904 1769 3959; x_wconf 82' lang='lat' dir='ltr'><strong>Joan.</strong></span> <span class='ocrx_word' id='word_1_588' title='bbox 1802 3902 1887 3974; x_wconf 89' lang='grc' dir='ltr'>ιι).</span> 
     </span>
    </p>
   </div>
   <div class='ocr_carea' id='block_1_71' title="bbox 314 3989 1888 4068">
    <p class='ocr_par' dir='ltr' id='par_1_71' title="bbox 314 3989 1888 4068">
     <span class='ocr_line' id='line_1_71' title="bbox 314 3989 1888 4068; baseline 0.001 -20"><span class='ocrx_word' id='word_1_589' title='bbox 314 3993 412 4048; x_wconf 90' lang='lat' dir='ltr'><strong>llle</strong></span> <span class='ocrx_word' id='word_1_590' title='bbox 454 3989 598 4049; x_wconf 82' lang='lat' dir='ltr'><strong>enim</strong></span> <span class='ocrx_word' id='word_1_591' title='bbox 640 4010 765 4050; x_wconf 89' lang='lat' dir='ltr'><strong>vere</strong></span> <span class='ocrx_word' id='word_1_592' title='bbox 794 3996 960 4051; x_wconf 89' lang='lat' dir='ltr'><strong>Deum</strong></span> <span class='ocrx_word' id='word_1_593' title='bbox 988 3998 1139 4052; x_wconf 89' lang='lat' dir='ltr'><strong>novit</strong></span> <span class='ocrx_word' id='word_1_594' title='bbox 1176 3998 1269 4068; x_wconf 89' lang='lat' dir='ltr'><strong>qui</strong></span> <span class='ocrx_word' id='word_1_595' title='bbox 1313 3995 1430 4067; x_wconf 91' lang='lat' dir='ltr'><strong>ejus</strong></span> <span class='ocrx_word' id='word_1_596' title='bbox 1474 3998 1726 4052; x_wconf 87' lang='lat' dir='ltr'><strong>mandata</strong></span> <span class='ocrx_word' id='word_1_597' title='bbox 1771 4011 1888 4050; x_wconf 90' lang='lat' dir='ltr'><strong>ser-</strong></span> 
     </span>
    </p>
   </div>
   <div class='ocr_carea' id='block_1_72' title="bbox 316 4082 1894 4155">
    <p class='ocr_par' dir='ltr' id='par_1_72' title="bbox 316 4082 1894 4155">
     <span class='ocr_line' id='line_1_72' title="bbox 316 4082 1894 4155; baseline 0.001 -19"><span class='ocrx_word' id='word_1_598' title='bbox 316 4082 494 4137; x_wconf 90' lang='lat' dir='ltr'><strong>vando</strong></span> <span class='ocrx_word' id='word_1_599' title='bbox 536 4085 857 4140; x_wconf 88' lang='lat' dir='ltr'><strong>charitatem</strong></span> <span class='ocrx_word' id='word_1_600' title='bbox 897 4100 956 4141; x_wconf 89' lang='lat' dir='ltr'><strong>se</strong></span> <span class='ocrx_word' id='word_1_601' title='bbox 1000 4083 1116 4153; x_wconf 91' lang='lat' dir='ltr'><strong>ejus</strong></span> <span class='ocrx_word' id='word_1_602' title='bbox 1158 4087 1360 4142; x_wconf 85' lang='lat' dir='ltr'><strong>habere</strong></span> <span class='ocrx_word' id='word_1_603' title='bbox 1405 4086 1719 4155; x_wconf 89' lang='lat' dir='ltr'><strong>comprobat</strong></span> <span class='ocrx_word' id='word_1_604' title='bbox 1780 4082 1894 4138; x_wconf 84' lang='lat' dir='ltr'><strong>Hoc</strong></span> 
     </span>
    </p>
   </div>
   <div class='ocr_carea' id='block_1_73' title="bbox 316 4174 1890 4247">
    <p class='ocr_par' dir='ltr' id='par_1_73' title="bbox 316 4174 1890 4247">
     <span class='ocr_line' id='line_1_73' title="bbox 316 4174 1890 4247; baseline 0 -20"><span class='ocrx_word' id='word_1_605' title='bbox 316 4182 407 4227; x_wconf 87' lang='lat' dir='ltr'><strong>est</strong></span> <span class='ocrx_word' id='word_1_606' title='bbox 446 4174 589 4228; x_wconf 86' lang='lat' dir='ltr'><strong>enim</strong></span> <span class='ocrx_word' id='word_1_607' title='bbox 624 4174 792 4229; x_wconf 90' lang='lat' dir='ltr'><strong>Deum</strong></span> <span class='ocrx_word' id='word_1_608' title='bbox 830 4190 989 4232; x_wconf 86' lang='lat' dir='ltr'><strong>nosse</strong></span> <span class='ocrx_word' id='word_1_609' title='bbox 1029 4177 1175 4247; x_wconf 86' lang='lat' dir='ltr'><strong>quod</strong></span> <span class='ocrx_word' id='word_1_610' title='bbox 1227 4191 1432 4231; x_wconf 89' lang='lat' dir='ltr'><strong>amare.</strong></span> <span class='ocrx_word' id='word_1_611' title='bbox 1460 4175 1597 4230; x_wconf 82' lang='lat' dir='ltr'><strong>Nam</strong></span> <span class='ocrx_word' id='word_1_612' title='bbox 1633 4174 1728 4245; x_wconf 82' lang='lat' dir='ltr'><strong>qui</strong></span> <span class='ocrx_word' id='word_1_613' title='bbox 1765 4187 1890 4228; x_wconf 88' lang='lat' dir='ltr'><strong>eum</strong></span> 
     </span>
    </p>
   </div>
   <div class='ocr_carea' id='block_1_74' title="bbox 315 4264 1893 4337">
    <p class='ocr_par' dir='ltr' id='par_1_74' title="bbox 315 4264 1893 4337">
     <span class='ocr_line' id='line_1_74' title="bbox 315 4264 1893 4337; baseline 0 -18"><span class='ocrx_word' id='word_1_614' title='bbox 315 4281 426 4319; x_wconf 88' lang='lat' dir='ltr'><strong>non</strong></span> <span class='ocrx_word' id='word_1_615' title='bbox 454 4274 622 4331; x_wconf 87' lang='lat' dir='ltr'><strong>amat,</strong></span> <span class='ocrx_word' id='word_1_616' title='bbox 656 4265 899 4337; x_wconf 89' lang='lat' dir='ltr'><strong>profecto</strong></span> <span class='ocrx_word' id='word_1_617' title='bbox 919 4268 1172 4335; x_wconf 89' lang='lat' dir='ltr'><strong>ostendit,</strong></span> <span class='ocrx_word' id='word_1_618' title='bbox 1201 4268 1327 4337; x_wconf 87' lang='lat' dir='ltr'><strong>quia</strong></span> <span class='ocrx_word' id='word_1_619' title='bbox 1354 4282 1515 4337; x_wconf 89' lang='lat' dir='ltr'><strong>quam</strong></span> <span class='ocrx_word' id='word_1_620' title='bbox 1545 4267 1617 4322; x_wconf 89' lang='lat' dir='ltr'><strong>sit</strong></span> <span class='ocrx_word' id='word_1_621' title='bbox 1640 4264 1893 4320; x_wconf 86' lang='lat' dir='ltr'><strong>amabilis</strong></span> 
     </span>
    </p>
   </div>
   <div class='ocr_carea' id='block_1_75' title="bbox 316 4356 1894 4427">
    <p class='ocr_par' dir='ltr' id='par_1_75' title="bbox 316 4356 1894 4427">
     <span class='ocr_line' id='line_1_75' title="bbox 316 4356 1894 4427; baseline 0 -19"><span class='ocrx_word' id='word_1_622' title='bbox 316 4370 428 4410; x_wconf 90' lang='lat' dir='ltr'><strong>non</strong></span> <span class='ocrx_word' id='word_1_623' title='bbox 463 4356 639 4418; x_wconf 91' lang='lat' dir='ltr'><strong>novit,</strong></span> <span class='ocrx_word' id='word_1_624' title='bbox 669 4372 830 4426; x_wconf 90' lang='lat' dir='ltr'><strong>quam</strong></span> <span class='ocrx_word' id='word_1_625' title='bbox 862 4357 933 4412; x_wconf 90' lang='lat' dir='ltr'><strong>sit</strong></span> <span class='ocrx_word' id='word_1_626' title='bbox 960 4359 1141 4413; x_wconf 88' lang='lat' dir='ltr'><strong>suavis</strong></span> <span class='ocrx_word' id='word_1_627' title='bbox 1179 4368 1237 4414; x_wconf 91' lang='lat' dir='ltr'><strong>et</strong></span> <span class='ocrx_word' id='word_1_628' title='bbox 1283 4358 1457 4414; x_wconf 88' lang='lat' dir='ltr'><strong>dulcis</strong></span> <span class='ocrx_word' id='word_1_629' title='bbox 1491 4357 1751 4412; x_wconf 88' lang='lat' dir='ltr'><strong>Dominus</strong></span> <span class='ocrx_word' id='word_1_630' title='bbox 1796 4372 1894 4427; x_wconf 87' lang='lat' dir='ltr'><strong>gu-</strong></span> 
     </span>
    </p>
   </div>
   <div class='ocr_carea' id='block_1_76' title="bbox 315 4448 1893 4522">
    <p class='ocr_par' dir='ltr' id='par_1_76' title="bbox 315 4448 1893 4522">
     <span class='ocr_line' id='line_1_76' title="bbox 315 4448 1893 4522; baseline 0.003 -22"><span class='ocrx_word' id='word_1_631' title='bbox 315 4454 466 4501; x_wconf 88' lang='lat' dir='ltr'><strong>stare</strong></span> <span class='ocrx_word' id='word_1_632' title='bbox 500 4454 554 4500; x_wconf 90' lang='lat' dir='ltr'><strong>et</strong></span> <span class='ocrx_word' id='word_1_633' title='bbox 580 4448 760 4503; x_wconf 87' lang='lat' dir='ltr'><strong>videre</strong></span> <span class='ocrx_word' id='word_1_634' title='bbox 787 4465 893 4503; x_wconf 92' lang='lat' dir='ltr'><strong>non</strong></span> <span class='ocrx_word' id='word_1_635' title='bbox 922 4451 1129 4516; x_wconf 88' lang='lat' dir='ltr'><strong>didicit,</strong></span> <span class='ocrx_word' id='word_1_636' title='bbox 1154 4451 1244 4520; x_wconf 89' lang='lat' dir='ltr'><strong>qui</strong></span> <span class='ocrx_word' id='word_1_637' title='bbox 1284 4451 1411 4522; x_wconf 71' lang='lat' dir='ltr'><strong>ejus‘</strong></span> <span class='ocrx_word' id='word_1_638' title='bbox 1430 4451 1643 4521; x_wconf 87' lang='lat' dir='ltr'><strong>placere</strong></span> <span class='ocrx_word' id='word_1_639' title='bbox 1665 4464 1893 4519; x_wconf 88' lang='lat' dir='ltr'><strong>conspe-</strong></span> 
     </span>
    </p>
   </div>
   <div class='ocr_carea' id='block_1_77' title="bbox 1991 3269 3570 3341">
    <p class='ocr_par' dir='ltr' id='par_1_77' title="bbox 1991 3269 3570 3341">
     <span class='ocr_line' id='line_1_77' title="bbox 1991 3269 3570 3341; baseline -0.001 -16"><span class='ocrx_word' id='word_1_640' title='bbox 1991 3271 2157 3326; x_wconf 87' lang='lat' dir='ltr'><strong>taudo</strong></span> <span class='ocrx_word' id='word_1_641' title='bbox 2183 3269 2348 3327; x_wconf 87' lang='lat' dir='ltr'><strong>faciat</strong></span> <span class='ocrx_word' id='word_1_642' title='bbox 2375 3278 2429 3325; x_wconf 91' lang='lat' dir='ltr'><strong>te</strong></span> <span class='ocrx_word' id='word_1_643' title='bbox 2454 3270 2775 3340; x_wconf 87' lang='lat' dir='ltr'><strong>perfectum.</strong></span> <span class='ocrx_word' id='word_1_644' title='bbox 2804 3271 2880 3325; x_wconf 85' lang='lat' dir='ltr'><strong>ita</strong></span> <span class='ocrx_word' id='word_1_645' title='bbox 2903 3277 3085 3325; x_wconf 86' lang='lat' dir='ltr'><strong>autem</strong></span> <span class='ocrx_word' id='word_1_646' title='bbox 3110 3269 3337 3341; x_wconf 87' lang='lat' dir='ltr'><strong>perfecti</strong></span> <span class='ocrx_word' id='word_1_647' title='bbox 3363 3271 3570 3324; x_wconf 79' lang='lat' dir='ltr'><strong>erimus</strong></span> 
     </span>
    </p>
   </div>
   <div class='ocr_carea' id='block_1_78' title="bbox 1991 3359 3569 3430">
    <p class='ocr_par' dir='ltr' id='par_1_78' title="bbox 1991 3359 3569 3430">
     <span class='ocr_line' id='line_1_78' title="bbox 1991 3359 3569 3430; baseline 0.001 -15"><span class='ocrx_word' id='word_1_648' title='bbox 1991 3359 2047 3415; x_wconf 89' lang='lat' dir='ltr'><strong>in</strong></span> <span class='ocrx_word' id='word_1_649' title='bbox 2071 3360 2358 3427; x_wconf 88' lang='lat' dir='ltr'><strong>charitate,</strong></span> <span class='ocrx_word' id='word_1_650' title='bbox 2400 3361 2447 3415; x_wconf 91' lang='lat' dir='ltr'><strong>si</strong></span> <span class='ocrx_word' id='word_1_651' title='bbox 2474 3367 2614 3415; x_wconf 81' lang='lat' dir='ltr'><strong>sicut</strong></span> <span class='ocrx_word' id='word_1_652' title='bbox 2656 3360 2746 3415; x_wconf 86' lang='lat' dir='ltr'><strong>ille</strong></span> <span class='ocrx_word' id='word_1_653' title='bbox 2774 3360 2962 3416; x_wconf 87' lang='lat' dir='ltr'><strong>salutis</strong></span> <span class='ocrx_word' id='word_1_654' title='bbox 2989 3369 3187 3416; x_wconf 68' lang='lat' dir='ltr'><strong>nostrae</strong></span> <span class='ocrx_word' id='word_1_655' title='bbox 3228 3376 3389 3416; x_wconf 88' lang='lat' dir='ltr'><strong>causa</strong></span> <span class='ocrx_word' id='word_1_656' title='bbox 3416 3360 3569 3430; x_wconf 90' lang='lat' dir='ltr'><strong>prior</strong></span> 
     </span>
    </p>
   </div>
   <div class='ocr_carea' id='block_1_79' title="bbox 1990 3449 3572 3515">
    <p class='ocr_par' dir='ltr' id='par_1_79' title="bbox 1990 3449 3572 3515">
     <span class='ocr_line' id='line_1_79' title="bbox 1990 3449 3572 3515; baseline 0 -11"><span class='ocrx_word' id='word_1_657' title='bbox 1990 3465 2090 3505; x_wconf 82' lang='lat' dir='ltr'><strong>nos</strong></span> <span class='ocrx_word' id='word_1_658' title='bbox 2124 3449 2336 3515; x_wconf 83' lang='lat' dir='ltr'><strong>dilexit,</strong></span> <span class='ocrx_word' id='word_1_659' title='bbox 2363 3450 2439 3503; x_wconf 91' lang='lat' dir='ltr'><strong>ita</strong></span> <span class='ocrx_word' id='word_1_660' title='bbox 2477 3464 2601 3504; x_wconf 87' lang='lat' dir='ltr'><strong>eum</strong></span> <span class='ocrx_word' id='word_1_661' title='bbox 2629 3464 2730 3504; x_wconf 91' lang='lat' dir='ltr'><strong>nos</strong></span> <span class='ocrx_word' id='word_1_662' title='bbox 2759 3449 2959 3505; x_wconf 90' lang='lat' dir='ltr'><strong>nullius</strong></span> <span class='ocrx_word' id='word_1_663' title='bbox 2982 3449 3061 3504; x_wconf 90' lang='lat' dir='ltr'><strong>rei</strong></span> <span class='ocrx_word' id='word_1_664' title='bbox 3093 3464 3276 3515; x_wconf 85' lang='lat' dir='ltr'><strong>causa,</strong></span> <span class='ocrx_word' id='word_1_665' title='bbox 3307 3450 3408 3504; x_wconf 89' lang='lat' dir='ltr'><strong>nisi</strong></span> <span class='ocrx_word' id='word_1_666' title='bbox 3457 3458 3572 3504; x_wconf 90' lang='lat' dir='ltr'><strong>tan-</strong></span> 
     </span>
    </p>
   </div>
   <div class='ocr_carea' id='block_1_80' title="bbox 1993 3538 3566 3595">
    <p class='ocr_par' dir='ltr' id='par_1_80' title="bbox 1993 3538 3566 3595">
     <span class='ocr_line' id='line_1_80' title="bbox 1993 3538 3566 3595; baseline -0.001 -1"><span class='ocrx_word' id='word_1_667' title='bbox 1993 3548 2105 3595; x_wconf 88' lang='lat' dir='ltr'><strong>tum</strong></span> <span class='ocrx_word' id='word_1_668' title='bbox 2136 3540 2220 3595; x_wconf 89' lang='lat' dir='ltr'><strong>sui</strong></span> <span class='ocrx_word' id='word_1_669' title='bbox 2260 3540 2462 3595; x_wconf 88' lang='lat' dir='ltr'><strong>amoris</strong></span> <span class='ocrx_word' id='word_1_670' title='bbox 2488 3539 2855 3594; x_wconf 77' lang='lat' dir='ltr'><strong>dilexerimns.</strong></span> <span class='ocrx_word' id='word_1_671' title='bbox 2882 3538 2953 3592; x_wconf 89' lang='lat' dir='ltr'><strong>Et</strong></span> <span class='ocrx_word' id='word_1_672' title='bbox 2986 3540 3091 3593; x_wconf 90' lang='lat' dir='ltr'><strong>hoc</strong></span> <span class='ocrx_word' id='word_1_673' title='bbox 3116 3540 3427 3595; x_wconf 87' lang='lat' dir='ltr'><strong>mandatum</strong></span> <span class='ocrx_word' id='word_1_674' title='bbox 3466 3539 3566 3593; x_wconf 81' lang='lat' dir='ltr'><strong>ha-</strong></span> 
     </span>
    </p>
   </div>
   <div class='ocr_carea' id='block_1_81' title="bbox 1989 3628 3564 3701">
    <p class='ocr_par' dir='ltr' id='par_1_81' title="bbox 1989 3628 3564 3701">
     <span class='ocr_line' id='line_1_81' title="bbox 1989 3628 3564 3701; baseline -0.002 -15"><span class='ocrx_word' id='word_1_675' title='bbox 1989 3630 2180 3686; x_wconf 87' lang='lat' dir='ltr'><strong>bemus</strong></span> <span class='ocrx_word' id='word_1_676' title='bbox 2202 3646 2232 3685; x_wconf 90' lang='lat' dir='ltr'><strong>a</strong></span> <span class='ocrx_word' id='word_1_677' title='bbox 2266 3629 2379 3685; x_wconf 87' lang='lat' dir='ltr'><strong>Deo</strong></span> <span class='ocrx_word' id='word_1_678' title='bbox 2419 3637 2479 3684; x_wconf 90' lang='lat' dir='ltr'><strong>ut</strong></span> <span class='ocrx_word' id='word_1_679' title='bbox 2505 3631 2598 3699; x_wconf 89' lang='lat' dir='ltr'><strong>qui</strong></span> <span class='ocrx_word' id='word_1_680' title='bbox 2628 3629 2803 3700; x_wconf 90' lang='lat' dir='ltr'><strong>diligit</strong></span> <span class='ocrx_word' id='word_1_681' title='bbox 2833 3628 3004 3684; x_wconf 91' lang='lat' dir='ltr'><strong>Deum</strong></span> <span class='ocrx_word' id='word_1_682' title='bbox 3030 3629 3220 3701; x_wconf 87' lang='lat' dir='ltr'><strong>diligat</strong></span> <span class='ocrx_word' id='word_1_683' title='bbox 3240 3638 3296 3684; x_wconf 91' lang='lat' dir='ltr'><strong>et</strong></span> <span class='ocrx_word' id='word_1_684' title='bbox 3338 3628 3564 3685; x_wconf 88' lang='lat' dir='ltr'><strong>fratrem</strong></span> 
     </span>
    </p>
   </div>
   <div class='ocr_carea' id='block_1_82' title="bbox 1991 3720 3566 3792">
    <p class='ocr_par' dir='ltr' id='par_1_82' title="bbox 1991 3720 3566 3792">
     <span class='ocr_line' id='line_1_82' title="bbox 1991 3720 3566 3792; baseline 0.001 -16"><span class='ocrx_word' id='word_1_685' title='bbox 1991 3735 2170 3776; x_wconf 88' lang='lat' dir='ltr'><strong>suum.</strong></span> <span class='ocrx_word' id='word_1_686' title='bbox 2202 3720 2261 3775; x_wconf 83' lang='lat' dir='ltr'><strong>in</strong></span> <span class='ocrx_word' id='word_1_687' title='bbox 2290 3720 2393 3776; x_wconf 91' lang='lat' dir='ltr'><strong>hoc</strong></span> <span class='ocrx_word' id='word_1_688' title='bbox 2416 3721 2789 3792; x_wconf 85' lang='lat' dir='ltr'><strong>cognoscimus</strong></span> <span class='ocrx_word' id='word_1_689' title='bbox 2830 3720 3088 3791; x_wconf 88' lang='lat' dir='ltr'><strong>quoniam</strong></span> <span class='ocrx_word' id='word_1_690' title='bbox 3114 3721 3386 3791; x_wconf 87' lang='lat' dir='ltr'><strong>diligimus</strong></span> <span class='ocrx_word' id='word_1_691' title='bbox 3410 3730 3566 3777; x_wconf 82' lang='lat' dir='ltr'><strong>natos</strong></span> 
     </span>
    </p>
   </div>
   <div class='ocr_carea' id='block_1_83' title="bbox 1992 3802 3565 3884">
    <p class='ocr_par' dir='ltr' id='par_1_83' title="bbox 1992 3802 3565 3884">
     <span class='ocr_line' id='line_1_83' title="bbox 1992 3802 3565 3884; baseline 0.001 -18"><span class='ocrx_word' id='word_1_692' title='bbox 1992 3811 2112 3879; x_wconf 88' lang='lat' dir='ltr'><strong>Dei,</strong></span> <span class='ocrx_word' id='word_1_693' title='bbox 2137 3827 2259 3867; x_wconf 91' lang='lat' dir='ltr'><strong>eum</strong></span> <span class='ocrx_word' id='word_1_694' title='bbox 2286 3802 2455 3867; x_wconf 82' lang='lat' dir='ltr'><strong>Deum</strong></span> <span class='ocrx_word' id='word_1_695' title='bbox 2488 3811 2778 3884; x_wconf 89' lang='lat' dir='ltr'><strong>diligimus.</strong></span> <span class='ocrx_word' id='word_1_696' title='bbox 2806 3811 2900 3866; x_wconf 87' lang='lat' dir='ltr'><strong>llle</strong></span> <span class='ocrx_word' id='word_1_697' title='bbox 2938 3827 3070 3881; x_wconf 88' lang='lat' dir='ltr'><strong>ergo</strong></span> <span class='ocrx_word' id='word_1_698' title='bbox 3093 3812 3240 3868; x_wconf 83' lang='lat' dir='ltr'><strong>solus</strong></span> <span class='ocrx_word' id='word_1_699' title='bbox 3263 3822 3412 3868; x_wconf 89' lang='lat' dir='ltr'><strong>recte</strong></span> <span class='ocrx_word' id='word_1_700' title='bbox 3439 3827 3565 3882; x_wconf 88' lang='lat' dir='ltr'><strong>pro-</strong></span> 
     </span>
    </p>
   </div>
   <div class='ocr_carea' id='block_1_84' title="bbox 1990 3902 3567 3974">
    <p class='ocr_par' dir='ltr' id='par_1_84' title="bbox 1990 3902 3567 3974">
     <span class='ocr_line' id='line_1_84' title="bbox 1990 3902 3567 3974; baseline 0.002 -16"><span class='ocrx_word' id='word_1_701' title='bbox 1990 3904 2197 3958; x_wconf 81' lang='lat' dir='ltr'><strong>ximum</strong></span> <span class='ocrx_word' id='word_1_702' title='bbox 2236 3902 2458 3974; x_wconf 88' lang='lat' dir='ltr'><strong>diligere</strong></span> <span class='ocrx_word' id='word_1_703' title='bbox 2483 3904 2765 3973; x_wconf 88' lang='lat' dir='ltr'><strong>probatur,</strong></span> <span class='ocrx_word' id='word_1_704' title='bbox 2799 3903 2893 3973; x_wconf 89' lang='lat' dir='ltr'><strong>qui</strong></span> <span class='ocrx_word' id='word_1_705' title='bbox 2928 3904 2983 3957; x_wconf 91' lang='lat' dir='ltr'><strong>in</strong></span> <span class='ocrx_word' id='word_1_706' title='bbox 3026 3903 3337 3960; x_wconf 87' lang='lat' dir='ltr'><strong>Conditoris</strong></span> <span class='ocrx_word' id='word_1_707' title='bbox 3379 3917 3567 3961; x_wconf 84' lang='lat' dir='ltr'><strong>amore</strong></span> 
     </span>
    </p>
   </div>
   <div class='ocr_carea' id='block_1_85' title="bbox 1992 3990 2607 4063">
    <p class='ocr_par' dir='ltr' id='par_1_85' title="bbox 1992 3990 2607 4063">
     <span class='ocr_line' id='line_1_85' title="bbox 1992 3990 2607 4063; baseline 0 -17"><span class='ocrx_word' id='word_1_708' title='bbox 1992 3990 2224 4063; x_wconf 81' lang='lat' dir='ltr'><strong>ﬂagrare</strong></span> <span class='ocrx_word' id='word_1_709' title='bbox 2246 3992 2607 4063; x_wconf 83' lang='lat' dir='ltr'><strong>cognoscitur.</strong></span> 
     </span>
    </p>
   </div>
   <div class='ocr_carea' id='block_1_86' title="bbox 2060 4103 3565 4177">
    <p class='ocr_par' dir='ltr' id='par_1_86' title="bbox 2060 4103 3565 4177">
     <span class='ocr_line' id='line_1_86' title="bbox 2060 4103 3565 4177; baseline 0.003 -18"><span class='ocrx_word' id='word_1_710' title='bbox 2060 4104 2114 4159; x_wconf 78' lang='lat'><strong>5.</strong></span> <span class='ocrx_word' id='word_1_711' title='bbox 2146 4103 2346 4159; x_wconf 84' lang='lat' dir='ltr'><strong>Deinde</strong></span> <span class='ocrx_word' id='word_1_712' title='bbox 2390 4120 2495 4158; x_wconf 87' lang='lat' dir='ltr'><strong>non</strong></span> <span class='ocrx_word' id='word_1_713' title='bbox 2536 4104 2770 4161; x_wconf 86' lang='lat' dir='ltr'><strong>occidere</strong></span> <span class='ocrx_word' id='word_1_714' title='bbox 2816 4103 3042 4175; x_wconf 74' lang='lat' dir='ltr'><strong>(Matth.</strong></span> <span class='ocrx_word' id='word_1_715' title='bbox 3066 4105 3143 4177; x_wconf 89' lang='lat' dir='ltr'><strong>v).</strong></span> <span class='ocrx_word' id='word_1_716' title='bbox 3185 4105 3340 4175; x_wconf 88' lang='lat' dir='ltr'><strong>Quod</strong></span> <span class='ocrx_word' id='word_1_717' title='bbox 3383 4115 3565 4163; x_wconf 87' lang='lat' dir='ltr'><strong>autem</strong></span> 
     </span>
    </p>
   </div>
   <div class='ocr_carea' id='block_1_87' title="bbox 1993 4194 3567 4266">
    <p class='ocr_par' dir='ltr' id='par_1_87' title="bbox 1993 4194 3567 4266">
     <span class='ocr_line' id='line_1_87' title="bbox 1993 4194 3567 4266; baseline 0.003 -17"><span class='ocrx_word' id='word_1_718' title='bbox 1993 4194 2144 4262; x_wconf 90' lang='lat' dir='ltr'><strong>dicit,</strong></span> <span class='ocrx_word' id='word_1_719' title='bbox 2176 4211 2280 4249; x_wconf 90' lang='lat' dir='ltr'><strong>non</strong></span> <span class='ocrx_word' id='word_1_720' title='bbox 2303 4195 2559 4261; x_wconf 86' lang='lat' dir='ltr'><strong>occidere,</strong></span> <span class='ocrx_word' id='word_1_721' title='bbox 2585 4209 2691 4250; x_wconf 91' lang='lat' dir='ltr'><strong>non</strong></span> <span class='ocrx_word' id='word_1_722' title='bbox 2722 4202 2928 4249; x_wconf 90' lang='lat' dir='ltr'><strong>tantum</strong></span> <span class='ocrx_word' id='word_1_723' title='bbox 2964 4195 3282 4264; x_wconf 88' lang='lat' dir='ltr'><strong>simpliciter</strong></span> <span class='ocrx_word' id='word_1_724' title='bbox 3306 4198 3567 4266; x_wconf 90' lang='lat' dir='ltr'><strong>corporis,</strong></span> 
     </span>
    </p>
   </div>
   <div class='ocr_carea' id='block_1_88' title="bbox 1994 4283 3568 4355">
    <p class='ocr_par' dir='ltr' id='par_1_88' title="bbox 1994 4283 3568 4355">
     <span class='ocr_line' id='line_1_88' title="bbox 1994 4283 3568 4355; baseline 0 -15"><span class='ocrx_word' id='word_1_725' title='bbox 1994 4285 2088 4340; x_wconf 89' lang='lat' dir='ltr'><strong>sed</strong></span> <span class='ocrx_word' id='word_1_726' title='bbox 2133 4292 2191 4340; x_wconf 90' lang='lat' dir='ltr'><strong>et</strong></span> <span class='ocrx_word' id='word_1_727' title='bbox 2230 4284 2432 4341; x_wconf 90' lang='lat' dir='ltr'><strong>occisio</strong></span> <span class='ocrx_word' id='word_1_728' title='bbox 2472 4285 2789 4355; x_wconf 88' lang='lat' dir='ltr'><strong>prohibetur</strong></span> <span class='ocrx_word' id='word_1_729' title='bbox 2834 4283 2951 4339; x_wconf 85' lang='lat' dir='ltr'><strong>ﬂeri</strong></span> <span class='ocrx_word' id='word_1_730' title='bbox 2994 4285 3217 4349; x_wconf 70' lang='lat' dir='ltr'><strong>animae,</strong></span> <span class='ocrx_word' id='word_1_731' title='bbox 3264 4287 3568 4355; x_wconf 62' lang='lat' dir='ltr'><strong>praesertim</strong></span> 
     </span>
    </p>
   </div>
   <div class='ocr_carea' id='block_1_89' title="bbox 1994 4374 3571 4447">
    <p class='ocr_par' dir='ltr' id='par_1_89' title="bbox 1994 4374 3571 4447">
     <span class='ocr_line' id='line_1_89' title="bbox 1994 4374 3571 4447; baseline 0.001 -17"><span class='ocrx_word' id='word_1_732' title='bbox 1994 4389 2118 4430; x_wconf 73' lang='lat' dir='ltr'><strong>cun</strong></span> <span class='ocrx_word' id='word_1_733' title='bbox 2157 4375 2262 4429; x_wconf 91' lang='lat' dir='ltr'><strong>hoc</strong></span> <span class='ocrx_word' id='word_1_734' title='bbox 2284 4375 2562 4430; x_wconf 87' lang='lat' dir='ltr'><strong>monachis</strong></span> <span class='ocrx_word' id='word_1_735' title='bbox 2588 4376 2642 4429; x_wconf 91' lang='lat' dir='ltr'><strong>in</strong></span> <span class='ocrx_word' id='word_1_736' title='bbox 2669 4374 2903 4447; x_wconf 90' lang='lat' dir='ltr'><strong>regulari</strong></span> <span class='ocrx_word' id='word_1_737' title='bbox 2944 4375 3155 4439; x_wconf 86' lang='lat' dir='ltr'><strong>habitu,</strong></span> <span class='ocrx_word' id='word_1_738' title='bbox 3195 4384 3250 4431; x_wconf 88' lang='lat' dir='ltr'><strong>et</strong></span> <span class='ocrx_word' id='word_1_739' title='bbox 3282 4377 3485 4431; x_wconf 88' lang='lat' dir='ltr'><strong>sanctis</strong></span> <span class='ocrx_word' id='word_1_740' title='bbox 3515 4378 3571 4432; x_wconf 89' lang='lat' dir='ltr'><strong>in</strong></span> 
     </span>
    </p>
   </div>
   <div class='ocr_carea' id='block_1_90' title="bbox 1997 4465 3570 4538">
    <p class='ocr_par' dir='ltr' id='par_1_90' title="bbox 1997 4465 3570 4538">
     <span class='ocr_line' id='line_1_90' title="bbox 1997 4465 3570 4538; baseline 0.002 -17"><span class='ocrx_word' id='word_1_741' title='bbox 1997 4465 2258 4537; x_wconf 87' lang='lat' dir='ltr'><strong>religione</strong></span> <span class='ocrx_word' id='word_1_742' title='bbox 2286 4468 2477 4536; x_wconf 89' lang='lat' dir='ltr'><strong>positis</strong></span> <span class='ocrx_word' id='word_1_743' title='bbox 2504 4468 2839 4538; x_wconf 88' lang='lat' dir='ltr'><strong>prohibetur.</strong></span> <span class='ocrx_word' id='word_1_744' title='bbox 2871 4467 2988 4524; x_wconf 87' lang='lat' dir='ltr'><strong>Non</strong></span> <span class='ocrx_word' id='word_1_745' title='bbox 3022 4469 3166 4524; x_wconf 90' lang='lat' dir='ltr'><strong>enim</strong></span> <span class='ocrx_word' id='word_1_746' title='bbox 3201 4471 3370 4524; x_wconf 89' lang='lat' dir='ltr'><strong>armis</strong></span> <span class='ocrx_word' id='word_1_747' title='bbox 3402 4486 3570 4526; x_wconf 74' lang='lat' dir='ltr'><strong>szecn-</strong></span> 
     </span>
    </p>
   </div>
   <div class='ocr_carea' id='block_1_91' title="bbox 316 4536 3572 4628">
    <p class='ocr_par' dir='ltr' id='par_1_91' title="bbox 316 4536 3572 4628">
     <span class='ocr_line' id='line_1_91' title="bbox 316 4536 3572 4628; baseline 0.003 -37"><span class='ocrx_word' id='word_1_748' title='bbox 316 4536 499 4591; x_wconf 81' lang='lat' dir='ltr'><strong>ctibus</strong></span> <span class='ocrx_word' id='word_1_749' title='bbox 524 4539 774 4593; x_wconf 89' lang='lat' dir='ltr'><strong>continua</strong></span> <span class='ocrx_word' id='word_1_750' title='bbox 808 4540 1103 4596; x_wconf 88' lang='lat' dir='ltr'><strong>intentione</strong></span> <span class='ocrx_word' id='word_1_751' title='bbox 1144 4557 1252 4595; x_wconf 89' lang='lat' dir='ltr'><strong>non</strong></span> <span class='ocrx_word' id='word_1_752' title='bbox 1279 4543 1496 4612; x_wconf 87' lang='lat' dir='ltr'><strong>satagit.</strong></span> <span class='ocrx_word' id='word_1_753' title='bbox 1536 4542 1734 4596; x_wconf 88' lang='lat' dir='ltr'><strong>lterum</strong></span> <span class='ocrx_word' id='word_1_754' title='bbox 1766 4541 1897 4596; x_wconf 90' lang='lat' dir='ltr'><strong>dicit</strong></span> <span class='ocrx_word' id='word_1_755' title='bbox 1921 4536 1975 4595; x_wconf 93' lang='lat' dir='ltr'><strong>D</strong></span> <span class='ocrx_word' id='word_1_756' title='bbox 1998 4536 2225 4623; x_wconf 52' lang='lat' dir='ltr'><strong>laribus,</strong></span> <span class='ocrx_word' id='word_1_757' title='bbox 2256 4557 2400 4613; x_wconf 73' lang='lat' dir='ltr'><strong>unde</strong></span> <span class='ocrx_word' id='word_1_758' title='bbox 2446 4536 2735 4613; x_wconf 45' lang='lat' dir='ltr'><strong>ho—micmia</strong></span> <span class='ocrx_word' id='word_1_759' title='bbox 2766 4558 2923 4624; x_wconf 62' lang='lat' dir='ltr'><strong>(ium,</strong></span> <span class='ocrx_word' id='word_1_760' title='bbox 2952 4559 3047 4614; x_wconf 72' lang='lat' dir='ltr'><strong>sed</strong></span> <span class='ocrx_word' id='word_1_761' title='bbox 3091 4559 3383 4614; x_wconf 55' lang='lat' dir='ltr'><strong>virtutibus</strong></span> <span class='ocrx_word' id='word_1_762' title='bbox 3412 4561 3572 4628; x_wconf 69' lang='lat' dir='ltr'><strong>5pm-</strong></span> 
     </span>
    </p>
   </div>
   <div class='ocr_carea' id='block_1_92' title="bbox 318 4627 1890 4715">
    <p class='ocr_par' dir='ltr' id='par_1_92' title="bbox 318 4627 1890 4704">
     <span class='ocr_line' id='line_1_92' title="bbox 318 4627 1890 4704; baseline 0.004 -24"><span class='ocrx_word' id='word_1_763' title='bbox 318 4627 635 4696; x_wconf 88' lang='lat' dir='ltr'><strong>apostolus:</strong></span> <span class='ocrx_word' id='word_1_764' title='bbox 669 4629 772 4695; x_wconf 88' lang='lat' dir='ltr'><strong>Qui</strong></span> <span class='ocrx_word' id='word_1_765' title='bbox 799 4642 970 4687; x_wconf 87' lang='lat' dir='ltr'><strong>servat</strong></span> <span class='ocrx_word' id='word_1_766' title='bbox 994 4633 1245 4688; x_wconf 82' lang='lat' dir='ltr'><strong>mandata</strong></span> <span class='ocrx_word' id='word_1_767' title='bbox 1266 4635 1401 4704; x_wconf 89' lang='lat' dir='ltr'><strong>ejus,</strong></span> <span class='ocrx_word' id='word_1_768' title='bbox 1424 4635 1481 4688; x_wconf 88' lang='lat' dir='ltr'><strong>in</strong></span> <span class='ocrx_word' id='word_1_769' title='bbox 1508 4634 1599 4688; x_wconf 91' lang='lat' dir='ltr'><strong>illo</strong></span> <span class='ocrx_word' id='word_1_770' title='bbox 1629 4643 1822 4698; x_wconf 87' lang='lat' dir='ltr'><strong>manet,</strong></span> <span class='ocrx_word' id='word_1_771' title='bbox 1849 4644 1890 4688; x_wconf 82' lang='lat' dir='ltr'><strong>et</strong></span> 
     </span>
    </p>
   </div>
   <div class='ocr_carea' id='block_1_93' title="bbox 1993 4627 3573 4715">
    <p class='ocr_par' dir='ltr' id='par_1_93' title="bbox 2000 4627 3573 4715">
     <span class='ocr_line' id='line_1_93' title="bbox 2000 4627 3573 4715; baseline 0.003 -14"><span class='ocrx_word' id='word_1_772' title='bbox 2000 4648 2219 4715; x_wconf 89' lang='lat' dir='ltr'><strong>talibus,</strong></span> <span class='ocrx_word' id='word_1_773' title='bbox 2234 4650 2377 4704; x_wconf 90' lang='lat' dir='ltr'><strong>unde</strong></span> <span class='ocrx_word' id='word_1_774' title='bbox 2397 4649 2591 4704; x_wconf 70' lang='lat' dir='ltr'><strong>animae</strong></span> <span class='ocrx_word' id='word_1_775' title='bbox 2609 4648 2907 4715; x_wconf 89' lang='lat' dir='ltr'><strong>salventur,</strong></span> <span class='ocrx_word' id='word_1_776' title='bbox 2924 4649 3178 4705; x_wconf 89' lang='lat' dir='ltr'><strong>incedunt</strong></span> <span class='ocrx_word' id='word_1_777' title='bbox 3194 4627 3573 4706; x_wconf 33' lang='lat' dir='ltr'><strong>accinctiiSed</strong></span> 
     </span>
    </p>
   </div>
   <div class='ocr_carea' id='block_1_94' title="bbox 320 4718 3569 4806">
    <p class='ocr_par' dir='ltr' id='par_1_94' title="bbox 320 4718 3569 4806">
     <span class='ocr_line' id='line_1_94' title="bbox 320 4718 3569 4806; baseline 0.002 -19"><span class='ocrx_word' id='word_1_778' title='bbox 320 4718 433 4787; x_wconf 73' lang='grc' dir='ltr'><strong>ίρδε</strong></span> <span class='ocrx_word' id='word_1_779' title='bbox 461 4718 515 4771; x_wconf 74' lang='grc' dir='ltr'><strong>ίη</strong></span> <span class='ocrx_word' id='word_1_780' title='bbox 545 4735 605 4772; x_wconf 72' lang='grc' dir='ltr'><strong>⁸ο</strong></span> <span class='ocrx_word' id='word_1_781' title='bbox 647 4720 699 4791; x_wconf 79' lang='grc' dir='ltr'><strong>(Ῑ</strong></span> <span class='ocrx_word' id='word_1_782' title='bbox 720 4721 1009 4794; x_wconf 56' lang='lat' dir='ltr'><strong>han-1&quot;)-</strong></span> <span class='ocrx_word' id='word_1_783' title='bbox 1042 4722 1127 4778; x_wconf 68' lang='grc' dir='ltr'><strong>δίε</strong></span> <span class='ocrx_word' id='word_1_784' title='bbox 1147 4739 1275 4796; x_wconf 65' lang='lat' dir='ltr'><strong>ergo</strong></span> <span class='ocrx_word' id='word_1_785' title='bbox 1305 4725 1398 4780; x_wconf 65' lang='lat' dir='ltr'><strong>ubi</strong></span> <span class='ocrx_word' id='word_1_786' title='bbox 1432 4724 1574 4779; x_wconf 69' lang='lat' dir='ltr'><strong>Deus</strong></span> <span class='ocrx_word' id='word_1_787' title='bbox 1604 4724 1813 4789; x_wconf 61' lang='lat' dir='ltr'><strong>domus:</strong></span> <span class='ocrx_word' id='word_1_788' title='bbox 1841 4731 1900 4779; x_wconf 75' lang='grc' dir='ltr'><strong>θι</strong></span> <span class='ocrx_word' id='word_1_789' title='bbox 1999 4740 2141 4796; x_wconf 90' lang='lat' dir='ltr'><strong>sicut</strong></span> <span class='ocrx_word' id='word_1_790' title='bbox 2158 4747 2245 4795; x_wconf 91' lang='lat' dir='ltr'><strong>est</strong></span> <span class='ocrx_word' id='word_1_791' title='bbox 2266 4739 2467 4795; x_wconf 89' lang='lat' dir='ltr'><strong>occisio</strong></span> <span class='ocrx_word' id='word_1_792' title='bbox 2488 4738 2739 4806; x_wconf 86' lang='lat' dir='ltr'><strong>ferri,est</strong></span> <span class='ocrx_word' id='word_1_793' title='bbox 2763 4748 2819 4796; x_wconf 88' lang='lat' dir='ltr'><strong>et</strong></span> <span class='ocrx_word' id='word_1_794' title='bbox 2841 4740 2973 4806; x_wconf 91' lang='lat' dir='ltr'><strong>odii,</strong></span> <span class='ocrx_word' id='word_1_795' title='bbox 2996 4748 3079 4796; x_wconf 90' lang='lat' dir='ltr'><strong>est</strong></span> <span class='ocrx_word' id='word_1_796' title='bbox 3104 4750 3158 4795; x_wconf 90' lang='lat' dir='ltr'><strong>et</strong></span> <span class='ocrx_word' id='word_1_797' title='bbox 3179 4742 3466 4806; x_wconf 88' lang='lat' dir='ltr'><strong>mendacii,</strong></span> <span class='ocrx_word' id='word_1_798' title='bbox 3487 4753 3569 4796; x_wconf 87' lang='lat' dir='ltr'><strong>est</strong></span> 
     </span>
    </p>
   </div>
   <div class='ocr_carea' id='block_1_95' title="bbox 317 4809 1890 4881">
    <p class='ocr_par' dir='ltr' id='par_1_95' title="bbox 317 4809 1890 4881">
     <span class='ocr_line' id='line_1_95' title="bbox 317 4809 1890 4881; baseline 0.004 -18"><span class='ocrx_word' id='word_1_799' title='bbox 317 4819 444 4863; x_wconf 90' lang='lat' dir='ltr'><strong>esto</strong></span> <span class='ocrx_word' id='word_1_800' title='bbox 471 4809 659 4866; x_wconf 91' lang='lat' dir='ltr'><strong>domus</strong></span> <span class='ocrx_word' id='word_1_801' title='bbox 685 4812 799 4867; x_wconf 87' lang='lat' dir='ltr'><strong>Dei.</strong></span> <span class='ocrx_word' id='word_1_802' title='bbox 825 4813 978 4871; x_wconf 78' lang='lat' dir='ltr'><strong>Mane</strong></span> <span class='ocrx_word' id='word_1_803' title='bbox 1003 4816 1059 4870; x_wconf 91' lang='lat' dir='ltr'><strong>in</strong></span> <span class='ocrx_word' id='word_1_804' title='bbox 1087 4816 1217 4881; x_wconf 88' lang='lat' dir='ltr'><strong>Deo,</strong></span> <span class='ocrx_word' id='word_1_805' title='bbox 1240 4825 1295 4872; x_wconf 88' lang='lat' dir='ltr'><strong>et</strong></span> <span class='ocrx_word' id='word_1_806' title='bbox 1323 4825 1537 4872; x_wconf 89' lang='lat' dir='ltr'><strong>maneat</strong></span> <span class='ocrx_word' id='word_1_807' title='bbox 1565 4816 1619 4870; x_wconf 91' lang='lat' dir='ltr'><strong>in</strong></span> <span class='ocrx_word' id='word_1_808' title='bbox 1648 4824 1701 4872; x_wconf 92' lang='lat' dir='ltr'><strong>te</strong></span> <span class='ocrx_word' id='word_1_809' title='bbox 1730 4816 1890 4872; x_wconf 90' lang='lat' dir='ltr'><strong>Dens.</strong></span> 
     </span>
    </p>
   </div>
   <div class='ocr_carea' id='block_1_96' title="bbox 320 4898 1891 4972">
    <p class='ocr_par' dir='ltr' id='par_1_96' title="bbox 320 4898 1891 4972">
     <span class='ocr_line' id='line_1_96' title="bbox 320 4898 1891 4972; baseline 0.006 -20"><span class='ocrx_word' id='word_1_810' title='bbox 320 4898 538 4953; x_wconf 81' lang='lat' dir='ltr'><strong>Maneat</strong></span> <span class='ocrx_word' id='word_1_811' title='bbox 562 4902 614 4955; x_wconf 91' lang='lat' dir='ltr'><strong>in</strong></span> <span class='ocrx_word' id='word_1_812' title='bbox 647 4910 699 4956; x_wconf 90' lang='lat' dir='ltr'><strong>te</strong></span> <span class='ocrx_word' id='word_1_813' title='bbox 729 4904 890 4971; x_wconf 90' lang='lat' dir='ltr'><strong>Deus,</strong></span> <span class='ocrx_word' id='word_1_814' title='bbox 920 4915 978 4960; x_wconf 89' lang='lat' dir='ltr'><strong>ut</strong></span> <span class='ocrx_word' id='word_1_815' title='bbox 1010 4916 1062 4961; x_wconf 90' lang='lat' dir='ltr'><strong>te</strong></span> <span class='ocrx_word' id='word_1_816' title='bbox 1086 4908 1398 4972; x_wconf 85' lang='lat' dir='ltr'><strong>contineat;</strong></span> <span class='ocrx_word' id='word_1_817' title='bbox 1425 4922 1648 4961; x_wconf 91' lang='lat' dir='ltr'><strong>maneas</strong></span> <span class='ocrx_word' id='word_1_818' title='bbox 1675 4907 1729 4960; x_wconf 90' lang='lat' dir='ltr'><strong>in</strong></span> <span class='ocrx_word' id='word_1_819' title='bbox 1762 4908 1891 4970; x_wconf 88' lang='lat' dir='ltr'><strong>Deo,</strong></span> 
     </span>
    </p>
   </div>
   <div class='ocr_carea' id='block_1_97' title="bbox 319 4989 1891 5063">
    <p class='ocr_par' dir='ltr' id='par_1_97' title="bbox 319 4989 1891 5063">
     <span class='ocr_line' id='line_1_97' title="bbox 319 4989 1891 5063; baseline 0.005 -23"><span class='ocrx_word' id='word_1_820' title='bbox 319 5002 393 5041; x_wconf 90' lang='lat' dir='ltr'><strong>ne</strong></span> <span class='ocrx_word' id='word_1_821' title='bbox 421 4989 602 5043; x_wconf 87' lang='lat' dir='ltr'><strong>cadas.</strong></span> <span class='ocrx_word' id='word_1_822' title='bbox 629 4989 793 5046; x_wconf 87' lang='lat' dir='ltr'><strong>Serva</strong></span> <span class='ocrx_word' id='word_1_823' title='bbox 822 4995 1071 5049; x_wconf 88' lang='lat' dir='ltr'><strong>mandata</strong></span> <span class='ocrx_word' id='word_1_824' title='bbox 1098 4995 1231 5063; x_wconf 88' lang='lat' dir='ltr'><strong>ejus,</strong></span> <span class='ocrx_word' id='word_1_825' title='bbox 1262 5004 1384 5051; x_wconf 75' lang='lat' dir='ltr'><strong>tene</strong></span> <span class='ocrx_word' id='word_1_826' title='bbox 1410 4996 1756 5060; x_wconf 87' lang='lat' dir='ltr'><strong>charitatem,</strong></span> <span class='ocrx_word' id='word_1_827' title='bbox 1786 5009 1891 5048; x_wconf 91' lang='lat' dir='ltr'><strong>non</strong></span> 
     </span>
    </p>
   </div>
   <div class='ocr_carea' id='block_1_98' title="bbox 320 5072 1894 5155">
    <p class='ocr_par' dir='ltr' id='par_1_98' title="bbox 320 5072 1894 5155">
     <span class='ocr_line' id='line_1_98' title="bbox 320 5072 1894 5155; baseline 0.004 -24"><span class='ocrx_word' id='word_1_828' title='bbox 320 5075 579 5131; x_wconf 83' lang='lat' dir='ltr'><strong>divellere</strong></span> <span class='ocrx_word' id='word_1_829' title='bbox 603 5094 632 5132; x_wconf 90' lang='lat' dir='ltr'><strong>a</strong></span> <span class='ocrx_word' id='word_1_830' title='bbox 663 5072 783 5134; x_wconf 51' lang='lat' dir='ltr'><strong>lide‘</strong></span> <span class='ocrx_word' id='word_1_831' title='bbox 802 5081 964 5146; x_wconf 86' lang='lat' dir='ltr'><strong>illius,</strong></span> <span class='ocrx_word' id='word_1_832' title='bbox 988 5091 1046 5137; x_wconf 92' lang='lat' dir='ltr'><strong>ut</strong></span> <span class='ocrx_word' id='word_1_833' title='bbox 1073 5084 1320 5155; x_wconf 88' lang='lat' dir='ltr'><strong>glorieris</strong></span> <span class='ocrx_word' id='word_1_834' title='bbox 1362 5086 1415 5139; x_wconf 91' lang='lat' dir='ltr'><strong>in</strong></span> <span class='ocrx_word' id='word_1_835' title='bbox 1448 5100 1675 5154; x_wconf 87' lang='lat' dir='ltr'><strong>persona</strong></span> <span class='ocrx_word' id='word_1_836' title='bbox 1705 5085 1894 5155; x_wconf 87' lang='lat' dir='ltr'><strong>ipsius,</strong></span> 
     </span>
    </p>
   </div>
   <div class='ocr_carea' id='block_1_99' title="bbox 317 5172 1897 5243">
    <p class='ocr_par' dir='ltr' id='par_1_99' title="bbox 317 5172 1897 5243">
     <span class='ocr_line' id='line_1_99' title="bbox 317 5172 1897 5243; baseline 0.005 -23"><span class='ocrx_word' id='word_1_837' title='bbox 317 5174 379 5220; x_wconf 89' lang='lat' dir='ltr'><strong>et</strong></span> <span class='ocrx_word' id='word_1_838' title='bbox 407 5182 632 5223; x_wconf 87' lang='lat' dir='ltr'><strong>securus</strong></span> <span class='ocrx_word' id='word_1_839' title='bbox 660 5172 902 5227; x_wconf 86' lang='lat' dir='ltr'><strong>manebis</strong></span> <span class='ocrx_word' id='word_1_840' title='bbox 939 5173 994 5227; x_wconf 90' lang='lat' dir='ltr'><strong>in</strong></span> <span class='ocrx_word' id='word_1_841' title='bbox 1021 5190 1108 5239; x_wconf 91' lang='lat' dir='ltr'><strong>eo,</strong></span> <span class='ocrx_word' id='word_1_842' title='bbox 1138 5174 1294 5243; x_wconf 77' lang='lat' dir='ltr'><strong>juxta</strong></span> <span class='ocrx_word' id='word_1_843' title='bbox 1334 5176 1503 5232; x_wconf 88' lang='lat' dir='ltr'><strong>illud:</strong></span> <span class='ocrx_word' id='word_1_844' title='bbox 1537 5177 1603 5230; x_wconf 88' lang='lat' dir='ltr'><strong>In</strong></span> <span class='ocrx_word' id='word_1_845' title='bbox 1646 5186 1897 5229; x_wconf 65' lang='lat' dir='ltr'><strong>internum</strong></span> 
     </span>
    </p>
   </div>
   <div class='ocr_carea' id='block_1_100' title="bbox 318 5256 1897 5339">
    <p class='ocr_par' dir='ltr' id='par_1_100' title="bbox 318 5256 1897 5339">
     <span class='ocr_line' id='line_1_100' title="bbox 318 5256 1897 5339; baseline 0.005 -28"><span class='ocrx_word' id='word_1_846' title='bbox 318 5256 676 5325; x_wconf 70' lang='lat' dir='ltr'><strong>exsultabant,</strong></span> <span class='ocrx_word' id='word_1_847' title='bbox 701 5271 747 5314; x_wconf 87' lang='lat' dir='ltr'><strong>et</strong></span> <span class='ocrx_word' id='word_1_848' title='bbox 772 5263 1030 5318; x_wconf 77' lang='lat' dir='ltr'><strong>habitabis</strong></span> <span class='ocrx_word' id='word_1_849' title='bbox 1070 5266 1124 5320; x_wconf 89' lang='lat' dir='ltr'><strong>in</strong></span> <span class='ocrx_word' id='word_1_850' title='bbox 1147 5267 1220 5333; x_wconf 81' lang='lat' dir='ltr'><strong>eis</strong></span> <span class='ocrx_word' id='word_1_851' title='bbox 1247 5265 1416 5336; x_wconf 89' lang='lat' dir='ltr'><strong>(Psal.</strong></span> <span class='ocrx_word' id='word_1_852' title='bbox 1438 5266 1513 5339; x_wconf 86' lang='lat' dir='ltr'><strong>v).</strong></span> <span class='ocrx_word' id='word_1_853' title='bbox 1544 5266 1685 5321; x_wconf 82' lang='lat' dir='ltr'><strong>Deus</strong></span> <span class='ocrx_word' id='word_1_854' title='bbox 1720 5273 1897 5333; x_wconf 87' lang='lat' dir='ltr'><strong>autem</strong></span> 
     </span>
    </p>
   </div>
   <div class='ocr_carea' id='block_1_101' title="bbox 318 5349 1896 5424">
    <p class='ocr_par' dir='ltr' id='par_1_101' title="bbox 318 5349 1896 5424">
     <span class='ocr_line' id='line_1_101' title="bbox 318 5349 1896 5424; baseline 0.005 -22"><span class='ocrx_word' id='word_1_855' title='bbox 318 5349 559 5402; x_wconf 80' lang='lat' dir='ltr'><strong>charitas</strong></span> <span class='ocrx_word' id='word_1_856' title='bbox 587 5360 660 5404; x_wconf 89' lang='lat' dir='ltr'><strong>est</strong></span> <span class='ocrx_word' id='word_1_857' title='bbox 684 5364 703 5403; x_wconf 88' lang='lat'><strong><em>:</em></strong></span> <span class='ocrx_word' id='word_1_858' title='bbox 726 5362 772 5406; x_wconf 90' lang='lat' dir='ltr'><strong>et</strong></span> <span class='ocrx_word' id='word_1_859' title='bbox 804 5354 894 5423; x_wconf 86' lang='lat' dir='ltr'><strong>qui</strong></span> <span class='ocrx_word' id='word_1_860' title='bbox 914 5366 1084 5410; x_wconf 89' lang='lat' dir='ltr'><strong>manet</strong></span> <span class='ocrx_word' id='word_1_861' title='bbox 1106 5358 1163 5413; x_wconf 87' lang='lat' dir='ltr'><strong>in</strong></span> <span class='ocrx_word' id='word_1_862' title='bbox 1190 5358 1466 5424; x_wconf 80' lang='lat' dir='ltr'><strong>charitate,</strong></span> <span class='ocrx_word' id='word_1_863' title='bbox 1490 5360 1546 5411; x_wconf 84' lang='lat' dir='ltr'><strong>in</strong></span> <span class='ocrx_word' id='word_1_864' title='bbox 1566 5357 1674 5411; x_wconf 90' lang='lat' dir='ltr'><strong>Deo</strong></span> <span class='ocrx_word' id='word_1_865' title='bbox 1702 5366 1896 5422; x_wconf 66' lang='lat' dir='ltr'><strong>manet,</strong></span> 
     </span>
    </p>
   </div>
   <div class='ocr_carea' id='block_1_102' title="bbox 320 5437 1121 5518">
    <p class='ocr_par' dir='ltr' id='par_1_102' title="bbox 320 5437 1121 5518">
     <span class='ocr_line' id='line_1_102' title="bbox 320 5437 1121 5518; baseline 0.007 -25"><span class='ocrx_word' id='word_1_866' title='bbox 320 5447 373 5493; x_wconf 87' lang='lat' dir='ltr'><strong>et</strong></span> <span class='ocrx_word' id='word_1_867' title='bbox 407 5437 551 5493; x_wconf 81' lang='lat' dir='ltr'><strong>Deus</strong></span> <span class='ocrx_word' id='word_1_868' title='bbox 577 5442 632 5496; x_wconf 91' lang='lat' dir='ltr'><strong>in</strong></span> <span class='ocrx_word' id='word_1_869' title='bbox 661 5459 721 5496; x_wconf 91' lang='lat' dir='ltr'><strong>eo</strong></span> <span class='ocrx_word' id='word_1_870' title='bbox 750 5443 802 5514; x_wconf 92' lang='lat' dir='ltr'><strong>(I</strong></span> <span class='ocrx_word' id='word_1_871' title='bbox 829 5443 992 5498; x_wconf 84' lang='lat' dir='ltr'><strong>Joan.</strong></span> <span class='ocrx_word' id='word_1_872' title='bbox 1024 5449 1121 5518; x_wconf 74' lang='grc' dir='ltr'>ιν).</span> 
     </span>
    </p>
   </div>
   <div class='ocr_carea' id='block_1_103' title="bbox 396 5532 1900 5613">
    <p class='ocr_par' dir='ltr' id='par_1_103' title="bbox 396 5532 1900 5613">
     <span class='ocr_line' id='line_1_103' title="bbox 396 5532 1900 5613; baseline 0.007 -27"><span class='ocrx_word' id='word_1_873' title='bbox 396 5532 452 5586; x_wconf 77' lang='grc'>2.</span> <span class='ocrx_word' id='word_1_874' title='bbox 486 5534 684 5590; x_wconf 89' lang='lat' dir='ltr'><strong>Deinde</strong></span> <span class='ocrx_word' id='word_1_875' title='bbox 709 5542 1026 5609; x_wconf 67' lang='lat' dir='ltr'><strong>proximum,</strong></span> <span class='ocrx_word' id='word_1_876' title='bbox 1051 5544 1185 5597; x_wconf 83' lang='lat' dir='ltr'><strong>sicut</strong></span> <span class='ocrx_word' id='word_1_877' title='bbox 1215 5544 1453 5613; x_wconf 84' lang='lat' dir='ltr'><strong>teipsum.</strong></span> <span class='ocrx_word' id='word_1_878' title='bbox 1479 5544 1569 5600; x_wconf 84' lang='lat' dir='ltr'><strong>Sic</strong></span> <span class='ocrx_word' id='word_1_879' title='bbox 1592 5544 1735 5599; x_wconf 88' lang='lat' dir='ltr'><strong>enim</strong></span> <span class='ocrx_word' id='word_1_880' title='bbox 1759 5543 1900 5597; x_wconf 85' lang='lat' dir='ltr'><strong>Pau—</strong></span> 
     </span>
    </p>
   </div>
   <div class='ocr_carea' id='block_1_104' title="bbox 320 5618 1898 5701">
    <p class='ocr_par' dir='ltr' id='par_1_104' title="bbox 320 5618 1898 5701">
     <span class='ocr_line' id='line_1_104' title="bbox 320 5618 1898 5701; baseline 0.007 -25"><span class='ocrx_word' id='word_1_881' title='bbox 320 5624 417 5678; x_wconf 79' lang='lat' dir='ltr'><strong>lus</strong></span> <span class='ocrx_word' id='word_1_882' title='bbox 442 5628 716 5696; x_wconf 87' lang='lat' dir='ltr'><strong>apostolus</strong></span> <span class='ocrx_word' id='word_1_883' title='bbox 749 5631 802 5684; x_wconf 93' lang='lat' dir='ltr'><strong>in</strong></span> <span class='ocrx_word' id='word_1_884' title='bbox 848 5631 1087 5701; x_wconf 86' lang='lat' dir='ltr'><strong>Epistola</strong></span> <span class='ocrx_word' id='word_1_885' title='bbox 1112 5632 1179 5686; x_wconf 89' lang='lat' dir='ltr'><strong>ad</strong></span> <span class='ocrx_word' id='word_1_886' title='bbox 1208 5618 1434 5688; x_wconf 71' lang='lat' dir='ltr'><strong>Galatas</strong></span> <span class='ocrx_word' id='word_1_887' title='bbox 1457 5634 1533 5688; x_wconf 87' lang='lat' dir='ltr'><strong>ait</strong></span> <span class='ocrx_word' id='word_1_888' title='bbox 1557 5653 1568 5687; x_wconf 89' lang='lat'><strong>:</strong></span> <span class='ocrx_word' id='word_1_889' title='bbox 1603 5634 1783 5688; x_wconf 81' lang='lat' dir='ltr'><strong>Omnis</strong></span> <span class='ocrx_word' id='word_1_890' title='bbox 1815 5634 1898 5687; x_wconf 66' lang='lat' dir='ltr'><strong>lex</strong></span> 
     </span>
    </p>
   </div>
   <div class='ocr_carea' id='block_1_105' title="bbox 325 5714 1897 5794">
    <p class='ocr_par' dir='ltr' id='par_1_105' title="bbox 325 5714 1897 5794">
     <span class='ocr_line' id='line_1_105' title="bbox 325 5714 1897 5794; baseline 0.005 -27"><span class='ocrx_word' id='word_1_891' title='bbox 325 5714 382 5767; x_wconf 82' lang='lat' dir='ltr'><strong>in</strong></span> <span class='ocrx_word' id='word_1_892' title='bbox 416 5732 521 5768; x_wconf 86' lang='lat' dir='ltr'><strong>uno</strong></span> <span class='ocrx_word' id='word_1_893' title='bbox 558 5733 791 5774; x_wconf 83' lang='lat' dir='ltr'><strong>sermone</strong></span> <span class='ocrx_word' id='word_1_894' title='bbox 821 5721 1105 5790; x_wconf 76' lang='lat' dir='ltr'><strong>completur</strong></span> <span class='ocrx_word' id='word_1_895' title='bbox 1138 5740 1154 5777; x_wconf 91' lang='lat'><strong><em>:</em></strong></span> <span class='ocrx_word' id='word_1_896' title='bbox 1184 5721 1381 5793; x_wconf 79' lang='lat' dir='ltr'><strong>Diliges</strong></span> <span class='ocrx_word' id='word_1_897' title='bbox 1424 5724 1720 5794; x_wconf 67' lang='lat' dir='ltr'><strong>proximum</strong></span> <span class='ocrx_word' id='word_1_898' title='bbox 1753 5734 1897 5777; x_wconf 85' lang='lat' dir='ltr'><strong>tuum</strong></span> 
     </span>
    </p>
   </div>
   <div class='ocr_carea' id='block_1_106' title="bbox 1996 4831 3574 4903">
    <p class='ocr_par' dir='ltr' id='par_1_106' title="bbox 1996 4831 3574 4903">
     <span class='ocr_line' id='line_1_106' title="bbox 1996 4831 3574 4903; baseline 0.003 -17"><span class='ocrx_word' id='word_1_899' title='bbox 1996 4840 2054 4886; x_wconf 91' lang='lat' dir='ltr'><strong>et</strong></span> <span class='ocrx_word' id='word_1_900' title='bbox 2089 4831 2315 4901; x_wconf 90' lang='lat' dir='ltr'><strong>alicujus</strong></span> <span class='ocrx_word' id='word_1_901' title='bbox 2342 4833 2522 4903; x_wconf 85' lang='lat' dir='ltr'><strong>gravis</strong></span> <span class='ocrx_word' id='word_1_902' title='bbox 2567 4833 2794 4901; x_wconf 90' lang='lat' dir='ltr'><strong>peccati.</strong></span> <span class='ocrx_word' id='word_1_903' title='bbox 2843 4832 3114 4901; x_wconf 86' lang='lat' dir='ltr'><strong>Scriptum</strong></span> <span class='ocrx_word' id='word_1_904' title='bbox 3146 4841 3230 4887; x_wconf 89' lang='lat' dir='ltr'><strong>est</strong></span> <span class='ocrx_word' id='word_1_905' title='bbox 3255 4833 3397 4889; x_wconf 89' lang='lat' dir='ltr'><strong>enim</strong></span> <span class='ocrx_word' id='word_1_906' title='bbox 3426 4853 3438 4887; x_wconf 88' lang='lat'>:</span> <span class='ocrx_word' id='word_1_907' title='bbox 3468 4832 3574 4898; x_wconf 86' lang='lat' dir='ltr'><strong>Qui</strong></span> 
     </span>
    </p>
   </div>
   <div class='ocr_carea' id='block_1_107' title="bbox 1998 4921 3572 4994">
    <p class='ocr_par' dir='ltr' id='par_1_107' title="bbox 1998 4921 3572 4994">
     <span class='ocr_line' id='line_1_107' title="bbox 1998 4921 3572 4994; baseline 0.001 -19"><span class='ocrx_word' id='word_1_908' title='bbox 1998 4922 2107 4975; x_wconf 90' lang='lat' dir='ltr'><strong>odit</strong></span> <span class='ocrx_word' id='word_1_909' title='bbox 2139 4923 2355 4992; x_wconf 75' lang='lat' dir='ltr'><strong>fratrem</strong></span> <span class='ocrx_word' id='word_1_910' title='bbox 2381 4939 2551 4985; x_wconf 85' lang='lat' dir='ltr'><strong>suum,</strong></span> <span class='ocrx_word' id='word_1_911' title='bbox 2577 4923 2840 4977; x_wconf 82' lang='lat' dir='ltr'><strong>homicida</strong></span> <span class='ocrx_word' id='word_1_912' title='bbox 2867 4932 2943 4977; x_wconf 88' lang='lat' dir='ltr'><strong>est</strong></span> <span class='ocrx_word' id='word_1_913' title='bbox 2971 4921 3027 4994; x_wconf 85' lang='grc' dir='ltr'><strong>(Ι</strong></span> <span class='ocrx_word' id='word_1_914' title='bbox 3055 4921 3218 4977; x_wconf 82' lang='lat' dir='ltr'><strong>Joan.</strong></span> <span class='ocrx_word' id='word_1_915' title='bbox 3247 4922 3354 4994; x_wconf 89' lang='grc' dir='ltr'>ιιι).</span> <span class='ocrx_word' id='word_1_916' title='bbox 3383 4924 3469 4989; x_wconf 88' lang='lat' dir='ltr'><strong>Et,</strong></span> <span class='ocrx_word' id='word_1_917' title='bbox 3496 4923 3572 4978; x_wconf 89' lang='lat' dir='ltr'><strong>0s</strong></span> 
     </span>
    </p>
   </div>
   <div class='ocr_carea' id='block_1_108' title="bbox 1998 5011 3571 5085">
    <p class='ocr_par' dir='ltr' id='par_1_108' title="bbox 1998 5011 3571 5085">
     <span class='ocr_line' id='line_1_108' title="bbox 1998 5011 3571 5085; baseline 0.002 -21"><span class='ocrx_word' id='word_1_918' title='bbox 1998 5011 2135 5082; x_wconf 84' lang='lat' dir='ltr'><strong>quod</strong></span> <span class='ocrx_word' id='word_1_919' title='bbox 2173 5012 2438 5076; x_wconf 78' lang='lat' dir='ltr'><strong>mentitur,</strong></span> <span class='ocrx_word' id='word_1_920' title='bbox 2467 5011 2652 5065; x_wconf 87' lang='lat' dir='ltr'><strong>occidit</strong></span> <span class='ocrx_word' id='word_1_921' title='bbox 2692 5013 2923 5066; x_wconf 85' lang='lat' dir='ltr'><strong>animam</strong></span> <span class='ocrx_word' id='word_1_922' title='bbox 2951 5011 3103 5084; x_wconf 85' lang='lat' dir='ltr'><strong>(Sap.</strong></span> <span class='ocrx_word' id='word_1_923' title='bbox 3140 5013 3201 5085; x_wconf 90' lang='grc' dir='ltr'><strong>ι).</strong></span> <span class='ocrx_word' id='word_1_924' title='bbox 3240 5014 3341 5079; x_wconf 85' lang='grc' dir='ltr'><strong>Ει,</strong></span> <span class='ocrx_word' id='word_1_925' title='bbox 3379 5015 3571 5068; x_wconf 84' lang='lat' dir='ltr'><strong>Anima</strong></span> 
     </span>
    </p>
   </div>
   <div class='ocr_carea' id='block_1_109' title="bbox 1995 5101 3567 5174">
    <p class='ocr_par' dir='ltr' id='par_1_109' title="bbox 1995 5101 3567 5174">
     <span class='ocr_line' id='line_1_109' title="bbox 1995 5101 3567 5174; baseline 0.003 -21"><span class='ocrx_word' id='word_1_926' title='bbox 1995 5117 2113 5171; x_wconf 68' lang='lat' dir='ltr'><strong>quin</strong></span> <span class='ocrx_word' id='word_1_927' title='bbox 2156 5104 2461 5173; x_wconf 86' lang='lat' dir='ltr'><strong>peccaverit,</strong></span> <span class='ocrx_word' id='word_1_928' title='bbox 2483 5103 2596 5173; x_wconf 87' lang='lat' dir='ltr'><strong>ipsa</strong></span> <span class='ocrx_word' id='word_1_929' title='bbox 2622 5104 2873 5156; x_wconf 88' lang='lat' dir='ltr'><strong>morietur</strong></span> <span class='ocrx_word' id='word_1_930' title='bbox 2894 5101 3042 5174; x_wconf 50' lang='lat' dir='ltr'><strong>.(Lev.</strong></span> <span class='ocrx_word' id='word_1_931' title='bbox 3067 5119 3139 5168; x_wconf 87' lang='lat' dir='ltr'><strong>tv,</strong></span> <span class='ocrx_word' id='word_1_932' title='bbox 3172 5103 3363 5159; x_wconf 77' lang='lat' dir='ltr'><strong>Ezech.</strong></span> <span class='ocrx_word' id='word_1_933' title='bbox 3387 5105 3567 5173; x_wconf 75' lang='lat' dir='ltr'><strong>xvm).</strong></span> 
     </span>
    </p>
   </div>
   <div class='ocr_carea' id='block_1_110' title="bbox 1999 5190 3573 5260">
    <p class='ocr_par' dir='ltr' id='par_1_110' title="bbox 1999 5190 3573 5260">
     <span class='ocr_line' id='line_1_110' title="bbox 1999 5190 3573 5260; baseline 0.001 -16"><span class='ocrx_word' id='word_1_934' title='bbox 1999 5190 2074 5246; x_wconf 91' lang='lat' dir='ltr'><strong>De</strong></span> <span class='ocrx_word' id='word_1_935' title='bbox 2106 5192 2298 5246; x_wconf 91' lang='lat' dir='ltr'><strong>borum</strong></span> <span class='ocrx_word' id='word_1_936' title='bbox 2330 5191 2567 5245; x_wconf 78' lang='lat' dir='ltr'><strong>ninnium</strong></span> <span class='ocrx_word' id='word_1_937' title='bbox 2604 5192 2888 5260; x_wconf 85' lang='lat' dir='ltr'><strong>generibus</strong></span> <span class='ocrx_word' id='word_1_938' title='bbox 2914 5193 3215 5247; x_wconf 87' lang='lat' dir='ltr'><strong>occisorum</strong></span> <span class='ocrx_word' id='word_1_939' title='bbox 3244 5196 3434 5249; x_wconf 86' lang='lat' dir='ltr'><strong>beatus</strong></span> <span class='ocrx_word' id='word_1_940' title='bbox 3472 5193 3573 5247; x_wconf 87' lang='lat' dir='ltr'><strong>Be-</strong></span> 
     </span>
    </p>
   </div>
   <div class='ocr_carea' id='block_1_111' title="bbox 1999 5279 3570 5346">
    <p class='ocr_par' dir='ltr' id='par_1_111' title="bbox 1999 5279 3570 5346">
     <span class='ocr_line' id='line_1_111' title="bbox 1999 5279 3570 5346; baseline -0.002 -12"><span class='ocrx_word' id='word_1_941' title='bbox 1999 5281 2242 5335; x_wconf 89' lang='lat' dir='ltr'><strong>nedictus</strong></span> <span class='ocrx_word' id='word_1_942' title='bbox 2267 5280 2377 5333; x_wconf 92' lang='lat' dir='ltr'><strong>vult</strong></span> <span class='ocrx_word' id='word_1_943' title='bbox 2401 5279 2658 5334; x_wconf 83' lang='lat' dir='ltr'><strong>abstineri</strong></span> <span class='ocrx_word' id='word_1_944' title='bbox 2691 5282 3034 5346; x_wconf 88' lang='lat' dir='ltr'><strong>monachum,</strong></span> <span class='ocrx_word' id='word_1_945' title='bbox 3065 5297 3187 5337; x_wconf 88' lang='lat' dir='ltr'><strong>cum</strong></span> <span class='ocrx_word' id='word_1_946' title='bbox 3214 5283 3432 5344; x_wconf 86' lang='lat' dir='ltr'><strong>dicitur,</strong></span> <span class='ocrx_word' id='word_1_947' title='bbox 3467 5297 3570 5333; x_wconf 81' lang='lat' dir='ltr'><strong>non</strong></span> 
     </span>
    </p>
   </div>
   <div class='ocr_carea' id='block_1_112' title="bbox 2000 5369 3565 5439">
    <p class='ocr_par' dir='ltr' id='par_1_112' title="bbox 2000 5369 3565 5439">
     <span class='ocr_line' id='line_1_112' title="bbox 2000 5369 3565 5439; baseline -0.002 -17"><span class='ocrx_word' id='word_1_948' title='bbox 2000 5369 2250 5432; x_wconf 87' lang='lat' dir='ltr'><strong>occidere,</strong></span> <span class='ocrx_word' id='word_1_949' title='bbox 2276 5369 2329 5423; x_wconf 93' lang='lat' dir='ltr'><strong>id</strong></span> <span class='ocrx_word' id='word_1_950' title='bbox 2352 5379 2457 5429; x_wconf 84' lang='lat' dir='ltr'><strong>est,</strong></span> <span class='ocrx_word' id='word_1_951' title='bbox 2486 5384 2584 5422; x_wconf 88' lang='lat' dir='ltr'><strong>nec</strong></span> <span class='ocrx_word' id='word_1_952' title='bbox 2604 5369 2830 5423; x_wconf 88' lang='lat' dir='ltr'><strong>aliorum</strong></span> <span class='ocrx_word' id='word_1_953' title='bbox 2851 5385 3079 5439; x_wconf 88' lang='lat' dir='ltr'><strong>corpora</strong></span> <span class='ocrx_word' id='word_1_954' title='bbox 3102 5372 3264 5434; x_wconf 89' lang='lat' dir='ltr'><strong>lerro,</strong></span> <span class='ocrx_word' id='word_1_955' title='bbox 3292 5385 3391 5423; x_wconf 90' lang='lat' dir='ltr'><strong>nec</strong></span> <span class='ocrx_word' id='word_1_956' title='bbox 3413 5383 3565 5422; x_wconf 86' lang='lat' dir='ltr'><strong>suam</strong></span> 
     </span>
    </p>
   </div>
   <div class='ocr_carea' id='block_1_113' title="bbox 2002 5458 3564 5529">
    <p class='ocr_par' dir='ltr' id='par_1_113' title="bbox 2002 5458 3564 5529">
     <span class='ocr_line' id='line_1_113' title="bbox 2002 5458 3564 5529; baseline -0.001 -17"><span class='ocrx_word' id='word_1_957' title='bbox 2002 5459 2235 5513; x_wconf 85' lang='lat' dir='ltr'><strong>animam</strong></span> <span class='ocrx_word' id='word_1_958' title='bbox 2267 5458 2413 5521; x_wconf 87' lang='lat' dir='ltr'><strong>odio,</strong></span> <span class='ocrx_word' id='word_1_959' title='bbox 2441 5458 2523 5512; x_wconf 90' lang='lat' dir='ltr'><strong>vel</strong></span> <span class='ocrx_word' id='word_1_960' title='bbox 2565 5460 2875 5527; x_wconf 88' lang='lat' dir='ltr'><strong>homicidio,</strong></span> <span class='ocrx_word' id='word_1_961' title='bbox 2904 5471 2997 5515; x_wconf 90' lang='lat' dir='ltr'><strong>aut</strong></span> <span class='ocrx_word' id='word_1_962' title='bbox 3024 5461 3260 5529; x_wconf 84' lang='lat' dir='ltr'><strong>quolibet</strong></span> <span class='ocrx_word' id='word_1_963' title='bbox 3304 5459 3411 5511; x_wconf 89' lang='lat' dir='ltr'><strong>alio</strong></span> <span class='ocrx_word' id='word_1_964' title='bbox 3438 5472 3564 5525; x_wconf 88' lang='lat' dir='ltr'><strong>pec-</strong></span> 
     </span>
    </p>
   </div>
   <div class='ocr_carea' id='block_1_114' title="bbox 2003 5546 3568 5618">
    <p class='ocr_par' dir='ltr' id='par_1_114' title="bbox 2003 5546 3568 5618">
     <span class='ocr_line' id='line_1_114' title="bbox 2003 5546 3568 5618; baseline -0.001 -18"><span class='ocrx_word' id='word_1_965' title='bbox 2003 5554 2145 5610; x_wconf 84' lang='lat' dir='ltr'><strong>cato,</strong></span> <span class='ocrx_word' id='word_1_966' title='bbox 2170 5547 2293 5615; x_wconf 84' lang='lat' dir='ltr'><strong>quia</strong></span> <span class='ocrx_word' id='word_1_967' title='bbox 2329 5547 2583 5616; x_wconf 87' lang='lat' dir='ltr'><strong>scriptum</strong></span> <span class='ocrx_word' id='word_1_968' title='bbox 2611 5558 2691 5603; x_wconf 87' lang='lat' dir='ltr'><strong>est</strong></span> <span class='ocrx_word' id='word_1_969' title='bbox 2717 5567 2730 5602; x_wconf 93' lang='lat'>:</span> <span class='ocrx_word' id='word_1_970' title='bbox 2765 5549 2936 5603; x_wconf 84' lang='lat' dir='ltr'><strong>Homo</strong></span> <span class='ocrx_word' id='word_1_971' title='bbox 2963 5549 3176 5618; x_wconf 84' lang='lat' dir='ltr'><strong>quidem</strong></span> <span class='ocrx_word' id='word_1_972' title='bbox 3201 5563 3291 5615; x_wconf 85' lang='lat' dir='ltr'><strong>per</strong></span> <span class='ocrx_word' id='word_1_973' title='bbox 3315 5546 3568 5601; x_wconf 85' lang='lat' dir='ltr'><strong>malitiam</strong></span> 
     </span>
    </p>
   </div>
   <div class='ocr_carea' id='block_1_115' title="bbox 2005 5635 3570 5708">
    <p class='ocr_par' dir='ltr' id='par_1_115' title="bbox 2005 5635 3570 5708">
     <span class='ocr_line' id='line_1_115' title="bbox 2005 5635 3570 5708; baseline 0 -19"><span class='ocrx_word' id='word_1_974' title='bbox 2005 5636 2189 5689; x_wconf 88' lang='lat' dir='ltr'><strong>occidit</strong></span> <span class='ocrx_word' id='word_1_975' title='bbox 2234 5638 2463 5692; x_wconf 80' lang='lat' dir='ltr'><strong>animum</strong></span> <span class='ocrx_word' id='word_1_976' title='bbox 2499 5654 2649 5691; x_wconf 86' lang='lat' dir='ltr'><strong>suam</strong></span> <span class='ocrx_word' id='word_1_977' title='bbox 2699 5638 2851 5708; x_wconf 68' lang='grc' dir='ltr'>(δαν.</span> <span class='ocrx_word' id='word_1_978' title='bbox 2895 5638 3038 5707; x_wconf 80' lang='lat' dir='ltr'><strong>xvi).</strong></span> <span class='ocrx_word' id='word_1_979' title='bbox 3085 5638 3159 5689; x_wconf 86' lang='lat' dir='ltr'><strong>Dc</strong></span> <span class='ocrx_word' id='word_1_980' title='bbox 3205 5635 3454 5690; x_wconf 89' lang='lat' dir='ltr'><strong>omnibus</strong></span> <span class='ocrx_word' id='word_1_981' title='bbox 3486 5636 3570 5689; x_wconf 84' lang='lat' dir='ltr'><strong>his</strong></span> 
     </span>
    </p>
   </div>
   <div class='ocr_carea' id='block_1_116' title="bbox 2006 5725 3572 5791">
    <p class='ocr_par' dir='ltr' id='par_1_116' title="bbox 2006 5725 3572 5791">
     <span class='ocr_line' id='line_1_116' title="bbox 2006 5725 3572 5791; baseline 0.003 -14"><span class='ocrx_word' id='word_1_982' title='bbox 2006 5725 2135 5778; x_wconf 82' lang='lat' dir='ltr'><strong>satis</strong></span> <span class='ocrx_word' id='word_1_983' title='bbox 2165 5725 2414 5782; x_wconf 84' lang='lat' dir='ltr'><strong>convenit</strong></span> <span class='ocrx_word' id='word_1_984' title='bbox 2452 5725 2709 5781; x_wconf 85' lang='lat' dir='ltr'><strong>abstineri</strong></span> <span class='ocrx_word' id='word_1_985' title='bbox 2747 5741 2853 5781; x_wconf 89' lang='lat' dir='ltr'><strong>non</strong></span> <span class='ocrx_word' id='word_1_986' title='bbox 2890 5725 3061 5780; x_wconf 89' lang='lat' dir='ltr'><strong>solum</strong></span> <span class='ocrx_word' id='word_1_987' title='bbox 3091 5739 3441 5791; x_wconf 81' lang='lat' dir='ltr'><strong>monacnum.</strong></span> <span class='ocrx_word' id='word_1_988' title='bbox 3477 5726 3572 5781; x_wconf 86' lang='lat' dir='ltr'><strong>sed</strong></span> 
     </span>
    </p>
   </div>
  </div>
