3960 6206
398 375 463 434 5,
1638 368 1989 426 smmum
2030 371 2321 427 ABBATIS

3523 371 3631 430 759.

357 494 523 550 etiam
564 500 778 547 omuem
816 489 1096 544 hominem
1131 483 1498 542 Christianum
1524 526 1538 551 ,
1586 487 1711 556 quia
1762 486 1935 554 quod-
1966 494 2011 548 Λ
2040 489 2182 541 enim
2213 488 2430 556 proprio
2459 487 2677 542 domino
2704 484 2980 558 proprium
3010 488 3148 543 tollit
3178 505 3393 545 servum
3422 501 3477 548 et
3507 511 3632 552 eum

358 598 593 654 cunque.
617 583 808 635 horum
841 578 1031 633 fecerit
1072 575 1443 641 homicidium,
1491 577 1786 631 secundum
1831 576 1938 629 Do-

358 676 488 730 mini
546 671 903 735 sententiam,
953 668 1056 734 Qui
1101 668 1383 734 occiderit,
1430 684 1548 722 reus
1592 668 1690 721 erit
1729 666 1939 736 judicio

359 766 574 839 (Matth.
601 764 676 836 v).

427 856 481 909 4.
504 854 626 909 Non
652 852 963 908 adulterari.
991 851 1126 905 Nam
1147 851 1540 905 etadulterium
1562 850 1745 905 multis
1768 847 1943 903 modis

356 956 413 1002 ct
443 948 497 1001 in
525 962 751 1015 corpore
780 953 835 999 et
864 945 917 998 in
941 945 1122 998 animo
1151 951 1207 999 et
1231 944 1588 998 committitur
1615 950 1669 997 et
1694 950 1938 997 vocatur.

356 1038 493 1091 Nam
521 1045 577 1090 et
600 1035 907 1098 fornicatio,
936 1042 991 1087 et
1018 1034 1263 1088 adoratio
1289 1034 1575 1097 idolorum,
1612 1041 1666 1086 et
1694 1030 1944 1100 concupi-

358 1127 564 1182 scentia
590 1124 893 1188 oculorum,
915 1130 968 1177 et
994 1123 1234 1176 amicitia
1264 1120 1601 1176 saecularium
1629 1134 1726 1189 pro
1741 1133 1943 1173 concu-

359 1216 620 1289 piscentia
647 1222 700 1269 et
730 1213 956 1268 avaritia
998 1228 1178 1266 rerum
1225 1211 1543 1265 adulterium
1579 1217 1821 1263 vocatur.
1869 1208 1944 1261 De

361 1306 627 1376 adulterio
668 1305 852 1360 carnis
895 1302 1056 1358 simul
1080 1309 1137 1357 et
1166 1302 1362 1355 anima:
1383 1300 1672 1370 Apostolus
1699 1299 1774 1353 ait
1802 1298 1946 1352 inter

358 1405 555 1451 caetera
575 1413 589 1449 :
610 1394 793 1466 Neque
807 1391 1035 1446 adulteri
1050 1406 1265 1461 regnum
1286 1388 1381 1442 Dei
1394 1387 1724 1459 possidebunt
1750 1385 1801 1457 (Ι
1816 1383 1939 1439 Cor.

361 1502 416 1540 vt
451 1491 493 1558 ).
608 1488 676 1542 Et
776 1485 863 1539 lex
1027 1480 1261 1549 idipsum
1280 1477 1531 1547 prohibet
1561 1476 1784 1530 dicens:
1822 1473 1946 1527 Non

360 1574 685 1627 adulterabts
716 1569 924 1642 (Exod.
950 1570 1066 1639 xx).
1098 1569 1174 1621 Dc
1201 1565 1637 1635 concupiscentia
1665 1564 1945 1619 oculorum

362 1665 626 1719 Dominus
656 1663 709 1717 in
737 1660 1028 1731 Evangelio
1064 1659 1141 1712 ait
1169 1676 1181 1711 :
1217 1658 1321 1723 Qui
1354 1656 1538 1711 viderit
1568 1655 1841 1709 mulierem
1874 1653 1945 1707 ad

2043 576 2201 632 alteri
2228 592 2335 631 non
2363 576 2586 647 proprio
2608 577 2810 642 subdit,
2838 579 3027 647 procul
3054 579 3216 635 dubio
3242 580 3449 639 furtum
3479 585 3630 643 facit.

2043 668 2184 738 Ergo
2223 676 2277 722 et
2302 668 2391 737 qui
2422 683 2588 738 prave
2612 668 2843 722 vivendo
2875 652 3094 739 proprio
3124 673 3389 728 conditori
3426 692 3526 733 suo
3571 695 3634 737 se

2045 757 2204 822 tollit,
2229 766 2284 811 et
2310 757 2524 812 diabolo
2553 772 2610 813 se
2639 756 2839 822 subdit,
2868 758 3222 817 nihilominus
3246 761 3450 819 furtum
3474 765 3632 827 facit.

2042 846 2303 903 Dominus
2349 850 2494 904 enim
2538 847 2697 903 Jesus
2740 846 2993 905 Christus
3041 868 3139 907 nos
3183 854 3251 909 de
3303 853 3432 912 limo
3472 867 3636 916 terrae

2042 939 2284 1003 creavit,
2322 946 2378 992 et
2423 939 2643 1008 proprio
2685 939 2950 1009 sanguine
2995 942 3247 1009 redemit,
3275 954 3332 1003 et
3364 946 3489 1002 ideo
3535 964 3637 1019 per

2043 1028 2406 1082 conditionem
2451 1027 2567 1095 ejus
2607 1028 2781 1092 servi,
2818 1036 2874 1082 et
2914 1044 3012 1098 per
3046 1033 3471 1103 redemptionem
3516 1037 3636 1106 ejus

2043 1131 2233 1171 sumus
2264 1115 2469 1170 famuli.
2510 1115 2662 1182 Quod
2694 1117 2739 1170 si
2784 1117 2980 1187 aliquis
3022 1135 3090 1173 cx
3135 1121 3313 1187 nobis,
3345 1133 3402 1178 ut
3431 1128 3629 1196 praedi-

2045 1217 2191 1264 ctum
2219 1216 2321 1274 est,
2351 1224 2410 1265 se
2433 1225 2465 1263 a
2495 1210 2718 1265 servitio
2745 1211 2841 1265 Dei
2871 1211 3013 1268 male
3039 1213 3272 1270 vivendo
3299 1219 3637 1276 subtraxerit

2045 1306 2099 1352 et
2128 1298 2341 1353 diabolo
2388 1299 2719 1362 subdiderit,
2764 1298 2965 1355 furtum
3016 1303 3312 1372 pessimum
3360 1305 3510 1362 facit.
3562 1309 3636 1364 Se

2044 1393 2187 1447 enim
2216 1408 2248 1447 a
2290 1392 2524 1447 filiorum
2570 1393 2829 1449 societate
2872 1396 3198 1465 segregavit,
3235 1404 3289 1452 et
3318 1414 3508 1455 servus
3553 1401 3635 1455 fa-

2044 1491 2165 1536 ctus
2212 1482 2623 1548 dmmoniorum,
2665 1492 2720 1538 et
2756 1484 3150 1552 litereditatem,
3190 1495 3244 1542 et
3289 1491 3631 1547 mansionem

2045 1571 2227 1625 amisit
2271 1572 2421 1641 regni
2454 1572 2737 1626 caelorum.
2781 1570 3058 1642 Scriptum
3098 1585 3180 1629 est
3219 1577 3363 1631 enim
3398 1597 3411 1630 :
3446 1578 3632 1635 Omnis

2045 1661 2183 1714 enim
2204 1661 2294 1730 qui
2328 1670 2527 1731 peccat,
2551 1678 2729 1716 servus
2751 1672 2825 1716 est
2858 1665 3077 1733 peccati.
3103 1662 3295 1719 Servus
3320 1676 3494 1721 autem
3524 1685 3633 1723 non

362 1754 831 1826 concupiscendum
854 1769 987 1815 eam,
1011 1752 1128 1821 jam
1156 1750 1439 1804 moechatus
1465 1758 1539 1803 est
1562 1765 1680 1802 eam
1712 1748 1766 1800 in
1792 1745 1948 1799 corde
2048 1760 2219 1805 manet
2246 1754 2301 1805 in
2324 1752 2478 1806 domo
2520 1754 2576 1807 in
2605 1762 2854 1807 attentum
2887 1752 3068 1821 (Joan.
3091 1754 3231 1828 vni).
3263 1755 3545 1823 Similiter,
3572 1766 3632 1814 et

357 1863 456 1901 suo
492 1844 716 1917 (Matth.
743 1844 818 1915 v).
851 1843 927 1897 De
958 1842 1147 1896 amicis
1177 1840 1355 1896 saeculi
1403 1840 1561 1911 hujus
1594 1845 1648 1893 et
1683 1839 1749 1893 de
1793 1850 1944 1890 ama-
1968 1843 2017 1901 B
2046 1842 2135 1910 qui
2169 1841 2305 1896 tollit
2330 1843 2572 1897 membra
2597 1842 2827 1910 Christi,
2853 1854 2908 1898 et
2935 1844 3068 1899 facit
3095 1862 3161 1901 ea
3189 1847 3433 1902 membra
3458 1847 3630 1904 forni-

357 1937 565 1993 toribus
599 1933 979 2004 temporalium
1018 1947 1199 1986 rerum
1222 1928 1464 1984 'Jacobus
1506 1927 1778 1999 apostolus
1820 1926 1933 1979 ait:

357 2023 616 2088 Adulteri,
654 2022 862 2077 nescitis
885 2022 1010 2091 quia
1044 2020 1283 2073 amicitia
1311 2017 1469 2088 hujus
1498 2015 1679 2069 mundi
1715 2014 1941 2068 inimici-

357 2117 433 2171 tia
477 2125 553 2170 est
598 2114 707 2168 Deo
750 2112 956 2184 (Jacob.
984 2110 1083 2183 tv).
1113 2108 1399 2164 Adulteros
1435 2116 1586 2163 recte
1630 2112 1937 2175 nuncupat,

358 2223 516 2278 quos,
542 2207 801 2262 derelicto
830 2218 1015 2258 amore
1045 2202 1324 2272 sapientiae
1350 2198 1607 2265 caelestis,
1638 2199 1705 2252 ad
1736 2196 1941 2267 ample—

355 2311 485 2349 xum
518 2295 699 2364 potius
728 2292 981 2347 amicitiae
1013 2290 1283 2344 mundalis
1319 2303 1438 2343 esse
1483 2286 1717 2342 ddlexos
1762 2286 1940 2341 incre-

355 2393 478 2456 pat,
515 2398 652 2452 quos
702 2381 995 2436 Conditore
1047 2386 1358 2447 contempto
1400 2390 1723 2431 mammonae
1766 2373 1939 2444 magis

356 2477 561 2532 servire
591 2474 868 2531 cernebat.
897 2470 1145 2526 Ostendit
1172 2469 1336 2524 etiam
1365 2483 1460 2523 cos
1488 2482 1609 2523 esse
1642 2466 1934 2532 adulteros,

357 2567 473 2637 qui,
500 2566 601 2620 sub
643 2563 749 2619 ﬁde
788 2569 843 2617 et
871 2560 1213 2617 confessione
1242 2558 1477 2613 nominis
1501 2557 1729 2622 Christi,
1759 2555 1939 2611 illece-

355 2657 472 2712 bris
496 2664 551 2711 et
582 2653 754 2709 amori
797 2651 1112 2707 deserviunt
1138 2649 1346 2704 mundi.
1372 2649 1469 2703 Est
1502 2648 1677 2702 adhuc
1706 2655 1761 2701 et
1794 2647 1937 2701 aliud

356 2744 606 2800 adulterii
634 2757 825 2813 genus,
852 2741 917 2796 de
959 2754 1067 2810 quo
1094 2754 1154 2794 se
1184 2745 1349 2809 negat
1375 2752 1494 2792 esse
1536 2736 1822 2806 Apostolus
1857 2736 1939 2791 di-

355 2848 522 2890 cens:
558 2832 682 2886 Non
708 2832 847 2885 enim
888 2845 1089 2894 sumus,
1126 2828 1263 2882 sicut
1305 2826 1543 2897 plurimi,
1583 2824 1939 2880 adulterantes

274 2943 279 2948 ·
354 2923 569 2978 uerbum
597 2921 725 2986 Dei,
758 2919 848 2974 sed
883 2934 947 2972 ea:
973 2917 1290 2981 sinceritate,
1326 2914 1461 2969 sicut
1500 2929 1566 2967 ex
1615 2912 1725 2966 Deo
1759 2928 1935 2966 coram

356 3012 486 3078 Deo,
517 3013 574 3066 in
598 3009 805 3066 Christo
833 3008 1095 3079 loquimur
1134 3004 1218 3079 (II
1242 3003 1367 3060 Cor.
1389 3004 1472 3076 ιι).
1498 3004 1576 3058 Ex
1606 3003 1770 3059 corde
1792 3003 1937 3057 enim

353 3108 590 3177 primum
613 3103 904 3161 auferenda
930 3110 1058 3157 sunt
1081 3100 1369 3162 adulteria,
1391 3106 1452 3152 ut
1480 3114 1588 3153 non
1618 3096 1937 3167 pertrahant

2046 1932 2277 1987 cationis
2312 1941 2369 1988 et
2392 1933 2718 2000 meretricis,
2746 1933 2949 1989 furtum
2974 1933 3124 2000 facit,
3153 1945 3211 1992 et
3239 1953 3428 1993 servus
3450 1938 3629 1995 factus

2041 2022 2247 2090 peccati
2283 2038 2391 2078 non
2436 2030 2618 2079 manet
2646 2024 2700 2078 in
2726 2025 2886 2079 domo
2914 2026 2969 2080 in
3013 2034 3297 2093 mternum,
3342 2029 3397 2083 id
3441 2043 3525 2085 es:
3569 2031 3630 2085 in

2041 2112 2199 2167 caelo.
2228 2112 2304 2167 De
2332 2128 2437 2183 qua
2467 2113 2727 2169 Dominus
2754 2115 2966 2170 dicebat
2991 2134 3004 2170 :
3030 2116 3098 2171 In
3130 2117 3285 2172 domo
3318 2118 3494 2174 Patris
3522 2120 3632 2175 mei

2041 2200 2220 2255 multte
2246 2212 2369 2256 sunt
2412 2204 2709 2258 mansiones
2759 2203 2939 2276 (Joan.
2964 2204 3099 2277 xxv).
3130 2205 3266 2263 Nam
3306 2216 3362 2262 et
3402 2207 3493 2262 ille
3529 2208 3629 2279 qui

2043 2305 2148 2344 non
2178 2291 2344 2345 intrat
2370 2306 2467 2361 per
2486 2293 2686 2347 ostium
2711 2294 2804 2348 sed
2832 2294 3047 2350 aliunde
3068 2297 3333 2363 ascendit,
3360 2296 3446 2351 fur
3467 2293 3553 2352 es't
3571 2306 3633 2354 et

2041 2379 2199 2435 latro.
2222 2381 2289 2435 Et
2308 2382 2431 2436 ideo
2451 2383 2576 2452 quia
2597 2399 2701 2439 non
2725 2400 2833 2440 uno
2852 2384 3011 2439 modo
3033 2385 3188 2452 ﬁunt,
3211 2402 3317 2441 non
3340 2387 3631 2443 uniformi-

2042 2480 2125 2526 tcr
2154 2473 2249 2528 sed
2274 2474 2458 2529 multis
2487 2476 2660 2530 modis
2682 2475 3027 2545 intelligenda
3052 2486 3179 2532 sunt
3211 2476 3355 2532 furta
3382 2495 3395 2531 :
3425 2478 3627 2533 harum

2038 2562 2280 2618 omnium
2307 2579 2404 2618 nos
2432 2579 2625 2620 cavere
2649 2565 2905 2620 debemus
2931 2565 3161 2635 culpam.

2107 2653 2160 2707 6.
2197 2652 2322 2707 Non
2366 2657 2725 2740 concupiscere
2760 2655 2955 2726 (Exod.
2985 2672 3087 2722 xx,
3117 2655 3276 2709 Deut.
3304 2655 3381 2727 v).
3410 2655 3526 2712 Non
3555 2657 3623 2712 de

2039 2743 2129 2797 illa
2157 2743 2591 2812 concupiscentia
2630 2744 2761 2799 dicit
2805 2746 2873 2799 de
2908 2760 3015 2815 qua
3056 2744 3229 2799 David
3271 2745 3501 2800 canebat
3538 2745 3625 2800 di-

2037 2847 2205 2890 cens:
2235 2831 2540 2905 Concupivit
2579 2844 2628 2889 et
2662 2835 2852 2904 defecit
2885 2835 3063 2889 anima
3091 2851 3207 2890 mea
3234 2835 3289 2891 in
3333 2837 3472 2889 atria
3508 2834 3625 2889 Do-

2048 2919 2182 2972 mini
2215 2918 2394 2986 (Psal.
2429 2922 2677 2984 nsum).
2716 2921 2821 2978 Et:
2856 2922 3357 2993 Concupivitanima
3379 2946 3496 2984 mea
3526 2933 3619 2984 de-

2043 3010 2285 3064 siderare
2299 3012 2713 3081 justi/irationem
2737 3026 2862 3071 tuas
2919 3018 2974 3072 in
3004 3020 3150 3073 omni
3178 3030 3411 3087 tempore
3433 3023 3613 3091 (Psal.

2045 3101 2255 3169 cum).
2288 3101 2353 3156 Et
2392 3105 2458 3158 de
2485 3121 2591 3173 qua
2618 3106 2745 3161 alibi
2776 3107 3041 3177 scriptum
3071 3118 3197 3165 est:
3228 3110 3619 3182 Concupisceu-

358 3196 428 3251 ad
457 3195 637 3251 carnis
673 3193 1032 3264 perpetranda
1065 3204 1249 3259 opera.
1281 3188 1417 3255 Quia
1447 3194 1736 3256 antequam
1768 3184 1934 3276 perli-
1963 3183 2008 3245 C
2037 3193 2112 3247 tia
2171 3194 2350 3263 itaque
2405 3197 2692 3265 Sapientia!
2758 3199 2967 3254 deducit
3029 3201 3100 3253 ad
3149 3219 3367 3274 regnum
3427 3223 3618 3276 perpe-

356 3286 534 3340 ciatur
577 3283 901 3339 adulterium
933 3282 989 3335 in
1027 3294 1209 3349 opere,
1235 3278 1350 3348 jam
1386 3277 1709 3333 adulterium
1750 3283 1835 3330 est
1881 3275 1935 3328 in

357 3374 706 3445 cogitatione.
746 3372 893 3426 Elias
933 3378 1113 3425 autem
1141 3376 1198 3424 et
1240 3364 1479 3423 Joannes
1508 3366 1660 3422 zonis
1695 3363 1938 3436 pelliceis

358 3462 713 3534 cingebantur
734 3462 881 3517 circa
906 3460 1148 3526 lumbos;
1180 3459 1232 3514 in
1253 3456 1573 3529 Apocalypsi
1598 3464 1774 3511 autem
1801 3468 1937 3509 zona

357 3569 523 3609 aurea
552 3555 697 3609 circa
731 3560 941 3624 pectus.
977 3551 1089 3607 Has
1117 3550 1254 3606 duas
1288 3566 1453 3606 zonas
1480 3549 1595 3603 vult
1633 3546 1837 3618 Regula
1877 3555 1940 3600 ut

358 3646 560 3701 habeat
580 3647 901 3710 monachus,
931 3652 988 3699 et
1014 3642 1132 3713 ejus
1159 3658 1375 3712 semper
1402 3656 1538 3695 zona
1570 3638 1794 3709 pcllicea
1823 3636 1940 3691 cin-

359 3744 452 3807 gat
476 3736 713 3800 lumbos,
747 3744 803 3790 et
836 3750 1004 3790 aurea
1033 3743 1243 3805 pectus.
1268 3734 1345 3787 De
1370 3746 1478 3786 una
1506 3731 1651 3785 enim
1674 3728 1937 3783 Dominus

360 3828 472 3883 ait:
506 3825 625 3881 Sint
665 3824 827 3879 lumbi
869 3825 1026 3879 vestri
1068 3822 1334 3894 praecincti
1383 3819 1534 3893 (Luc.
1560 3817 1681 3889 xu).
1710 3818 1788 3872 De
1833 3817 1937 3870 alia

356 3917 623 3989 propheta
672 3930 772 3971 nos
823 3915 1077 3971 admonet
1137 3913 1326 3968 dicens
1369 3927 1383 3965 :
1422 3908 1687 3979 Accingite
1735 3905 1939 3961 lumbos

359 4016 555 4063 vestros
577 4023 732 4078 super
750 4007 910 4061 ubera
935 4014 1102 4060 vestra
1123 4002 1259 4076 (Isa.
1283 4000 1478 4072 XXXII).
1508 3999 1644 4054 Hinc
1664 4006 1721 4053 et
1745 3997 1938 4052 Petrus

360 4097 439 4152 ait
471 4114 485 4151 :
534 4095 759 4168 Propter
792 4094 931 4167 quod
966 4091 1216 4149 succincti
1253 4090 1452 4145 lumbos
1500 4089 1687 4143 mentis
1720 4096 1937 4151 vestrae;

361 4194 417 4242 et
443 4185 649 4255 reliqua
671 4183 723 4257 (Ι
746 4182 864 4239 Pet.
887 4182 949 4256 ι).
972 4182 1217 4238 Amauda
1242 4188 1326 4236 est
1351 4194 1481 4251 ergo
1509 4178 1745 4234 maxime
1771 4193 1802 4232 a
1825 4191 1941 4231 mo-

363 4281 554 4336 nachis
580 4278 925 4351 pulchritudo
955 4274 1239 4338 castitatis,
1267 4288 1387 4343 qure
1410 4287 1560 4327 zonae
1590 4285 1770 4327 aureae
1797 4284 1942 4325 com-

363 4379 607 4441 paratur.
631 4367 796 4438 Cujus
823 4368 1102 4437 degustata
1124 4363 1410 4419 delectatio
1436 4360 1643 4416 dulcior
1671 4359 1941 4414 invenitur

364 4475 527 4531 quam
550 4458 728 4513 omnis
752 4456 1040 4511 delectatio
1065 4454 1269 4509 carnis.
1301 4452 1537 4508 Castitas
1560 4450 1705 4505 enim
1733 4449 1941 4504 fructus

363 4527 647 4606 suavitatis
687 4555 803 4614 est,
844 4553 900 4601 et
926 4543 1268 4616 pulchritudo
1299 4541 1574 4597 immolata
1603 4547 1937 4603 sanctorum,
1965 4527 2018 4585 D

362 4640 627 4697 securitas
655 4636 852 4692 mentis
877 4643 931 4689 et
957 4634 1161 4690 sanitas
1184 4631 1446 4702 corporis.
1470 4629 1573 4684 Per
1598 4629 1741 4683 hanc
1768 4625 1943 4681 homi-

364 4748 462 4788 nes
488 4733 735 4786 levantur
758 4728 826 4783 ad
856 4727 1054 4783 cmlum
1073 4734 1128 4780 et
1153 4725 1319 4779 choro
1342 4724 1617 4778 sociantur
1643 4719 1903 4790 angelico.

435 4842 490 4897 5.
526 4841 649 4895 Non
699 4839 870 4909 facere
902 4837 1120 4907 furtum.
1152 4835 1219 4889 Et
1248 4835 1303 4889 in
1348 4833 1467 4905 lege
1517 4832 1777 4901 scriptum
1818 4836 1938 4885 est:

370 4933 493 4989 Non
516 4933 713 5002 furtum
738 4932 899 4999 facies
925 4929 1120 4999 (Exod.
1146 4926 1260 4999 xx).
1289 4926 1356 4980 Et
1381 4922 1667 4994 Apostolus
1693 4922 1807 4976 ait:
1839 4920 1943 4986 Qui

368 5024 665 5095 iurabatur,
688 5022 807 5091 jam
840 5038 946 5075 non
973 5020 1179 5089 {aretur
1201 5015 1531 5089 (Ephes.1v).
1557 5015 1625 5069 Et
1649 5013 1774 5069 alibi
1799 5013 1943 5068 inter

368 5122 566 5170 caetera
592 5130 604 5164 :
637 5110 819 5182 Neque
845 5110 987 5180 fures
1016 5124 1232 5179 regnum
1263 5107 1356 5161 Dei
1382 5104 1714 5177 possidebunt
1742 5102 1794 5175 (I
1815 5100 1939 5157 Cor.

367 5204 479 5274 vt).
511 5202 616 5270 Qui
663 5215 794 5271 ergo
840 5214 1063 5269 regnum
1108 5200 1203 5254 Dei
1238 5197 1350 5252 vult
1397 5195 1698 5265 possidere,
1736 5208 1767 5246 a
1813 5191 1942 5247 furti

367 5297 513 5352 malo
541 5309 601 5351 se
642 5294 801 5350 debet
822 5291 1134 5347 omnimode
1169 5291 1462 5355 custodire,
1504 5302 1594 5353 ne,
1632 5288 1760 5347 dum
1796 5287 1945 5355 cupit

367 5401 560 5458 rapere
583 5384 780 5448 aliena,
810 5390 867 5436 et
893 5380 1165 5452 propriam
1196 5380 1431 5434 animam
1462 5379 1681 5449 perdat,
1707 5386 1764 5432 et
1789 5377 1947 5431 amit-

366 5487 448 5534 tat
475 5475 719 5535 caelestia
749 5487 934 5545 regna.
961 5471 1080 5527 Non
1110 5472 1401 5536 modicum,
1440 5469 1535 5525 sed
1568 5469 1770 5540 grande
1795 5483 1944 5523 com-

370 5571 537 5624 mittit
561 5567 781 5631 malum,
806 5561 1083 5635 qui'fratri
1106 5575 1387 5617 nummum
1412 5569 1466 5615 et
1491 5562 1592 5616 sibi
1620 5560 1759 5616 tollit
1780 5561 1945 5630 regna

372 5658 654 5713 (telorum.
677 5653 983 5725 Intelligere
1015 5666 1248 5721 namque
1292 5649 1455 5706 debet
1496 5649 1790 5705 monachus
1818 5647 1946 5718 quia

374 5759 481 5800 non
524 5760 738 5816 semper
784 5742 1127 5800 uniformiter
1168 5740 1526 5798 committitur
1568 5739 1790 5793 furtum.
1844 5737 1945 5805 Qui

2036 3293 2187 3337 tuum
2215 3285 2375 3354 (δίη).
2413 3290 2530 3356 vn);
2570 3284 2686 3342 haec
2733 3289 2880 3344 enim
2907 3290 2961 3344 in
3022 3290 3228 3348 virtute
3249 3301 3353 3361 est,
3383 3297 3480 3350 sed
3542 3298 3614 3353 de

2026 3376 2131 3451 illa
2163 3390 2286 3446 quae
2319 3378 2374 3432 in
2407 3380 2543 3434 vitio
2578 3390 2681 3446 est,
2729 3383 2794 3438 de
2829 3398 2937 3453 qua
2989 3382 3259 3441 Dominus
3304 3390 3426 3445 ait:
3484 3387 3612 3444 Non

2035 3470 2366 3540 concupisces
2396 3489 2502 3528 rem
2524 3475 2755 3539 proximi
2779 3478 2857 3531 tui
2889 3478 3089 3546 (Exod.
3116 3482 3227 3533 xx).
3252 3480 3407 3533 l'nde
3439 3493 3496 3533 et
3519 3481 3617 3535 Ja-

2036 3563 2204 3617 cobus
2232 3561 2308 3616 ait
2335 3580 2349 3616 :
2382 3560 2768 3634 Unusquisque,
2798 3562 3002 3632 inquit,
3042 3570 3277 3616 tentatur
3312 3578 3346 3615 a
3373 3561 3625 3632 concupio

2036 3653 2234 3707 scentia
2259 3670 2357 3706 sua
2386 3653 2678 3707 abstractus
2722 3661 2772 3706 et
2806 3650 3009 3707 illectus
3043 3650 3253 3725 (Iacob.
3284 3649 3346 3722 t).
3384 3650 3455 3705 Et
3491 3664 3624 3705 con-

2037 3743 2368 3814 cupiscentia
2411 3758 2536 3799 cum
2580 3743 2892 3812 conceperit
2913 3744 3060 3813 parit
3091 3750 3395 3813 peccatum.
3423 3740 3624 3797 Petrus

2036 3849 2253 3904 quoque
2280 3833 2356 3889 ait
2381 3853 2393 3887 :
2431 3832 2712 3905 Fugientes
2739 3834 2878 3904 ejus,
2915 3849 3031 3905 qua:
3056 3834 3111 3887 in
3145 3832 3340 3887 mundo
3370 3840 3470 3896 est,
3496 3847 3625 3886 con-

2037 3927 2366 3997 cupiscentia:
2419 3927 2801 3997 corruptionem
2851 3924 2936 3998 (11
2962 3923 3079 3980 Pet.
3117 3925 3191 3989 ι),
3229 3923 3387 3993 juxta
3434 3922 3567 3977 illud
3603 3937 3621 3976 :

2039 4018 2206 4084 Quasi
2235 4038 2265 4073 a
2301 4018 2437 4088 facie
2464 4017 2686 4083 colubri,
2714 4018 2789 4072 sic
2814 4018 2937 4089 fuge
2961 4026 3228 4089 peccatum
3269 4014 3461 4087 (Eccli.
3484 4012 3625 4086 nt).

2038 4108 2105 4164 Et
2131 4109 2330 4165 Paulus
2362 4109 2635 4179 apostolus
2656 4109 2771 4163 ait:
2804 4108 2928 4163 Non
2957 4116 3131 4177 regnet
3160 4117 3429 4176 peccatum
3453 4107 3625 4159 inve-

2038 4210 2146 4254 stro
2174 4200 2387 4254 mortali
2415 4216 2650 4271 corpore,
2678 4207 2735 4252 ut
2765 4197 3017 4253 obediatis
3046 4192 3479 4265 concupiscentiis
3503 4195 3624 4264 ejus

2040 4289 2228 4362 (Rom.
2260 4291 2370 4363 vi).
2405 4290 2543 4345 Hinc
2583 4290 2744 4345 datur
2785 4287 3009 4358 intelligi
3053 4287 3179 4357 quia
3226 4300 3325 4354 per
3367 4284 3630 4354 concupi-

2040 4382 2300 4437 scentiam
2327 4380 2574 4436 mortalis
2598 4379 2840 4449 corporis
2863 4378 3096 4433 maxime
3120 4383 3403 4446 peccatum
3432 4381 3630 4445 regnat

2043 4474 2095 4528 in
2127 4472 2362 4528 homine.
2408 4469 2643 4526 Joannes
2684 4483 2898 4540 quoque
2937 4468 3015 4522 ait
3046 4485 3059 4521 :
3096 4465 3264 4520 Omne
3301 4464 3441 4533 quod
3467 4473 3542 4519 est
3569 4464 3627 4519 in

2043 4561 2237 4616 mundo
2287 4561 2699 4632 concupiscentia
2747 4559 2925 4614 carnis
2963 4567 3067 4623 est,
3110 4566 3159 4611 et
3208 4554 3629 4626 concupiscentia

2043 4650 2347 4715 oculorum,
2378 4660 2425 4705 et
2473 4650 2714 4721 superbia
2743 4651 2864 4705 vitae
2894 4647 2946 4721 (I
2970 4648 3132 4704 Joan.
3159 4645 3242 4718 ιι).
3288 4644 3387 4700 His
3426 4645 3631 4715 quippe

2043 4739 2298 4794 vitiorum
2326 4739 2599 4795 vocabulis
2625 4740 2806 4795 omnia
2852 4739 3107 4794 vitiorum
3137 4751 3336 4806 genera
3379 4749 3631 4804 compre-

2045 4830 2251 4886 hendit.
2298 4831 2748 4901 Concupisceutia
2798 4843 3032 4898 namque
3084 4826 3265 4882 carnis
3316 4832 3401 4880 est
3464 4837 3630 4879 omne

2045 4921 2187 4992 quod
2214 4921 2279 4975 ad
2308 4920 2638 4991 voluptatem
2664 4928 2721 4975 et
2755 4919 2974 4975 delicias
3004 4916 3249 4986 corporis
3274 4914 3541 4984 pertinet,
3573 4911 3631 4966 in

2048 5010 2244 5081 quibus
2268 5017 2395 5066 sunt
2441 5009 2679 5064 maxime
2721 5008 2898 5073 cibus,
2928 5014 3105 5076 potus,
3146 5002 3485 5064 concubitus,
3516 5006 3628 5054 etc.

2048 5103 2494 5172 Concupisceutia
2532 5118 2660 5158 vero
2694 5084 2979 5158 oculorum
3005 5106 3090 5153 est
3127 5097 3308 5152 omnis
3342 5093 3633 5150 curiositas

2048 5192 2228 5247 saeculi
2282 5192 2337 5246 in
2373 5191 2720 5262 acquirendis
2754 5191 2915 5246 rebus
2955 5185 3344 5258 temporalibus
3382 5191 3441 5238 et
3482 5181 3633 5236 curis

2048 5285 2413 5355 supervacuis,
2442 5285 2497 5340 in
2533 5282 2913 5355 dignoscendis
2938 5280 3097 5336 bonis
3120 5285 3176 5333 et
3209 5276 3390 5340 malis,
3421 5281 3480 5328 et
3504 5287 3633 5344 pro-

2047 5376 2315 5430 ximorum
2346 5374 2632 5445 carpendis
2658 5372 2823 5428 vitiis.
2854 5370 2970 5426 Hoc
3000 5369 3147 5425 enim
3174 5362 3631 5435 concupiscentia

2046 5467 2237 5522 vitium
2288 5466 2517 5522 multum
2564 5476 2649 5523 est
2696 5465 2995 5521 cavendum
3039 5477 3070 5516 a
3107 5460 3409 5516 monachis.
3452 5455 3635 5511 Facile

2048 5557 2192 5612 enim
2220 5558 2453 5628 subripit
2474 5566 2730 5623 mentem,
2759 5566 2809 5612 et
2839 5552 3170 5610 infundendo
3196 5550 3345 5604 virus
3381 5548 3492 5603 cito
3518 5545 3635 5599 ani-

2048 5662 2192 5703 mam
2218 5648 2415 5719 mergit
2436 5648 2492 5702 in
2523 5655 2775 5703 mortem.
2798 5646 3094 5715 Propterea
3117 5643 3262 5697 inter
3285 5639 3472 5694 decem
3501 5635 3636 5706 legis

2048 5749 2338 5812 praecepta,
2374 5740 2517 5797 sicut
2548 5737 2921 5807 homicidium,
2965 5733 3169 5793 furtum
3195 5739 3251 5788 et
3281 5728 3636 5789 adulterium.
