3960 6206
414 341 517 397 753

1451 339 1802 396 COMMENT.
1843 340 1911 395 IN
1946 339 2106 397 REG.
2150 340 2208 396 S.
2245 341 2622 399 BENEDICTI.

3565 348 3666 404 75!

412 453 484 507 ita
528 449 982 519 concupiscentia:
1027 448 1228 505 malum
1286 451 1605 521 prohibetur
1646 467 1678 505 a
1724 451 1983 517 Domino;
2014 457 2065 515 Α
2091 452 2307 524 (Matth.
2331 454 2448 526 vn).
2481 454 2605 511 Hmc
2633 457 2898 511 sententia
2928 473 3052 512 ιδιιι
3084 459 3316 515 refertur
3338 463 3404 517 ad
3429 464 3669 520 dilectio-

408 543 536 613 quia
568 543 710 597 sicut
739 541 825 595 illa
866 542 1089 595 trahunt
1111 544 1177 596 ad
1204 557 1441 612 poenam,
1469 544 1543 597 ita
1572 543 1903 599 abstractum
1933 552 1988 599 et

411 633 649 687 illectum
695 631 969 685 hominem
1012 631 1448 701 concupiscentia
1477 631 1673 687 inferni
1704 635 1898 704 mergit
1932 635 1986 689 in

410 720 643 775 foveam.

481 813 534 863 7.
584 809 708 863 Non
759 809 954 879 falsum
1005 811 1355 865 testimonium
1404 813 1575 867 dicere
1628 811 1835 885 (Exod.
1882 830 1982 880 xx;

411 900 567 954 Deut.
593 898 670 972 v).
702 900 918 955 Falsum
948 902 1316 955 testimonium
1344 903 1562 969 dicitur,
1590 918 1699 973 quo
1724 919 1866 974 saepe
1895 920 1987 959 ve-

410 994 543 1047 ritas
570 992 835 1057 illuditur,
859 999 918 1045 ut
942 1006 1061 1061 qua:
1089 991 1228 1047 facta
1260 992 1345 1046 vel
1372 993 1515 1047 dicta
1545 1002 1672 1048 sunt
1698 996 1850 1063 quasi
1879 1010 1984 1049 non

362 1070 365 1071 ⁷
410 1082 551 1136 facta
593 1090 874 1152 negentur.
902 1083 998 1137 Est
1036 1092 1091 1137 et
1137 1083 1280 1137 aliud
1323 1086 1587 1139 mendacii
1632 1101 1802 1155 genus
1842 1088 1987 1156 quod

410 1174 565 1228 valde
591 1175 910 1228 monachum
945 1174 1074 1229 facit
1103 1189 1276 1230 reum.
1308 1174 1496 1231 Omnis
1523 1177 1668 1231 enim
1696 1179 1986 1247 promissio

407 1272 782 1345 qu:e_tantum
829 1266 1008 1320 verbis
1048 1266 1325 1334 profertur
1362 1275 1417 1321 et
1455 1268 1708 1337 operibus
1738 1285 1845 1323 non
1890 1271 1987 1325 im-

406 1356 603 1426 pletur,
633 1357 752 1410 sine
776 1356 940 1410 dubio
966 1355 1158 1411 falsum
1186 1372 1306 1412 esse
1349 1358 1711 1412 testimonium
1740 1374 1987 1429 compro-

404 1445 587 1499 batur.
636 1445 772 1501 Hinc
816 1461 1049 1514 namque
1084 1445 1337 1502 Salomon
1374 1448 1498 1502 ait:
1546 1447 1708 1502 Testis
1760 1450 1987 1504 mendax

404 1536 614 1605 peribit,
640 1538 722 1590 vir
744 1546 921 1590 autem
966 1536 1208 1591 obediens
1246 1536 1478 1609 loquitur
1525 1541 1767 1594 victorias
1798 1539 1980 1612 (Prov.

404 1627 557 1699 xxi);
587 1628 712 1697 quia
738 1628 831 1697 qui
856 1643 914 1683 se
956 1630 1066 1684 Deo
1093 1630 1301 1684 servire
1330 1636 1581 1695 testatur,
1612 1646 1710 1686 nec
1736 1631 1879 1686 dicta
1904 1629 1985 1684 fa-

403 1720 512 1774 ctis
554 1722 893 1790 exsequitur,
923 1720 978 1774 in
1010 1730 1273 1776 teternum
1315 1722 1535 1791 peribit.
1568 1723 1670 1789 Qui
1712 1731 1893 1777 autem
1926 1732 1984 1778 ut

2092 558 2214 599 nem
2245 546 2361 603 Dei.
2386 548 2567 600 omnia
2589 545 2788 617 flagitia
2812 549 3149 615 moriuntur;
3176 565 3299 605 eum
3324 553 3390 607 ad
3408 556 3664 622 proximi.

2090 636 2270 688 omnia
2302 636 2560 692 facinora.
2592 636 2694 703 Qui
2722 639 2866 692 enim
2897 640 3040 707 quod
3078 640 3181 694 sibi
3210 656 3315 696 non
3347 643 3479 707 vult,
3510 646 3666 701 alteri

2091 741 2197 780 non
2232 726 2383 790 facit,
2408 728 2565 782 fratri
2596 730 2796 783 malum
2821 745 2927 784 non
2958 732 3173 800 ingerit,
3209 749 3308 788 nec
3336 735 3533 790 malum
3565 753 3667 806 pro

2090 813 2232 867 malo
2262 815 2466 879 reddit,
2496 816 2839 872 maledictum
2865 834 2963 887 pro
2992 819 3275 876 maledicto
3302 839 3405 877 non
3436 826 3662 893 profert,

2088 902 2296 958 occulte
2321 905 2568 973 proximo
2608 921 2715 960 non
2760 908 3028 971 detrahit,
3072 926 3171 965 nec
3199 910 3315 979 ejus
3339 914 3497 970 bonis
3536 932 3666 987 ope-

2089 994 2238 1050 ribus
2274 997 2496 1062 invidet,
2524 1006 2578 1052 et
2606 999 2870 1064 omnium,
2899 1000 2973 1054 ita
3011 1009 3068 1055 ut
3106 1003 3304 1070 dicam,
3331 1020 3360 1058 a
3387 1021 3444 1060 se
3472 1024 3666 1077 pecea-

2089 1094 2265 1142 torum
2300 1088 2503 1144 aditum
2538 1089 2758 1156 claudit,
2786 1101 2839 1144 et
2877 1092 3161 1147 charitatis
3194 1101 3248 1149 et
3283 1097 3525 1151 omnium
3567 1098 3661 1152 bo-

2088 1194 2281 1232 narum
2328 1180 2590 1234 virtutum
2629 1180 2849 1248 januam
2895 1181 3168 1251 patefacit.
3214 1184 3347 1239 Nam
3394 1187 3519 1241 dum
3571 1188 3664 1242 alit

2087 1269 2288 1322 malum
2336 1285 2437 1325 nec
2479 1270 2594 1325 vult
2641 1287 2740 1326 nec
2766 1281 3045 1342 operatur,
3078 1275 3276 1329 bonum
3316 1278 3433 1331 sine
3475 1278 3659 1342 dubio,

2086 1368 2346 1427 quantum
2374 1361 2516 1416 vires
2561 1370 2882 1431 suppetunt,
2919 1365 3167 1433 proximo
3209 1375 3264 1420 et
3294 1368 3407 1420 vult
3434 1383 3489 1422 et
3534 1384 3665 1438 ope-

2087 1457 2258 1503 ratur.
2294 1450 2420 1505 Haec
2466 1460 2644 1506 autem
2675 1454 2942 1507 sententia
2980 1463 3037 1508 et
3069 1469 3135 1509 eo
3164 1456 3344 1521 modo,
3385 1458 3525 1512 sicut
3572 1474 3663 1514 su-

2084 1539 2268 1606 perius
2291 1540 2358 1593 de
2387 1539 2568 1595 futuro
2602 1541 2806 1595 dictum
2852 1549 2955 1607 est,
2988 1543 3332 1614 intelligenda
3360 1554 3461 1600 est.
3494 1547 3663 1602 Nemo

2085 1629 2228 1683 enim
2272 1630 2385 1684 vult
2414 1632 2686 1700 corrumpi
2734 1632 3097 1687 habitaculum
3148 1650 3324 1700 suum,
3368 1650 3468 1690 nec
3505 1636 3666 1692 debet

2086 1718 2173 1773 ille
2203 1735 2551 1791 corrumpere
2584 1720 2951 1776 habitaculum
2997 1722 3125 1789 Dei,
3173 1725 3523 1795 semetipsum
3559 1728 3665 1782 sci-

405 1812 673 1881 promittit
715 1811 943 1866 ﬁdeliter
984 1811 1207 1880 implere
1236 1812 1529 1877 contendit,
1574 1812 1731 1882 hujus
1770 1813 1979 1882 loquela
2009 1813 2055 1872 Β
2083 1814 2225 1869 licet.
2258 1814 2427 1868 Nemo
2468 1814 2612 1869 enim
2655 1815 2770 1869 vult
2799 1822 2858 1868 ut
2902 1815 3097 1885 aliquis
3139 1830 3356 1871 servum
3401 1817 3520 1885 ejus
3560 1817 3661 1872 tol-

405 1903 475 1954 ad
520 1901 801 1955 victoriam
848 1901 1122 1970 pervenit,
1165 1901 1293 1970 quia
1339 1902 1464 1956 dum
1495 1916 1595 1970 per
1618 1902 1980 1958 obedientiam

401 1989 673 2046 desideria
710 2007 809 2046 sua
852 1992 1068 2047 vincere
1110 1991 1326 2061 satagit,
1358 2004 1456 2060 per
1476 1991 1748 2061 justitiam
1780 1990 1981 2060 iudicis

401 2078 746 2148 postmodum
781 2080 1021 2135 victoria:
1053 2079 1290 2149 palmam
1333 2080 1579 2151 percipit.
1624 2079 1761 2135 Nam
1789 2089 1845 2136 et
1891 2081 1980 2136 ille

404 2166 573 2222 falsus
598 2182 721 2222 esse
770 2170 925 2223 testis
972 2169 1253 2239 probatur,
1289 2170 1382 2239 qui
1429 2185 1534 2224 non
1579 2171 1770 2227 eodem
1819 2187 1979 2229 sensu

401 2256 547 2311 dicta
580 2256 833 2326 intelligit
872 2271 980 2327 quo
1009 2257 1282 2311 dicuntur.
1310 2257 1387 2311 De
1412 2257 1609 2313 talibus
1638 2260 1785 2314 enim
1823 2268 1981 2315 erant

402 2346 480 2400 illi
511 2350 578 2403 de
623 2348 819 2417 quibus
865 2348 1217 2419 Evangelium
1243 2348 1420 2404 dicit:
1464 2348 1757 2404 Nouissime
1804 2361 1979 2406 autem

402 2453 651 2507 uenerunt
688 2444 792 2497 duo
839 2442 964 2513 falsi
992 2452 1166 2509 testes,
1193 2452 1300 2497 etc.
1351 2442 1566 2515 (Matth.
1592 2441 1762 2515 xxvi).
1791 2442 1897 2499 Sed
1924 2453 1980 2499 et

402 2534 533 2589 illud
561 2533 813 2589 falsitatis
841 2549 1029 2605 genus,
1055 2535 1122 2589 de
1145 2550 1255 2605 quo
1278 2534 1563 2589 Psalmista
1587 2535 1663 2589 ait
1687 2550 1701 2589 :
1731 2535 1808 2589 Ab
1834 2546 1979 2591 utero

400 2636 724 2691 erraverunt,
749 2636 796 2680 et
839 2644 872 2680 a
900 2635 1071 2681 uentre
1098 2626 1258 2680 locuti
1285 2635 1406 2681 sunt
1442 2627 1580 2695 falsa
1607 2626 1779 2698 (Psal.
1808 2627 1973 2699 Lvu);

402 2716 474 2771 ab
503 2716 609 2771 illis
650 2731 990 2787 summopere
1035 2715 1330 2770 cavendum
1366 2724 1453 2770 est
1478 2717 1757 2771 monachis
1782 2717 1874 2786 qui
1909 2716 1978 2771 ad

398 2820 637 2874 superna
672 2807 942 2861 immunes
977 2806 1202 2875 cupiunt
1227 2805 1491 2860 scandere
1526 2820 1714 2876 regna,
1743 2806 1889 2875 quia,
1919 2812 1978 2860 ut

401 2896 658 2951 Salomon
685 2898 777 2961 ait,
818 2898 961 2951 testis
990 2895 1157 2965 falsus
1186 2912 1290 2950 non
1331 2897 1429 2950 erit
1473 2897 1760 2965 impunitus
1789 2895 1973 2968 (Prov.

401 2989 549 3062 xix).
581 2990 759 3045 Testis
786 2998 966 3045 autem
1016 2989 1290 3045 falsidicus
1319 2990 1491 3044 tribus
1537 2988 1813 3043 invenitur
1849 3004 1974 3059 per-

400 3086 551 3141 sonis
582 3086 880 3141 obnoxius:
914 3085 1148 3154 primum
1191 3085 1321 3149 Deo,
1349 3097 1508 3152 quem
1555 3081 1819 3147 falsando,
1853 3097 1976 3150 per-

2084 1903 2179 1968 lat,
2207 1911 2262 1958 et
2290 1904 2475 1970 alteri,
2513 1905 2667 1975 cujus
2714 1920 2821 1960 non
2852 1903 3012 1961 debet
3056 1920 3195 1971 esse,
3242 1907 3443 1960 tradat.
3492 1907 3663 1962 Nemo

2082 1993 2199 2046 vult
2224 2001 2283 2047 ut
2301 1993 2608 2062 jumentum
2631 2010 2787 2048 suum
2818 1994 2959 2048 latro
2986 1995 3169 2065 abigat
3198 2003 3254 2050 et
3273 1996 3510 2066 pr:edoni
3536 2012 3661 2052 eum

2082 2079 2238 2137 ferat.
2269 2081 2438 2138 Nemo
2465 2084 2580 2139 vult
2609 2092 2665 2139 ut
2704 2085 2902 2154 aliquis
2945 2085 3336 2141 habitationem
3378 2089 3495 2158 ejus
3531 2090 3665 2144 diri-

2079 2173 2193 2242 piat
2220 2173 2581 2244 templumqne
2608 2174 2726 2244 ejus
2760 2177 3054 2231 subvertat.
3081 2178 3221 2249 Ergo
3250 2180 3395 2248 quod
3421 2180 3523 2235 sibi
3554 2198 3659 2238 non

2081 2264 2194 2320 vult
2219 2265 2335 2321 fieri
2370 2268 2553 2333 homo,
2579 2284 2685 2323 non
2714 2267 2879 2324 faciat
2903 2270 3034 2336 Deo,
3070 2271 3120 2325 id
3151 2281 3253 2337 est,
3283 2288 3389 2326 non
3419 2274 3567 2328 tollat
3602 2291 3662 2331 se

2079 2357 2219 2412 male
2262 2358 2490 2414 vivendo
2520 2359 2650 2423 Deo,
2698 2367 2755 2415 et
2797 2361 3144 2430 semetipsum
3196 2363 3379 2417 tradat
3423 2364 3660 2431 diabolo,

2080 2445 2175 2500 sed
2201 2446 2256 2500 in
2285 2445 2441 2502 bonis
2471 2449 2724 2517 operibus
2751 2464 3104 2518 perseverans
3127 2464 3251 2504 cum
3280 2450 3448 2506 David
3475 2450 3657 2508 dicat:

2083 2533 2150 2589 Ut
2167 2536 2467 2606 jumentum
2499 2540 2672 2609 factus
2712 2558 2828 2595 sum
2853 2541 2995 2611 apud
3023 2550 3109 2596 te:
3137 2551 3186 2596 et
3224 2559 3314 2613 ego
3353 2561 3557 2615 semper
3580 2556 3661 2599 te—

2080 2641 2197 2678 cum
2229 2624 2401 2697 (Psal.
2433 2629 2626 2701 um).
2669 2624 3067 2686 Habitatidnem
3092 2630 3187 2687 Dei
3218 2633 3273 2687 in
3313 2648 3373 2688 se
3398 2649 3505 2688 non
3532 2636 3661 2689 sub-

2079 2722 2230 2778 ruat,
2266 2718 2525 2787 templum
2570 2720 2879 2785 snhvertat,
2907 2721 3031 2789 quia
3065 2721 3326 2790 scriptum
3355 2731 3476 2777 est:
3509 2722 3552 2777 Τ
3553 2740 3663 2777 ειη-

2078 2801 2222 2871 plum
2261 2803 2361 2859 Dei
2398 2808 2539 2873 estis,
2577 2816 2624 2862 et
2661 2809 2877 2878 spiritus
2929 2808 3145 2863 Domini
3189 2811 3390 2865 habitat
3428 2812 3485 2866 in
3519 2813 3658 2867 vobis

2082 2890 2136 2970 (1
2164 2893 2286 2948 Cor.
2313 2893 2419 2967 ιιι).
2447 2896 2512 2949 Et
2536 2896 2626 2966 qui
2656 2896 2911 2967 templum
2942 2896 3155 2952 Domini
3197 2898 3252 2951 in
3288 2900 3467 2970 seipse
3493 2888 3663 2956 viola-

2076 2988 2239 3052 verit,
2267 2986 2539 3056 disperdet
2563 2986 2713 3041 illum
2743 2987 2902 3041 Deus.
2933 2987 3075 3058 Ergo
3103 2988 3157 3041 in
3189 2990 3479 3060 semetipso
3518 2991 3659 3047 male

2081 3078 2308 3133 vivendo
2338 3078 2657 3143 monachus,
2690 3085 2746 3131 et
2772 3091 2991 3131 servum
3016 3077 3229 3133 Domini
3258 3078 3486 3136 Domino
3526 3083 3657 3137 sub-

394 3176 629 3245 iurando
672 3185 729 3230 et
772 3150 1077 3229 mentiendo
1119 3150 1451 3237 contemnit;
1502 3172 1738 3227 secundo
1775 3170 1973 3239 judici,
2003 3150 2047 3213 (ἶ
2080 3169 2268 3233 trahit,
2294 3178 2350 3224 et
2392 3166 2510 3236 ejus
2550 3168 2856 3237 jumentum
2901 3169 3089 3239 abigit,
3118 3177 3173 3224 et
3203 3169 3437 3241 Spiritus
3485 3174 3658 3228 sancti

398 3283 563 3337 quem
627 3266 959 3329 simulando,
1016 3264 1326 3319 mentiendo
1376 3272 1431 3319 et
1484 3263 1731 3318 falsando
1798 3262 1975 3330 fallit;

402 3367 680 3430 postremo
709 3357 1004 3422 innocenti,
1026 3370 1188 3424 quem
1215 3354 1347 3410 falso
1385 3353 1695 3415 testimonio
1739 3353 1884 3408 laedit
1926 3363 1981 3408 et

401 3449 675 3520 opprimit.
702 3440 835 3501 Nam
881 3447 1021 3502 sicut
1058 3445 1145 3500 ille
1189 3444 1328 3514 apud
1376 3443 1544 3497 Deum
1587 3443 2002 3498 condemnatur

400 3540 494 3608 qui
527 3537 785 3592 adversus
812 3537 1155 3590 innocentem
1182 3533 1378 3587 falsum
1414 3531 1779 3601 testimonium
1822 3529 1975 3595 dicit,

398 3622 472 3684 i'ta
505 3638 562 3685 et
607 3629 692 3684 ille
720 3629 811 3698 qui
841 3626 1143 3683 dicentibus
1172 3625 1331 3681 facile
1373 3625 1548 3679 credit
1575 3632 1630 3677 et
1654 3623 1761 3677 cito
1790 3636 1975 3676 aurem

400 3721 719 3776 criminibus
743 3721 964 3791 praebet.
991 3719 1183 3774 Sermo
1203 3718 1346 3773 enim
1364 3715 1494 3785 justi
1511 3714 1745 3770 hominis
1766 3720 1976 3769 tantum

398 3812 468 3865 ad
499 3811 855 3865 ministerium
878 3810 1037 3865 debet
1061 3823 1181 3865 esse
1202 3807 1409 3872 salutis,
1432 3820 1538 3861 non
1562 3804 1629 3859 ad
1656 3804 1977 3859 condemna-

398 3901 602 3954 tionem
632 3898 836 3954 fratris.

473 3991 526 4045 8.
550 3988 825 4043 Honorare
846 4005 1022 4042 omnes
1048 3988 1281 4042 homines
1309 3984 1360 4058 (Ι
1377 3983 1493 4039 Pet.
1508 3983 1593 4057 ιι).
1612 3984 1763 4039 Tunc
1788 3998 1976 4039 omnes

396 4080 645 4133 homines
680 4080 977 4133 monachus
1005 4078 1268 4141 honorat,
1307 4077 1523 4146 quando
1566 4091 1624 4131 se
1671 4075 1974 4144 despiciens

396 4168 717 4223 hominibus
727 4184 839 4238 pra:
860 4169 1070 4223 cunctis
1090 4167 1357 4233 humiliat,
1379 4173 1434 4221 et
1458 4180 1647 4220 omnes
1665 4164 1974 4234 superiores

394 4257 696 4322 cestimans,
735 4255 1046 4311 inferiorem
1093 4271 1152 4311 se
1196 4270 1317 4310 esse
1358 4255 1719 4319 demonstrat;
1760 4253 1975 4322 quando

396 4364 505 4401 non
534 4346 704 4402 solum
735 4347 1092 4401 humilitatem
1121 4348 1175 4400 in
1203 4347 1388 4411 corde,
1415 4345 1508 4400 sed
1535 4343 1894 4413 abjeetionem
1919 4351 1975 4398 et

394 4438 795 4508 despectionem
821 4452 918 4492 suo
941 4445 1205 4491 monstrat
1228 4437 1283 4490 in
1311 4451 1568 4506 corpore;
1597 4435 1813 4505 quando
1842 4449 1975 4513 cun-

2078 3260 2279 3315 donum
2322 3259 2565 3323 subruit,
2608 3259 2864 3328 templum
2909 3258 3205 3325 subvertit;
3249 3268 3305 3315 et
3349 3261 3451 3317 hoc
3497 3263 3657 3318 modo

2077 3350 2221 3419 quod
2250 3349 2355 3404 sibi
2378 3364 2483 3403 non
2512 3348 2646 3415 vult,
2670 3349 2824 3403 alteri
2852 3347 3000 3404 facit.

2148 3440 2235 3494 10.
2276 3438 2545 3508 Abnegare
2595 3440 2923 3508 semetipsum
2970 3439 3071 3492 sibi
3116 3450 3172 3493 ut
3220 3450 3471 3511 sequatur
3504 3442 3661 3495 Chri-

2074 3539 2233 3582 stum.
2265 3529 2549 3598 Abnegare
2577 3528 2895 3597 intelligitur
2931 3545 3179 3593 renuere,
3214 3546 3432 3601 negare,
3464 3533 3545 3586 vel
3578 3533 3660 3587 in-

2076 3619 2374 3684 terdicere;
2413 3618 2672 3672 Dominus
2703 3620 2853 3683 enim
2884 3618 2939 3673 in
2974 3619 3266 3690 Evangelio
3304 3621 3421 3675 ait:
3456 3620 3517 3677 Si
3541 3624 3685 3693 quis,

2075 3709 2180 3764 uult
2208 3718 2323 3780 post
2350 3726 2433 3763 me
2460 3710 2651 3777 venire,
2679 3710 2892 3781 abneget
2923 3712 3250 3781 semetipsum
3278 3723 3326 3766 et
3353 3712 3500 3768 tollat
3538 3732 3659 3769 cru-

2076 3814 2185 3852 cem
2227 3813 2404 3863 suam,
2440 3807 2487 3851 et
2516 3808 2770 3868 sequatur
2789 3815 2869 3852 me
2899 3798 3115 3869 (Matth.
3142 3799 3273 3873 xw).
3323 3801 3390 3855 Et
3419 3803 3547 3871 quid
3575 3812 3660 3859 est

2075 3890 2343 3960 abnegare
2382 3890 2729 3959 semetipsum
2777 3889 2908 3956 sibi,
2951 3890 3055 3944 nisi
3107 3892 3375 3961 deponere
3419 3901 3659 3949 veterem

2070 3980 2349 4038 hominem
2389 3994 2511 4033 cum
2538 3979 2749 4033 actibus
2775 3980 2908 4034 suis.
2934 3980 3002 4033 Et
3030 3981 3158 4048 quid
3195 3989 3279 4034 est
3306 3982 3460 4051 sequi
3505 3982 3660 4037 Chri-

2076 4079 2237 4134 stum,
2271 4070 2372 4123 nisi
2402 4070 2623 4124 induere
2665 4084 2864 4123 novum
2901 4069 3197 4135 hominem,
3222 4070 3317 4139 qui
3361 4071 3658 4125 secundum

2076 4160 2244 4215 Deum
2278 4169 2496 4215 creatus
2525 4168 2609 4214 est
2649 4160 2702 4213 in
2739 4158 2949 4228 justitia
2976 4166 3031 4213 et
3075 4160 3533 4226 sanctificatione;
3565 4161 3658 4231 qui

2075 4249 2408 4320 spiritaliter,
2453 4264 2559 4304 non
2588 4249 2881 4304 carnaliter
2908 4249 3088 4315 vivat;
3121 4246 3259 4303 Caro
3300 4251 3437 4303 enim
3465 4265 3657 4303 concu-

2074 4342 2225 4412 piscit
2253 4341 2498 4395 adversus
2525 4341 2787 4411 spiritum,
2815 4341 3029 4410 spiritus
3057 4349 3231 4393 autem
3260 4340 3509 4394 adversus
3541 4356 3657 4393 car-

2078 4446 2211 4493 nem,
2243 4430 2295 4485 id
2325 4437 2427 4494 est,
2458 4442 2610 4484 vetus
2638 4430 2800 4483 homo
2834 4429 3095 4483 adversus
3137 4442 3358 4493 novum,
3401 4437 3455 4482 et
3485 4443 3659 4483 novus

393 4492 514 4584 ctos
547 4544 731 4583 amore
776 4527 1017 4582 fraterno
1055 4492 1448 4596 complectitui',
1490 4535 1543 4580 et
1587 4492 1884 4590 humiliter,
1914 4533 1975 4578 ut
1998 4492 2052 4552 D
2078 4522 2335 4575 adversus
2359 4530 2618 4575 veterem.
2642 4520 2873 4575 interior
2896 4520 3059 4574 homo
3085 4526 3269 4575 noster
3295 4519 3572 4586 exteriori,
3601 4527 3660 4575 et

396 4620 662 4683 seniores,
690 4626 1009 4682 veneratur;
1052 4617 1268 4686 quando
1308 4629 1367 4670 se
1398 4630 1508 4685 prae
1553 4614 1760 4669 cunctis
1787 4629 1974 4683 pecca-

394 4717 571 4763 torem
616 4709 927 4777 pronuntiat
976 4716 1035 4762 et
1084 4707 1325 4761 inutilem
1379 4719 1591 4760 servum
1638 4705 1969 4773 proclamat;

394 4802 612 4870 quando
648 4802 890 4855 seniores
930 4800 1158 4854 honorat
1198 4807 1258 4852 ut
1301 4806 1500 4868 patres,
1532 4797 1704 4867 diligit
1728 4795 1972 4864 iuniores

393 4899 457 4946 ut
502 4891 717 4945 fratres.
746 4891 884 4945 Hinc
923 4891 1065 4944 enim
1096 4890 1288 4944 Petrus
1318 4888 1592 4957 apostolus
1635 4888 1748 4941 ait:
1780 4885 1971 4941 Omnes

394 4984 670 5047 honorate,
699 4981 1081 5050 fraternitatem
1110 4980 1311 5049 diligite
1336 4977 1389 5048 (Ι
1414 4976 1531 5031 Pet.
1559 4975 1640 5048 ιι).
1666 4976 1811 5031 ﬂinc
1832 4976 1971 5030 Pau-

395 5075 483 5130 lus
527 5074 778 5128 admonet
820 5072 1051 5127 dicens:
1086 5070 1300 5126 Honore
1341 5070 1559 5123 invicem
1605 5070 1972 5139 prwvenientes

394 5163 573 5235 (Rom.
623 5163 752 5233 xu).
798 5161 1039 5217 Honorat
1081 5176 1211 5232 ergo
1256 5175 1445 5215 omnes
1490 5160 1734 5215 homines
1781 5175 1969 5213 mona-

393 5254 548 5317 chus,
575 5254 793 5323 quando
816 5240 1025 5307 cunctis
1051 5251 1352 5320 subjicitur,
1382 5250 1531 5305 utilis
1555 5250 1828 5315 omnibus,
1859 5264 1974 5305 mu-

395 5344 589 5399 nificus
640 5351 695 5397 et
739 5353 926 5414 gratus
974 5343 1223 5397 habetur.
1280 5340 1415 5394 Nam
1462 5349 1518 5395 et
1570 5341 1743 5395 honor
1799 5340 1970 5396 sacris

392 5433 590 5487 litteris
628 5448 734 5487 non
778 5440 986 5486 tantum
1028 5432 1081 5486 in
1124 5432 1538 5486 salutationibus
1562 5439 1618 5485 et
1649 5430 1969 5485 obedientire

391 5521 587 5576 ciliciis
608 5520 932 5585 deferendis,
956 5528 1218 5590 quantum
1251 5530 1306 5575 et
1333 5522 1386 5575 in
1412 5520 1786 5590 elecmosynis,
1812 5520 1968 5575 donis

392 5630 458 5671 ac
485 5615 799 5670 muneribus
816 5616 1132 5686 intelligitur
1154 5615 1367 5671 dandis.

464 5706 519 5759 9.
554 5704 621 5759 Et
651 5707 790 5777 quod
830 5708 928 5762 sibi
953 5708 1069 5778 quis
1095 5706 1210 5776 fieri
1247 5723 1347 5760 non
1380 5707 1500 5771 vult,
1535 5706 1625 5760 alii
1662 5724 1761 5761 non
1808 5707 1965 5776 faciat

2077 4613 2315 4667 exterior
2349 4612 2594 4667 interiori
2637 4620 2920 4682 repugnat.
2969 4610 3110 4666 Caro
3139 4610 3285 4665 enim
3321 4625 3535 4681 semper
3579 4610 3658 4665 in—

2077 4702 2229 4756 utilia
2268 4710 2323 4757 et
2345 4703 2547 4757 caduca
2588 4703 2889 4768 desiderat,
2928 4702 3152 4770 spiritus
3177 4700 3328 4755 utilia
3356 4701 3569 4771 quaerit,
3599 4709 3658 4757 et

2076 4812 2289 4867 semper
2307 4796 2374 4850 ad
2409 4805 2611 4851 arterna
2638 4797 2894 4866 suspirat.
2925 4797 3063 4850 Caro
3093 4795 3403 4864 frequenter
3426 4803 3482 4850 et
3509 4794 3657 4851 curis

2078 4891 2639 4960 sollieitudinibusque
2687 4890 2868 4946 sreeuli
2918 4896 3217 4958 torquetur,
3252 4888 3522 4943 illecebris
3558 4903 3656 4943 vo-

2078 4984 2342 5054 luptatum
2384 4984 2700 5053 subripitur,
2737 4983 2916 5037 carnis
2945 4982 3227 5037 desideriis
3269 4979 3650 5047 inﬂammatur,

2077 5077 2260 5131 vivere
2284 5075 2456 5129 otiose
2484 5075 2716 5138 laetatur,
2746 5073 3025 5144 lethargiae
3067 5072 3200 5127 vitio
3228 5081 3505 5143 gravatur,
3535 5087 3655 5127 cor.-

2077 5165 2227 5234 poris
2271 5179 2461 5234 sopore
2507 5164 2855 5233 deprimitur,
2902 5163 3098 5217 mentis
3143 5163 3365 5217 desidia
3394 5160 3652 5223 inlicitus.

2078 5253 2393 5308 voracitatis
2434 5253 2669 5323 ingluvie
2703 5254 2998 5318 seducitur,
3037 5254 3142 5307 cibi
3176 5262 3233 5307 et
3269 5262 3425 5323 potus
3464 5264 3650 5319 super.-

2078 5344 2283 5399 ﬂuitate
2328 5344 2668 5398 distenditur.
2708 5344 2776 5398 Et
2814 5359 2938 5399 cum
2980 5345 3035 5399 in
3080 5344 3165 5399 his
3205 5342 3454 5398 omnibus
3500 5339 3656 5391 luxu-

2074 5433 2219 5488 riose
2263 5433 2522 5499 nutritur,
2559 5432 2626 5487 ad
2656 5422 3025 5490 fornicationis
3052 5432 3336 5486 nefandum
3366 5443 3499 5497 opus
3523 5441 3652 5495 per-

2076 5524 2327 5578 trahitur.
2375 5522 2501 5578 Haee
2537 5534 2592 5578 et
2620 5525 2707 5579 his
2752 5526 2950 5580 similia
2996 5524 3234 5592 spiritus,
3279 5520 3369 5588 qui
3398 5517 3654 5587 cperibus

2077 5612 2277 5668 sanctis
2307 5612 2417 5667 Deo
2461 5613 2677 5683 placere
2707 5615 2999 5677 desiderat,
3047 5608 3266 5677 implere
3307 5606 3521 5676 corpori
3554 5621 3654 5661 suo

2077 5711 2242 5758 vetat.
2274 5704 2337 5757 Et
2384 5703 2484 5758 hoc
2515 5712 2607 5761 est,
2642 5705 2908 5772 abnegare
2950 5699 3296 5765 semetipsum
3324 5696 3454 5759 sibi,
3485 5704 3540 5749 ut
3571 5711 3657 5750 τωο
