3960 6198
305 308 406 363 7ξὶ5

1593 300 1942 357 SMARAGDI
1982 297 2269 355 ABBATIS

3456 299 3565 357 75G

304 436 502 497 quater
525 421 821 483 Christum,
848 418 900 474 id
926 428 1028 484 cst,
1053 420 1398 490 semetipsum
1425 419 1673 488 prohibet
1701 417 1876 472 facere
1904 421 1948 478 Α
1970 415 2167 485 jejunii
2213 412 2370 467 vestri
2404 411 2665 465 invenitur
2692 410 2930 466 voluntas
2972 419 3143 467 vestra
3192 413 3333 484 (ha.
3378 416 3559 486 unt).

305 515 529 575 malum,
570 519 619 563 ct
666 509 911 563 hortatur
954 508 1133 563 facere
1183 510 1404 564 bonum.
1454 508 1691 563 Christus
1732 509 1874 562 cnim

304 617 488 674 passus
527 607 600 652 est
627 613 721 667 pro
763 597 931 660 nobis,
961 596 1106 650 nobis
1137 595 1429 667 relinquens
1468 597 1782 666 exemplum,
1822 606 1877 650 ut

306 706 585 761 sequamur
610 688 823 756 vestigia
852 687 985 757 ejus.
1025 686 1163 754 Quid
1188 696 1273 741 est
1310 687 1461 756 sequi
1489 687 1714 758 vestigia
1740 687 1876 756 ejus,

306 783 410 837 nisi
455 779 733 835 ambulare
759 779 900 851 sicut
923 778 1012 832 ille
1046 778 1360 843 ambulavit,
1398 780 1451 833 id
1486 787 1601 842 est,
1640 787 1882 833 contem-

308 889 438 930 nere
462 872 642 926 omnia
673 883 952 939 prospera,
996 885 1115 938 quae
1154 871 1507 939 contempsit;
1554 885 1660 924 non
1692 870 1882 926 timere

310 964 558 1026 adversa,
604 974 725 1030 quae
763 958 1014 1030 pertulit;
1065 958 1295 1014 libenter
1340 958 1519 1014 facere
1565 975 1683 1028 quae
1722 958 1879 1024 fecit,

311 1054 427 1109 ﬁeri
472 1067 589 1122 qua:
618 1050 911 1129 mandavit,
949 1066 1167 1120 sperare
1201 1067 1320 1122 qua:
1358 1051 1622 1122 promisit,
1650 1060 1705 1104 et
1730 1050 1883 1119 sequi

311 1161 419 1216 quo
466 1146 579 1215 ipse
623 1144 930 1213 praecessit;
962 1153 1221 1214 praestare
1260 1143 1577 1199 beneﬁcium
1607 1143 1770 1197 etiam
1807 1142 1886 1196 in-

312 1236 499 1306 gratis,
537 1249 643 1288 non
686 1235 985 1288 retribuere
1026 1235 1320 1289 secundum
1364 1235 1558 1287 merita
1596 1248 1692 1287 sua
1722 1232 1885 1287 malc-

313 1318 472 1387 votis,
508 1326 564 1378 et
591 1338 750 1377 orare
778 1338 877 1391 pro
903 1323 1166 1389 inimicis;
1199 1336 1383 1377 amare
1413 1324 1602 1386 bonos,
1638 1321 1884 1376 misereri

313 1414 604 1484 perversis,
624 1413 854 1466 invitare
880 1415 1156 1478 adversos,
1179 1413 1523 1483 etsuscipere
1544 1412 1598 1465 in
1618 1411 1887 1466 cbaritate

316 1518 629 1567 conversos,
651 1510 705 1556 et
728 1502 1100 1571 azquanimiter
1119 1502 1230 1570 pati
1254 1503 1506 1556 subdolus
1525 1509 1581 1557 et
1604 1502 1883 1569 superbos.

388 1593 475 1645 Η.
519 1591 719 1661 Corpus
749 1593 1006 1661 castigare
1029 1592 1077 1663 (1
1113 1592 1352 1661 Cor.tx).
1391 1591 1599 1661 Corpus
1624 1592 1828 1646 dictum
1855 1605 1887 1645 a

318 1683 682 1752 corruptione,
730 1697 795 1737 eo
824 1683 969 1752 quod
1011 1690 1324 1751 corruptum
1377 1689 1584 1752 pereat.
1648 1680 1888 1738 Solubile

1980 507 2245 562 Voluntas
2262 504 2409 559 enim
2426 504 2604 558 hocin
2627 502 2746 571 loco
2767 503 2974 558 delicia:
3003 504 3397 574 intelliguntur.
3423 506 3562 562 Tota

1980 598 2063 653 die
2092 597 2278 667 epulas
2304 596 2357 649 in
2384 595 2711 664 cogitatione
2733 596 2990 661 ruminat,
3023 597 3114 666 qui
3131 599 3198 651 ad
3229 598 3564 668 implendam

1980 690 2160 761 gulam
2191 704 2413 758 vespere
2436 688 2537 743 sibi
2575 689 2796 743 delicias
2825 701 3114 758 praeparat.
3192 691 3259 745 Et
3291 692 3402 746 tale
3424 691 3564 762 jeju-

1980 783 2130 836 nium
2181 797 2285 837 non
2311 781 2581 843 laudatur,
2633 782 2775 849 quod
2812 781 2869 835 in
2900 797 3127 851 vespere
3177 781 3564 838 deliciosorum

1981 873 2227 927 ciborum
2250 881 2441 927 venter
2465 872 2759 940 repletinne
2785 872 3131 928 distenditur.
3209 873 3398 943 Neque
3418 874 3564 928 enim

1982 963 2277 1032 reputanda
2304 970 2389 1018 est
2411 963 2758 1028 abstinentia,
2776 963 2868 1018 ubi
2895 962 3061 1018 fuerit
3079 967 3286 1020 ventris
3306 965 3568 1020 deliciosa

1984 1056 2243 1111 saturitas
2295 1056 2608 1111 subsecuta.
2652 1056 2873 1119 Deliciae
2913 1056 3059 1110 enim
3112 1056 3358 1112 carnales
3384 1071 3573 1111 come-

1986 1156 2200 1203 sturum
2226 1146 2457 1201 reddunt
2487 1146 2727 1208 avidum,
2750 1148 3003 1201 satiatum
3048 1155 3229 1201 autem
3263 1147 3483 1218 pigrum
3516 1152 3601 1201 δι’

1985 1236 2410 1302 somnolentum;
2472 1236 2681 1292 delicia;
2709 1252 2840 1292 vero
2868 1236 3142 1306 spiritales
3168 1237 3427 1291 satiatum
3451 1236 3587 1291 τεᾶς.

1987 1327 2122 1382 dunt
2160 1327 2378 1382 avidum
2421 1336 2476 1382 et
2495 1325 2824 1394 iocundum;
2876 1327 2981 1381 illa:
3024 1336 3281 1382 comestae
3305 1335 3574 1398 generant

1988 1416 2284 1481 fastidium,
2317 1416 2401 1470 hac
2441 1425 2620 1470 autem
2656 1416 2970 1471 comedendi
2994 1416 3575 1485 augentdesiderium;

1989 1507 2094 1562 illae
2116 1507 2344 1561 multum
2373 1521 2513 1562 escm
2532 1507 2704 1561 aciem
2735 1506 2935 1561 mentis
2954 1505 3280 1571 obtundant,
3308 1508 3393 1562 ha:
3410 1508 3576 1576 spiri-

1990 1596 2124 1651 tales
2148 1597 2295 1652 cordi
2315 1596 2495 1652 lumen
2520 1596 2847 1662 infundunt;
2887 1597 2990 1651 illae
3019 1598 3460 1664 somnolentiam,
3486 1600 3573 1655 ha:

1990 1688 2203 1757 vigilias
2228 1687 2678 1754 subministrant;
2733 1688 2837 1743 illae
2864 1690 3084 1758 corpori
3115 1697 3171 1746 et
3202 1692 3399 1745 animm
3435 1706 3578 1760 pra:-

318 1773 462 1827 cnim
493 1771 758 1826 caducum
785 1780 948 1841 atque
997 1773 1226 1828 mortale
1254 1781 1358 1827 est.
1422 1772 1573 1839 Quod
1603 1764 1890 1828 nos'casti-
1916 1762 1964 1823 Β
1992 1781 2122 1836 bent
2144 1787 2440 1849 torporem,
2491 1778 2575 1833 ba:
2602 1786 2782 1834 autem
2806 1781 3020 1834 mundis
3042 1779 3206 1835 corde
3233 1780 3441 1850 jugiter
3460 1779 3573 1835 Do-

318 1876 450 1931 gare
476 1869 707 1930 oportet,
736 1861 787 1915 id
815 1871 917 1925 est,
958 1862 1179 1932 jejuniis
1208 1864 1519 1928 emendare,
1552 1863 1785 1933 atliigere
1807 1871 1893 1917 at-

318 1964 423 2021 que
445 1950 739 2019 corrigere,
770 1960 843 2016 et,
868 1952 912 2005 si
938 1967 1157 2008 necesse
1172 1951 1358 2018 fuerit,
1381 1954 1545 2008 etiam
1573 1955 1895 2012 verberibus

318 2042 545 2095 caedere.
604 2040 885 2111 Castigare
931 2042 1078 2097 enim
1127 2044 1356 2098 dicimus
1377 2044 1609 2110 caedere,
1640 2044 1782 2099 sicut
1829 2046 1893 2100 de

318 2131 543 2185 Domino
557 2131 763 2186 Pilatus
777 2134 883 2186 ait:
911 2131 1242 2202 Castigatum
1255 2148 1377 2187 eum
1392 2134 1659 2188 dimittam
1676 2134 1892 2203 (Matth.

318 2222 510 2292 xxvn).
581 2221 892 2292 Castigatur
918 2223 1060 2276 enim
1085 2238 1279 2293 corpus
1313 2221 1556 2291 jejuniis,
1599 2222 1796 2292 vigiliis
1840 2230 1896 2276 et

320 2311 505 2366 multis
525 2311 933 2377 aﬂlictionibus,
968 2314 1033 2369 de
1060 2315 1252 2384 quibus
1267 2315 1465 2371 Paulus
1487 2317 1761 2385 apostolus
1783 2317 1891 2370 ait:

319 2403 433 2472 Ego
455 2412 625 2456 autem
647 2404 722 2456 sic
750 2419 926 2468 curro,
946 2420 1049 2458 non
1075 2406 1225 2475 quasi
1265 2407 1319 2459 in
1367 2406 1644 2471 incertum,
1690 2405 1781 2459 sed
1806 2423 1897 2460 ca-

318 2494 452 2562 stigo
496 2507 682 2564 corpus
719 2509 923 2557 meum,
965 2502 1012 2546 et
1050 2494 1104 2547 in
1130 2495 1426 2548 servitutem
1462 2495 1660 2565 redigo,
1703 2502 1807 2551 etc.
1842 2493 1894 2566 (I

321 2580 442 2636 Cor.
470 2581 569 2654 ix).
629 2581 767 2649 Quid
787 2593 872 2638 est
898 2584 1041 2638 enim
1071 2584 1215 2638 aliud
1238 2598 1436 2652 corpus
1473 2585 1764 2656 castigare,
1791 2585 1893 2640 nisi

319 2672 467 2726 vitiis
497 2680 549 2727 et
582 2680 804 2741 peccato
838 2673 1011 2727 mori?
1048 2672 1188 2742 Quid
1217 2683 1303 2729 est
1324 2687 1548 2745 peccato
1585 2676 1744 2741 mori,
1793 2679 1896 2734 nisi

320 2762 643 2817 damnandis
675 2763 932 2833 operibus
968 2764 1190 2821 omnino
1214 2780 1320 2821 non
1346 2767 1548 2834 vivere,
1603 2770 1737 2827 nihil
1762 2784 1896 2827 con-

320 2853 602 2922 cupiscere
630 2854 945 2922 carnaliter,
973 2856 1107 2911 nihil
1150 2857 1401 2913 ambire?
1454 2857 1554 2915 Hic
1583 2861 1724 2916 sicut
1752 2875 1897 2916 mor-

324 2955 450 2999 tuus
478 2959 643 3000 carne
683 2946 814 2999 nulli
837 2944 954 3015 jam
979 2948 1237 3013 detrahit,
1280 2948 1412 3003 nulli
1441 2951 1761 3006 adversatur
1802 2960 1897 3007 aut

322 3033 591 3104 displicet,
623 3034 828 3088 nemini
856 3035 1121 3091 violentus
1143 3037 1347 3102 existit,
1389 3040 1660 3094 neminem
1687 3042 1896 3096 calum-

320 3093 506 3177 niatur
529 3131 623 3177 aut
667 3125 946 3192 opprimit,
976 3140 1080 3179 non
1114 3126 1319 3181 invidet
1344 3128 1500 3185 bonis
1531 3137 1624 3185 aut
1675 3131 1898 3187 insultat
1923 3093 1968 3155 Ο

322 3212 559 3278 alllictis,
572 3227 681 3266 non
706 3212 1031 3281 luxuriatur,
1051 3229 1155 3269 non
1180 3216 1496 3307 inebrjatur,
1520 3234 1628 3274 non
1650 3221 1896 3277 odiorum

320 3301 533 3357 facibus
573 3301 890 3368 inardescit,
927 3318 1035 3360 non
1076 3303 1272 3373 injusta
1300 3301 1447 3363 lucra
1470 3317 1731 3376 sectatur,
1791 3326 1901 3367 non

321 3393 639 3464 potentibus
669 3404 764 3451 aut
801 3397 1060 3454 divitibus
1083 3399 1344 3467 adhazret,
1398 3415 1505 3456 non
1534 3401 1775 3471 inquieta
1810 3417 1902 3457 cu-

323 3486 591 3554 riositate,
647 3502 754 3542 non
787 3488 1165 3544 sollicitudinis
1214 3506 1346 3546 cura
1373 3490 1735 3557 distenditur,
1788 3507 1901 3548 non

322 3578 514 3633 alienis
568 3579 985 3636 salutationibus
1040 3581 1357 3648 delectatur,
1394 3599 1497 3639 nec
1544 3584 1900 3656 superborum

326 3668 540 3737 injuriis
599 3670 898 3741 fatigatur;
954 3687 1058 3727 non
1116 3690 1239 3728 eum
1284 3675 1537 3743 superbia
1578 3674 1752 3741 inﬂat,
1790 3691 1901 3731 non

324 3758 550 3812 ambitio
575 3759 765 3813 vitiosa
797 3762 1119 3830 praecipitat,
1159 3777 1266 3816 non
1294 3778 1432 3817 vana
1459 3763 1627 3832 gloria
1672 3764 1903 3834 turpiter

319 3848 513 3919 jactat,
537 3864 642 3903 non
667 3851 941 3904 contentio
975 3852 1273 3917 exanimat,
1322 3868 1430 3909 non
1458 3853 1588 3919 facit
1626 3855 1904 3923 impuden-

328 3950 436 3994 tem
483 3940 735 4006 audacia,
766 3941 1011 4011 iniquum
1043 3942 1305 4014 injustitia
1329 3985 1344 4009 ,
1402 3943 1577 3999 ferum
1612 3945 1903 4001 inclemen-

324 4034 423 4100 tia,
475 4032 685 4087 varium
733 4032 1118 4100 inconstantia,
1156 4035 1492 4105 pertinacem
1538 4039 1898 4101 contumacia,

326 4123 639 4178 deliciosum
653 4123 794 4194 gula,
813 4124 1064 4179 rebellem
1087 4125 1469 4201 inobe-ljentia,
1488 4143 1681 4182 vanum
1693 4127 1905 4198 jactan-

326 4213 424 4277 tia,
483 4213 652 4268 levem
677 4212 935 4280 facilitas,
959 4230 1159 4269 saevum
1200 4215 1513 4282 crudelitas,
1574 4219 1906 4274 manducan-

328 4313 437 4358 tem
477 4309 646 4373 turpis
697 4304 967 4370 edacitas,
1014 4305 1385 4374 impatientem
1416 4306 1711 4371 mobilitas,
1736 4308 1906 4362 mobi-

326 4395 433 4449 lem
486 4396 831 4461 instabilitas,
862 4397 1185 4452 iracundum
1209 4399 1524 4453 animositas
1553 4439 1567 4463 ,
1615 4400 1905 4455 verbosum

324 4490 560 4554 vanitas,
587 4491 865 4545 irrisorem
896 4492 1220 4564 malignitas.
1276 4493 1375 4559 Qui
1406 4501 1644 4548 remotus
1666 4509 1697 4549 a
1735 4509 1903 4549 saecu-

328 4582 531 4637 laribus
567 4583 853 4648 illecebris,
910 4593 1153 4640 remotus
1195 4584 1264 4639 ab
1294 4584 1617 4650 inimicitiis,
1662 4594 1905 4640 remotus

327 4676 397 4729 ab
444 4674 651 4729 insidiis
706 4674 935 4738 alienis,
993 4685 1232 4735 remotus
1276 4691 1307 4729 a
1356 4677 1583 4745 rspi‘nis,
1614 4686 1904 4731 remotusa

328 4770 630 4824 mendaciis
682 4770 798 4825 sive
856 4767 1154 4839 periuriis;
1221 4777 1493 4838 postremo
1552 4776 1795 4823 remotus
1837 4768 1923 4829 ab,

327 4857 478 4914 omni
527 4874 725 4928 genere
776 4858 1101 4930 ﬂagitiorum
1131 4866 1292 4927 atque
1324 4856 1657 4922 facinorum;
1702 4866 1757 4912 et
1802 4857 1909 4911 sic-

328 4952 409 5006 uti
440 4967 605 5007 carne
642 4961 886 5007 mortuus
926 4968 1026 5008 nec
1074 4951 1250 5007 facere
1278 4960 1457 5021 potest
1483 4952 1589 5005 ista
1624 4965 1747 5019 qua:
1776 4948 1907 5012 dixi,

332 5058 430 5100 nec
455 5043 588 5113 pati,
635 5044 711 5097 ita
734 5043 816 5097 his
839 5053 893 5099 et
909 5043 1108 5097 talibus
1126 5043 1272 5098 vitiis
1310 5043 1531 5098 omnino
1575 5056 1680 5095 non
1723 5040 1911 5094 vivunt

248 5180 263 5193 .
329 5137 445 5208 qui,
474 5143 533 5190 ut
578 5134 690 5190 Deo
722 5135 926 5197 vivant,
962 5149 1156 5204 corpus
1204 5152 1359 5190 suum
1399 5135 1665 5203 castigant
1702 5140 1759 5187 et
1785 5146 1907 5185 car-

329 5243 455 5284 nem
480 5241 632 5283 suam
675 5239 798 5279 eum
828 5223 973 5277 vitiis
1002 5232 1055 5277 et
1084 5222 1537 5293 concupiscentiis
1561 5221 1905 5292 cruciﬁgunt.

403 5320 490 5375 l2.
531 5316 761 5372 Delicias
783 5330 887 5369 non
916 5314 1154 5383 amplecti
1187 5314 1273 5385 (ΙΙ
1306 5314 1420 5368 Pet.
1448 5314 1535 5384 ιι).
1596 5312 1712 5368 Non
1762 5313 1907 5367 enim

331 5413 582 5483 prohibet
610 5408 833 5465 delicias
883 5420 988 5460 non
1019 5412 1258 5474 tangere,
1287 5405 1369 5458 vel
1401 5412 1635 5474 gustare,
1671 5403 1765 5458 sed
1785 5417 1910 5458 cum

335 5503 587 5556 aviditate
631 5514 868 5563 sumere,
917 5505 1119 5553 etcum
1174 5495 1377 5552 amoris
1433 5496 1703 5551 desiderio
1759 5501 1908 5549 vetat

339 5594 607 5661 amplecti.
647 5592 929 5662 Spernitur
951 5590 1095 5644 cnim
1119 5586 1404 5658 jejunium,
1436 5587 1577 5656 quod
1602 5587 1656 5641 in
1686 5600 1909 5655 vespere

341 5677 969 5751 deliciiscompensatur,
995 5681 1204 5736 dicente
1242 5678 1531 5745 propheta:
1582 5677 1714 5731 Ecce
1742 5679 1795 5733 in
1824 5677 1908 5729 die

1994 1872 2128 1928 mini
2166 1871 2483 1926 ministrant
2522 1884 2807 1938 amorem;
2859 1870 2967 1925 illae
3001 1886 3134 1927 vero
3176 1870 3385 1926 faciunt
3434 1871 3580 1926 desi-

1993 1962 2186 2017 derare
2214 1961 2436 2025 lectum,
2483 1960 2566 2015 hac
2589 1968 2769 2015 autem
2794 1959 3031 2027 cadum;
3061 1961 3167 2015 illa:
3195 1975 3466 2024 somnum,
3493 1960 3579 2015 ha:

1992 2065 2123 2106 vero
2159 2065 2413 2119 regnum;
2449 2049 2553 2104 illa:
2608 2049 2783 2119 turpia
2813 2057 2870 2104 et
2905 2050 3140 2105 obscura
3189 2057 3443 2118 quaerunt
3483 2064 3576 2103 cu-

1993 2142 2141 2205 bilia,
2187 2143 2269 2196 lue
2297 2149 2540 2197 sanctam
2570 2157 2692 2196 cum
2743 2142 2949 2196 sanctis
2986 2148 3041 2196 et
3071 2141 3305 2195 lucidam
3332 2141 3389 2193 in
3434 2138 3579 2195 ccelo

1994 2231 2188 2285 volunt
2211 2231 2414 2286 habere
2444 2230 2702 2301 gloriam;
2759 2230 2863 2286 illa:
2892 2231 3226 2286 delectantur
3248 2230 3304 2284 in
3332 2229 3580 2300 lupanari

1994 2335 2117 2375 cum
2153 2321 2350 2375 scortis
2374 2320 2579 2385 ludere,
2605 2320 2687 2374 lue
2712 2334 2834 2374 cum
2862 2319 3066 2391 angelis
3098 2319 3152 2373 in
3167 2318 3306 2372 ctelo
3322 2332 3574 2387 regnare;

1995 2415 2099 2471 illa:
2128 2415 2434 2469 luxuriosos
2447 2414 2727 2483 amplexus
2748 2414 3079 2478 desiderant,
3095 2414 3179 2466 hae
3203 2412 3271 2466 ad
3297 2410 3581 2481 amplexus

1996 2503 2200 2561 Christi
2247 2505 2433 2559 venire
2462 2503 2742 2569 festinant,
2796 2511 2857 2556 ut
2887 2517 3012 2557 cum
3044 2502 3156 2566 illo,
3194 2501 3348 2570 quasi
3373 2514 3581 2570 sponsa

1997 2611 2120 2653 cum
2136 2610 2368 2666 ,sponso,
2411 2595 2467 2649 in
2514 2602 2775 2648 aeternum
2824 2594 3122 2661 quiescant.
3182 2591 3399 2646 Delicias
3444 2604 3582 2645 vero

1998 2694 2376 2755 nuncupantur
2399 2699 2465 2740 eo
2489 2683 2631 2753 quod
2655 2682 2883 2738 delicate
2906 2682 3148 2737 nutriant
3172 2680 3571 2743 comedentem,

1996 2776 2081 2832 vel
2107 2776 2249 2846 quod
2275 2775 2360 2829 his
2383 2774 2631 2829 homines
2658 2772 3010 2827 delectentur.
3060 2770 3288 2825 Faciunt
3313 2769 3459 2823 enim
3485 2769 3580 2823 ho-

1998 2868 2197 2924 minem
2225 2866 2279 2920 in
2302 2864 2399 2919 Dei
2422 2864 2645 2919 servitio
2668 2862 2907 2927 mollem,
2923 2869 3167 2916 tenerum
3182 2869 3239 2916 et
3260 2860 3574 2915 delicatum.

2000 2958 2068 3011 Et
2093 2972 2125 3012 e
2147 2956 2365 3027 regione
2389 2955 2667 3026 spiritales
2692 2955 2898 3010 delicias
2925 2953 3134 3008 faciunt
3177 2953 3457 3008 hominem
3478 2967 3583 3021 pro

1997 3058 2201 3105 mterna
2226 3048 2555 3117 capescenda
2607 3048 2778 3118 gloria
2808 3046 3089 3111 mundum,
3138 3045 3335 3100 Fortem
3372 3053 3432 3100 et
3454 3045 3582 3115 rigi-

2002 3141 2147 3196 dum.
2190 3140 2255 3194 Et
2301 3140 2420 3194 ideo
2443 3140 2559 3193 ista:
2590 3138 2902 3209 appetenda:
2929 3146 3077 3202 sunt,
3108 3137 3211 3192 illa:
3241 3152 3375 3192 vero
3411 3153 3443 3191 a
3468 3152 3581 3191 mo-

2000 3231 2190 3287 nachis
2218 3229 2587 3300 amplexanda:
2614 3243 2718 3281 non
2743 3234 2888 3281 sunt.
2954 3226 3064 3281 Sed
3095 3225 3223 3296 quid
3246 3243 3276 3279 a
3301 3226 3585 3282 monachis

2000 3322 2291 3376 amandum
2332 3318 2854 3388 amplexandumque
2901 3317 2974 3372 sit
3020 3316 3304 3386 sequentia
3353 3315 3580 3373 demon-

1998 3420 2195 3469 strant.

2073 3506 2160 3560 15.
2198 3503 2472 3574 Jejum’um
2497 3517 2678 3554 amare
2729 3498 2889 3571 (Dan.
2922 3514 2996 3560 Ix,
3043 3495 3163 3553 Joel
3191 3512 3250 3560 ιι,
3291 3494 3422 3550 Tob.
3461 3492 3585 3564 xu).

2002 3596 2154 3651 Multi
2180 3596 2324 3649 enim
2352 3601 2479 3648 sunt
2505 3591 2596 3661 qui
2637 3590 2909 3660 jej‘unant,
2942 3588 3037 3644 sed
3065 3588 3208 3642 idem
3253 3587 3428 3657 ipsum
3444 3584 3589 3655 jeju-

2002 3686 2151 3741 nium
2184 3699 2289 3739 non
2325 3693 2529 3736 amant.
2572 3680 2739 3747 Quasi
2768 3694 2906 3734 onus
2946 3678 3258 3748 impositum
3287 3677 3381 3742 sit,
3404 3691 3587 3731 neces-

2004 3778 2164 3832 sitate
2192 3772 2476 3841 compulsi,
2523 3777 2742 3840 portant
2784 3769 3068 3839 jejunium,
3108 3767 3205 3822 sed
3244 3781 3353 3820 non
3402 3771 3590 3819 amant

2005 3864 2155 3919 illud.
2208 3863 2355 3917 More
2375 3860 2625 3916 animalis
2646 3875 2784 3915 onus
2819 3866 3055 3928 portant,
3079 3856 3175 3912 sed
3195 3854 3436 3924 ejusdem
3460 3867 3590 3909 one—

2004 3956 2083 4011 ris
2134 3954 2470 4010 dulcedinem
2519 3968 2624 4007 non
2674 3953 2979 4022 degustant.
3052 3948 3204 4004 Unde
3246 3963 3354 4002 non
3404 3952 3592 4000 amant

2004 4048 2181 4117 ipsum
2223 4045 2367 4116 quod
2415 4052 2650 4115 portant.
2712 4043 2781 4098 Et
2829 4043 2971 4097 sicut
3010 4040 3208 4111 aliquis
3251 4054 3418 4094 onere
3444 4052 3591 4092 com-

2005 4152 2226 4208 pressus
2282 4144 2572 4205 antequam
2619 4135 2686 4189 ad
2711 4133 2885 4189 locum
2924 4131 3205 4202 perveniat
3234 4129 3589 4190 destinatum,

2006 4229 2143 4295 vult,
2198 4243 2305 4297 quo
2330 4227 2618 4297 premitur,
2670 4222 2963 4294 deponere'
2985 4238 3142 4287 onus,
3182 4221 3259 4275 ita
3287 4220 3591 4274 desidiosus

2009 4327 2134 4376 ante
2179 4321 2368 4374 horam
2400 4318 2750 4376 constitutam
2798 4315 3066 4386 jejunium
3089 4312 3203 4368 vult
3236 4313 3450 4366 solvere
3476 4325 3589 4365 mo-

1931 4440 1983 4502 D
2010 4410 2235 4464 nachus.
2283 4407 2615 4477 Frequenter
2653 4405 2849 4475 aspicit
2899 4403 3257 4474 horologium,
3292 4409 3352 4455 et
3377 4399 3589 4502 saepius

2008 4500 2139 4556 solis
2165 4499 2516 4554 considerans
2538 4512 2755 4552 cursum
2782 4495 2967 4550 oculos
3014 4494 3156 4548 levat
3181 4492 3248 4547 ad
3287 4490 3519 4555 cmlum,
3538 4496 3595 4543 et

2011 4592 2216 4661 pariter
2245 4589 2467 4643 vocibus
2493 4586 2804 4655 pariterque
2832 4583 3115 4639 desideriis
3129 4582 3244 4652 jam
3261 4582 3454 4635 horam
3469 4593 3596 4646 pro-

2013 4681 2211 4736 clamat
2260 4693 2381 4734 esse
2430 4675 2759 4733 refectionis.
2816 4674 2924 4730 Sed
2967 4689 3076 4729 non
3109 4674 3183 4727 ita
3212 4674 3388 4727 bonus
3419 4670 3599 4726 facere

2012 4772 2172 4827 debet
2206 4770 2521 4832 monachus,
2567 4768 2663 4822 sed
2684 4766 2829 4821 velut
2872 4766 3065 4820 anima:
3114 4763 3597 4826 medicamentum,

2012 4864 2094 4919 sic
2130 4863 2287 4917 debet
2315 4875 2499 4914 amare
2542 4856 2828 4929 jejunium,
2882 4854 3089 4924 jejunio
3130 4853 3273 4908 enim
3298 4852 3484 4906 anima
3528 4850 3602 4905 ab

2013 4952 2160 5009 omni
2190 4950 2430 5021 periculo
2458 4947 2833 5003 illecebrarum
2857 4944 3191 5008 defenditur;
3237 4940 3445 5011 jejunio
3474 4947 3597 4994 ten-

2016 5050 2255 5099 tamenta
2283 5040 2673 5095 daemoniorum
2715 5036 2988 5107 fugantur,
3006 5032 3216 5103 jejunio
3255 5032 3401 5085 vires
3433 5030 3596 5085 vitio-

2015 5150 2137 5190 rum
2166 5132 2509 5203 franguntur,
2533 5128 2738 5199 jejunio
2764 5126 2944 5182 carnis
2965 5123 3254 5179 delectatio
3269 5122 3597 5184 refrenatur,

2007 5224 2213 5298 jejunio
2248 5222 2519 5278 incentiva
2546 5218 2830 5273 libidinum
2857 5209 3293 5286 exstinguuntur.
3338 5212 3445 5266 Per
3463 5210 3604 5279 jeju-

2013 5316 2162 5370 nium
2191 5312 2421 5367 liberius
2441 5310 2616 5366 oratio
2638 5315 2888 5378 penetrat
2912 5304 3131 5370 cmlum,
3176 5304 3308 5357 etin
3339 5315 3603 5372 compun—

2011 5404 2209 5460 ctionis
2236 5402 2378 5457 dono
2400 5399 2663 5456 intentius
2678 5396 2875 5469 jejuna:
2906 5395 3103 5450 mentis
3130 5394 3277 5449 acies
3307 5393 3428 5463 ﬁgit
3445 5393 3605 5447 obtu-

2014 5504 2146 5549 tum.
2234 5494 2338 5548 Per
2382 5490 2712 5563 jejuniorum
2743 5502 2979 5557 namque
3002 5487 3164 5548 dona,
3195 5494 3251 5540 et
3287 5484 3602 5538 ctelestinm

2012 5584 2394 5655 mysteriorum
2427 5580 2661 5642 occulta,
2707 5585 2761 5632 et
2788 5577 3095 5632 divinorum
3133 5582 3475 5630 secretorum
3506 5573 3603 5626 ho-

2012 5675 2143 5731 mini
2180 5674 2487 5735 revelantur
2525 5685 2742 5726 arcana.
2796 5669 2898 5724 Per
2932 5668 3121 5737 jejunii
3151 5669 3347 5723 donum
3377 5665 3442 5721 de
3483 5679 3603 5719 car-
