3960 6206
312 339 419 410 157.

1341 293 1697 388 causam.
1741 327 1810 384 1N
1850 325 2011 383 nec.
2056 327 2113 383 s.
2156 327 2540 384 BENEDlCTl.

3483 332 3585 391 158

307 451 415 508 nali
441 447 701 520 spiritalis
729 445 964 502 efﬁcitur
1002 445 1184 511 homo,
1222 452 1277 500 et
1310 451 1624 500 sanctorum
1645 442 1886 496 omnium
1915 445 1966 504 Α
1993 442 2148 497 nobis
2174 442 2516 513 eleemosyna
2547 441 2734 497 libenti
2761 442 2942 497 animo
2970 442 3083 509 ﬁat,
3109 443 3359 500 hortatir
3373 462 3471 503 nos
3500 449 3582 506 di-

304 552 360 601 et
385 540 699 613 angelorum
732 536 1079 608 coniungitur
1100 539 1288 595 choro.
1359 537 1427 591 Et
1451 537 1570 591 ideo
1595 551 1625 588 a
1648 535 1791 588 bono
1814 533 1892 604 je-

297 630 515 704 junium
543 630 836 685 amandum
864 636 949 684 est
978 629 1267 683 monacho.
1337 627 1444 683 Sed
1472 628 1597 696 quia
1621 625 1889 696 jejunium

301 721 618 776 universam
645 734 764 774 esse
790 718 1025 773 diximus
1047 718 1293 787 corporis
1318 716 1753 787 castigationem,
1783 729 1891 768 non

301 818 389 865 est
418 808 793 865 tantummodo
822 806 1179 876 jejunandum
1209 821 1240 859 a
1267 804 1708 875 concupiscentia
1749 803 1894 858 cibo-

302 900 557 967 rum,sed
583 901 651 954 ab
674 899 819 953 omni
852 899 1037 953 lzetitia
1057 900 1430 969 temporalium
1451 899 1885 954 delectationum.

303 993 362 1048 Si
394 992 538 1046 enim
569 991 842 1051 hominem
868 1000 1042 1046 totum
1079 992 1196 1047 haec
1219 992 1416 1056 virtus,
1465 1006 1585 1059 qum
1615 990 1893 1044 abstinen-

302 1085 379 1139 tia
415 1084 633 1143 dicxtur.
653 1083 981 1149 sanctiﬁcat,
1012 1100 1119 1138 non
1147 1083 1319 1138 solum
1343 1082 1580 1152 corpori,
1615 1081 1708 1137 sed
1725 1081 1892 1136 etiam

302 1176 501 1230 animae
528 1175 839 1230 necessaria
870 1183 975 1240 est,
1005 1174 1131 1244 quia
1160 1174 1333 1229 omnis
1367 1175 1528 1227 homo
1551 1188 1616 1227 ex
1665 1185 1892 1240 corpore

302 1274 523 1321 constat
573 1273 629 1319 et
673 1266 873 1319 anima.
924 1265 1002 1319 Ea
1053 1275 1233 1321 autem
1266 1264 1527 1334 spiritalis
1556 1272 1718 1334 atque
1768 1278 1893 1332 per—

302 1356 448 1413 fecta
474 1366 559 1413 est
583 1359 935 1424 abstinentia,
964 1375 1086 1428 quae
1110 1374 1216 1414 non
1241 1367 1351 1412 tam
1382 1358 1450 1412 ab
1480 1358 1751 1413 illecebris
1772 1373 1893 1412 car-

302 1449 513 1504 nalium
561 1449 898 1519 voluptatum
943 1465 1107 1520 quam
1137 1465 1168 1503 a
1213 1450 1453 1519 peccatis
1491 1448 1741 1503 omnibus
1764 1446 1893 1505 facit

302 1532 590 1592 hominum
616 1534 870 1591 alienum.
924 1535 1051 1593 llaec
1069 1538 1262 1603 virtus,
1286 1553 1410 1592 cum
1435 1536 1685 1593 omnibus
1712 1551 1896 1590 neces-

304 1627 451 1682 saria
478 1626 569 1692 sit,
611 1626 847 1681 maxime
874 1626 981 1682 illis
1038 1626 1361 1683 familiarior
1405 1634 1492 1681 est
1529 1641 1762 1695 quorum
1805 1632 1891 1679 est

303 1734 403 1772 cor
429 1732 593 1772 unum
623 1727 679 1771 et
705 1717 886 1771 anima
933 1732 1039 1771 una
1067 1717 1263 1772 divinae
1292 1717 1577 1772 cbaritatis
1618 1717 1739 1787 igne
1763 1732 1890 1771 con-

1992 548 2154 587 cens:
2188 532 2338 587 Bona
2384 544 2459 587 est
2499 536 2668 587 oratio
2718 551 2837 588 cum
2882 536 3093 606 jejunio
3140 547 3187 592 et
3228 538 3578 611 eleemosyna,

1992 641 2107 694 qua:
2135 643 2165 677 α
2190 634 2353 677 morte
2381 623 2585 689 liberat,
2619 636 2668 679 et
2689 637 2902 695 peccata
2920 640 3108 698 purgat
3138 628 3291 701 (Tob.
3314 632 3439 703 xu).
3466 631 3582 688 Hoc

1992 715 2137 769 enim
2165 715 2327 769 habet
2354 724 2560 769 tantum
2586 715 2785 769 bonum
2812 719 3084 786 possessio
3109 735 3316 785 rerum,
3346 723 3392 775 si
3415 723 3581 776 vitam

1993 805 2204 860 reﬁciat
2234 804 2578 859 miserorum.
2632 804 2747 860 Non
2784 822 2912 878 ergo
2965 810 3117 863 nobis
3141 811 3320 866 oberit
3367 812 3583 868 divitia-

1994 908 2116 946 rum
2144 892 2491 965 congregatio
2512 891 2680 961 justa,
2709 894 2753 948 si
2786 894 3012 949 adfuerit
3046 897 3357 954 distributio
3407 899 3578 973 larga.

1992 983 2261 1037 Debemus
2310 997 2376 1036 ex
2407 982 2511 1037 illis
2538 999 2734 1039 munus
2776 986 3165 1042 misericordiae
3192 991 3378 1061 egenis
3408 993 3582 1061 porri-

1992 1088 2141 1142 gere,
2170 1086 2465 1142 pauperum
2497 1073 2663 1128 etiam
2692 1076 2991 1130 nuditatem
3006 1078 3242 1147 operire,
3265 1083 3583 1152 peregrino-

1994 1178 2115 1217 rum
2150 1163 2387 1231 inopiam
2420 1164 2690 1234 supplere,
2738 1167 3065 1236 pupillorum
3100 1170 3375 1225 miseriam
3404 1172 3583 1227 deter.

1993 1270 2142 1324 gere,
2179 1255 2535 1309 esurientium
2570 1256 2767 1313 famem
2796 1259 3076 1328 repellere,
3106 1262 3405 1317 sitientium
3431 1263 3581 1317 sitim

1992 1340 2203 1414 fugare,
2250 1354 2301 1399 et
2343 1347 2733 1401 inﬁrmantium
2771 1349 3039 1405 desideria
3092 1353 3364 1423 supplere.
3445 1354 3579 1410 Cum

1994 1455 2187 1510 magna
2227 1455 2356 1510 ergo
2397 1441 2591 1496 mentis
2634 1442 2917 1497 alacritate
2957 1446 3284 1513 pauperibus
3322 1448 3582 1502 debemus

1994 1530 2396 1602 eleemosynam
2438 1531 2606 1597 dare,
2655 1533 2781 1602 quia
2824 1534 2926 1603 ipsi
2966 1534 3195 1590 Domino
3245 1537 3404 1591 datur
3438 1540 3583 1607 quod

1995 1618 2238 1674 hilariter
2261 1620 2591 1690 pauperibus
2615 1632 2888 1692 erogatur.
2967 1625 3085 1694 Ipse
3109 1627 3255 1680 enim
3300 1626 3579 1694 Dominus,

1996 1710 2141 1779 quia
2165 1711 2371 1766 dextris
2403 1710 2520 1781 ejus
2539 1721 2716 1777 erunt,
2747 1713 2993 1771 dicturus
3013 1724 3096 1770 est
3118 1716 3171 1770 in
3194 1717 3400 1787 judicio
3425 1736 3436 1771 :
3483 1719 3584 1774 Vc-

306 1805 453 1860 ﬁata.
510 1805 716 1874 Quibus
743 1806 817 1861 ita
842 1804 902 1859 ﬁt
927 1821 1033 1859 una
1057 1806 1187 1871 vita,
1220 1806 1362 1861 sicut
1385 1814 1469 1860 est
1498 1821 1602 1860 una
1636 1786 1893 1859 substan-'
1918 1786 1966 1845 Β
1996 1802 2123 1867 nite,
2156 1801 2410 1856 benedicti
2444 1799 2625 1859 Patris
2648 1805 2771 1870 mei,
2816 1805 3061 1876 percipite
3092 1786 3308 1875 regnum
3342 1809 3481 1878 quod
3502 1828 3585 1864 vo-

306 1897 405 1962 tia,
464 1894 591 1965 quia
628 1902 688 1949 ut
716 1894 876 1950 ﬁeret
923 1904 979 1950 et
1015 1904 1162 1950 esset
1207 1896 1511 1950 animorum
1546 1903 1731 1950 sancta
1760 1910 1890 1950 con-
1936 1900 1941 1907 ‘

301 1989 533 2060 junctio,
568 1988 876 2045 necessaria
902 1996 987 2045 est
1032 1988 1349 2043 facultatum
1374 1987 1617 2055 judicata
1647 2003 1890 2043 commu-

302 2081 419 2135 nio.
466 2079 755 2146 Caeterum,
803 2080 933 2151 quid
967 2079 1192 2150 prodest
1228 2077 1371 2149 quod
1404 2078 1689 2135 facultates
1708 2077 1891 2147 abjici-

303 2184 449 2235 mus,
491 2170 537 2224 si
569 2169 867 2240 voluptates
892 2170 1141 2240 proprias
1163 2185 1269 2224 non
1298 2169 1685 2239 relinquimus?
1714 2168 1887 2236 Quam

302 2260 693 2315 abstinentiam
714 2261 762 2316 si
785 2260 959 2315 Adam
984 2261 1039 2315 in
1063 2261 1315 2331 paradiso
1344 2260 1620 2325 voluisset,
1651 2274 1755 2315 nec
1777 2266 1890 2313 sta-

304 2357 419 2404 tum
454 2349 723 2405 felicitatis
748 2351 1042 2415 amitteret,
1074 2366 1175 2406 nec
1202 2352 1564 2419 corruptionis
1590 2367 1656 2405 ac
1691 2358 1890 2405 morta-

303 2440 477 2497 litatis
521 2442 823 2496 infelieitati
877 2443 1201 2512 subjaceret.
1265 2442 1398 2509 Quis
1431 2443 1574 2496 enim
1601 2450 1781 2512 potest
1809 2443 1891 2497 di-

303 2549 434 2589 cere
454 2546 651 2604 quanta
664 2534 805 2588 bona
821 2534 899 2587 illi
914 2534 1302 2589 incontinentis
1318 2533 1621 2597 sustulerit,
1645 2534 1788 2602 quod
1804 2534 1889 2588 in-

306 2625 626 2683 tellectualis
647 2626 844 2681 mentis
864 2625 1180 2697 dignitatem
1203 2625 1406 2689 amisit,
1434 2622 1576 2694 quod
1602 2624 1888 2695 imaginem

304 2714 391 2768 sui
414 2715 675 2768 creatoris
720 2714 997 2783 perdidit?
1059 2712 1205 2768 istud
1233 2713 1500 2783 improbat
1529 2711 1890 2784 Hieronymus

305 2801 365 2858 in
388 2802 631 2872 epistulis
676 2803 790 2858 suis
839 2802 1242 2873 reprehendens
1267 2801 1575 2872 Origenem,
1622 2802 1715 2873 qui
1747 2802 1889 2858 idem

306 2894 609 2950 asserebat.
655 2892 772 2948 Non
800 2894 945 2947 enim
967 2893 1039 2949 ibi
1064 2893 1399 2962 inquietabat
1422 2892 1647 2949 molesta
1686 2894 1889 2950 sollici-

308 2984 461 3050 tudo,
512 2999 621 3039 non
663 2983 928 3055 fatigabat
960 2984 1117 3040 labor
1150 2984 1367 3050 anxius,
1402 2999 1508 3038 non
1550 2984 1890 3054 opprimebat

304 3089 555 3140 somnus,
585 3091 691 3129 non
720 3076 884 3130 timor
901 3076 1091 3131 mortis
1125 3077 1384 3146 angebat;
1413 3076 1647 3131 habebat
1674 3075 1886 3131 facilem

305 3162 535 3227 victum,
550 3180 748 3234 corpus
772 3180 986 3232 sanum,
1015 3165 1367 3234 tranquillum
1390 3176 1726 3231 motum,cor
1739 3181 1891 3219 mun-

305 3253 459 3327 dum,
519 3256 738 3327 ignarus
775 3258 924 3324 mali,
955 3258 1227 3313 habitator
1265 3257 1523 3327 paradisi,
1548 3273 1742 3327 expers
1766 3273 1892 3328 pec-

307 3343 441 3411 cati,
479 3360 644 3415 capax
696 3346 813 3402 Dei.
854 3347 1136 3403 Postremo
1160 3348 1287 3417 quid
1323 3362 1390 3403 eo
1418 3346 1628 3402 felicius
1649 3347 1771 3415 fuit,
1803 3348 1891 3402 cui

305 3443 431 3490 erat
460 3436 605 3492 orbis
650 3437 947 3506 subjectus,
989 3438 1169 3494 nullus
1216 3437 1461 3505 infestus,
1490 3439 1628 3494 liber
1657 3440 1889 3515 animus,

307 3536 367 3583 et
393 3528 619 3584 visibilis
631 3530 812 3585 Deus?
840 3531 1020 3586 Potuit
1049 3546 1177 3601 ergo
1204 3533 1277 3584 ita
1307 3532 1492 3586 videre
1510 3530 1678 3585 Deum
1715 3531 1894 3600 prius-

306 3635 473 3689 quam
500 3630 779 3688 peccasset
806 3622 1000 3687 Adam,
1031 3623 1175 3677 sicut
1199 3636 1323 3675 eum
1347 3622 1522 3681 sancti
1571 3621 1894 3691 patriarcha:

306 3709 583 3763 viderunt.
638 3708 743 3765 Sed
767 3719 1049 3780 postquam
1074 3711 1149 3765 illi
1176 3710 1492 3766 inobediens
1521 3707 1646 3774 fuit,
1678 3709 1892 3765 videndi

306 3813 436 3853 eum
482 3798 757 3854 licentiam
803 3800 1004 3866 amisit.
1059 3801 1126 3855 Et
1180 3799 1507 3871 ideojejunii
1547 3801 1774 3856 amanda
1808 3809 1893 3857 est

305 3888 652 3953 abstinentia,
670 3897 729 3942 ut
758 3889 873 3945 lucc
904 3891 1085 3955 omnia
1111 3906 1230 3959 qua:
1255 3891 1590 3960 perdidimus
1612 3893 1666 3946 in
1692 3890 1890 3960 Adam,

306 3977 368 4033 in
413 3978 632 4034 Christo
660 3995 767 4035 non
807 3981 1072 4050 peritura,
1109 3981 1204 4035 sed
1239 3996 1639 4052 consequamur
1662 3992 1886 4037 aeterna.

385 4070 472 4125 14.
505 4069 770 4140 Pauperes
789 4089 1021 4126 recreare
1043 4071 1195 4144 (Tob.
1215 4071 1311 4143 tv).
1330 4072 1728 4130 Convenienter
1746 4074 1889 4128 enim

306 4177 413 4217 nos
447 4169 571 4232 post
591 4163 782 4239 jejunii
807 4178 1046 4218 amorem
1087 4163 1155 4218 de
1188 4178 1485 4233 pauperum
1518 4164 1774 4219 admonet
1806 4180 1894 4220 re-

306 4253 608 4320 creatione,
656 4255 782 4324 quia
808 4263 936 4309 tunc
979 4254 1181 4325 optime
1224 4254 1535 4324 jejunamus
1560 4256 1774 4326 quando
1826 4271 1889 4311 ea

308 4360 435 4414 qua:
464 4345 634 4400 ventri
664 4345 1031 4401 subtrabimus
1051 4346 1378 4416 pauperibus
1403 4361 1710 4417 erogamus.
1750 4346 1891 4401 Hinc

1993 1890 2070 1945 bis
2099 1901 2344 1961 paratum
2373 1901 2450 1946 est
2498 1894 2562 1946 ab
2588 1894 2789 1965 origine
2817 1896 3021 1949 mundi.
3090 1896 3227 1962 Quia
3273 1899 3481 1961 esurivi,
3532 1909 3580 1953 et

1991 1980 2206 2036 dedistis
2252 1983 2382 2038 mihi
2430 1984 2773 2050 manducare,
2821 1985 2961 2039 sitivi
2999 1996 3049 2039 et
3080 1986 3298 2041 dedistis
3339 1990 3469 2042 milii
3504 1989 3584 2043 bi-

1993 2071 2131 2137 bere,
2163 2080 2269 2127 etc.
2302 2071 2518 2142 (Matth.
2566 2075 2717 2146 xxv).
2760 2074 3035 2132 Christum
3062 2078 3209 2132 enim
3236 2081 3289 2132 in
3317 2088 3581 2136 mternum

1991 2162 2252 2219 habemus
2292 2166 2697 2233 retributorem,
2745 2169 2792 2223 si
2822 2184 2921 2239 pro
2972 2169 3063 2224 illo
3103 2173 3431 2241 pauperibus
3455 2189 3584 2244 por-

1994 2256 2236 2310 reximus
2267 2272 2482 2327 panem.
2533 2260 2616 2313 Ab
2644 2259 2731 2314 illo
2754 2269 3015 2315 :eternam
3056 2264 3441 2332 consequimur
3487 2265 3585 2320 mi-

1992 2346 2368 2411 sericordiam,
2401 2349 2448 2402 si
2476 2365 2576 2419 pro
2599 2348 2690 2404 illo
2724 2349 2938 2419 plenam
2962 2354 3367 2421 porrexerimus
3391 2353 3581 2411 dexte-

1992 2453 2131 2492 ram.
2193 2439 2396 2494 Demus
2432 2455 2563 2512 ergo
2593 2443 2775 2497 cibum
2811 2451 2867 2498 et
2913 2451 3124 2513 potum,
3173 2452 3233 2499 ut
3260 2460 3387 2500 cum
3411 2443 3587 2500 Abra-

1994 2530 2144 2595 ham,
2166 2528 2317 2584 lsaac
2345 2537 2400 2584 et
2427 2528 2596 2585 Jacob
2620 2531 2688 2586 ad
2719 2532 3025 2587 convivium
3062 2547 3370 2588 mereamur
3390 2549 3585 2604 perve-

1993 2618 2111 2672 nire
2137 2628 2425 2683 tetcrnum,
2450 2626 2508 2671 ut
2538 2617 2648 2673 Πιὶο
2696 2621 3022 2689 recipiamus
3046 2635 3146 2690 pro
3170 2621 3401 2676 terrenis
3424 2621 3586 2677 coale-

1991 2706 2117 2770 stia,
2132 2721 2231 2775 pro
2247 2705 2634 2775 temporalibus
2647 2708 2992 2778 sempiterna,
3008 2725 3108 2779 pro
3124 2709 3350 2766 modicis
3364 2725 3576 2780 magna,

1990 2809 2091 2863 pro
2117 2793 2336 2848 caducis
2363 2795 2757 2863 permanentia,
2786 2811 2887 2866 pro
2916 2798 3318 2852 transeuntibus
3339 2813 3584 2868 perman-

1993 2900 2141 2940 sura.
2196 2885 2292 2941 Est
2306 2885 2450 2939 aliud
2481 2892 2840 2959 eleemosyua:
2867 2904 3037 2959 genus
3056 2889 3232 2955 duale,
3258 2906 3365 2960 quo
3385 2889 3584 2946 debent

1993 2975 2228 3032 maxime
2254 2978 2502 3032 monachi
2522 2994 2788 3049 pauperes
2814 2995 3084 3037 recreare.
3139 2982 3381 3049 Quorum
3413 2999 3581 3038 unum

1992 3066 2226 3123 inﬁrmis
2260 3075 2315 3122 et
2349 3068 2645 3135 tribulatis,
2669 3070 2815 3124 aliud
2842 3086 2974 3143 vero
2994 3073 3176 3128 stultis
3201 3084 3255 3129 et
3286 3075 3581 3129 nescienti-

1991 3157 2093 3212 bus
2114 3165 2197 3212 cst
2222 3158 2608 3213 adhibendum.
2695 3158 2800 3226 Qui
2844 3161 2990 3215 enim
3025 3161 3253 3217 inﬁrmis
3299 3178 3397 3233 per
3441 3179 3585 3218 eom-

1991 3249 2303 3319 passionem
2353 3249 2739 3315 communicat,
2774 3259 2829 3306 et
2887 3252 3155 3309 tribulatis
3195 3254 3581 3312 consolationis

1993 3340 2281 3395 consilium
2303 3341 2699 3407 subministrat,
2726 3343 2842 3398 sine
2867 3343 3032 3399 dubio
3051 3360 3317 3415 pauperes
3348 3354 3577 3401 recreat.

1996 3429 2255 3484 Similiter
2273 3436 2329 3483 et
2343 3430 2434 3498 qui
2453 3431 2759 3485 doctrinam
2784 3433 2985 3498 stultis,
3013 3444 3067 3488 et
3096 3436 3337 3489 scientiae
3352 3437 3576 3492 verbum

1994 3521 2266 3576 ministrat
2311 3521 2539 3592 ignaris,
2585 3523 2997 3593 eleemosynarii
3024 3526 3217 3595 dignus
3238 3535 3323 3582 est
3368 3528 3587 3584 laudari

1992 3612 2301 3684 prmeoniis.

2068 3704 2152 3759 15.
2196 3706 2417 3762 Nudum
2445 3710 2627 3764 vestire
2654 3708 2791 3781 (Isa.
2826 3725 2980 3777 Lvm,
3010 3709 3204 3766 Matth.
3232 3712 3381 3785 xxv).
3423 3710 3580 3768 Sicut

1994 3802 2080 3850 est
2104 3795 2321 3852 nuditas
2350 3800 2618 3869 corporis,
2657 3807 2741 3855 est
2770 3808 2823 3855 et
2870 3802 3089 3857 nuditas
3124 3802 3340 3858 animae.
3408 3803 3579 3861 Nudi-

1995 3898 2079 3946 tas
2116 3892 2360 3961 corporis
2389 3900 2471 3948 est
2501 3907 2690 3948 carere
2718 3894 2976 3960 vestibus,
3014 3896 3231 3952 auditas
3243 3913 3374 3953 vero
3387 3899 3581 3952 animre

1994 3996 2185 4036 carere
2213 3981 2529 4036 virtutibus.
2577 3982 2720 4052 Ergo
2747 3983 2892 4037 sicut
2917 3999 3113 4053 corpus
3140 3987 3403 4052 vestibus,
3426 3987 3500 4041 ita
3527 3998 3584 4042 et

1994 4071 2230 4125 animam
2253 4070 2509 4124 debemus
2546 4072 2745 4125 vestire
2771 4072 3079 4127 virtutibus.
3115 4074 3337 4128 Iustitia
3366 4076 3581 4130 indutus

1992 4177 2130 4225 sum,
2183 4161 2259 4215 ait
2284 4158 2403 4223 Job,
2456 4171 2505 4214 et
2530 4163 2725 4217 vestivit
2759 4180 2858 4228 me,
2912 4165 3045 4217 sicut
3076 4166 3456 4221 vestimentum.
3514 4170 3584 4225 Et

1994 4249 2256 4320 propheta
2283 4249 2414 4303 dicit
2443 4266 2456 4303 :
2494 4249 2676 4304 Induit
2703 4268 2782 4306 me
2805 4254 3105 4308 vestimento
3121 4254 3393 4323 salutis,et
3426 4258 3583 4312 indu-

1994 4352 2165 4396 mento
2177 4341 2530 4411 jucunditatis
2554 4342 2897 4398 circumdedit
2930 4362 3010 4399 me
3034 4345 3168 4418 (Isa.
3189 4348 3323 4419 ut).
3368 4348 3462 4405 llis
3481 4368 3581 4404 au-

306 4437 572 4508 propbcta
600 4452 699 4491 nos
729 4438 982 4493 admonet
1010 4439 1232 4492 dicens:
1260 4436 1601 4506 Sanctiﬁcate
1617 4437 1889 4507 jejunium
1920 4464 1970 4523 D
1999 4439 2108 4486 tem
2140 4439 2195 4485 et
2228 4431 2494 4487 similibus
2544 4435 2782 4489 vestibus
2810 4444 2867 4490 et
2918 4450 2977 4490 se
3007 4446 3061 4491 et
3115 4438 3250 4494 alios
3285 4440 3444 4496 debet
3480 4457 3579 4497 ve-

311 4526 477 4598 (Joel.
509 4526 572 4600 ι).
619 4527 697 4582 Ac
721 4528 765 4583 si
789 4528 1034 4583 diceret:
1077 4528 1231 4596 Quod
1285 4537 1528 4599 tempore
1562 4527 1779 4599 jejunii,
1834 4535 1895 4581 ut

309 4614 603 4691 obligatur,
631 4618 971 4672 subtrahitur
989 4618 1226 4689 corpori,
1265 4636 1365 4690 pro
1385 4618 1819 4674 sanctiﬁcatione
1840 4625 1896 4673 et

308 4709 690 4764 benedictione
710 4711 904 4765 anima:
923 4711 1185 4782 porrigite
1209 4712 1452 4782 pauperi.
1510 4709 1784 4780 Scriptum
1812 4717 1898 4764 est

310 4799 499 4853 enim:
548 4796 779 4871 Pauperi
833 4802 1041 4872 porrige
1074 4818 1290 4854 manum
1335 4811 1503 4865 tuam,
1550 4808 1603 4852 ut
1650 4799 1896 4870 proﬁciat

310 4890 620 4961 prapitiatio
645 4901 691 4944 et
715 4891 1000 4945 benedictio
1045 4900 1137 4945 tua
1188 4888 1507 4962 (Eccli.vit).
1559 4889 1625 4943 Et
1657 4890 1892 4944 iterum:

313 4976 449 5044 Fili,
491 4977 872 5050 eleemosynam
928 4979 1171 5051 pauperis
1213 4996 1275 5033 ne
1320 4970 1566 5048 fraudes,
1613 4987 1660 5031 et
1716 4978 1894 5031 oculos

315 5080 436 5124 tuos
485 5087 548 5125 ne
594 5082 857 5126 avertasa
886 5088 1138 5143 paupere.
1182 5072 1427 5126 Animam
1479 5072 1791 5125 esurientem
1833 5087 1897 5125 ne

315 5157 632 5229 despexeris,
673 5170 722 5215 et
776 5177 867 5214 cor
891 5162 1060 5232 inopis
1092 5178 1155 5216 ne
1204 5162 1469 5232 amiseris.
1527 5159 1653 5213 Non
1693 5170 1896 5213 avertas

294 5248 509 5319 {aciem
546 5257 692 5302 tuam
721 5249 785 5303 ab
809 5266 989 5321 egeno,
1036 5260 1082 5304 et
1107 5251 1172 5304 ab
1200 5251 1352 5320 inope
1402 5247 1583 5303 oculos
1612 5257 1748 5301 tuos.
1798 5248 1899 5303 De;

317 5339 459 5393 elina
496 5342 715 5411 pauperi
748 5359 931 5397 aurem
955 5352 1132 5408 tuam,
1178 5351 1226 5396 et
1271 5340 1426 5394 redde
1450 5340 1680 5393 debitum
1726 5349 1895 5395 tuum.

319 5429 546 5502 Propter
565 5434 874 5487 mandatum
906 5450 1114 5488 assume
1150 5449 1449 5504 pauperem,
1497 5441 1544 5486 et
1586 5441 1796 5503 propter
1820 5431 1902 5483 in-

318 5522 497 5592 opiam
545 5522 660 5593 ejus
713 5541 776 5579 ne
803 5525 1038 5580 dimittas
1065 5523 1214 5579 illum
1243 5540 1484 5589 uacuum,
1529 5524 1619 5578 sed
1648 5519 1901 5575 conclude

318 5613 701 5686 eleemosynam
722 5618 777 5670 in
796 5618 914 5671 sinu
940 5617 1204 5688 pauperis,
1230 5626 1278 5670 et
1305 5616 1390 5669 hic
1418 5616 1589 5670 orabit
1625 5632 1719 5686 pro
1754 5624 1801 5669 te
1830 5613 1900 5668 ad

309 5701 606 5784 .Dominum
634 5704 925 5781 (Eccliav).
979 5707 1452 5778 Rapbaelquoque
1495 5707 1735 5778 angelus,
1781 5715 1899 5761 uta

1999 4522 2132 4577 stire
2189 4523 2507 4577 monachus.
2572 4523 2743 4578 Adam
2776 4541 2904 4581 vero
2933 4542 3056 4581 cum
3093 4540 3375 4598 peccasset
3397 4532 3451 4587 in
3481 4548 3575 4605 pa-

1998 4611 2202 4676 radiso,
2258 4612 2452 4666 animae
2484 4630 2589 4667 non
2634 4616 2880 4684 corporis
2904 4617 3139 4686 perdidit
3175 4620 3576 4677 vestimentum.

1999 4701 2243 4757 Perdidit
2262 4704 2407 4757 enim
2434 4703 2821 4772 innocentiam,
2876 4709 3337 4768 immortalitatem
3377 4722 3435 4769 et
3460 4715 3580 4786 glo-

2002 4794 2158 4849 riam.
2200 4786 2414 4846 Nam’et
2440 4792 2526 4848 ille
2556 4794 2647 4863 qui
2678 4796 2744 4851 de
2769 4794 3071 4854 Jerusalem
3117 4800 3480 4861 descendebat
3524 4807 3583 4862 in

1997 4881 2237 4948 Jeriebo,
2285 4884 2480 4940 animae
2516 4887 2756 4943 vestibus
2784 4891 3045 4959 spoliatus
3082 4902 3165 4948 est
3187 4912 3218 4949 a
3254 4895 3578 4957 latronibus.

2000 4974 2309 5028 Vestiamus
2354 4988 2485 5046 ergo
2539 4979 2893 5050 corporaliter
2937 4996 3202 5052 pauperes
3240 4989 3411 5044 nudos
3457 5006 3586 5046 cum

2000 5080 2193 5135 magna
2220 5065 2524 5133 alacritate,
2547 5069 2673 5137 quia
2698 5070 2874 5138 ipsum
2900 5073 3186 5130 Dominum
3207 5079 3402 5138 exinde
3433 5090 3582 5137 tene-

1998 5155 2177 5210 bimus
2204 5157 2551 5225 creditorem,
2580 5169 2635 5214 et
2686 5160 2898 5217 ﬁdelem
2928 5164 3250 5224 habebimus
3289 5173 3579 5229 retributo-

2000 5265 2135 5305 rem.
2207 5249 2326 5320 lpse
2353 5252 2499 5307 enim
2551 5254 2793 5310 dicturus
2822 5266 2905 5312 est
2940 5259 3084 5316 inter
3135 5272 3330 5319 cratera
3380 5266 3574 5320 nobis:

2010 5340 2206 5407 Venite,
2237 5342 2491 5398 benedicti
2515 5342 2694 5400 Patris
2748 5349 2870 5415 mei,
2915 5334 3163 5422 percipite
3192 5369 3403 5423 regnum
3436 5355 3576 5424 quod

1964 5448 1967 5452 ’
1996 5431 2140 5486 vobis
2162 5442 2408 5501 paratum
2447 5442 2522 5487 est
2553 5434 2617 5489 ab
2658 5437 2857 5507 origine
2898 5440 3098 5505 mundi,
3122 5440 3243 5509 quia
3266 5439 3436 5494 nudus
3472 5440 3571 5509 fui,

1997 5530 2047 5577 et
2072 5522 2411 5591 cooperuistis
2443 5540 2524 5577 me
2565 5525 2780 5596 (Matth.
2814 5529 2963 5602 xxv).
3008 5530 3312 5585 Vestiamus
3340 5541 3575 5587 nosmet-

2001 5613 2145 5684 ipsos
2176 5612 2469 5669 virtutibus
2488 5617 2690 5673 sanctis
2735 5617 2983 5683 interius,
3031 5618 3156 5686 quia
3196 5619 3329 5673 nihil
3354 5623 3576 5689 prodest

2001 5704 2240 5760 vestilus
2270 5705 2466 5761 vestire
2496 5706 2684 5777 alium,
2714 5714 2768 5762 et
2791 5707 3137 5779 semetipsum
3166 5709 3455 5769 virtutibus
3487 5728 3576 5770 τες
