3960 6206
417 342 520 397 7ῗῖ9

1709 332 2060 389 smmum
2074 334 2387 399 ,ABBATIS
3014 307 3020 313 ’
3512 351 3593 408 760

412 462 656 528 linquere
700 457 919 511 nudum.
972 452 1066 507 Sic
1102 452 1246 507 enim
1275 424 1535 506 debemus
1564 450 1685 507 aliis
1711 432 1982 514 misereri,
2015 452 2063 514 Α
2089 450 2329 506 dcamus.
2393 451 2661 506 Mortuum
2690 451 2834 506 enim
2856 451 3052 506 dicitur
3080 462 3362 521 peccatum,
3387 467 3438 514 ut
3458 461 3599 523 illud:

416 561 473 604 ut
498 566 601 604 non
636 547 1017 603 obliviscamur
1045 543 1238 599 nostri.
1301 542 1392 597 Sic
1427 543 1573 597 enim
1600 557 1701 597 nos
1722 542 1789 597 de
1825 556 1988 612 opere

416 637 801 696 misericordia:
846 650 1025 690 sermo
1052 634 1264 689 divinus
1304 633 1559 688 admonet
1587 633 1813 688 dicens:
1865 631 1986 698 Fili,

414 733 673 787 miserere
700 729 892 782 animae
917 734 1024 781 tuae
1051 726 1267 795 placens
1306 725 1435 780 Deo.
1480 725 1621 795 Ergo
1646 725 1699 779 in
1730 733 1990 793 quantum

413 823 655 877 valemus
678 823 1036 875 misereamur
1056 818 1197 883 aliis,
1214 827 1268 872 et
1291 818 1504 873 solliciti
1535 832 1635 872 nos
1657 832 1871 887 semper
1891 815 1991 870 mi-

414 928 694 968 sercamur
714 909 1216 979 nobismetipsis,ut
1242 923 1342 978 pro
1372 907 1493 962 aliis
1517 906 1821 962 mercedem
1836 912 1992 960 inter:

416 1019 562 1066 nam,
618 1012 673 1057 et
700 1016 795 1070 pro
833 1008 1018 1053 nostra
1046 999 1290 1054 custodia
1324 998 1548 1070 pmmia
1592 1012 1992 1068 consequamur

414 1102 694 1161 perpetua.

488 1182 573 1235 16.
607 1181 885 1250 Inﬁrmum
910 1182 1117 1235 visitare
1147 1181 1362 1253 (Matth.
1391 1179 1541 1251 xxv).
1574 1179 1810 1235 Visitare
1833 1178 1995 1234 debe-

414 1275 812 1339 musinlirmos,
843 1275 970 1344 quia
998 1274 1053 1328 in
1072 1274 1203 1343 ipsis
1231 1273 1519 1329 Dominum
1543 1272 1846 1328 visitamus.
1875 1272 1996 1342 Ipse

2094 540 2199 608 Qui
2217 541 2424 596 lavatur
2444 559 2474 595 a
2499 550 2729 608 mortuo,
2754 550 2802 594 et
2824 542 3012 594 iterum
3035 543 3195 612 tangit
3214 554 3468 615 mortuum,
3492 554 3602 609 nihil

2089 634 2294 705 proﬁcit
2341 634 2453 703 ejus
2501 632 2692 688 lavatio
2733 631 2901 704 (Eccl.
2932 633 3141 703 xxxrv),
3170 633 3220 688 id
3245 645 3341 702 est,
3366 641 3449 707 qui
3514 658 3605 710 pag.

2092 726 2310 781 nitendo
2336 726 2586 796 lacrymis
2610 725 2756 779 lavat
2782 731 3088 794 peccatum,
3118 732 3172 778 et
3201 726 3378 799 iterum
3400 734 3607 788 commit.

2096 820 2156 873 tit
2184 826 2487 890 peccatum,
2511 817 2646 872 nihil
2674 817 2721 872 ei
2755 816 3089 887 poenitentia:
3116 817 3337 887 gemitus
3376 820 3449 874 vel
3469 821 3612 894 lacn-

2093 925 2303 964 marum
2333 908 2471 964 fusio
2510 917 2733 979 generat
2754 906 2984 961 fructus.
3024 906 3213 961 Anima
3239 910 3372 963 enim
3400 926 3504 980 qua:
3516 929 3614 983 pec-

2094 1000 2321 1064 caverit,
2359 999 2471 1067 ipsa
2525 998 2803 1053 morietur.
2884 995 3017 1050 Nam
3060 1004 3115 1051 et
3139 996 3227 1050 illa
3254 999 3435 1067 puella,
3482 1017 3618 1071 quam

2095 1088 2379 1145 suscitavit
2407 1087 2666 1142 Dominus
2689 1086 2743 1140 in
2765 1086 2943 1149 domo,
2985 1095 3261 1154 peccatum
3287 1088 3530 1158 signiﬁcat
3549 1092 3617 1145 la-

2096 1188 2217 1234 tens
2254 1179 2308 1233 in
2335 1178 2546 1243 animo;
2595 1185 2652 1231 et
2678 1176 2729 1230 in
2756 1175 2850 1230 illo
2896 1190 3058 1245 Quem
3090 1174 3230 1231 foras
3250 1186 3449 1246 portam
3469 1180 3624 1235 Domi-

2096 1283 2199 1323 nus
2249 1265 2529 1321 substituit
2572 1263 2732 1320 unico
2758 1265 2948 1319 matris
2976 1264 3113 1331 ﬁlio,
3169 1273 3435 1335 peccatum
3456 1270 3619 1326 anima:

413 1363 559 1416 enim
618 1363 757 1417 inter
786 1371 981 1417 caetera
1010 1362 1163 1418 nobis
1196 1363 1441 1418 dicturus
1484 1370 1568 1417 est
1608 1361 1997 1416 misericordiae
2090 1357 2203 1428 jam
2225 1371 2505 1427 egressum
2534 1353 2679 1409 foras
2704 1355 2757 1408 in
2784 1354 3078 1423 publicum.
3111 1354 3180 1409 Et
3212 1355 3458 1428 Lazarus,
3487 1374 3622 1428 quem

413 1455 611 1521 opera:
660 1451 915 1521 Inﬁrmus
952 1453 1054 1521 fui,
1095 1461 1144 1505 et
1198 1454 1447 1508 visitastis
1477 1470 1579 1506 me.
1629 1453 1921 1508 Visitcmus
1942 1462 2000 1508 et
2098 1449 2239 1505 idem
2270 1446 2532 1501 Dominus
2575 1444 2858 1499 suscitavit
2907 1444 3626 1517 quatriduanum(.loan.x1),

414 1556 577 1594 causa
623 1540 1055 1608 compunctionis
1084 1539 1348 1605 inﬁrmos,
1390 1548 1450 1594 ut
1495 1556 1617 1595 cum
1645 1540 1833 1606 Paulo,
1867 1540 1997 1606 Quis
2092 1537 2203 1607 jam
2232 1535 2385 1590 multi
2425 1535 2681 1603 temporis
2706 1541 2987 1615 peccatum
3033 1533 3364 1588 demonstrat
3410 1538 3627 1591 commis-

414 1628 738 1696 inﬁrmatur,
782 1639 833 1682 et
869 1645 960 1701 ego
988 1645 1091 1682 non
1117 1628 1401 1698 inﬁrmor?
1423 1626 1632 1701 (IlCor.
1665 1629 1790 1701 x1),
1818 1630 1998 1685 dicere

413 1721 705 1790 possimus.
756 1720 1052 1776 Visitcmus
1077 1728 1132 1775 et
1162 1735 1324 1775 causa
1354 1721 1768 1787 vicissitudinis,
1797 1720 1849 1778 id
1887 1729 1995 1788 est,

2100 1644 2238 1683 sum.
2316 1627 2391 1681 De
2438 1626 2525 1680 his
2552 1640 2682 1695 ergo
2711 1624 2952 1679 omnium
2998 1623 3287 1695 generibus
3333 1632 3627 1679 mortuorum

2102 1735 2231 1775 usus
2263 1716 2554 1787 sepeliendi
2580 1716 2870 1771 (lebetesse
2898 1714 3143 1769 omnium
3172 1714 3633 1777 bominum,etma-

414 1819 477 1864 ut
503 1825 626 1865 cum
675 1810 939 1867 fuerimus
985 1812 1207 1876 inﬁrmi,
1233 1814 1558 1870 visitemura
1597 1816 1761 1869 sanis.
1798 1816 1997 1870 Visite-

2103 1810 2247 1864 xime
2280 1795 2689 1861 monachorum.
2736 1805 2813 1860 De
2851 1805 2953 1859 hoc
2991 1805 3139 1858 enim
3168 1803 3446 1873 sepeliendi
3468 1818 3632 1874 genere

417 1896 539 1958 mus
573 1914 627 1958 et
658 1905 831 1975 gratia
863 1902 1332 1975 dilectionis,quia
1358 1905 1620 1982 scriptum
1642 1914 1765 1961 est:
1797 1906 1921 1961 Non
1946 1917 1996 1961 te

412 1995 583 2064 pigeat
636 1995 841 2048 visitare
867 1995 1123 2063 inﬁrmos,
1170 2012 1234 2049 ea:
1287 1997 1410 2065 ipsis
1449 1998 1587 2051 enim
1616 1997 1673 2050 in
1722 1996 1996 2053 dilectione

414 2082 709 2150 ﬁrmabcris
738 2081 1058 2155 (Eccll-Vll).
1100 2082 1209 2139 Sed
1236 2084 1393 2140 etille
1421 2084 1664 2141 inﬁrmos
1690 2085 1871 2140 visitat
1900 2088 1992 2156 qui

416 2173 700 2226 monachis
720 2173 789 2227 de
824 2187 921 2226 sua
950 2174 1252 2228 substantia
1283 2174 1653 2246 elcemosynas
1700 2176 1990 2231 ministrat.

415 2261 492 2314 De
525 2263 804 2317 monachis
828 2264 971 2317 enim
1013 2264 1271 2337 scriptum
1302 2273 1427 2320 est:
1467 2262 1730 2319 Formica:
1772 2264 1994 2335 populus

413 2349 677 2418 inﬁrmus,
708 2351 798 2421 qui
819 2362 971 2422 parat
996 2353 1049 2407 in
1077 2370 1239 2408 messe
1275 2354 1447 2408 cibum
1473 2354 1572 2409 sibi
1620 2351 1804 2427 (Prov.
1839 2354 1991 2426 xxx).

419 2437 527 2493 Sed
579 2446 633 2493 et
674 2439 763 2494 ille
791 2441 1059 2495 veraciter
1099 2441 1342 2498 inﬁmos
1370 2443 1575 2509 visitat,
1607 2443 1698 2515 qui
1728 2442 1904 2497 viduis
1941 2451 1997 2499 et

416 2528 636 2598 pupillis
672 2529 1044 2603 clccmosynas
1063 2541 1269 2605 erogat.
1321 2533 1508 2590 Viduas
1530 2533 1673 2587 enim
1703 2541 1757 2589 et
1785 2533 1992 2603 pupilli,

418 2619 509 2687 qui
536 2629 661 2674 sunt
706 2621 938 2677 humiles
963 2632 1020 2677 et
1045 2638 1311 2694 pauperes
1334 2625 1525 2697 spiritu
1563 2633 1787 2697 propter
1810 2626 1995 2679 Domi-

420 2724 571 2774 num,
622 2710 809 2779 procul
847 2710 1009 2766 dubio
1035 2713 1159 2781 quia
1196 2722 1444 2783 potentes
1466 2730 1574 2769 non
1609 2721 1755 2778 sunt,
1796 2713 1997 2768 inﬁrmi

418 2806 546 2851 sunt
578 2798 630 2851 in
661 2800 763 2854 hoc
794 2800 1010 2868 mundo,
1034 2810 1089 2856 et
1112 2803 1438 2858 visitationis
1464 2803 1733 2873 adiutorio
1753 2804 2001 2877 indigent

418 2889 474 2942 in
510 2889 614 2944 hoc
667 2890 885 2946 sarculo.
944 2891 1020 2946 De
1071 2893 1164 2947 tali
1208 2893 1353 2947 enim
1385 2894 1696 2949 visitationc
1722 2894 2001 2965 apostolus

418 2980 538 3034 ait:
591 2979 789 3051 Religio
825 2982 1023 3036 munda
1074 2992 1123 3037 et
1185 2983 1525 3037 immaculata
1560 2984 1703 3055 apud
1737 2984 1903 3054 Deum
1953 2993 2001 3040 et

420 3070 638 3126 Patrem
669 3073 780 3126 hare
802 3082 877 3127 est
912 3088 931 3125 :
972 3072 1196 3128 Visitare
1220 3073 1446 3145 pupillos
1469 3083 1517 3128 et
1538 3076 1724 3131 viduas
1749 3078 1806 3130 in
1835 3074 2002 3129 tribu-

421 3162 617 3215 latione
660 3178 864 3227 eorum,
897 3172 1003 3217 etc.
1056 3163 1197 3229 (Jac.
1238 3163 1298 3235 ι).
1363 3164 1459 3220 Est
1479 3175 1532 3219 et
1554 3165 1660 3220 alia
1710 3165 2002 3221 inﬁrmitas

424 3252 619 3306 anima:
645 3266 744 3321 pro
779 3267 887 3321 qua
922 3252 1174 3308 monachi
1208 3254 1406 3309 debent
1437 3254 1666 3309 invicem
1694 3269 1752 3310 se
1780 3254 2003 3309 visitare

423 3340 744 3411 saepissime,
768 3340 856 3395 illa
877 3340 1084 3397 scilicet
1108 3342 1174 3397 de
1202 3357 1307 3411 qua
1335 3342 1507 3398 David
1534 3343 1749 3399 diccbat
1776 3362 1788 3397 :
1844 3342 2005 3399 Mise-

423 3448 539 3485 rere
559 3431 987 3497 mihi,.Domine,
1021 3434 1270 3503 quoniam
1298 3432 1539 3502 inﬁrmus
1580 3450 1717 3499 sum,
1739 3451 1873 3488 sana
1899 3451 1998 3499 me,

423 3520 645 3575 Domine
668 3520 840 3593 (Psal.
873 3520 970 3596 vi).
1020 3522 1086 3576 Et
1114 3532 1172 3577 ut
1197 3523 1511 3580 adverteres
1555 3525 1621 3581 de
1646 3541 1752 3595 qua
1777 3526 2004 3581 inﬁrmi-

423 3617 536 3663 tate
577 3608 816 3675 diceret,
861 3609 1113 3666 addidit:
1163 3612 1232 3665 Et
1279 3615 1460 3667 anima
1511 3630 1626 3668 mea
1664 3616 1873 3670 turbata
1928 3625 2005 3670 est

424 3698 578 3753 valde
604 3699 815 3770 (lbid.).
872 3700 939 3754 Et
965 3702 1092 3756 alibi
1125 3719 1139 3755 :
1175 3702 1286 3773 Ego
1309 3703 1422 3757 dixi
1447 3723 1458 3757 :
1485 3704 1727 3771 Domine,
1758 3708 2005 3762 miserere

426 3792 551 3855 mei,
581 3807 712 3845 sana
727 3793 957 3845 animam
981 3810 1167 3858 meam,
1194 3791 1550 3867 quia'peccavi
1580 3796 1673 3850 tibi
1699 3795 1872 3873 (Psal.
1890 3800 2001 3872 xc).

426 3879 572 3950 Ergo
603 3880 909 3951 ubicunque
937 3882 1096 3953 hujus
1122 3883 1454 3939 inﬁrmitatis
1505 3900 1659 3941 ntevo
1712 3887 2005 3944 viderimus

426 3970 650 4025 fratrem
695 3987 1031 4041 oppressum,
1058 3974 1243 4029 tandiu
1273 3975 1348 4029 illi
1379 3976 1705 4032 visitationis
1727 3976 2006 4048 impenda-

428 4077 549 4115 mus
598 4062 855 4127 studium,
888 4063 1060 4118 donec
1076 4063 1141 4118 ad
1162 4063 1352 4120 salutis
1381 4066 1670 4133 pristinum
1717 4076 2007 4123 revocetur

425 4160 668 4218 statum;
723 4160 784 4206 ut
812 4162 869 4208 et
913 4153 1163 4211 inﬁrmus
1183 4170 1410 4225 corpore
1440 4167 1642 4214 nostra:
1676 4160 2006 4216 visitationis

427 4240 701 4306 solatium,
730 4251 787 4297 et
811 4243 1058 4299 inﬁrmus
1090 4245 1144 4299 in
1172 4245 1371 4311 anima,
1403 4247 1637 4302 donante
1660 4246 1896 4312 Christo,
1922 4263 2007 4304 rc-

427 4335 664 4389 medium
721 4335 963 4392 inveniat
1021 4338 1429 4407 sempiternum.
1511 4339 1759 4395 Inﬁrmus
1810 4342 2008 4397 dicitur

428 4438 534 4478 non
567 4425 740 4479 solum
791 4437 1044 4496 :egrotus,
1095 4428 1191 4484 sed
1238 4429 1403 4484 etiam
1439 4432 1621 4487 animo
1651 4433 1912 4489 molestus
1951 4440 2009 4488 ct

427 4517 799 4572 contristatus.
860 4538 865 4543 -

504 4607 588 4660 l7.
642 4608 914 4663 .llortuum
949 4612 1165 4681 sepelire
1214 4613 1364 4684 (Tob.
1408 4632 1448 4681 ι,
1485 4631 1547 4680 n,
1580 4614 1702 4689 xu).
1759 4617 2007 4691 Cungrue

429 4708 608 4753 autem
641 4710 923 4770 postquam
955 4704 1111 4759 nobis
1158 4708 1417 4776 prmcepit
1448 4707 1722 4768 inﬁrmum
1760 4711 2004 4777 visitare,

428 4790 685 4858 praecepit
706 4801 760 4846 et
783 4804 1053 4849 mortuum
1081 4795 1330 4866 sepelire,
1359 4798 1484 4867 quia
1504 4798 1719 4853 inﬁrmo
1747 4794 2004 4867 visitatib,

430 4879 707 4946 sepultura
743 4897 872 4938 vero
893 4884 1120 4940 debetur
1146 4896 1380 4942 mortuo.
1422 4887 1692 4959 Scriptum
1713 4900 1796 4945 est
1822 4892 1964 4947 enim
1990 4907 2004 4947 :

433 4964 563 5032 Fili,
586 4968 639 5021 in
663 4980 868 5024 mortuo
895 4972 1093 5043 produc
1109 4974 1389 5046 lacrymas,
1413 4989 1461 5031 et
1489 4979 1641 5048 quasi
1662 4979 1797 5032 dura
1821 4998 2007 5050 passus

431 5056 598 5129 incipe
621 5059 850 5129 plorare,
893 5073 940 5116 et
968 5067 1252 5121 secundum
1256 5067 1521 5139 judicium
1544 5069 1706 5123 conde
1735 5087 1922 5142 corpus
1949 5072 2008 5125 il-

431 5148 556 5213 lius,
582 5159 630 5202 et
659 5166 761 5203 non
790 5151 1045 5223 despicias
1066 5157 1386 5226 sepulturam
1405 5160 1519 5229 ejus
1551 5158 1699 5231 (Eccl
1710 5162 2001 5234 riuum).

429 5238 601 5296 Valde
651 5242 795 5295 enim
840 5258 871 5296 a
923 5246 1241 5312 quibusdam
1283 5249 1586 5304 mirandum
1631 5252 1865 5318 videtur,
1908 5269 2007 5310 cur

429 5329 622 5385 beatus
635 5330 958 5387 Benedictus
977 5337 1232 5405 prtecepit
1252 5339 1530 5393 monachis
1556 5349 1828 5395 mortuum
1858 5357 2009 5413 sepe-

432 5417 548 5473 lire.
596 5419 867 5490 Nunquid,
897 5421 1066 5486 aiunt,
1108 5430 1200 5477 aut
1251 5439 1409 5479 suum
1454 5427 1781 5498 insepultum
1836 5431 2003 5486 relin-

432 5525 621 5576 quere,
662 5521 753 5566 aut
780 5511 1004 5568 alterius
1038 5529 1138 5583 per
1189 5515 1333 5571 vicos
1364 5527 1458 5571 aut
1476 5519 1629 5575 villas
1651 5522 1731 5577 ire
1756 5531 2010 5593 poterunt

2100 1899 2289 1953 beatus
2325 1895 2646 1950 Benedictus
2685 1894 2942 1964 praecepit
2977 1893 3262 1948 monachis
3285 1902 3533 1946 mortuum
3558 1907 3633 1947 se-

2100 1986 2290 2055 pelire,
2324 1985 2376 2039 id
2407 1992 2510 2050 est,
2542 1983 2588 2038 si
2616 1982 2780 2037 fuerit
2825 1983 2967 2037 sicut
2989 1981 3172 2052 puella
3215 1981 3270 2036 in
3294 1983 3463 2047 domo,
3488 1981 3635 2035 adhuc

2102 2087 2281 2132 tamen
2312 2076 2366 2130 in
2394 2075 2721 2130 conseientia
2750 2073 2924 2129 latens
2951 2082 3260 2144 peccatum,
3306 2088 3371 2128 ne
3414 2073 3461 2127 in
3499 2086 3636 2142 opere

2101 2176 2360 2240 appareat
2389 2169 2460 2224 ibi
2490 2168 2719 2237 sepelire
2738 2183 2861 2223 eum
2887 2185 2901 2233 ;
2950 2176 3004 2223 et
3037 2168 3082 2223 si
3107 2166 3218 2237 jam
3250 2167 3403 2221 fuerit
3430 2168 3477 2221 in
3501 2180 3638 2235 apere

2101 2257 2449 2312 manifestum
2474 2298 2489 2323 ,
2531 2258 2675 2313 sicut
2701 2257 2767 2313 de
2795 2257 2887 2312 illo
2912 2258 3075 2313 unico
3110 2259 3299 2314 matris
3326 2257 3427 2312 ﬁlio
3454 2257 3636 2324 legitur,

2094 2348 2208 2419 jam
2234 2347 2381 2402 foras
2406 2356 2618 2416 portam
2677 2347 2850 2413 elato,
2895 2363 2963 2402 ne
2997 2346 3232 2417 amplius
3283 2360 3514 2402 crescens
3536 2358 3640 2414 pro-

2101 2438 2399 2510 grediatur,
2438 2437 2508 2491 ibi
2565 2436 2727 2492 ﬁnem
2760 2437 3033 2509 accipiat,
3094 2446 3150 2492 et
3208 2437 3381 2493 cordis
3429 2436 3642 2505 sepulcro

2102 2533 2388 2589 condatur.
2426 2532 2492 2587 Et
2521 2532 2568 2588 si
2583 2533 2840 2588 diuturno
2854 2532 2969 2602 jam
2996 2542 3242 2604 tempore
3259 2549 3353 2604 per
3372 2541 3638 2603 peccatum,

2102 2630 2155 2677 et
2190 2622 2243 2676 in
2263 2622 2517 2679 omnibus
2544 2622 2596 2676 in
2619 2621 2894 2693 publicum
2918 2623 3271 2679 manifestum
3287 2663 3302 2687 ,
3334 2631 3387 2678 et
3410 2637 3438 2676 a
3465 2620 3641 2676 cunctis

2104 2712 2265 2767 fuerit
2289 2711 2515 2767 fetidum
2534 2711 2861 2781 judicatum,
2905 2713 3051 2768 sicut
3095 2713 3163 2768 de
3197 2706 3536 2784 quatriduano
3554 2710 3640 2764 La-

2104 2816 2231 2856 zaro
2254 2802 2482 2873 legitur,
2528 2818 2599 2859 ne
2623 2802 2766 2858 ultra
2813 2803 2867 2857 in
2899 2803 3122 2861 homine
3152 2802 3413 2876 pullulans
3442 2805 3638 2861 crescat.

2108 2892 2325 2946 tandem
2372 2893 2758 2947 mortiﬁcatum
2800 2893 3012 2963 pariter
3033 2903 3094 2948 et
3115 2892 3378 2964 sepultum
3393 2889 3568 2963 jaceat.
3588 2886 3645 2941 Et

2104 2983 2209 3037 hoc
2240 2982 2399 3037 modo
2439 2983 2616 3038 omnis
2642 2983 2940 3039 monachus
2963 3024 2978 3048 ,
3008 2993 3068 3038 et
3110 2983 3177 3037 ad
3206 2982 3476 3038 Dominum
3497 2975 3645 3032 omnis

2106 3086 2419 3139 conversus,
2470 3072 2632 3128 debet
2679 3081 2985 3141 mortuum,
3017 3074 3077 3129 id
3108 3080 3225 3141 est,
3276 3086 3425 3128 suum
3452 3066 3646 3139 sepelire

2107 3171 2414 3234 peccatum.

2179 3254 2366 3310 {8-19.
2420 3253 2490 3309 In
2520 3252 2859 3308 tribulatione
2896 3255 3175 3311 subvenire
3217 3268 3236 3308 :
3280 3252 3520 3311 dolentem
3550 3264 3648 3305 con-

2104 3345 2268 3399 solari
2313 3342 2606 3418 (Eccli.v1).
2645 3344 2773 3401 Haec
2802 3361 3015 3417 quoque
3051 3348 3231 3402 virtus
3276 3346 3414 3401 inter
3458 3347 3646 3398 sanctos

2106 3435 2333 3490 multum
2359 3443 2444 3491 est
2463 3438 2775 3492 necessaria
2802 3437 3125 3505 monachos,
3151 3437 3424 3503 videlicet,
3440 3440 3493 3488 ut
3518 3427 3651 3486 alteri

2105 3528 2389 3584 subveniat
2412 3526 2568 3591 alter,
2599 3535 2653 3581 et
2679 3527 2817 3582 alter
2860 3528 3178 3584 consoletur
3217 3529 3285 3582 ab
3309 3527 3489 3582 altero.
3520 3521 3651 3576 Sicut

2105 3619 2369 3689 scriptum
2397 3626 2483 3672 est
2525 3636 2540 3673 :
2572 3617 2805 3672 Invicem
2850 3635 3009 3673 onera
3051 3628 3225 3673 vestra
3249 3624 3475 3688 portate,
3521 3619 3562 3665 et
3589 3608 3651 3663 sic

2106 3709 2454 3781 adimplcbitis
2477 3709 2639 3780 legem
2682 3707 2881 3763 Christi
2924 3706 3071 3780 (Gal.
3105 3707 3184 3781 γι)
3211 3749 3226 3774 ,
3269 3707 3321 3762 id
3369 3711 3479 3771 est,
3505 3697 3655 3756 chari-

2108 3810 2296 3857 tatem.
2348 3800 2480 3855 Sine
2505 3800 2669 3855 dubio
2692 3801 2839 3855 enim
2887 3808 2942 3854 et
2995 3799 3260 3857 tribulato
3285 3797 3510 3853 Charitas
3553 3788 3655 3846 sub-

2105 3891 2300 3957 venit,
2353 3899 2408 3945 et
2442 3890 2712 3946 dolentem
2747 3889 2989 3944 charitas
3034 3889 3368 3945 consolatur.
3404 3880 3656 3940 Sciendum

2111 3991 2289 4037 tamen
2317 3982 2442 4052 quia
2474 3981 2760 4051 aliquoties
2786 3982 3058 4037 monacho
3088 3980 3369 4037 tribulatio
3394 3976 3654 4034 suscitatur

2106 4073 2347 4127 exterius
2374 4072 2442 4126 ab
2469 4073 2706 4138 homine,
2736 4072 3026 4142 aliquoties
3047 4089 3182 4128 vero
3211 4072 3497 4129 suscitatur
3520 4082 3547 4121 a
3569 4063 3657 4118 dte-

2108 4178 2289 4228 monc,
2321 4163 2604 4234 aliquoties
2620 4173 2798 4219 autem
2828 4165 2995 4235 ipsius
3010 4174 3227 4220 tantum
3240 4163 3450 4236 proprio
3463 4157 3655 4215 suscita-

2110 4262 2199 4307 tur
2219 4270 2249 4307 a
2264 4267 2510 4323 corpore.
2530 4252 2684 4308 Unde
2695 4262 2749 4308 et
2761 4252 3081 4324 frequenter
3098 4255 3157 4309 in
3174 4253 3515 4309 tribulatione
3530 4244 3658 4301 valde

2110 4346 2477 4402 necessariam
2501 4344 2667 4400 habet
2698 4345 2883 4400 l'ratris
2917 4346 3360 4409 subventionem,
3397 4349 3449 4397 et
3470 4354 3564 4393 non
3587 4349 3658 4390 so-

2037 4461 2082 4518 D
2110 4438 2220 4492 lum
2267 4437 2420 4493 nobis
2479 4437 2534 4492 in
2586 4437 2817 4492 invicem
2866 4438 3207 4503 subvenire,
3258 4435 3350 4492 sed
3392 4442 3443 4487 et
3466 4426 3658 4518 aliisin

2111 4545 2436 4605 quacunque
2484 4529 2811 4584 necessitate
2864 4529 3059 4598 positis
3116 4524 3487 4584 subventionis
3519 4517 3660 4587 ,debe‘

2112 4638 2232 4676 mus
2271 4621 2529 4674 auxilium
2581 4621 2912 4675 ministrare.
2955 4620 3276 4675 Secundum
3308 4618 3447 4674 enim
3491 4621 3660 4682 prece-

2110 4718 2261 4781 ptum
2291 4708 2533 4778 Apostoli
2561 4708 2805 4763 debemus
2834 4709 3063 4780 gaudere
3094 4726 3218 4762 cum
3245 4702 3595 4779 gaudentibus,
3618 4703 3658 4749 el

2110 4801 2236 4870 ﬂere
2263 4816 2380 4853 cum
2422 4800 2666 4869 ﬂentibus
2717 4799 2895 4872 (Rom.
2928 4799 3050 4871 xu).
3111 4799 3336 4856 Duobus
3386 4795 3523 4851 enim
3567 4802 3661 4845 mo-

2114 4892 2198 4947 dis
2242 4892 2419 4945 omnis
2454 4889 2686 4945 ellicitur
2715 4891 2935 4957 dolens,
2976 4891 3031 4945 id
3082 4901 3210 4957 est,
3252 4898 3347 4944 aut
3384 4902 3474 4957 per
3511 4882 3662 4953 jactu-

2114 4998 2230 5037 ram
2281 4982 2655 5054 temporalium
2690 4995 2905 5048 rerum,
2945 4990 3039 5035 aut
3084 4997 3190 5053 per
3243 4980 3437 5035 damna
3478 4969 3660 5044 spirita-

2113 5073 2242 5128 lium
2307 5076 2585 5128 virtutum.
2636 5072 2712 5129 De
2758 5073 2863 5128 hoc
2913 5071 3061 5127 enim
3122 5071 3382 5126 Salomon
3437 5068 3506 5119 ait
3549 5079 3561 5113 :
3605 5056 3660 5111 Et

2112 5164 2261 5219 addit
2298 5164 2578 5219 scientiam
2605 5205 2620 5229 ,
2672 5163 2824 5220 addit
2872 5163 3119 5218 dolorem
3156 5160 3369 5230 (Eccle.
3400 5157 3469 5228 ι).
3504 5146 3659 5209 Deillo

2111 5264 2288 5311 autem
2326 5255 2426 5310 Job
2469 5255 2647 5310 dixit:
2692 5253 2832 5319 Quid
2883 5254 3085 5322 agam?
3122 5251 3248 5306 Etsi
3295 5261 3528 5305 tacuere.
3577 5250 3659 5290 κοιι

2106 5349 2330 5418 quiescet
2380 5347 2533 5402 dolor
2586 5365 2767 5411 meus,
2825 5354 2931 5402 etc.
2961 5345 3090 5416 (Job
3150 5344 3291 5415 xvx).
3332 5342 3475 5399 Unus
3512 5341 3658 5390 autem

2109 5437 2402 5491 carnaliter
2450 5437 2635 5502 dolet,
2678 5437 2819 5492 alter
2855 5452 2983 5491 vero
3026 5435 3375 5506 spiritaliter.
3419 5431 3553 5486 Unus
3582 5420 3638 5474 d0

2109 5526 2185 5581 let
2229 5529 2355 5596 quia
2430 5536 2707 5583 terrenum
2763 5528 2945 5582 amisit
3012 5527 3317 5590 solatium,
3383 5522 3513 5577 alius
3558 5508 3659 5584 ll“ia

435 5601 680 5654 umnachi
712 5610 952 5658 mortuos
984 5604 1211 5674 sepelire
1236 5607 1260 5661 ?
1312 5606 1417 5663 Sed
1444 5610 1570 5680 quia
1604 5612 1707 5666 ista
1735 5629 1841 5667 non
1872 5630 2005 5669 con-
2098 5621 2388 5686 peccanlo
2421 5619 2631 5688 copiam
2659 5620 2842 5673 amisit
2870 5619 3141 5672 virtutum
3168 5635 3184 5683 ;
3234 5632 3374 5671 unus
3400 5612 3533 5667 dolet
3555 5601 3659 5676 quia

434 5690 969 5760 wniuutmunuchis,
1001 5699 1267 5755 sermonis
1294 5698 1454 5768 hujus
1477 5703 1909 5759 convenientiam
1931 5705 2008 5760 vi-

2111 5708 2344 5776 pcrdidit
2390 5718 2604 5779 patrem
2640 5718 2695 5766 et
2748 5719 2973 5766 matrem
3008 5749 3026 5776 ,
3090 5709 3236 5768 alius
3270 5708 3410 5765 dolet
3443 5700 3554 5776 quia
3589 5706 3664 5750 ωε
