3960 6206
252 343 353 401 76!

1283 347 1638 404 COMMENT.
1679 349 1746 403 ΙΝ
1787 349 1946 408 REG.
1989 349 2047 407 S.
2089 351 2469 412 BENEDICTI.

3405 362 3511 418 762
3565 411 3568 421 .

249 455 550 530 perbiendo
603 455 964 511 humilitatem
1015 465 1069 511 et
1113 456 1436 514 luxuriando
1466 461 1697 531 perdidit
1728 477 1822 515 ca-
1852 466 1903 523 Α
1927 479 2056 518 vero
2093 473 2273 520 rectus
2319 475 2420 533 est,
2470 467 2706 524 charitas
2733 469 2820 524 vel
2846 469 3059 525 dilectio
3082 471 3299 526 dicitur.
3349 473 3510 529 Chri-

253 550 534 607 stitatem;
590 562 729 600 unus
773 547 920 600 dolet
964 548 1090 616 quia
1131 549 1381 604 solatium
1407 558 1689 620 parentum
1737 565 1827 619 pa-

1928 554 1993 605 sti
2024 555 2164 608 enim
2201 566 2283 611 est
2325 573 2485 612 omne
2532 561 2673 628 quod
2708 576 3030 630 possumus:
3083 561 3172 616 illo
3199 563 3512 621 viviﬁcante

254 640 391 692 riter
426 637 609 690 amisit
641 645 697 690 et
733 638 1031 692 subsidium
1071 654 1250 694 rerum
1273 682 1288 706 ,
1331 641 1468 696 alius
1521 642 1647 710 quia
1702 656 1828 710 pec—
1926 645 2176 711 vivimus,
2217 648 2411 717 illoque
2439 659 2728 720 vegetante
2756 666 3036 705 movemur
3060 661 3117 706 et
3145 668 3372 717 sumus;
3418 656 3508 710 illo

253 727 428 782 cando
498 741 720 795 regnum
785 728 992 794 pariter
1037 736 1298 783 aeternum
1354 730 1535 783 amisit
1587 738 1642 783 et
1693 745 1829 799 pra:-

257 819 424 870 mium
454 833 468 882 ;
512 832 652 870 unus
689 817 832 871 dolet
872 819 1000 886 quia
1033 821 1260 873 terrenis
1303 835 1507 888 pauper
1542 818 1716 875 factus
1746 828 1829 875 est

257 907 459 970 rebus,
521 905 660 958 alius
701 907 829 975 quia
878 922 1084 975 pauper
1145 907 1318 962 factus
1371 917 1454 962 est
1501 909 1824 975 virtutibus;

257 1013 398 1050 unus
422 997 563 1050 dolet
595 999 721 1066 quia
767 999 1068 1068 despicitur
1096 1015 1126 1052 a
1157 1001 1377 1064 mundo,
1410 1000 1546 1054 alius
1577 1002 1704 1069 quia
1749 1016 1829 1055 se—

254 1099 480 1158 paratur
500 1090 674 1142 aDeo.
702 1090 768 1142 Et
796 1090 935 1150 ideo,
963 1106 1028 1144 ne
1049 1092 1102 1144 in
1129 1091 1310 1145 dolore
1333 1102 1574 1160 pereant,
1603 1091 1826 1145 fratrum

255 1179 680 1234 consolationem
732 1181 1000 1250 accipiant
1027 1182 1208 1236 ambo.
1234 1183 1468 1236 Visitent
1493 1198 1621 1252 ergo
1647 1199 1833 1237 mona-

255 1276 344 1328 chi
377 1284 651 1344 utrosque,
681 1275 808 1345 quia
847 1287 1108 1330 aeternam
1137 1277 1439 1332 mercedem
1466 1277 1731 1346 accipient
1765 1278 1832 1332 ab

167 1372 186 1380 ’
252 1366 524 1434 utrisque.

324 1457 414 1510 20.
449 1457 490 1508 Α
515 1457 694 1511 saeculi
730 1457 931 1510 actibus
954 1474 1007 1510 se
1035 1457 1206 1526 facere
1230 1458 1478 1512 alienum.
1527 1457 1719 1523 Nemo,
1760 1459 1835 1512 ait

247 1548 563 1617 Apostolus,
593 1549 825 1604 militans
859 1550 967 1604 Deo
1009 1551 1240 1620 implicat
1277 1569 1332 1606 se
1371 1554 1586 1622 negotiis
1616 1552 1837 1607 sarcula-

249 1638 423 1700 ribus,
451 1648 504 1690 ut
535 1639 582 1691 ei
608 1637 809 1707 placeat
840 1641 924 1692 cui
955 1657 1008 1692 se
1029 1640 1264 1709 probavit
1297 1641 1382 1710 (ΙΙ
1415 1642 1547 1695 Tim.
1585 1642 1665 1710 ιι).
1701 1643 1836 1696 Hinc

249 1726 514 1780 Dominus
544 1729 619 1780 ait
645 1741 659 1779 :
706 1726 810 1791 Qui
837 1745 936 1780 non
960 1729 1218 1808 dimiserit
1243 1729 1418 1782 omnia
1441 1746 1558 1798 qua:
1585 1731 1831 1799 possidet,

1928 751 2027 790 nos
2079 739 2228 806 prius
2279 740 2534 810 diligente
2586 742 2875 812 diligimus,
2936 744 3165 814 diligens
3215 747 3360 800 enim
3407 764 3508 804 nos

1928 828 2135 880 creavit
2163 837 2218 882 et
2265 830 2594 896 viviﬁcavit;
2641 834 2866 887 nutrivit
2907 844 2962 887 et
2988 837 3310 902 custodivit,
3350 847 3403 892 et
3440 839 3509 893 ad

1931 914 2203 969 lavacrum
2228 920 2649 988 regenerationis
2677 922 2954 989 perduxit;
2981 925 3277 989 renovavit,
3311 927 3508 996 guber-

1931 1007 2098 1071 navit,
2129 1017 2182 1060 et
2211 1009 2277 1062 ad
2303 1010 2689 1080 intelligibilem
2712 1020 2924 1066 aetatem
2952 1014 3168 1067 evexit:
3197 1016 3509 1071 hazcomnia

1934 1096 2087 1149 nobis
2117 1097 2540 1154 misericorditer
2567 1111 2622 1155 et
2649 1117 2743 1170 per
2770 1103 3108 1157 dilectionem
3145 1114 3400 1174 operatus
3425 1116 3510 1162 est

1934 1188 2094 1241 Deus.
2136 1189 2297 1257 Aperi
2330 1206 2477 1262 ergo,
2526 1210 2558 1248 ο
2588 1195 2874 1260 monache,
2905 1197 3090 1251 oculos
3121 1199 3300 1254 cordis
3333 1202 3426 1265 tui,
3456 1210 3513 1257 et

1935 1279 1987 1331 in
2021 1287 2228 1332 tantum
2261 1288 2312 1333 te
2354 1296 2384 1333 a
2413 1281 2538 1335 Jesu
2567 1281 2782 1336 Christo
2829 1299 3091 1354 cognosce
3121 1287 3405 1354 dilectum,
3453 1297 3514 1343 ut

1933 1385 2033 1440 pro
2061 1379 2112 1424 te
2139 1371 2255 1440 ejus
2284 1374 2596 1442 sanguinem
2627 1391 2730 1428 non
2759 1376 2972 1430 dubites
3004 1378 3198 1432 fusum.
3232 1379 3514 1449 Suspende

1935 1475 2029 1512 cor
2057 1469 2204 1513 tuum
2234 1460 2298 1513 ad
2331 1463 2667 1517 dilectionem
2697 1462 2834 1531 ejus,
2866 1473 2920 1518 et
2963 1482 3066 1520 non
3100 1469 3367 1522 modicum
3419 1478 3513 1523 aut

1936 1565 2001 1604 ex
2040 1551 2239 1618 aliquo,
2286 1552 2380 1604 sed
2419 1567 2484 1605 ex
2518 1559 2630 1605 toto
2661 1554 2841 1616 corde,
2873 1561 2928 1606 et
2951 1569 3017 1607 ex
3066 1563 3173 1608 tota
3209 1558 3412 1621 anima,
3461 1567 3516 1612 et

1937 1653 2002 1692 ex
2032 1647 2140 1692 tota
2180 1647 2358 1692 mente
2388 1647 2478 1692 tua
2511 1640 2670 1710 dilige
2699 1639 2982 1695 Dominum
3023 1643 3190 1697 Deum
3224 1654 3371 1698 tuum
3395 1686 3409 1709 ,
3440 1647 3514 1699 ita

1940 1737 2001 1782 ut
2041 1729 2236 1782 nullius
2260 1729 2334 1782 rei
2366 1745 2605 1783 amorem
2646 1745 2926 1799 praeponas
2956 1734 3126 1787 amori
3155 1734 3364 1789 Domini
3415 1736 3513 1800 tui,

250 1833 356 1870 non
387 1826 552 1886 potest
595 1834 740 1871 meus
775 1835 884 1871 esse
911 1804 1218 1888 discipulus
1236 1818 1536 1892 (Lucnnvr).
1583 1821 1837 1890 Quisquis
1865 1804 1911 1862 Β
1941 1819 2056 1888 ipso
2083 1827 2134 1871 te
2159 1819 2406 1882 docente,
2427 1819 2680 1889 intellige-
2700 1820 2791 1874 Αἰι
2813 1821 2954 1875 enim
2980 1837 2995 1875 ε
3027 1822 3131 1887 Qui
3155 1834 3296 1876 amat
3315 1834 3514 1892 patrem

247 1922 383 1978 ergo
424 1923 453 1960 a
486 1907 665 1962 saeculi
694 1906 904 1963 actibus
936 1909 1048 1963 vult
1076 1907 1214 1963 eﬂici
1242 1909 1472 1974 alienus,
1517 1925 1736 1965 necesse
1757 1919 1842 1965 est

247 2007 310 2050 ut
339 1998 514 2051 sacris
559 1997 980 2066 obtemperando
1023 1997 1309 2067 praeceptis
1340 1998 1441 2066 ipsi
1471 1999 1698 2053 Domino
1728 1999 1842 2053 elli-

249 2089 433 2142 ciatur
457 2089 805 2158 propinquus.
826 2089 1162 2158 Praeceptum
1191 2098 1274 2143 est
1293 2089 1436 2142 enim
1459 2089 1668 2142 Domini
1699 2107 1710 2142 :
1744 2089 1841 2141 Di-

247 2186 396 2230 verte
427 2195 459 2229 a
501 2175 641 2229 malo
671 2185 722 2229 et
765 2177 850 2246 [ac
898 2177 1088 2230 bonum
1123 2174 1296 2248 (Psal.
1317 2179 1523 2244 xxxm).
1549 2177 1780 2232 Proinde
1808 2193 1839 2231 a

249 2266 440 2319 seculi
483 2266 692 2320 actibus
719 2266 926 2321 alienus
956 2265 1178 2321 eﬁ‘ectus
1218 2267 1285 2322 ad
1321 2268 1652 2322 conditorem
1682 2283 1838 2322 suum

251 2355 640 2411 illuminandus
668 2357 892 2411 accedat
920 2358 1233 2411 monachus.
1281 2357 1458 2428 Ipsum
1481 2358 1685 2428 jugiter
1711 2372 1841 2412 con-

251 2447 523 2515 cupiscat,
548 2454 660 2501 toto
695 2447 855 2501 corde
882 2447 1106 2517 diligat,
1140 2456 1195 2500 et
1223 2462 1320 2516 pro
1343 2447 1485 2501 illius
1506 2461 1690 2501 amore
1720 2461 1839 2500 om—

252 2553 356 2592 nes
387 2539 600 2592 nocivas
629 2538 808 2593 saeculi
838 2539 1080 2592 actiones
1105 2537 1392 2606 relinquat;
1417 2543 1471 2592 et
1493 2547 1660 2592 totam
1688 2552 1838 2606 spem

252 2644 414 2683 suam
445 2643 510 2682 ex
540 2627 680 2683 illius
722 2628 1074 2683 delectatione
1115 2628 1458 2698 suspendeat.
1506 2627 1755 2692 Quotidie
1786 2627 1840 2680 in

253 2718 565 2772 divinarum
603 2717 904 2772 litterarum
943 2731 1003 2770 se
1032 2725 1285 2771 exerceat
1317 2731 1528 2786 campo,
1571 2725 1627 2770 et
1655 2716 1729 2770 ibi
1758 2732 1838 2782 se,

253 2806 418 2875 quasi
455 2807 508 2859 in
547 2806 765 2874 speculo
789 2847 803 2871 ,
859 2805 1143 2875 diligenter
1183 2806 1481 2874 conspiciat
1527 2812 1736 2868 totum;
1785 2813 1842 2858 et

254 2896 444 2950 omnia
473 2911 589 2964 quae
618 2897 673 2950 in
707 2912 766 2951 se
792 2896 861 2950 de
887 2895 1240 2950 saecularibus
1285 2893 1495 2949 actibus
1539 2895 1841 2964 respuenda

255 2985 550 3051 invenerit,
577 2995 836 3054 respuat;
874 2993 928 3041 et
952 3000 1072 3054 quae
1096 2983 1327 3038 tenenda
1358 2983 1641 3048 invenerit,
1671 2983 1843 3037 liben-

255 3085 347 3130 ter
373 3085 427 3130 et
456 3074 669 3130 fortiter
697 3083 878 3130 teneat
903 3092 917 3140 ;
949 3074 1093 3144 quod
1119 3072 1359 3128 deforme
1384 3073 1669 3137 invenerit,
1696 3088 1842 3127 com-

254 3174 463 3234 ponat;
496 3165 637 3235 quod
678 3167 982 3236 pulchrum,
1013 3169 1260 3234 excolat;
1304 3155 1464 3239 quod
1479 3184 1692 3232 sanum,
1725 3183 1840 3223 ser-

255 3262 392 3320 vet;
445 3256 585 3324 quod
617 3255 924 3320 inﬁrmum,
977 3259 1307 3314 corroboret.
1357 3258 1567 3313 Domini
1598 3259 1680 3313 sui
1704 3274 1842 3329 prae-

256 3356 418 3418 cepta
449 3347 852 3418 infatigabiliter
871 3349 1030 3420 legat,
1078 3351 1471 3420 inexplebiliter
1499 3351 1703 3422 diligat,
1728 3349 1840 3404 elﬁ-

256 3440 467 3494 caciter
514 3439 818 3508 compleat;
864 3448 919 3494 et
963 3440 1106 3509 quod
1156 3441 1258 3495 sibi
1301 3440 1599 3494 cavendum
1647 3440 1843 3508 quidve

259 3531 578 3584 sectandum
611 3533 702 3596 sit,
751 3547 818 3585 ex
854 3531 932 3586 eis
966 3532 1261 3586 instructus
1305 3539 1581 3602 agnoscat.
1627 3530 1844 3584 Futuris

257 3619 711 3688 promissionibus
739 3623 945 3690 credat,
978 3629 1032 3675 et
1056 3636 1086 3674 a
1121 3621 1349 3691 strepitu
1381 3621 1722 3690 negotiorum
1750 3635 1845 3674 saa-

261 3712 525 3767 cularium
551 3715 940 3769 remotissimus
960 3715 1121 3768 vivat.
1151 3715 1208 3767 ln
1249 3713 1443 3767 studiis
1470 3711 1842 3781 spiritualibus

261 3803 462 3873 quibus
487 3805 675 3858 diebus
700 3805 923 3875 singulis
944 3805 1134 3860 melior
1153 3820 1216 3859 ac
1242 3804 1433 3858 melior
1462 3802 1555 3856 ﬁat
1581 3801 1841 3874 invigilet.

260 3895 427 3949 Amet
455 3895 624 3948 otium
669 3905 932 3956 sanctum,
976 3895 1030 3949 in
1060 3910 1166 3964 quo
1210 3902 1461 3949 exerceat
1509 3894 1703 3948 animae
1735 3907 1846 3948 suae

261 3984 561 4052 negotium.
607 3985 878 4039 Mortuum
923 3986 1025 4039 sibi
1076 3985 1294 4054 deputet
1337 3984 1628 4049 mundum,
1680 3999 1740 4039 ac
1789 3999 1847 4039 se

261 4075 454 4128 mundi
515 4075 782 4130 illecebris
833 4077 1086 4130 exhibeat
1137 4076 1494 4140 cruciﬁxum;
1557 4091 1623 4129 eo
1676 4076 1847 4131 aciem

264 4164 470 4218 mentis
498 4164 743 4219 intendat
769 4181 876 4235 quo
899 4181 1185 4235 pervenire
1214 4165 1505 4220 desiderat.
1553 4165 1849 4219 Beatitudi—

266 4271 396 4310 nem
443 4255 636 4310 futurae
664 4257 786 4311 vitae
815 4264 937 4311 ante
980 4257 1165 4311 oculos
1202 4257 1396 4310 animae
1431 4271 1541 4310 sum
1586 4263 1850 4324 proponat

267 4358 329 4403 et
354 4348 574 4419 diligat;
609 4365 708 4404 nec
737 4358 940 4403 metuat
961 4349 1159 4419 aliquid
1184 4348 1494 4419 temporale,
1518 4363 1618 4402 nec
1645 4347 1845 4417 cupiat,

1939 1916 2027 1959 aut
2053 1915 2270 1958 matrem
2295 1905 2412 1976 plus
2431 1924 2589 1977 quam
2628 1924 2726 1973 me,
2750 1925 2854 1962 non
2878 1921 2949 1963 est
2972 1927 3053 1964 me
3082 1912 3273 1981 dignus
3297 1911 3511 1982 (Matth.

1954 1995 2034 2064 x).
2077 1993 2210 2048 Vere
2241 1996 2384 2048 enim
2411 1996 2455 2050 si
2473 1995 2640 2049 Deum
2670 2004 2782 2051 toto
2807 1998 2970 2052 corde
2996 2015 3260 2064 amamus,
3289 2001 3514 2056 omnino

1938 2087 2108 2140 amori
2137 2085 2253 2153 ejus
2274 2102 2373 2142 nec
2399 2096 2700 2157 parentum,
2733 2105 2832 2144 nec
2859 2089 3090 2146 ﬁliorum
3119 2107 3355 2147 amorem
3382 2109 3518 2162 pra:-

1938 2177 2082 2234 ferre
2111 2181 2384 2234 debemus.
2428 2180 2590 2234 Beata
2615 2191 2697 2236 est
2719 2197 2848 2251 ergo
2870 2183 3041 2238 virtus
3068 2185 3266 2239 amoris
3291 2185 3514 2249 Christi,

1939 2284 2058 2338 quas
2084 2268 2300 2323 dilectio
2325 2277 2547 2324 vocatur
2573 2277 2628 2324 et
2651 2271 2906 2326 charitas.
2939 2271 3138 2328 Omnes
3167 2274 3309 2327 enim
3339 2273 3516 2343 diligit

1939 2359 2100 2424 Deus,
2131 2369 2185 2415 et
2206 2361 2359 2429 quasi
2393 2360 2551 2414 unius
2579 2361 2811 2429 proximi
2842 2361 2897 2415 in
2932 2363 3126 2416 mentis
3155 2377 3356 2416 arcano
3398 2378 3518 2416 om-

1939 2450 2086 2502 nium
2113 2464 2354 2504 amorem
2391 2450 2653 2504 recondit.
2685 2451 2823 2504 Vere
2852 2451 3032 2517 beata,
3059 2467 3179 2521 quae
3207 2453 3376 2505 nutrit
3401 2453 3516 2506 vir-

1940 2545 2081 2591 tutes
2127 2545 2183 2592 et
2235 2537 2378 2591 delet
2425 2545 2686 2607 peccata,
2741 2539 3000 2608 opprimit
3057 2540 3230 2604 iram,
3291 2539 3518 2594 recludit

1938 2627 2144 2690 odium,
2195 2627 2415 2696 expellit
2444 2629 2754 2691 avaritiam,
2799 2630 3106 2699 comprimit
3148 2631 3320 2684 rixam
3349 2640 3403 2686 et
3431 2629 3516 2685 fu-

1939 2726 2028 2786 gat
2055 2716 2236 2770 omnia
2271 2717 2476 2786 pariter
2517 2718 2665 2772 vitia.
2705 2719 2897 2772 Omnia
2928 2719 3140 2783 tolerat,
3177 2721 3356 2774 omnia
3393 2733 3516 2774 cre-

1941 2809 2040 2873 dit,
2068 2809 2247 2862 omnia
2279 2816 2480 2878 sperat,
2514 2811 2656 2864 inter
2688 2810 2976 2879 Opprobria
3007 2826 3198 2864 secura
3226 2820 3327 2874 est,
3377 2811 3520 2865 inter

1943 2900 2052 2954 iras
2077 2899 2306 2970 placida,
2341 2900 2482 2955 inter
2510 2900 2632 2954 odia
2660 2901 2910 2972 benigna,
2943 2911 2999 2955 et
3027 2902 3080 2955 in
3116 2903 3343 2958 veritate
3371 2917 3514 2958 sein-

1942 3005 2038 3059 per
2066 2999 2348 3060 permanet
2379 2989 2550 3043 ﬁrma.
2597 2991 2641 3044 A
2678 2991 2863 3061 pravis
2891 2991 3382 3064 impugnationibus
3408 3007 3518 3048 non

1943 3082 2195 3145 vincitur,
2240 3097 2269 3136 a
2317 3082 2621 3159 raptoribus
2665 3098 2772 3137 non
2814 3083 3096 3152 diripitur,
3144 3100 3175 3137 a
3218 3083 3520 3139 latronibus

1943 3188 2050 3227 non
2084 3171 2314 3236 furatur,
2352 3172 2418 3226 ab
2449 3172 2699 3227 incendio
2741 3188 2846 3226 non
2873 3182 3163 3239 crematur,
3195 3174 3524 3246 inexpugna-

1939 3263 2062 3318 bilis
2089 3269 2289 3327 manet,
2326 3262 2715 3331 inexplicabilis
2742 3263 2931 3329 durat,
2984 3265 3304 3319 inconcussa
3331 3279 3518 3335 perse-

1940 3363 2112 3420 verat,
2167 3354 2476 3422 incorrupta
2523 3353 2754 3408 lzetatur.
2818 3354 3192 3424 Ligamentum
3241 3366 3323 3409 est
3375 3355 3522 3410 enim

1941 3447 2185 3501 omnium
2212 3447 2490 3509 virtutum,
2540 3445 2721 3515 gluten
2769 3453 2853 3499 est
2879 3446 3198 3506 animarum,
3232 3445 3524 3499 concordia

1943 3535 2224 3598 mentium,
2258 3534 2488 3587 societas
2512 3532 2822 3594 electorum,
2867 3540 2922 3584 et
2947 3539 3255 3584 sanctorum
3283 3532 3521 3585 exsulta-

1943 3627 2018 3681 tio
2044 3625 2374 3695 angelorum.
2419 3621 2496 3676 Ne
2525 3621 2940 3675 adversitatibus
2973 3621 3271 3691 frangatur,
3310 3619 3524 3676 fortiter

1943 3724 2178 3771 mentem
2211 3715 2471 3778 roborat;
2529 3728 2596 3767 ne
2625 3712 3077 3782 prosperitatibus
3123 3711 3382 3778 elevetur,
3427 3727 3524 3767 eor

1944 3815 2102 3861 caute
2163 3810 2449 3873 temperat.
2515 3803 2722 3857 Teneat
2769 3817 2900 3871 ergo
2961 3801 3116 3856 istam
3167 3815 3386 3855 necesse
3438 3809 3524 3856 est

1946 3906 2057 3950 tam
2119 3895 2474 3950 clarissimam
2543 3893 2798 3947 virtutem
2862 3891 3054 3945 beatus
3116 3891 3411 3945 monachus
3467 3890 3524 3944 in

1946 3993 2151 4048 mente,
2201 3993 2406 4038 etcum
2440 3982 2527 4036 illa
2563 3983 2634 4036 sit
2661 3995 2876 4050 semper
2919 3987 3122 4033 etcum
3153 3978 3242 4032 illa
3287 3985 3522 4042 maneat,

1946 4090 2070 4129 cum
2099 4073 2185 4127 illa
2216 4082 2402 4142 surgat
2425 4078 2480 4123 et
2503 4086 2625 4124 cum
2647 4069 2762 4138 ipsa
2792 4075 2998 4137 pergat,
3029 4074 3084 4121 et
3109 4067 3197 4120 hic
3217 4075 3273 4120 et
3293 4067 3346 4119 in
3372 4076 3528 4120 aeter-

1947 4182 2075 4220 num
2100 4180 2220 4218 eum
2256 4163 2344 4216 illa
2370 4176 2584 4230 semper
2614 4160 2768 4214 laetus
2791 4172 3142 4229 perseverans
3167 4157 3328 4212 vivat.

2016 4255 2203 4310 22-25.
2236 4253 2382 4306 Iram
2411 4270 2512 4306 non
2542 4251 2807 4322 perﬁcere.
2844 4248 3148 4302 Iracundia:
3174 4258 3376 4316 tempus
3421 4263 3524 4302 non

1947 4360 2208 4398 reservare
2235 4342 2394 4412 (Eph.
2430 4341 2522 4410 Iv).
2550 4341 2696 4395 lnter
2717 4340 2854 4393 iram
2880 4345 2935 4393 et
2953 4337 3286 4391 iracundiam
3315 4338 3385 4390 ita
3411 4337 3524 4392 dis-

268 4455 375 4495 nec
405 4441 670 4510 cupiditas
705 4441 1057 4496 intentionem
1080 4440 1275 4494 mentis
1305 4440 1419 4509 ejus
1445 4439 1700 4494 emolliat.
1733 4437 1847 4492 Non
1875 4474 1926 4532 D
1951 4436 2210 4506 tinguitur
2244 4452 2256 4486 :
2308 4434 2388 4487 ira
2423 4447 2662 4502 praesens
2700 4438 2783 4485 est
2829 4429 3152 4530 indignatio,
3203 4443 3322 4530 quae
3349 4428 3527 4532 subito

271 4530 505 4601 gaudeat
546 4532 611 4585 de
639 4531 1023 4601 temporalibus
1062 4531 1299 4596 omnino,
1352 4546 1452 4584 nec
1496 4529 1706 4599 lugeat,
1756 4530 1850 4583 sed

269 4633 488 4688 semper
515 4619 583 4672 ad
615 4618 760 4673 illam
799 4620 1012 4674 beatam
1041 4626 1094 4672 et
1123 4617 1355 4672 futuram
1386 4618 1546 4670 vitam
1575 4659 1588 4682 ,
1635 4617 1724 4671 ubi
1755 4616 1851 4669 Dei

271 4711 663 4774 substantiam,
691 4709 926 4763 revelata
957 4708 1112 4774 facie,
1145 4708 1329 4762 videre
1355 4707 1546 4776 possit,
1577 4707 1848 4760 extendat.

345 4799 435 4852 21.
471 4799 618 4852 Nihil
657 4799 822 4852 amori
852 4797 1046 4851 Christi
1070 4812 1369 4865 praeponere
1399 4794 1610 4866 (Matth.
1643 4793 1718 4863 Χ).
1752 4793 1853 4849 Le-

271 4889 451 4960 gimus
474 4888 528 4941 in
566 4888 706 4942 beati
748 4887 966 4941 Antonii
1013 4886 1134 4940 Vita
1161 4886 1303 4954 quod
1347 4886 1544 4938 multos
1584 4885 1852 4955 litigantes

272 4979 483 5048 redegit
519 4979 573 5032 in
605 4979 898 5032 amicitiam
935 4979 1186 5032 omnibus
1219 4977 1440 5030 dicens:
1490 4975 1633 5030 Nihil
1659 4978 1856 5032 debere

274 5071 424 5138 ipsos
469 5085 782 5139 praeponere
817 5070 1012 5122 horum
1051 5083 1170 5137 qua:
1213 5074 1338 5121 sunt
1376 5068 1430 5121 in
1474 5069 1675 5122 mundo
1719 5068 1856 5122 dile-

271 5162 442 5215 ctioni
472 5161 694 5216 Christi.
728 5162 794 5215 Et
825 5161 1057 5215 Basilius
1085 5162 1161 5214 ait
1205 5179 1217 5213 :
1253 5159 1401 5216 Unus
1427 5169 1742 5230 prospectus
1786 5161 1860 5215 sit

262 5251 398 5314 tibi,
447 5252 558 5305 ﬁli:
601 5253 647 5306 si
686 5252 778 5305 uni
816 5251 1047 5305 Domino
1095 5249 1300 5305 servire
1345 5249 1642 5312 desideras,
1685 5250 1858 5302 omni-

271 5344 436 5397 modo
464 5343 717 5397 abscinde
757 5358 787 5396 a
820 5351 872 5396 te
901 5341 1170 5395 carnalem
1201 5356 1440 5394 amorem
1465 5380 1479 5405 ,
1514 5355 1582 5393 ne
1609 5355 1639 5392 a
1682 5348 1734 5394 te
1760 5339 1856 5394 Dei

271 5433 525 5487 excludat
572 5449 832 5488 amorem.
885 5435 1025 5489 Vere
1065 5433 1209 5487 enim
1256 5432 1388 5486 nihil
1438 5431 1609 5485 amori
1655 5430 1856 5486 Christi

272 5539 588 5593 praeponere
627 5526 906 5589 debemus,
939 5524 1006 5599 .id
1054 5532 1157 5588 est,
1209 5532 1556 5592 anteponere,
1608 5523 1690 5576 vel
1720 5539 1857 5592 pne-

274 5614 439 5668 ferre.
490 5615 658 5669 Amor
691 5615 834 5670 enim
863 5614 1062 5669 Christi
1092 5613 1329 5667 charitas
1371 5621 1473 5666 est.
1527 5612 1662 5665 Nam
1703 5626 1857 5666 amor

275 5723 400 5761 cum
425 5723 625 5777 pravus
657 5714 761 5772 est,
808 5704 1074 5778 cupiditas
1109 5702 1190 5757 vel
1234 5702 1398 5757 libido
1424 5711 1675 5766 vocatur;
1728 5717 1850 5757 cum

1954 4541 2021 4580 ex
2067 4523 2246 4592 aliqua
2291 4521 2651 4576 commotione
2701 4520 2864 4574 animi
2913 4519 3197 4584 nascitur;
3237 4517 3528 4573 iracundia:

1953 4615 2142 4669 vitium
2174 4611 2420 4666 naturale
2462 4617 2546 4666 est
2578 4618 2633 4664 et
2657 4618 2994 4680 perpetuum.
3040 4607 3180 4678 Ergo
3227 4607 3396 4661 iratus
3428 4621 3528 4676 pro

1957 4713 2200 4774 tempore
2223 4702 2559 4766 concitatur,
2589 4699 2880 4754 iracundus
2913 4705 3091 4751 autem
3133 4695 3441 4765 frequenter
3473 4705 3554 4780 et!

1955 4798 2145 4852 leviter
2182 4794 2472 4857 irascitur;
2523 4792 2589 4846 de
2617 4806 2724 4860 quo
2773 4789 3033 4857 scriptum
3066 4795 3188 4840 est:
3237 4785 3530 4840 Iracundus

1956 4887 2142 4944 effodit
2165 4892 2404 4956 peccata.
2455 4883 2522 4937 Et
2563 4879 2850 4951 Apostolus
2887 4893 2986 4932 nos
3011 4893 3109 4946 per
3135 4876 3270 4930 iram
3305 4891 3531 4946 peccare

1955 4977 2223 5048 prohibet,
2263 4975 2486 5029 dicens:
2514 4969 2834 5033 Irascimini,
2876 4977 2924 5022 et
2968 4966 3126 5020 nolite
3165 4981 3396 5036 peccare.
3438 4962 3531 5018 Sol

1957 5085 2062 5122 non
2094 5065 2298 5120 occidat
2322 5080 2477 5134 super
2505 5060 2833 5114 iracundiam
2863 5067 3124 5119 vestram;
3156 5064 3205 5110 et
3251 5054 3408 5109 nolite
3449 5054 3530 5108 lo—

1956 5174 2075 5212 cum
2107 5157 2236 5209 dare
2264 5153 2473 5208 diabolo
2505 5151 2665 5223 (Eph.
2698 5151 2794 5206 ivi.
2845 5147 3138 5203 Considera
3173 5162 3324 5217 ergo,
3376 5147 3530 5201 beate

1957 5248 2241 5310 monache,
2278 5246 2403 5314 quia
2430 5245 2521 5313 qui
2550 5258 2647 5312 per
2674 5242 2812 5296 iram
2839 5241 2894 5295 in
2932 5239 3157 5295 fratrem
3185 5240 3386 5309 expetit
3407 5237 3528 5289 vin-

1957 5337 2182 5400 dictam,
2230 5336 2283 5388 in
2313 5335 2477 5390 corde
2509 5347 2610 5386 suo
2638 5330 2850 5386 diabolo
2875 5331 2941 5385 ad
2978 5330 3325 5384 habitandum
3365 5325 3531 5378 aedifi-

1955 5437 2044 5483 cat
2070 5427 2270 5491 locum,
2296 5435 2352 5481 et
2384 5425 2622 5490 Christo,
2657 5423 2746 5492 qui
2775 5439 2936 5478 verus
2958 5431 3040 5476 est
3068 5420 3164 5482 sol,
3191 5426 3447 5486 quantum
3474 5414 3530 5467 in

1955 5517 2244 5585 semetipso
2273 5525 2376 5579 est,
2401 5529 2652 5570 occasum
2683 5520 2971 5583 praeparat.
3020 5508 3165 5576 Fuge
3191 5519 3336 5574 ergo,
3377 5501 3531 5555 auxi-

1955 5608 2118 5661 liante
2144 5607 2273 5671 Deo,
2305 5607 2462 5670 iram,
2485 5616 2540 5661 et
2566 5604 2672 5659 noli
2707 5619 2806 5672 per
2827 5603 2962 5654 iram
2985 5597 3135 5651 fratri
3169 5595 3389 5649 reddere
3414 5591 3532 5645 vin-

1955 5700 2174 5756 dictam.
2220 5697 2452 5753 Attende
2479 5697 2763 5766 diligenter
2808 5689 2934 5761 quid
2960 5702 3058 5742 nos
3101 5683 3298 5739 Paulus
3342 5682 3528 5744 admo-
