3960 6206
505 320 615 377 763

1814 309 1948 369 SMA
1960 311 2169 368 ΒΜ]ῡί
2207 311 2506 368 ABBATIS

3625 327 3705 386 τοι

501 449 639 491 nens
661 434 825 491 dicat.
848 432 938 487 Ait
960 430 1137 487 enim:
1168 429 1487 502 Deponentes
1510 436 1559 483 et
1583 443 1668 481 vos
1698 442 1899 481 omnem
1922 426 2080 487 iram.
2109 428 2159 488 Α
2187 425 2547 483 habitatorem
2574 427 2835 499 Spiritum
2855 439 3125 501 sanctum,
3153 442 3206 490 et
3230 436 3284 491 in
3322 436 3491 496 futuro
3512 442 3706 506 ﬁliorum

501 537 549 580 et
578 526 1014 597 indignationem,
1062 533 1110 577 et
1137 522 1395 593 malitiam
1424 518 1646 592 (Coloss.
1688 517 1795 588 ιιι).
1846 515 2082 572 Iacobus

502 632 720 686 quoque
757 616 924 671 dicit:
956 614 1053 669 Ira
1078 614 1217 668 enim
1256 613 1354 668 viri
1389 610 1658 682 justitiam
1692 608 1788 663 Dei
1824 624 1928 662 non
1958 623 2083 677 ope-

516 713 672 757 ratur
688 704 826 774 (Jac.
848 708 905 773 I).
926 706 1180 760 Salomon
1197 722 1324 761 vero
1337 710 1413 763 ait
1435 726 1449 763 :
1467 708 1620 760 Zelus
1640 717 1685 759 et
1701 704 1975 757 iracundia
1993 704 2089 755 mi-

515 806 686 852 nuunt
701 796 812 852 dies
832 798 1022 868 (Eccli.
1046 797 1196 868 xxx).
1226 800 1291 853 Et
1311 801 1442 853 alibi
1466 819 1478 857 :
1505 805 1669 853 Homo
1691 797 1890 851 homini
1911 802 2085 849 servat

512 890 677 957 iram,
703 904 749 945 et
782 910 813 944 a
837 893 941 944 Deo
971 897 1165 960 quierit
1200 893 1457 945 medelam
1502 891 1694 951 (Eccli.
1719 890 1930 957 sxvttl).
1964 888 2087 955 ipse

500 982 626 1036 dum
657 995 785 1037 caro
813 981 886 1037 sit
921 987 1102 1034 servat
1127 978 1290 1043 iram,
1330 974 1849 1053 et‘propitiationem
1894 971 2083 1041 petita

499 1071 612 1126 Deo
634 1071 876 1126 velocem
908 1077 963 1125 et
990 1070 1177 1125 citam.
1215 1066 1318 1135 Qui
1348 1058 1476 1137 ergo
1512 1065 1699 1119 tardus
1728 1062 1829 1116 sibi
1859 1060 2081 1114 fratrem

499 1163 834 1227 reconciliat,
868 1161 1077 1216 tardius
1106 1162 1274 1216 Deum
1300 1158 1405 1214 sibi
1450 1156 1651 1227 placat.
1690 1153 1916 1207 Frustra
1937 1152 2082 1205 enim

496 1255 778 1324 propitiari
813 1254 913 1308 sibi
940 1252 1109 1306 Deum
1141 1251 1358 1320 quzerit,
1387 1248 1479 1317 qui
1508 1248 1616 1303 cito
1656 1246 1873 1316 placare
1901 1243 2086 1314 proxi-

496 1359 645 1397 mum
675 1342 912 1413 neghgit.
963 1342 1084 1411 Ipse
1117 1354 1334 1410 quoque
1364 1337 1626 1391 Dominus
1669 1342 1874 1399 noster,
1918 1332 2084 1388 totius

495 1431 752 1486 Ecclesiae
781 1446 891 1485 sua:
919 1430 1083 1484 decus
1108 1437 1163 1483 et
1184 1435 1562 1484 ornamentum
1586 1465 1602 1490 ,
1652 1425 1843 1479 doctor
1872 1431 1928 1478 et
1947 1438 2084 1493 prte-

495 1522 723 1585 dicator,
750 1528 983 1584 creator,
1015 1527 1194 1574 rector
1216 1527 1272 1573 et
1303 1518 1656 1588 gubernator,
1700 1515 1768 1568 ah
1799 1514 1877 1567 ira
1901 1528 1999 1567 nos
2027 1512 2082 1566 in

496 1612 695 1669 fratres
720 1612 943 1668 omnino
980 1625 1265 1665 removens
1308 1610 1420 1664 ait:
1472 1606 1657 1661 Omnis
1709 1606 1799 1676 qui
1836 1605 2084 1658 irascitur

496 1706 652 1775 fratri
673 1722 790 1769 suo,
819 1721 938 1759 reus
963 1703 1060 1758 erit
1076 1702 1283 1772 judicio
1314 1699 1529 1771 (Matth.
1558 1697 1635 1769 v).
1667 1696 1977 1752 Cavendum
1999 1701 2081 1750 est

493 1811 624 1866 ergo
646 1796 883 1850 maxime
910 1793 1192 1848 monachis
1216 1791 1310 1862 qui
1339 1792 1407 1853 ad
1427 1805 1622 1859 supera
1644 1787 1875 1843 feliciter
1896 1786 2082 1840 volunt

492 1886 759 1943 scandere
801 1898 968 1956 regna
993 1886 1061 1939 ad
1107 1882 1358 1943 ellectum
1394 1895 1549 1935 suam
1597 1877 1894 1948 perducere
1922 1876 2077 1940 iram,

492 1978 589 2033 sed
617 1977 793 2046 magis
830 1983 1145 2031 mansuetos
1190 1987 1311 2029 esse
1356 1972 1426 2028 ad
1464 1980 1655 2026 omnes
1680 1976 1896 2038 oportet
1919 1974 2081 2035 atque

491 2066 829 2122 mitissimos.
880 2065 951 2123 Et
976 2066 1023 2120 si
1052 2063 1344 2125 iracundiae
1372 2060 1526 2117 furor
1559 2076 1746 2117 eorum
1787 2058 2082 2129 pulsaverit

491 2157 731 2210 animum
760 2194 777 2221 ,
830 2153 1107 2208 fraternus
1160 2167 1314 2211 amor
1361 2150 1684 2219 comprimat
1730 2149 1902 2203 illum.
1951 2146 2082 2202 Fra-

491 2252 646 2299 terna
675 2242 903 2297 dulcedo
931 2248 1194 2310 temperet
1222 2237 1589 2300 iracundiam,
1628 2235 1870 2291 fraterna
1896 2234 2078 2289 chari-

491 2344 578 2390 tas
605 2342 867 2402 temperet
891 2332 1290 2388 animositatem
1312 2369 1327 2395 ,
1359 2329 1599 2389 fraterna
1629 2326 1847 2382 dilectio
1870 2325 2082 2395 mitiget

489 2424 956 2494 indignationem:
1006 2421 1209 2491 grande
1241 2421 1388 2475 enim
1430 2419 1623 2474 vitium
1661 2425 1747 2477 est
1776 2415 2077 2470 iracundia.

487 2514 595 2573 Per
619 2515 753 2568 iram
783 2513 1046 2583 sapientia
1082 2511 1345 2581 perditur,
1380 2524 1478 2580 per
1506 2511 1643 2563 iram
1670 2506 1882 2575 justitia
1916 2505 2081 2560 relin-

394 2666 397 2669 _
488 2604 691 2674 quitur,
733 2619 832 2673 per
875 2603 1011 2656 iram
1040 2604 1273 2656 societas
1302 2600 1540 2654 fraterna
1588 2596 1930 2660 dissolvitur,
1979 2609 2081 2663 per

489 2698 625 2751 iram
655 2697 806 2765 pacis
831 2695 1121 2751 concordia
1170 2694 1437 2762 rumpitur
1458 2733 1473 2756 ,
1523 2706 1621 2760 per
1648 2691 1784 2745 iram
1822 2689 1908 2744 lex
1934 2687 2076 2743 veri-

488 2788 621 2842 tatis
654 2786 941 2843 amittitur.
987 2783 1283 2838 lracundiae
1310 2781 1546 2836 stimulis
1579 2779 1841 2850 agitatum
1878 2790 2077 2847 corpus

486 2885 661 2933 totum
705 2876 906 2939 tremit,
953 2873 1135 2943 lingua
1178 2871 1437 2934 balbutit,
1484 2869 1668 2924 vultus
1700 2866 1948 2938 ignescit.
1980 2880 2079 2920 cor

484 2966 758 3037 palpitans
798 2964 1078 3026 tremulat,
1128 2970 1184 3018 et
1223 2961 1363 3016 oculi
1407 2958 1607 3015 turbati
1652 2957 1903 3028 caligant.
1948 2956 2077 3012 Haec

484 3072 616 3128 ergo
645 3073 712 3112 ne
741 3058 862 3123 tibi,
908 3056 1192 3118 mouache,
1225 3053 1561 3122 contingant,
1595 3057 1857 3119 quantum
1903 3048 2069 3114 vales,

2183 520 2409 589 gloriam
2430 532 2485 576 et
2508 523 2879 580 hmrcditatem
2911 526 3238 597 accipiamus
3262 539 3525 590 aeternam.

2252 611 2340 665 25.
2364 611 2551 666 Pacem
2577 612 2769 683 falsam
2787 631 2890 670 non
2909 616 3039 670 dare
3066 616 3238 688 (Psal.
3257 637 3421 687 xxvii,
3446 622 3471 676 I
3489 623 3592 679 Pet.
3619 628 3705 700 ιιι).

2185 701 2241 756 ld
2262 710 2366 766 est,
2384 703 2631 759 osculum
2657 704 2742 759 vel
2757 706 2993 760 veniam.
3022 706 3251 765 Falsitas
3265 713 3512 781 appellata
3536 717 3707 776 afando

2183 790 2329 845 aliud
2365 807 2525 860 quam
2572 794 2717 862 quod
2743 809 2933 849 verum
2971 806 3075 851 est.
3124 797 3332 869 Negare
3357 803 3491 861 enim
3514 806 3590 863 vel
3616 824 3709 864 ma-

2183 882 2330 952 ligno
2359 883 2541 937 animo
2568 882 2747 939 celare
2769 885 2913 954 quod
2942 901 3130 941 verum
3159 896 3259 953 est,
3282 889 3481 949 falsitas
3502 902 3603 951 est:
3623 897 3707 951 sic-

2184 980 2242 1028 ut
2271 970 2457 1036 Judas,
2506 973 2600 1042 qui
2642 975 2857 1043 signum
2884 976 3035 1043 pacis
3073 976 3131 1030 in
3166 978 3342 1033 dolum
3364 983 3635 1048 convertit,
3665 995 3709 1041 et

2183 1064 2310 1131 quia
2332 1064 2502 1118 falsus
2525 1064 2804 1120 confessor
2831 1058 3032 1132 fuerat,
3059 1076 3117 1122 et
3139 1067 3327 1124 falsam
3354 1087 3528 1141 pacem
3551 1075 3598 1129 in
3627 1077 3706 1132 Ec-

2183 1155 2350 1210 clesia
2402 1155 2689 1226 ﬁgurabat.
2740 1156 2878 1223 Quia
2909 1158 2974 1213 de
3001 1158 3137 1213 falsa
3175 1175 3305 1229 pace
3335 1162 3572 1230 diximus,
3612 1182 3706 1235 qua:

2184 1252 2310 1299 sunt
2336 1260 2477 1299 verae
2499 1247 2647 1316 pacis
2674 1248 2959 1302 commoda
2993 1249 3291 1309 videamus.
3325 1250 3389 1305 Et
3407 1252 3449 1307 si
3475 1269 3567 1323 pax
3605 1271 3705 1335 vera

2183 1343 2267 1388 est
2288 1375 2303 1399 ,
2346 1336 2613 1390 serenitas
2657 1337 2857 1391 mentis
2881 1345 2937 1391 et
2972 1335 3336 1407 tranquillitas
3362 1341 3547 1407 animi,
3575 1359 3706 1413 quam

2183 1440 2284 1479 nos
2313 1423 2601 1494 Apostolus
2645 1426 2895 1481 hortatur
2937 1428 3142 1482 habere
3186 1428 3402 1484 dicens:
3449 1429 3618 1486 Pacem
3639 1450 3704 1487 se-

2181 1515 2444 1585 quimini,
2494 1525 2544 1569 et
2590 1518 3024 1583 sanctimoniam,
3071 1519 3185 1572 sine
3231 1536 3333 1590 qua
3379 1536 3515 1574 nemo
3554 1523 3709 1579 videbit

2184 1603 2353 1657 Deum
2377 1603 2562 1675 (Hebr.
2591 1606 2714 1676 xu).
2764 1606 2882 1675 lpsc
2910 1623 3128 1677 quoque
3153 1608 3405 1665 Dominus
3438 1611 3485 1664 in
3506 1611 3707 1683 Evange-

2183 1686 2258 1740 lin
2340 1694 2453 1747 ait:
2489 1694 2640 1748 Beati
2659 1696 2891 1766 paciﬁci,
2920 1698 3171 1766 quoniam
3195 1698 3293 1766 ﬁlii
3314 1699 3407 1752 Dei
3436 1701 3709 1756 vocabantur

2108 1772 2157 1831 B
2185 1781 2401 1853 (Matth.
2448 1782 2525 1857 v).
2580 1784 2647 1838 Et
2688 1785 2928 1855 pass'ioni
2969 1786 3086 1856 jam
3143 1789 3416 1858 proximus
3453 1791 3546 1846 hoc
3580 1792 3707 1848 nobis

2181 1873 2499 1928 mandatum
2531 1876 2932 1930 commendavit
2973 1877 3202 1933 dicens:
3252 1876 3437 1932 Pacem
3472 1897 3615 1934 meam
3649 1881 3704 1934 do

2182 1962 2353 2026 vobis,
2394 1980 2576 2033 pacem
2614 1981 2780 2019 meam
2809 1967 3116 2039 commendo
3144 1968 3284 2022 vobis
3319 1968 3488 2037 (Joan.
3513 1970 3626 2041 ιιι).
3652 1971 3707 2026 Et

2180 2054 2421 2141 addidit:
2476 2055 2602 2111 Non
2644 2057 2779 2111 sicut
2833 2057 3062 2113 mundus
3111 2059 3204 2113 dat
3230 2100 3245 2126 ,
3292 2078 3461 2130 pacem
3504 2062 3563 2115 do
3591 2062 3701 2115 vobis

2182 2143 2375 2216 (ibid.),
2414 2146 2469 2215 id
2495 2155 2599 2213 est,
2629 2163 2737 2215 non
2765 2148 3024 2214 dolosam,
3051 2164 3163 2205 non
3193 2149 3394 2217 falsam,
3424 2152 3551 2206 sicut
3572 2150 3705 2207 ludas

2179 2241 2235 2289 et
2264 2235 2383 2305 ejus
2405 2251 2667 2307 sequaces
2693 2238 2895 2293 donant
2920 2280 2936 2305 ,
2980 2255 3149 2309 quam
3179 2250 3233 2297 et
3261 2242 3347 2296 hic
3385 2242 3526 2296 nobis
3550 2242 3704 2297 beatus

2178 2323 2502 2384 Benedictus
2532 2326 2763 2381 invicem
2801 2328 2934 2383 dare
2979 2337 3174 2394 vetat;
3222 2331 3315 2386 sed
3358 2346 3526 2387 veram
3551 2346 3702 2403 pacem

2179 2416 2476 2473 ascendens
2510 2417 2564 2472 in
2594 2418 2791 2473 cmlum
2818 2420 3110 2487 tenendam
3154 2422 3321 2488 dedit,
3367 2423 3494 2477 etin
3517 2422 3703 2477 haereti—

2179 2511 2346 2559 tatem
2374 2506 2758 2574 sempiternam
2783 2507 3086 2562 habendam
3112 2509 3346 2581 reliquit.
3377 2510 3535 2577 Quam
3558 2510 3597 2565 si
3618 2509 3703 2564 sin-

2178 2608 2306 2649 cero
2341 2594 2504 2648 corde
2541 2603 2726 2651 tenere
2766 2607 2821 2651 et
2849 2598 3004 2666 sequi
3049 2599 3399 2665 voluerimus,
3432 2599 3518 2654 ﬁlii
3546 2599 3624 2653 Dei
3660 2608 3702 2652 et

2177 2684 2422 2743 hieredes
2450 2685 2656 2745 erimus
2679 2685 2902 2742 Christi.
2935 2688 3078 2759 Ergo
3111 2689 3158 2746 si
3188 2688 3284 2743 ﬁlii
3310 2689 3405 2744 Dei
3429 2699 3481 2744 et
3505 2687 3702 2743 heredes

2175 2773 2379 2830 Christi
2408 2788 2529 2829 esse
2552 2776 2821 2846 cupimus,
2856 2777 2912 2830 iu
2935 2776 3144 2834 Christi
3172 2794 3597 2849 paceversemur.
3621 2776 3709 2830 Pav

2175 2862 2363 2919 ciﬁcos
2409 2863 2553 2923 enim
2601 2879 2724 2923 esse
2767 2874 2980 2937 oportet
3027 2866 3174 2923 ﬁlios
3210 2869 3341 2935 Dei,
3393 2876 3446 2923 et
3493 2866 3701 2932 humiles,

2173 2962 2356 3009 mente
2382 2953 2564 3020 mites,
2593 2955 2755 3009 corde
2776 2956 3068 3026 simplices,
3101 2973 3352 3015 sermone
3370 2972 3537 3029 puros,
3556 2955 3702 3010 animo

2175 3045 2517 3112 innocentes,
2542 3046 2737 3102 affectu
2766 3049 3087 3117 concordes,
3124 3049 3352 3107 ﬁdeliter
3383 3052 3577 3107 sibimet
3590 3062 3702 3105 una-

485 3109 703 3203 refrena
738 3109 898 3210 iram,
929 3154 985 3199 et
1010 3144 1193 3198 omnia
1217 3158 1338 3196 cum
1367 3109 1758 3210 tranquillitate
1790 3146 1846 3193 et
1867 3138 2072 3207 patien-
2098 3109 2143 3172 C
2174 3138 2396 3195 nimiter
2416 3109 2772 3194 cohaerentes.

485 3237 584 3301 tia,
624 3243 684 3289 ut
718 3242 775 3290 et
822 3235 912 3289 hic
942 3242 994 3286 te.
1022 3232 1266 3287 modeste
1292 3239 1347 3286 et
1391 3231 1658 3299 patienter
1699 3230 1989 3299 gubernes,
2017 3236 2074 3284 et

486 3326 541 3383 in
566 3334 828 3382 aeternum
857 3324 1049 3377 anima:
1070 3330 1175 3377 tua:
1200 3336 1483 3392 possessor
1516 3320 1733 3376 heteris.

555 3414 645 3470 24.
681 3414 872 3468 Dolum
898 3415 955 3468 in
976 3412 1130 3468 corde
1158 3430 1263 3466 non
1292 3423 1464 3466 tenere
1492 3408 1683 3482 (Prov.
1713 3427 1790 3465 xu
1818 3421 1873 3467 et
1901 3427 2029 3467 xxv:
2055 3427 2071 3480 ;

486 3503 637 3560 Psal.
683 3503 818 3577 xxv).
850 3503 1014 3558 Dolus
1033 3503 1177 3558 enim
1204 3502 1380 3556 dictus
1400 3500 1470 3556 ab
1490 3516 1557 3555 eo
1575 3500 1721 3570 quod
1748 3500 1888 3556 alter
1906 3500 2072 3558 alium

484 3594 723 3652 deludat.
770 3595 929 3649 Aliud
956 3594 1101 3649 enim
1132 3602 1282 3648 tenet
1311 3593 1367 3647 in
1395 3593 1578 3658 corde,
1622 3592 1767 3647 aliud
1802 3607 1861 3648 se
1899 3593 2072 3648 simu-

482 3684 562 3740 lat
581 3699 743 3755 agere
774 3684 828 3737 in
851 3698 1034 3752 opere.
1087 3682 1185 3737 Est
1210 3682 1353 3736 enim
1377 3683 1576 3739 mentis
1596 3682 1883 3749 calliditas,
1914 3690 1970 3738 et
1989 3696 2077 3739 oc—

482 3774 629 3833 culta
653 3773 857 3828 malitia
886 3773 1097 3828 blandis
1116 3773 1457 3828 sermonibus
1488 3774 1769 3827 adornata.
1817 3771 1971 3841 Quod
1993 3775 2074 3831 vi-

483 3868 621 3923 tium
647 3872 849 3934 quanto
882 3864 1001 3932 plus
1031 3862 1334 3917 occultatur
1367 3864 1423 3918 in
1447 3864 1634 3930 corde,
1664 3872 1814 3920 tanto
1838 3866 2073 3937 amplius

482 3957 679 4017 crescit
718 3956 775 4010 in
815 3953 1169 4024 malignitate.
1218 3952 1558 4009 Publicatum
1597 3963 1775 4011 autem
1806 3958 2074 4025 annihila-

482 4060 573 4104 tur
615 4056 779 4117 atque
818 4052 1063 4100 sanatur.
1116 4043 1257 4110 Quid
1295 4050 1381 4099 est
1422 4044 1569 4099 enim
1614 4045 1763 4100 aliud
1793 4045 1973 4101 dolum
2016 4047 2071 4109 in

481 4142 647 4197 corde
672 4146 875 4201 tenere,
909 4134 1011 4189 nisi
1037 4134 1436 4204 quodammodo
1465 4136 1761 4191 daemonem
1793 4135 1850 4190 in
1885 4146 2069 4201 mente

481 4228 803 4286 recludere?
826 4225 929 4293 Qui
956 4225 1114 4281 aliter
1140 4240 1169 4281 a
1196 4226 1379 4282 dolosa
1407 4242 1515 4282 non
1543 4227 1833 4298 expellitur
1868 4237 2070 4295 mente,

480 4320 588 4377 nisi
616 4318 853 4373 fraterna
878 4315 1185 4373 dilectione.
1241 4314 1516 4386 Scriptum
1559 4325 1643 4372 est
1686 4317 1870 4372 enim:
1922 4317 2074 4373 Tem-

480 4409 627 4481 plum
657 4407 756 4462 Dei
779 4407 924 4472 estis,
967 4415 1014 4460 et
1039 4406 1256 4476 spiritus
1282 4405 1495 4460 Domini
1524 4407 1725 4462 habitat
1755 4409 1810 4462 in
1853 4410 1994 4464 vobis
2017 4408 2072 4482 (Ι

482 4500 606 4555 Cor.
639 4501 744 4573 ιιι).
785 4499 926 4570 Ergo
956 4499 1001 4553 si
1036 4498 1282 4555 volumus
1330 4498 1567 4568 Spiritus
1595 4500 1768 4554 sancti
1813 4501 2070 4570 templum

481 4591 625 4656 fieri,
668 4591 823 4645 dolus
853 4591 907 4644 in
939 4590 1102 4644 corde
1144 4602 1334 4645 nOStro
1372 4606 1479 4645 non
1522 4591 1687 4647 lateat
1709 4632 1725 4657 ,
1757 4592 1852 4651 sed
1897 4595 2070 4665 magis

478 4682 784 4753 publicatus
811 4681 1123 4745 decrescat,
1155 4691 1211 4736 et
1232 4679 1591 4740 fraternitatis
1615 4683 1670 4738 in
1704 4685 1862 4743 nobis
1884 4701 2071 4742 amore

483 4785 761 4832 crescente
793 4777 1008 4846 penitus
1043 4784 1347 4831 evanescat.
1403 4776 1715 4832 Cavendum
1757 4786 1841 4833 est
1888 4789 2069 4837 autem

483 4881 825 4935 summopere
850 4867 1129 4923 monachis
1153 4907 1169 4932 ,
1200 4882 1269 4923 ne
1290 4868 1343 4922 in
1378 4868 1544 4924 corde
1584 4869 1817 4925 tenendo
1858 4869 2064 4937 dolum,

481 4957 713 5029 perdant
741 4957 1096 5013 habitatorem
1126 4958 1386 5028 Spiritum
1433 4967 1701 5013 sanctum.
1751 4958 2064 5017 Cavendum

482 5062 555 5102 ne
582 5047 833 5102 desinant
871 5063 990 5103 esse
1030 5048 1265 5119 Spiritus
1292 5050 1469 5105 sancti
1494 5050 1776 5120 templum,
1825 5062 1880 5107 et
1904 5051 2062 5119 ﬁant,

482 5136 731 5192 habendo
758 5137 967 5202 dolum,
1022 5140 1281 5196 daemonis
1325 5141 1708 5197 habitaculum.
1758 5142 1878 5198 Non
1918 5144 2064 5200 enim

479 5228 685 5301 poterit
712 5244 809 5282 cor
830 5243 994 5282 unum
1021 5229 1305 5286 Dominum
1328 5233 1563 5289 retinere
1591 5232 1751 5288 simul
1781 5241 1838 5288 et
1855 5234 2061 5289 dolum.

482 5316 603 5375 an
641 5318 783 5373 enim
811 5318 1072 5374 Dominus
1100 5321 1308 5388 dolosa,
1359 5324 1451 5378 sed
1491 5324 1797 5380 innocentia
1826 5327 2063 5395 possidet

480 5409 667 5466 corda.
694 5408 809 5464 Non
836 5408 957 5464 dolo
992 5410 1273 5480 pollutam,
1302 5414 1397 5470 sed
1418 5415 1763 5484 innocentem
1793 5424 1849 5471 et
1870 5430 2063 5486 puram

480 5499 656 5573 diligit
681 5502 938 5559 animam.
994 5503 1143 5559 Unde
1179 5520 1401 5561 necesse
1430 5516 1514 5562 est
1542 5515 1601 5561 ut
1644 5507 1980 5564 dimittamus
2004 5508 2060 5563 in

479 5592 645 5647 corde
666 5600 849 5648 tenere
871 5593 1072 5658 dolum,
1096 5604 1151 5650 et
1173 5595 1443 5651 discamus
1470 5608 1528 5653 ut
1556 5600 1911 5667 nosmetipsos
1941 5597 2061 5652 dili-

482 5692 608 5748 gere
634 5683 943 5750 proximos,
990 5695 1050 5741 ut
1077 5695 1134 5744 et
1161 5687 1216 5742 in
1246 5691 1499 5759 prmsenti
1536 5692 1730 5746 saeculo
1754 5705 2057 5745 mereamur

2244 3227 2335 3282 26.
2368 3226 2691 3284 Charitatem
2718 3245 2824 3283 non
2851 3229 3214 3301 derelinquere
3243 3230 3414 3301 (Rom.
3439 3244 3529 3296 xu,
3556 3225 3583 3281 1
3602 3224 3700 3280 Cor.

2174 3316 2311 3392 xm).
2341 3317 2594 3374 Charitas
2615 3327 2701 3375 est
2720 3319 2962 3391 perfecta
2991 3321 3218 3378 dilectio
3244 3323 3298 3377 in
3320 3323 3476 3376 Deum
3497 3327 3546 3374 et
3561 3316 3703 3388 prosi-

2175 3425 2345 3476 mum,
2371 3426 2533 3481 quam
2563 3413 2657 3482 qui
2696 3412 3040 3483 derelinquit,
3081 3422 3142 3468 et
3176 3399 3345 3468 Deum
3375 3419 3427 3466 et
3445 3408 3700 3481 proximum

2173 3503 2375 3572 perdit.
2423 3502 2550 3560 Haec
2594 3505 2740 3559 enim
2771 3505 2944 3560 virtus
2982 3504 3293 3571 dilectionis
3320 3513 3560 3560 aeternum
3582 3512 3700 3553 com-

2174 3592 2433 3663 plectitur
2475 3609 2737 3662 amorem.
2789 3594 2887 3650 Cui
2912 3596 3170 3666 specialis
3211 3596 3490 3652 secundum
3513 3593 3702 3661 Aposto-

2175 3684 2287 3739 lum
2309 3685 2452 3740 inter
2480 3686 2709 3742 virtutes
2738 3687 2973 3757 traditur
3000 3688 3339 3758 principatus
3365 3693 3417 3741 et
3438 3683 3594 3740 cultus
3613 3694 3703 3735 ma-

2177 3790 2312 3831 nens
2340 3776 2392 3831 in
2416 3786 2704 3833 aeternum.
2753 3778 2926 3846 Quam
2956 3795 3066 3835 non
3119 3780 3501 3851 derelinquere,
3531 3789 3616 3830 uec
3632 3785 3701 3826 so-

2174 3868 2286 3923 lum
2325 3868 2584 3923 debemus
2610 3869 2679 3923 ad
2714 3876 2930 3938 tempus
2956 3869 3165 3939 habere
3182 3911 3196 3936 ,
3228 3870 3322 3926 sed
3348 3862 3585 3940 perpetiar
3609 3874 3703 3917 eam

2174 3966 2231 4014 et
2256 3957 2488 4014 feliciter
2516 3959 2775 4015 debemus
2805 3974 2976 4030 usque
3017 3961 3075 4014 in
3102 3970 3363 4016 aeternum
3391 3957 3626 4017 retinere,
3662 3955 3705 4004 ei

2174 4047 2324 4104 nullo
2353 4055 2595 4116 tempore
2620 4064 2720 4105 nec
2746 4050 2814 4105 ad
2840 4058 3179 4105 momentum
3209 4049 3275 4104 de
3298 4056 3472 4105 nostra
3494 4043 3703 4099 debemus

2174 4146 2357 4194 mente
2389 4137 2639 4195 deﬁcere.
2686 4138 2961 4210 Scriptum
2987 4148 3075 4196 est
3101 4140 3249 4196 enim
3279 4154 3293 4193 :
3346 4137 3491 4193 Omni
3516 4141 3703 4199 tempore

2173 4229 2279 4283 sint
2305 4230 2610 4284 vestimenta
2640 4231 2733 4285 tud
2777 4230 3029 4296 candida,
3083 4241 3136 4285 et
3167 4230 3340 4285 oleum
3379 4229 3440 4282 de
3471 4223 3613 4294 capite
3632 4228 3703 4272 ιιο

2176 4335 2281 4373 non
2307 4318 2520 4387 deﬁciat
2564 4319 2765 4391 (Eccle.
2782 4321 2882 4388 ix).
2899 4320 3093 4377 Oleum
3125 4322 3183 4376 in
3211 4320 3384 4390 capite
3406 4325 3485 4373 est
3509 4310 3702 4370 cbaritas

2176 4411 2229 4467 in
2261 4420 2461 4469 mente.
2511 4410 2559 4464 A
2586 4413 2761 4483 capite
2802 4411 2983 4467 oleum
3028 4413 3253 4480 deﬁcit,
3299 4424 3418 4466 cum
3441 4403 3648 4463 cbaritas
3678 4411 3702 4450 ι

2095 4474 2149 4533 D
2175 4511 2359 4559 mente
2378 4474 2681 4559 descendit.
2710 4501 2851 4558 Hinc
2876 4518 2977 4559 nos
2996 4502 3197 4559 Petrus
3216 4474 3482 4573 apostolus
3499 4498 3703 4551 hortatur

2173 4594 2362 4651 dicens
2387 4613 2399 4648 :
2431 4595 2565 4648 Ante
2583 4593 2763 4649 omnia
2786 4605 3024 4657 mutuam
3052 4595 3110 4649 in
3140 4594 3281 4657 vobis
3307 4591 3588 4647 charitatcm
3608 4596 3702 4636 con-

2164 4683 2377 4745 tinuam
2406 4685 2653 4751 habentes
2684 4683 2736 4757 (Ι
2765 4682 2883 4739 Pet.
2914 4684 3012 4758 ιν).
3038 4684 3176 4740 Hinc
3203 4683 3398 4739 Paulus
3423 4680 3527 4733 ait:
3556 4667 3702 4728 Chari-

2170 4782 2253 4829 tas
2279 4775 2627 4844 fraternitatis
2672 4786 2881 4830 maneat
2920 4777 2977 4831 in
3020 4776 3164 4833 vobis
3204 4774 3359 4847 (Heb.
3393 4768 3522 4837 xwl-
3564 4760 3699 4817 De“

2169 4880 2301 4935 ergo
2331 4882 2552 4937 manere
2578 4874 2633 4921 et
2668 4881 2986 4936 permanere
3015 4882 3140 4921 cum
3190 4864 3315 4923 ﬁliis
3357 4861 3446 4917 Dei
3483 4852 3695 4912 cbaritas.

2168 4965 2230 5011 ut
2256 4966 2313 5012 et
2336 4957 2390 5011 in
2419 4958 2670 5026 praesenti
2701 4955 3036 5011 voluntatem
3062 4954 3160 5010 Dei
3188 4970 3284 5011 eos
3320 4953 3489 5007 facere
3526 4944 3695 5002 doce“.

2156 5058 2224 5104 .et
2249 5063 2372 5104 cum
2392 5049 2499 5105 illis
2517 5047 2748 5104 feliciter
2773 5048 2827 5102 in
2849 5056 3114 5103 aeternum
3138 5050 3463 5117 permaneat.
3491 5031 3696 5127 Charitas

2165 5148 2252 5199 est
2294 5141 2440 5195 enim
2473 5147 2622 5195 recta
2649 5138 2901 5194 voluntas
2930 5138 3121 5209 juncta
3148 5137 3290 5201 Deo,
3336 5141 3392 5188 et
3416 5118 3696 5209 lusciniam:

2167 5233 2291 5289 liter
2312 5232 2460 5287 unita
2497 5233 2623 5303 igne
2648 5231 2882 5301 quodam
2910 5202 3146 5301 Spiritus
3166 5225 3340 5289 sancti
3364 5242 3377 5278 :
3416 5238 3444 5275 a
3465 5231 3558 5289 quo
3578 5218 3623 5266 et
3641 5202 3694 5263 ad

2167 5338 2329 5394 quem
2373 5323 2610 5379 refertur
2650 5323 2874 5377 incensa
2920 5318 3345 5392 inquinamentis
3380 5308 3600 5369 omnibus
3619 5310 3693 5354 ειν

2169 5424 2381 5481 tranea,
2413 5414 2691 5483 corrumpi
2726 5413 2934 5478 nescia,
2986 5410 3118 5468 nulli
3145 5410 3279 5464 vitio
3300 5397 3690 5490 obnoxialsul.ira

2163 5508 2349 5562 omnia
2391 5500 2511 5575 quae
2553 5505 2849 5561 carnaliter
2877 5504 3180 5573 diliguntur
3219 5497 3460 5558 excelsa,
3489 5484 3688 5577 alietlili'

2161 5612 2292 5652 num
2321 5574 2561 5652 omnium
2602 5594 3002 5666 potentissima,
3048 5592 3248 5645 divinae
3272 5574 3685 5652 contemplationis

2159 5689 2337 5753 avida,
2384 5688 2440 5742 in
2482 5688 2737 5744 omnibus
2788 5701 3005 5757 semper
3036 5683 3268 5748 invicta,
3316 5677 3454 5734 salus
3491 5675 3683 5726 morum.
