3960 6206
229 314 332 372 765

1270 316 1625 374 COMMENT.
1665 316 1732 373 1N
1772 316 1931 377 HEC.
1973 318 2031 373 S.
2074 319 2455 379 BENEDiCTl.

3389 338 3490 395 766

226 442 373 493 mors
394 425 707 493 criminum,
744 427 853 481 vita
900 428 1180 496 virtutum,
1228 430 1403 486 virtus
1430 432 1802 503 pugnantium,
1832 433 2214 500 Aapostolus,
2270 436 2487 504 quando
2527 436 2622 505 ait,
2691 438 2822 494 Ante
2867 443 3042 497 omnia
3095 444 3255 500 nolite
3301 450 3493 519 furare

225 518 400 590 palma
433 518 725 585 victorum,
769 521 1053 589 prmmium
1074 522 1477 593 perfecturum;
1529 526 1584 579 in
1618 540 1811 595 pecca-

224 610 297 664 tis
330 616 574 664 mortuos
604 610 853 674 suscitat,
887 611 1204 682 languentes
1232 625 1413 681 sanat,
1453 618 1695 685 perd'uos
1726 617 1811 672 in-

223 709 454 764 staurat,
485 716 633 771 spem
680 702 987 772 desperatis
1010 705 1255 775 inspirat,
1303 708 1557 777 pacificus
1600 719 1810 766 mentes

226 788 492 844 inhabitat
517 806 533 854 ;
564 789 840 847 fructuosa
870 792 924 846 in
956 796 1361 863 paenitentibus,
1411 799 1531 853 heta
1565 800 1618 854 in
1645 800 1810 869 proﬁ-

221 881 508 945 cientibus,
542 880 778 952 gloriosa
808 883 860 936 in
888 886 1378 952 perseverantibus,
1405 897 1459 942 et
1486 903 1714 957 Operosa
1751 890 1807 945 in

221 973 472 1028 omnibus
499 974 723 1028 omnino
758 974 1008 1031 fidelibus
1035 994 1049 1041 ;
1102 992 1265 1046 quam
1297 979 1427 1034 fides
1452 982 1708 1051 concipit,
1738 982 1807 1036 ad

221 1076 382 1131 quam
411 1077 536 1130 spes
566 1064 759 1127 currit,
806 1064 891 1117 cui
922 1063 1198 1132 profectus
1233 1067 1475 1121 omnium
1510 1068 1699 1132 servit,
1738 1083 1804 1123 ex

220 1168 326 1223 qua
359 1152 619 1221 quidquid
654 1161 739 1207 est
756 1152 886 1207 boui
916 1154 1097 1223 operis
1119 1156 1270 1220 vivit,
1300 1157 1399 1210 sub
1421 1171 1527 1224 qua
1556 1157 1809 1212 obedien-

220 1241 290 1295 tia
320 1243 539 1309 crescit,
570 1258 669 1312 per
706 1260 866 1314 quam
895 1246 1157 1315 patientia
1184 1247 1381 1311 vincit,
1413 1248 1528 1301 sine
1555 1264 1660 1318 qua
1688 1248 1807 1305 nul-

221 1331 305 1388 lus
346 1334 457 1387 Deo
496 1333 701 1402 placuit
743 1350 844 1389 nec
877 1335 1149 1405 placebit,
1196 1352 1319 1391 eum
1345 1352 1452 1405 qua
1490 1352 1591 1391 nec
1633 1338 1809 1407 potuit

218 1423 417 1492 aliquis
441 1439 690 1493 peccare,
717 1439 817 1478 nec
844 1425 1063 1493 poterit.
1117 1424 1242 1479 Haec
1267 1434 1352 1480 est
1386 1426 1626 1481 charitas
1652 1440 1804 1491 vera,

215 1528 381 1583 quam
409 1527 508 1566 nos
551 1527 661 1567 non
690 1513 1089 1581 derelinquere,
1142 1513 1235 1569 sed
1285 1514 1501 1571 fortiter
1546 1516 1806 1573 debemus

217 1605 424 1656 ten’ere.
475 1601 603 1656 Ilaec
628 1602 773 1656 enim
799 1602 955 1657 nobis
995 1604 1167 1660 virtus
1215 1620 1378 1674 super
1402 1606 1587 1661 omnia
1614 1620 1807 1661 neces-

215 1693 361 1748 saria
387 1702 488 1759 est,
516 1709 639 1762 qua:
658 1710 756 1749 nos
778 1704 995 1764 separat
1020 1710 1053 1749 a
1080 1695 1314 1762 diabolo,
1345 1698 1596 1767 puriﬁcat
1617 1714 1646 1751 a
1677 1713 1799 1767 pee—

214 1791 362 1848 cato,
394 1783 711 1838 reconciliat
731 1785 860 1841 Deo.
890 1784 1231 1856 Quapropter
1250 1787 1381 1842 nihil
1405 1789 1557 1845 nobis
1577 1799 1801 1858 peccata

214 1888 500 1929 remanere
523 1881 773 1943 possunt,
823 1889 923 1928 nec
945 1874 1148 1945 aliquid
1170 1876 1296 1931 boui
1321 1878 1518 1943 deerit,
1550 1879 1597 1933 si
1645 1879 1803 1935 nobis

211 1969 480 2024 bonorum
520 1969 764 2023 omnium
793 1970 1034 2025 charitas
1061 1973 1322 2041 magistra
1353 1971 1607 2028 adfuerit.
1656 1972 1798 2039 Quo-

212 2058 364 2112 niam
412 2057 457 2112 si
501 2058 797 2112 secundum
837 2057 1152 2128 Apostolum
1183 2061 1416 2117 charitas
1460 2064 1665 2133 patiens
1700 2072 1799 2129 est,

213 2147 436 2216 benigna
471 2155 567 2211 est,
601 2164 703 2201 non
748 2147 1054 2215 aemulatur,
1101 2166 1206 2204 non
1236 2151 1342 2220 agit
1368 2168 1662 2223 perperam,
1695 2170 1800 2209 non

211 2236 455 2305 inﬂatur,
471 2253 582 2314 non
614 2247 691 2292 est
714 2239 1013 2305 ambitiosa,
1046 2256 1149 2293 non
1181 2243 1370 2311 quierit
1393 2260 1510 2314 qua
1533 2260 1632 2299 sua
1651 2253 1794 2306 sunt,

210 2339 316 2377 non
346 2310 611 2392 irritatur,
652 2343 757 2380 non
802 2329 993 2397 cogitat
1024 2310 1253 2393 malum,
1291 2310 1615 2401 non—gaudet
1642 2348 1801 2403 super

208 2415 518 2486 iniquitate,
561 2419 852 2489 congaudet
882 2429 1058 2474 autem
1085 2422 1316 2487 veritati,
1366 2424 1544 2477 omnia
1590 2425 1795 2493 stt/fert,

208 2505 388 2558 omnia
417 2506 598 2570 credit,
649 2508 826 2561 omnia
869 2517 1076 2578 sperat,
1106 2511 1285 2565 omnia
1329 2512 1550 2566 sustinet
1579 2513 1634 2583 (1
1670 2513 1797 2568 Cor.

208 2595 356 2666 xui),
384 2596 714 2650 omnibusin
745 2598 940 2667 quibus
970 2598 1133 2655 fuerit
1166 2602 1281 2656 haec
1309 2602 1447 2657 bona
1487 2619 1607 2671 qua:
1637 2606 1800 2661 habet

208 2683 473 2753 impertit.
521 2685 586 2739 Et
615 2687 743 2755 quid
773 2687 880 2741 illis
908 2703 1028 2743 esse
1056 2698 1237 2760 potest
1259 2693 1314 2746 in
1357 2693 1459 2748 hac
1483 2694 1592 2748 vita
1620 2695 1797 2765 perfe-

207 2776 371 2837 ctius,
423 2775 515 2845 qui
546 2778 708 2833 tantis
749 2778 1027 2834 abundant
1055 2780 1324 2836 eharitate
1350 2782 1406 2836 in
1450 2797 1512 2838 se
1539 2793 1797 2854 regnante

206 2864 506 2920 virtutibus
528 2866 551 2920 ?

272 2952 368 3008 27.
401 2953 524 3009 Non
540 2956 731 3026 jurare
753 2998 768 3025 ,
813 2975 877 3013 ne
902 2959 1037 3028 forte
1058 2963 1289 3032 perjnret
1315 2961 1529 3034 (Matth.
1561 2962 1635 3035 v).
1676 2962 1796 3019 Non

205 3054 290 3097 est
322 3053 513 3099 contra
555 3046 651 3102 Dei
695 3058 1024 3119 prmceptum
1060 3050 1268 3119 jurare,
1320 3052 1447 3122 quia
1489 3051 1579 3107 ille
1615 3051 1786 3107 dixit:

206 3133 310 3189 Per
344 3150 537 3191 nomen
568 3151 748 3193 meum
776 3137 1067 3206 jnrabitis;
1102 3142 1197 3197 sed
1228 3142 1356 3196 dum
1377 3142 1553 3196 velum
1572 3141 1788 3212 jurandi

205 3227 437 3285 facimus
459 3267 475 3292 ,
510 3227 732 3298 periurii
765 3229 971 3284 crimen
1026 3231 1374 3287 incurrimus.
1435 3230 1668 3286 Necesse
1708 3239 1792 3286 est

206 3332 337 3390 ergo
365 3325 424 3373 ut
462 3330 737 3385 nunquam
781 3314 929 3384 juret
968 3319 1060 3388 qui
1097 3318 1376 3389 perjurare
1420 3320 1592 3374 timet.
1642 3318 1790 3374 Scri-

203 3417 359 3476 ptum
400 3414 486 3461 est
526 3406 711 3460 enim:
768 3407 1040 3462 lnrationi
1086 3427 1189 3463 non
1216 3411 1510 3479 acquiescat
1543 3427 1599 3464 os
1640 3419 1789 3464 tuum

206 3497 392 3569 (Eccli.
415 3497 589 3569 mu).
624 3497 708 3561 Et,
756 3495 846 3551 Vir
886 3499 1109 3554 multum
1134 3501 1329 3571 jurans
1372 3502 1655 3571 replebitur
1687 3502 1790 3555 ini-

203 3590 402 3658 quitate
430 3586 640 3658 (Ibid.).
673 3588 739 3642 Et
764 3586 1000 3644 Iacobus
1023 3592 1299 3661 apostolus
1328 3607 1396 3646 ne
1411 3591 1656 3659 juremus
1684 3591 1789 3645 for-

204 3678 334 3735 titer
376 3692 476 3732 nos
521 3678 813 3744 admonet,
862 3679 1089 3734 dicens:
1136 3680 1269 3735 Ante
1313 3681 1488 3735 omnia
1514 3721 1529 3745 ,
1569 3680 1783 3749 fratres,

205 3769 364 3823 nolite
381 3769 592 3837 jurare,
620 3785 782 3839 neque
801 3786 896 3839 per
917 3768 1123 3835 emtum,
1152 3787 1314 3841 neque
1340 3787 1433 3839 per
1453 3780 1667 3836 terram,
1695 3787 1788 3824 ne-

203 3876 298 3929 que
329 3857 478 3912 aliud
496 3860 839 3931 quodcunque
861 3861 1240 3929 juramentum.
1294 3860 1374 3916 Sit
1412 3871 1589 3915 autem
1614 3879 1785 3916 sermo

203 3962 368 4004 rester
393 3958 469 4003 est
506 3960 601 4015 est,
628 3966 731 4004 non
774 3967 875 4004 non
897 3991 911 4016 ,
942 3960 997 4005 ut
1029 3968 1133 4005 non
1172 3952 1227 4005 in
1247 3951 1512 4021 judicium
1540 3940 1785 4005 incidatis

204 4040 346 4110 (Jac.
390 4041 467 4111 v).
500 4041 567 4095 Et
613 4042 873 4096 Dominus
901 4051 1087 4098 noster
1128 4040 1285 4097 Jesus
1315 4041 1564 4098 Christus
1588 4084 1602 4108 ,
1640 4041 1786 4097 salus

201 4129 444 4184 omnium
473 4139 529 4185 et
550 4130 820 4197 SalvatOr,
867 4133 960 4201 qui
990 4148 1179 4188 omnes
1203 4132 1317 4187 vult
1356 4133 1535 4190 salvos
1562 4134 1701 4199 fieri,
1731 4142 1786 4188 et

202 4233 232 4272 a
258 4218 402 4272 malo
432 4218 654 4289 periurii
681 4220 944 4285 liberare,
979 4223 1233 4277 admonet
1272 4238 1371 4277 nos
1398 4223 1585 4279 dicens
1612 4243 1624 4277 :
1658 4223 1784 4278 Non

195 4308 446 4378 jurabitis
472 4327 565 4380 per
603 4311 811 4377 calum,
857 4315 983 4383 quia
1020 4315 1165 4368 sedes
1208 4314 1308 4369 Dei
1332 4325 1447 4370 est:
1493 4332 1655 4387 neque
1693 4333 1786 4387 per

200 4408 416 4465 terram,
465 4400 589 4469 quia
637 4401 919 4455 scabellum
955 4403 1145 4474 pedum
1190 4405 1305 4473 ejus
1350 4414 1422 4459 est
1456 4418 1472 4455 :
1502 4421 1664 4476 neque
1688 4422 1781 4476 per

202 4501 358 4561 caput
380 4503 603 4547 vestrum
618 4494 890 4563 jurabitis,
914 4498 1038 4567 quia
1067 4515 1171 4552 non
1191 4500 1403 4568 potestis
1426 4517 1584 4554 unum
1615 4500 1779 4570 capil-

200 4579 309 4632 lum
339 4581 514 4634 album
548 4583 719 4651 facere
741 4624 757 4649 ,
806 4584 881 4638 vel
909 4587 1150 4655 nigrant:
1198 4588 1288 4641 sed
1312 4590 1378 4642 sit
1418 4605 1588 4642 sermo
1614 4599 1779 4644 vester

200 4679 275 4723 est
317 4679 428 4734 est,
465 4687 567 4725 non
608 4689 707 4726 non
731 4712 746 4738 ,
791 4682 840 4728 et
875 4674 1014 4744 quod
1065 4675 1293 4745 amplius
1324 4685 1422 4741 est,
1473 4694 1506 4729 a
1536 4676 1675 4730 malo
1702 4687 1777 4732 est

202 4757 420 4828 (Matth.
465 4758 540 4830 v).
592 4760 692 4827 Qui
726 4770 905 4815 autem
945 4778 1049 4816 non
1080 4761 1269 4829 jurat,
1317 4779 1425 4818 non
1467 4773 1676 4834 peccat,
1725 4773 1782 4819 et

202 4848 362 4919 longe
402 4856 487 4903 est
525 4865 555 4902 a
583 4860 826 4919 peccato.
862 4852 919 4906 Si
948 4852 1233 4908 offenderit
1261 4855 1463 4924 .lapsus
1507 4857 1779 4922 deorsum,

202 4941 335 5003 ruit,
365 4948 420 4994 et
447 4942 715 5010 excipitur
740 4958 770 4995 a
797 4956 955 5011 poena
986 4942 1229 5013 perjurii.
1260 4944 1402 5015 Ergo
1425 4943 1559 4999 falsa
1579 4945 1784 5013 juratio

202 5032 433 5085 exitiosa
475 5040 577 5100 est,
612 5048 740 5087 vera
774 5032 981 5102 juratio
1025 5036 1350 5105 periculosa.
1401 5035 1555 5090 Nulla
1583 5034 1786 5105 juratio

200 5135 335 5175 sana
367 5130 540 5177 estet
582 5138 790 5178 secura.
834 5125 980 5178 Dixit
1029 5125 1260 5194 aliquis:
1305 5125 1422 5180 Non
1465 5134 1549 5181 est
1583 5124 1787 5194 juratio

203 5212 421 5281 quando
449 5214 592 5280 dico,
629 5214 805 5270 Testis
835 5216 967 5269 mihi
1014 5216 1156 5271 Dens
1181 5223 1302 5282 est,
1348 5224 1403 5271 et
1439 5217 1656 5271 Testem
1701 5215 1785 5268 in-

202 5318 341 5358 voco
368 5306 556 5372 Deum,
589 5306 674 5363 vel
706 5307 791 5362 bis
819 5308 1035 5362 similia.
1086 5307 1225 5373 Quid
1252 5317 1337 5362 est
1363 5316 1542 5361 autem
1574 5304 1780 5373 jurare,

204 5395 312 5450 nisi
342 5396 507 5452 Dirum
551 5397 824 5461 invocare,
867 5407 922 5452 et
952 5398 1042 5468 jus
1084 5398 1195 5452 Deo
1225 5398 1494 5453 reddere?
1539 5395 1678 5463 Quid
1704 5402 1790 5450 est

202 5486 408 5552 dicere,
443 5488 620 5543 Testis
645 5490 777 5544 mihi
808 5490 950 5544 Deus
974 5497 1078 5554 est,
1111 5490 1214 5544 nisi
1237 5488 1425 5558 jurare
1454 5504 1550 5558 per
1573 5486 1788 5542 Deum?

202 5573 322 5644 Ipse
350 5576 495 5630 enim
526 5578 688 5642 Deus,
713 5593 811 5647 per
837 5594 997 5648 quem
1021 5576 1187 5646 jurat,
1230 5579 1516 5635 invisibilis
1545 5586 1646 5633 est.
1697 5576 1791 5634 Ju-

203 5667 345 5721 ravit
370 5684 467 5739 per
494 5668 837 5738 invisibilcm,
866 5668 1061 5725 feritur
1087 5686 1247 5742 pmua
1275 5670 1550 5727 invisibili.
1579 5668 1712 5725 Nam
1735 5678 1790 5725 et

1805 4445 1856 4502 D

1909 522 2053 596 (Jac.
2079 525 2155 596 v),
2184 537 2372 583 cautos
2400 544 2499 583 nos
2527 528 2655 585 fecit
2676 532 2937 589 adversus
2961 534 3203 606 linguam
3224 548 3488 609 nostram,

1906 623 1967 670 ut
1991 617 2336 672 attendamus
2364 626 2419 673 et
2440 619 2746 689 vigilemus,
2793 637 2862 677 ne
2884 623 3141 695 subrepat
3174 630 3331 685 nobis
3357 646 3491 686 con-

1907 704 2387 772 suetudojnrandi.
2436 707 2577 763 Ante
2607 711 2808 774 omnia,
2841 712 3036 783 inquit,
3070 727 3128 769 ut
3158 726 3211 772 te
3231 720 3492 778 adversus

1908 794 2349 850 consuetudinem
2392 794 2605 863 jurandi
2650 799 3077 858 intentissimum
3107 806 3378 873 redderet,
3430 817 3493 867 ut

1906 885 2088 939 omnia
2117 894 2171 938 tu
2219 886 2515 956 inspiceres
2540 930 2555 955 ,
2603 899 2658 944 et
2694 906 2882 948 omnes
2931 904 3112 951 motus
3153 898 3352 970 linguae
3384 909 3489 959 tuae

1907 972 2316 1061 diligentissime
2338 978 2658 1033 custodires.
2710 979 3003 1052 Sequitur:
3039 996 3095 1039 ut
3134 1005 3238 1042 non
3267 991 3321 1044 in
3341 992 3492 1062 judi-

1906 1065 1987 1118 cio
2020 1054 2300 1120 decidatis.
2352 1067 2514 1134 Ideo,
2562 1069 2762 1139 inquit;
2814 1088 2910 1128 vos
2940 1090 2969 1128 a
2992 1076 3283 1145 jurationis
3328 1054 3488 1152 culpa

1905 1168 2230 1222 compesco,
2284 1169 2351 1209 ne
2395 1155 2708 1225 frequenter
2748 1174 2877 1214 vera
2915 1162 3150 1231 jurando
3192 1167 3486 1236 aliquando
3522 1172 3529 1175 ’

1905 1245 2068 1300 etiam
2097 1245 2153 1298 in
2185 1243 2480 1313 perjurium
2524 1247 2810 1315 decidatis,
2844 1253 2935 1306 sed
2979 1269 3044 1308 eo
3070 1255 3281 1326 longius
3305 1274 3336 1312 a
3363 1275 3483 1329 pcr-

1898 1333 2114 1402 jurandi
2179 1335 2309 1389 vitio
2355 1336 2544 1402 stetis,
2594 1354 2701 1407 quo
2745 1356 2846 1395 nec
2907 1358 3034 1397 vera
3093 1346 3335 1415 dejerare
3381 1350 3488 1405 nisi

1903 1424 2147 1491 proxima
2178 1426 2504 1480 necessitate
2532 1427 2728 1482 velitis.
2773 1428 2879 1483 Sed
2903 1440 2957 1485 et
2988 1433 3075 1487 ille
3097 1436 3195 1489 sub
3216 1437 3486 1506 judicium

1904 1520 2087 1567 reatus
2116 1512 2333 1577 decidit,
2382 1515 2473 1582 qui
2500 1517 2599 1570 etsi
2629 1532 2903 1586 nunquam
2946 1521 3212 1589 perjurat,
3242 1527 3488 1582 crebrius

1907 1609 2083 1654 tamen
2107 1616 2267 1669 quam
2294 1617 2427 1670 opus
2456 1612 2540 1658 est
2567 1602 2792 1671 dejerat,
2820 1607 2947 1675 quia
2975 1609 3232 1664 nimirum
3263 1613 3376 1681 ipsa
3403 1629 3490 1668 su-

1904 1690 2106 1760 perﬂua
2149 1691 2434 1748 locutionis
2471 1695 2747 1750 otiositate
2799 1697 3101 1768 delinquit,
3159 1701 3489 1774 ollcuditque

1830 1765 1877 1825 Β
1898 1780 2156 1850 Ῑιιρὶίοθιῐι,
2190 1782 2282 1851 qui
2311 1791 2365 1838 et
2390 1782 2577 1839 inutile
2602 1787 2827 1841 verbum
2853 1796 2908 1841 et
2928 1765 3298 1858 juramentum
3327 1765 3487 1850 omne

1902 1872 2092 1927 vetuit.

1970 1961 2060 2017 28.
2100 1959 2382 2017 Veritatem
2410 1980 2475 2017 e1:
2495 1964 2649 2018 corde
2673 1974 2722 2019 et
2769 1983 2858 2021 ore
2878 1967 3113 2037 proferre
3139 1967 3310 2041 (Psal.
3347 1971 3482 2043 xiv).

1898 2050 2048 2105 Multi
2076 2051 2223 2105 aliud
2259 2059 2445 2107 tenent
2474 2053 2527 2107 in
2555 2054 2737 2119 corde,
2781 2054 2923 2110 aliud
2955 2055 3240 2125 proferunt
3269 2074 3336 2113 ex
3367 2075 3480 2116 ore.

1896 2143 2110 2198 Etcum
2139 2143 2251 2198 sint
2273 2143 2350 2199 illi
2377 2144 2612 2199 vanitate
2649 2145 2876 2215 decepti,
2923 2145 3056 2201 alios
3098 2147 3363 2203 fallaciter
3391 2150 3485 2206 de-

1897 2236 2077 2304 cipere
2098 2233 2359 2304 gestiunt.
2408 2232 2476 2287 Et
2507 2234 2634 2303 quia
2680 2249 2785 2288 non
2812 2244 2897 2288 est
2920 2234 2973 2288 in
3002 2251 3098 2289 ore
3126 2251 3314 2292 eorum
3338 2239 3483 2294 veri-

1899 2336 1999 2390 tas,
2029 2326 2147 2382 ideo
2170 2342 2265 2382 cor
2284 2342 2474 2381 eorum
2506 2342 2703 2382 vanum
2734 2337 2837 2382 est.
2871 2326 3162 2384 Monachus
3190 2338 3368 2385 autem
3389 2333 3483 2401 qui

1897 2418 2099 2474 Christi
2116 2417 2339 2488 vestigia
2355 2432 2493 2486 puro
2508 2418 2671 2472 corde
2690 2419 2845 2486 sequi
2867 2418 3159 2483 desiderat,
3190 2421 3283 2490 qui
3309 2421 3446 2476 dixit
3465 2439 3480 2476 :

1897 2508 2011 2580 Ego
2055 2525 2172 2563 sum
2194 2509 2302 2572 via,
2354 2509 2545 2563 veritas
2588 2517 2637 2562 et
2662 2508 2765 2562 vita
2799 2507 2979 2580 (Joan.
3012 2508 3145 2579 xxv),
3195 2510 3484 2568 veritatem

1897 2599 2057 2654 debet
2099 2599 2154 2652 in
2201 2598 2365 2653 corde
2409 2606 2615 2661 tenere,
2666 2605 2721 2651 et
2748 2612 2867 2651 eam
2919 2598 3241 2667 simpliciter
3276 2616 3342 2653 ex
3385 2614 3485 2655 ore

1897 2690 2056 2755 debet
2079 2688 2325 2760 proferre
2352 2707 2365 2742 :
2413 2690 2539 2758 quia
2566 2689 2657 2743 ille
2688 2690 2886 2744 dicitur
2918 2691 2973 2745 in
3003 2691 3352 2747 tabernaculo
3380 2694 3484 2748 Do-

1896 2784 2028 2841 mini
2060 2781 2334 2848 habitare,
2368 2788 2423 2834 et
2449 2779 2503 2834 in
2535 2789 2716 2835 monte
2740 2792 2929 2836 sancto
2960 2780 3080 2850 ejus
3112 2783 3484 2852 requiescere,
3574 2828 3577 2831 ς

1895 2875 1989 2946 qui
2016 2872 2254 2942 loquitur
2282 2871 2568 2925 veritatem
2595 2872 2648 2925 in
2684 2871 2845 2927 corde
2868 2888 3000 2939 suo,
3024 2882 3082 2929 et
3108 2889 3214 2928 non
3244 2875 3358 2945 agit
3385 2874 3483 2930 do-

1896 2966 2005 3020 lum
2029 2965 2084 3019 in
2114 2964 2295 3034 lingua
2322 2979 2439 3018 sua.
2485 2963 2635 3018 Tunc
2661 2964 2813 3019 dolus
2846 2964 2985 3019 litin
3018 2964 3224 3036 lingua,
3264 2966 3483 3035 quando

1896 3055 2031 3109 etin
2059 3053 2222 3109 corde
2264 3052 2471 3108 celatur
2516 3053 2717 3109 veritas
2742 3062 2797 3107 et
2831 3068 2896 3108 ex
2922 3069 3017 3109 ore
3046 3061 3204 3109 sonat
3243 3053 3479 3109 fallacia.

1894 3143 2117 3197 Vanitas
2147 3151 2228 3196 est
2258 3141 2403 3195 enim
2444 3148 2499 3196 et
2528 3156 2722 3211 magna
2759 3142 2980 3197 miseria
3020 3143 3165 3198 aliud
3193 3151 3379 3197 tenere
3424 3143 3481 3199 in

1891 3232 2075 3296 corde,
2103 3240 2156 3286 et
2182 3231 2327 3285 aliud
2348 3229 2503 3284 fratri
2528 3229 2756 3299 proferri
2780 3245 3049 3287 sermone.
3078 3229 3315 3285 Vanitati
3335 3232 3481 3287 enim

1889 3321 2122 3375 humana
2158 3321 2397 3391 subjecta
2446 3329 2530 3374 est
2557 3330 2832 3385 creatura,
2881 3330 2935 3376 et
2963 3321 3083 3377 ideo
3127 3338 3234 3377 non
3265 3330 3376 3377 stat
3422 3321 3481 3377 in

1888 3412 2116 3465 veritate
2145 3410 2299 3475 ﬁcta,
2335 3410 2426 3464 sed
2458 3425 2675 3479 semper
2712 3411 2779 3464 ad
2824 3409 3119 3466 fallendum
3168 3412 3478 3480 proximum

1886 3517 2079 3571 prona.
2112 3500 2357 3554 Monachi
2388 3507 2589 3560 autem,
2640 3515 2777 3568 quos
2797 3501 3055 3555 Dominus
3082 3501 3147 3555 de
3173 3500 3384 3555 fallacia
3422 3509 3479 3556 et

1886 3594 2125 3647 vanitate
2152 3590 2334 3645 saeculi
2360 3590 2521 3659 hujus
2544 3589 2797 3659 dignatus
2816 3599 2901 3643 est
2920 3603 3228 3659 segregare,
3274 3589 3478 3643 verita—

1887 3691 1997 3737 tem
2041 3683 2238 3737 debent
2261 3695 2328 3734 ex
2359 3680 2520 3735 corde
2549 3688 2606 3735 et
2631 3696 2727 3735 ore
2760 3678 3027 3751 proferre.
3070 3678 3297 3749 Semper
3330 3679 3477 3735 enim

1887 3772 1942 3826 in
1973 3771 2135 3826 corde
2161 3784 2348 3824 eorum
2377 3769 2577 3823 veritas
2602 3770 2829 3835 habitet,
2859 3777 2914 3825 et
2945 3769 3000 3822 in
3025 3784 3120 3824 ore
3145 3784 3333 3824 eorum
3381 3783 3477 3823 nc-

1886 3875 2040 3915 cesse
2066 3868 2148 3914 est
2174 3867 2232 3912 ut
2251 3858 2453 3913 veritas
2475 3868 2649 3914 sonet.
2681 3858 2738 3913 1n
2762 3860 3001 3930 cogitatu
3027 3858 3250 3924 veritas,
3278 3858 3333 3912 in
3357 3872 3474 3913 ser-

1886 3966 2045 4005 mone
2068 3951 2299 4015 veritas,
2340 3950 2394 4003 in
2423 3948 2566 4004 facto
2595 3950 2797 4005 Veritas
2818 3990 2832 4014 ,
2878 3958 2932 4003 et
2964 3948 3020 4003 in
3061 3948 3332 4012 omnibus,
3379 3962 3479 4016 per

1885 4043 2086 4107 omnia,
2135 4041 2348 4096 illorum
2375 4041 2679 4095 actionibus
2705 4053 2929 4094 necesse
2953 4048 3039 4093 est
3060 4045 3119 4091 ut
3165 4036 3477 4105 resplende-

1885 4146 2043 4185 scens
2071 4131 2246 4183 luceat
2275 4137 2329 4183 et
2372 4143 2585 4198 semper
2622 4128 2676 4182 in
2726 4127 2806 4182 eis
2845 4127 2952 4180 ﬁxa
2998 4131 3330 4195 permaneat.
3378 4123 3476 4179 Est

1885 4222 2029 4277 enim
2063 4221 2117 4275 in
2145 4220 2349 4292 angelis
2383 4219 2606 4283 veritas,
2651 4218 2701 4271 in
2747 4216 3073 4286 patriarchis
3115 4223 3171 4267 et
3196 4211 3476 4283 prophetis

1885 4312 2105 4376 veritas,
2135 4311 2189 4363 in
2214 4308 2474 4379 apostolis
2501 4316 2556 4363 et
2579 4307 2882 4377 virginibus
2914 4305 3161 4367 veritas;
3178 4303 3230 4355 in
3264 4310 3471 4371 marty-

1889 4403 2038 4456 ribus
2064 4408 2117 4455 et
2145 4397 2547 4454 confessoribus
2574 4397 2774 4451 veritas
2794 4436 2809 4460 ,
2856 4403 2913 4449 et
2957 4395 3011 4447 in
3036 4392 3287 4448 omnibus
3319 4389 3476 4444 habi-

1883 4493 2124 4548 tantibus
2153 4492 2203 4544 iu
2234 4490 2371 4545 cmlo
2398 4490 2617 4552 veritas,
2651 4496 2704 4542 et
2734 4487 2787 4540 in
2815 4486 3066 4540 omnibus
3094 4481 3297 4536 sanctis
3324 4494 3474 4534 com-

1884 4581 2220 4636 morantibus
2247 4580 2299 4632 in
2342 4578 2541 4632 mundo
2577 4577 2797 4630 veritas.
2847 4576 2905 4629 In
2937 4574 3021 4628 his
3061 4581 3240 4626 autem
3269 4579 3473 4623 etcum

1886 4673 1971 4727 his
1996 4671 2246 4724 omnibus
2282 4683 2495 4738 semper
2519 4676 2603 4721 est
2628 4666 2889 4719 Dominus
2914 4674 3099 4719 noster
3136 4660 3293 4716 Jesus
3320 4656 3473 4713 Chri-

1886 4771 2017 4826 stus,
2048 4762 2140 4831 qui
2167 4770 2252 4815 est
2288 4760 2398 4824 via,
2427 4760 2630 4813 veritas
2657 4766 2712 4813 et
2750 4760 2881 4820 vita,
2905 4764 2962 4811 et
2984 4755 3226 4810 omnium
3258 4758 3476 4807 sancto.-

1888 4869 2006 4908 rum
2034 4852 2179 4906 salus
2205 4860 2261 4905 et
2284 4850 2453 4920 gloria
2484 4849 2667 4920 (Joan.
2703 4849 2834 4917 xiv).

1959 4944 2047 4998 ΞΟ.
2083 4942 2287 4996 Malunt
2310 4958 2405 5011 pro
2435 4940 2574 4994 malo
2604 4957 2708 4994 non
2734 4938 2947 4993 reddere
2977 4935 3030 5007 (I
3059 4935 3237 5003 Thess.
3263 4933 3337 5007 v).
3372 4933 3477 4988 Sc-

1887 5037 2121 5092 cundum
2150 5042 2473 5104 praeceptum
2509 5041 2706 5087 sancta:
2738 5029 2974 5099 Regulae,
3004 5027 3328 5098 oblivionem
3354 5040 3474 5079 omo

1889 5130 2017 5183 nino
2046 5128 2242 5182 debent
2267 5126 2514 5181 monachi
2559 5124 2763 5194 fugere.
2792 5131 2847 5176 et
2886 5122 3014 5192 quid
3042 5121 3160 5175 illos
3188 5135 3284 5189 per
3311 5117 3475 5173 mini-

1888 5227 2031 5274 stros
2054 5232 2180 5271 suos
2207 5215 2443 5284 Spiritus
2472 5222 2690 5268 sanctus
2717 5213 3035 5276 admoneat,
3065 5210 3350 5280 diligenter
3376 5221 3472 5259 au-

1889 5308 2024 5362 dire.
2061 5306 2243 5374 Neque
2275 5304 2418 5359 enim
2457 5304 2612 5358 decet
2639 5303 2941 5357 auditorem
2981 5302 3332 5362 obliviosum,
3374 5291 3473 5348 sed

1889 5394 2148 5449 factorem
2175 5392 2354 5461 cperis
2380 5405 2501 5446 esse
2532 5392 2874 5445 monaclmm.
2898 5391 3193 5445 Audiamus
3216 5398 3342 5453 ergo
3361 5395 3468 5436 non

1888 5486 2060 5543 solum
2088 5500 2219 5539 aure
2246 5483 2506 5551 corporis,
2548 5484 2640 5537 sed
2667 5483 2830 5537 etiam
2871 5481 3065 5537 mentis
3085 5520 3097 5540 ,
3132 5485 3187 5530 et
3217 5471 3470 5543 operibus

1889 5590 2251 5646 exsequamur
2275 5573 2401 5642 quid
2427 5589 2524 5626 nos
2547 5588 2644 5643 per
2681 5572 2899 5627 Petrum
2928 5567 3287 5639 apostolorum
3322 5560 3472 5629 prin-

1891 5669 2063 5739 cipcm
2095 5663 2366 5730 admonet,
2396 5663 2611 5719 dicens:
2642 5662 2840 5728 Estotc,
2864 5658 3057 5726 inquit,
3083 5650 3483 5729 misericordes,
