3960 6198
531 340 634 398 76⁸1

1835 328 2108 385 SMARAG

2225 325 2517 381 ABBATIS
3650 336 3728 394 πε
3784 404 3789 409 ε

529 454 772 520 humiles,
798 470 900 508 non
922 450 1187 506 reddentes
1214 445 1410 501 malum
1434 461 1527 516 pro
1558 443 1696 497 malo
1727 442 1776 514 (Ι
1845 441 1958 496 Pet.
1990 439 2096 512 ιιι).
2128 444 2174 502 Α
2204 447 2309 504 tur,
2341 439 2627 508 probatum
2654 446 2836 493 autem
2861 437 3027 504 foras,
3054 439 3204 510 cujus
3234 441 3307 495 sit
3334 440 3564 510 fulgoris,
3589 461 3726 517 appa-

531 550 697 606 Vides
721 563 849 618 ergo
874 545 997 614 quia
1038 542 1093 596 in
1142 539 1414 595 reddendo
1460 537 1661 592 malum
1706 550 1803 605 pro
1831 534 2009 598 malo,
2050 540 2106 588 et

529 637 916 695 misericordiae
967 648 1102 702 opus
1149 639 1205 686 et
1252 628 1574 685 humilitatis
1604 626 1807 680 amittis
1845 624 2100 680 cilicium.

530 732 800 799 Scriptum
833 734 916 782 est
945 727 1086 781 enim
1108 742 1126 799 ιτ
1171 721 1296 793 Noli
1335 722 1468 776 vinci
1501 738 1531 773 a
1565 718 1738 783 malo,
1769 718 1858 772 sed
1884 718 2023 772 vince
2049 718 2104 770 in

426 809 431 813 ’
530 796 668 875 bona
692 818 891 873 malum
923 796 1255 888 (Romfxn).
1284 813 1531 867 Vincitur
1562 826 1592 864 a
1634 809 1798 873 malo,
1834 808 1923 877 qui
1950 808 2105 862 malis

526 923 852 984 provocatus
886 907 1058 961 reddit
1081 906 1301 960 malum.
1333 904 1390 958 In
1422 904 1560 957 bono
1587 911 1768 955 autem
1798 901 1964 954 vincit
1989 915 2107 953 ma-

530 1004 640 1057 lum
661 1044 675 1067 ,
706 1003 794 1071 qui
823 998 1057 1068 acceptis
1086 997 1245 1051 malis
1274 996 1449 1049 reddit
1478 995 1709 1063 bonum,
1723 993 1815 1047 [lle
1846 992 1991 1045 enim
2024 991 2106 1045 di—

530 1094 673 1147 citur
706 1091 896 1144 vicisse
918 1089 1103 1148 alium,
1135 1087 1225 1155 qui
1255 1084 1472 1147 eumad
1500 1099 1650 1137 suam
1675 1081 1959 1136 adduxerit
1978 1096 2107 1151 par-

533 1194 659 1238 tem.
700 1182 756 1236 Si
796 1196 925 1251 ergo
956 1189 1008 1234 te
1050 1177 1239 1233 fecerit
1289 1176 1388 1229 sibi
1435 1175 1658 1228 reddere
1685 1173 1882 1236 vicem,
1922 1171 2010 1224 ille
2050 1178 2105 1225 te

529 1274 660 1327 vicit
683 1272 927 1326 faciendo
958 1270 1059 1325 sibi
1090 1268 1342 1322 similem.
1368 1265 1564 1319 Paulus
1589 1279 1802 1333 quoque
1832 1262 2105 1333 apostolus

529 1365 641 1417 ait:
686 1363 865 1416 Nolite
909 1378 1018 1415 esse
1060 1357 1520 1430 prudentes‘apud
1567 1357 1928 1425 vosmetipsos,
1974 1353 2106 1408 nulli

530 1452 725 1507 malum
750 1469 843 1522 pro
868 1450 1006 1504 malo
1038 1450 1306 1504 reddentes
1342 1445 1512 1519 (Rom.
1546 1446 1667 1514 xu).
1700 1445 1757 1501 Si
1794 1444 1992 1499 malum
2018 1445 2102 1498 in-

530 1543 673 1596 ferre
701 1556 928 1610 peccare
953 1548 1056 1603 est,
1088 1539 1312 1593 reddere
1351 1537 1549 1591 malum
1586 1551 1685 1606 pro
1720 1535 1863 1589 malo
1897 1532 2103 1602 justum

532 1648 636 1686 non
669 1640 783 1696 est,
814 1630 906 1685 sed
946 1629 1120 1685 simile
1157 1636 1437 1698 peccatum
1480 1636 1562 1682 est
1597 1642 1661 1682 ac
1700 1627 1933 1696 gravius.
1967 1624 2103 1679 Nam

532 1722 619 1776 ille
648 1722 738 1791 qui
764 1721 912 1790 prior
931 1720 1130 1774 malum
1160 1718 1357 1782 intulit,
1392 1717 1616 1772 forsitan
1640 1732 1745 1771 non
1772 1715 2099 1780 meditando,

2207 531 2364 595 rebit,
2389 531 2462 585 ita
2486 532 2750 585 bonorum
2777 532 3160 586 monachorum
3181 534 3480 588 constantia
3502 534 3551 589 in
3570 539 3729 596 saeculo

2204 621 2625 690 contemptibilis
2646 621 2880 687 videtur,
2923 622 3020 676 sed
3045 621 3135 677 ubi
3175 630 3389 693 tempus
3413 627 3730 688 retributionis

2205 709 2505 773 advenerit,
2532 719 2746 779 quantm
2776 708 2978 765 fuerint
3018 708 3174 765 facile
3203 714 3498 781 apparebit.
3540 716 3661 787 Ergo
3685 727 3730 775 ut

2206 800 2414 852 animas
2438 808 2654 853 nostras
2674 800 2952 870 possidere
2972 800 3268 865 valeamus,
3298 801 3544 859 virtutem
3562 810 3730 875 patien-

2206 889 2293 943 tia:
2318 889 2527 944 fortiter
2563 897 2859 945 teneamus.
2890 890 2960 944 Et
2996 900 3055 944 ut
3087 891 3311 960 perfecti
3344 902 3398 946 et
3429 893 3605 965 integri
3629 912 3728 966 pos-

2206 978 2375 1033 simus
2400 980 2453 1032 in
2486 981 2733 1035 omnibus
2761 981 2960 1035 nostris
2999 982 3301 1037 actionibus
3340 998 3486 1049 esse,
3509 988 3731 1055 patientes

2206 1069 2378 1123 simus
2405 1070 2472 1123 ad
2500 1084 2691 1141 omnes
2712 1071 2767 1124 in
2798 1071 2947 1126 nullo
2969 1072 3300 1128 deficientes.
3328 1073 3510 1144 Magna
3529 1086 3603 1130 est
3617 1079 3729 1133 enim

2206 1158 2376 1213 virtus
2401 1159 2704 1228 patientiae,
2747 1176 2869 1230 quae
2914 1161 3195 1217 laedentem
3240 1178 3300 1219 se
3331 1181 3435 1221 non
3462 1166 3620 1232 hedit,
3659 1168 3727 1223 sed

2206 1246 2416 1316 diligit;
2455 1262 2575 1316 qua:
2601 1247 2880 1317 injurianti
2910 1250 3134 1320 injurias
3157 1253 3404 1317 remittit,
3435 1271 3536 1308 non
3562 1256 3726 1321 reddit;

2204 1336 2291 1390 cui
2317 1351 2510 1391 nocere
2529 1345 2708 1406 potest
2728 1354 2836 1392 non
2861 1351 3040 1406 nocet,
3067 1342 3162 1395 sed
3181 1342 3374 1411 parcit.
3396 1343 3634 1400 Patientia
3649 1356 3728 1411 est,

2204 1438 2324 1492 qua:
2369 1440 2469 1481 nos
2517 1425 2628 1481 Deo
2676 1429 3022 1483 commendat
3067 1436 3123 1484 et
3160 1446 3192 1483 a
3238 1432 3396 1487 malis
3436 1435 3656 1490 omnibus
3689 1437 3731 1490 in

2204 1520 2384 1568 mente
2428 1521 2573 1570 tutos
2615 1525 2922 1571 conservat.
2956 1518 3075 1587 Ipsa
3121 1526 3209 1574 est
3246 1521 3445 1587 virtus,
3485 1538 3590 1594 qua
3626 1524 3731 1580 iram

2204 1611 2485 1674 temperat,
2518 1606 2756 1676 linguam
2788 1607 3047 1674 refrenat,
3084 1617 3327 1665 mentem
3361 1613 3618 1682 gubernat.
3640 1614 3732 1686 Ipsa

2201 1703 2305 1761 est,
2334 1712 2454 1765 quae
2481 1712 2668 1766 pacem
2697 1700 2955 1765 custodit,
2988 1700 3329 1771 disciplinam
3359 1705 3611 1759 moderate
3631 1707 3732 1777 agit,

532 1812 625 1867 sed
657 1779 834 1866 subito
860 1810 1006 1865 fecit.
1034 1808 1135 1874 Qui
1170 1779 1351 1863 autem
1381 1807 1558 1863 reddit
1586 1806 1783 1861 malum
1810 1820 1909 1876 pro
1940 1779 2103 1869 malo,

2209 1787 2448 1842 libidinis
2470 1789 2727 1857 impetum
2760 1788 2974 1845 fortiter
3001 1789 3224 1862 frangit.
3256 1792 3376 1862 Ipsa
3403 1802 3509 1860 est,
3552 1810 3652 1863 qua.
3670 1796 3733 1849 fu-

529 1903 834 1957 voluntarie
861 1912 917 1957 et
943 1901 1253 1956 meditando
1272 1900 1464 1954 reddit.
1488 1900 1685 1954 lterum
1709 1899 1967 1967 scriptum
1989 1903 2105 1952 est:

533 1992 657 2047 Non
680 2010 767 2047 vos
792 1992 1147 2063 defendentes,
1190 1990 1504 2055 charissimi,
1536 1991 1626 2045 sed
1654 1991 1776 2043 date
1804 1988 1975 2043 locum
2012 1988 2109 2043 irte

531 2081 852 2152 (Ibid.).llle
878 2082 1056 2137 locum
1086 2082 1176 2135 dat
1203 2081 1316 2145 irre,
1335 2080 1426 2150 qui
1452 2094 1510 2135 se
1539 2094 1644 2133 non
1678 2076 1985 2133 ulciscendo
2016 2077 2109 2131 de-

530 2169 722 2238 fendit,
750 2171 840 2242 qui
866 2170 1110 2227 convicio
1136 2170 1434 2226 convicium
1458 2184 1562 2223 non
1592 2168 1789 2231 reddit,
1813 2167 1901 2236 qui
1925 2166 2108 2221 manui

531 2275 751 2314 manum
777 2275 881 2315 non
911 2261 1109 2330 ingerit
1128 2300 1142 2325 ,
1179 2259 1271 2328 qui
1308 2258 1516 2329 iujurim
1546 2257 1794 2326 injuriam
1824 2271 1928 2311 non
1957 2255 2107 2320 facit,

532 2345 744 2414 ala'pam
783 2360 882 2416 pro
906 2347 1057 2416 alapa
1088 2361 1193 2400 non
1232 2344 1441 2410 reddit,
1486 2344 1579 2399 sed
1623 2344 1691 2398 ad
1735 2344 2108 2413 accipiendum

532 2436 757 2490 alteram
789 2438 1063 2491 maxillam
1091 2444 1379 2507 praeparat,
1417 2444 1473 2491 et
1514 2435 1695 2491 omnia
1723 2451 1844 2504 qua:
1889 2434 1965 2489 illi
2011 2436 2109 2490 ad-

533 2541 691 2582 versa
735 2528 1031 2583 acciderint
1079 2528 1132 2581 in
1178 2527 1435 2598 patientia
1475 2526 1692 2581 tolerat.
1740 2524 1890 2582 Unde
1930 2533 1988 2580 et
2023 2539 2110 2581 se-

532 2620 718 2689 quitur
741 2638 754 2674 :

604 2709 694 2765 30.
728 2709 992 2780 Injuriam
1035 2726 1138 2765 non
1171 2711 1363 2779 facere,
1401 2708 1493 2764 sed
1529 2717 1575 2762 et
1616 2708 1813 2778 factam
1854 2707 2112 2777 patienter

530 2801 751 2870 sufferre
775 2800 826 2871 (I
850 2799 972 2855 Cor.
996 2800 1092 2870 γι).
1121 2799 1317 2869 Iniuria
1340 2808 1425 2856 est
1443 2797 1787 2863 contumelia,
1805 2797 2117 2856 convicium.

531 2892 618 2946 vel
650 2891 901 2961 quaelibet
927 2891 1209 2962 injustitia.
1248 2890 1400 2945 Dicta
1429 2898 1609 2944 autem
1637 2887 1833 2957 injuria
1871 2902 1936 2942 eo
1965 2887 2111 2957 quod

531 2993 719 3039 contra
742 2981 884 3052 juris
903 2983 1145 3037 ordinem
1170 2982 1281 3036 fiat.
1297 2981 1474 3037 Multis
1499 2982 1642 3035 enim
1666 2981 1837 3036 modis
1856 2979 2108 3049 iniuriam

534 3074 715 3129 facere
746 3074 1055 3128 hominibus
1080 3075 1256 3129 solent
1284 3074 1549 3128 homines.
1588 3072 1890 3142 Aliquoties
1928 3084 2107 3128 autem

533 3163 790 3216 conviciis
803 3162 1152 3228 lacescentes,
1165 3164 1450 3231 aliquoties
1461 3164 1897 3218 accusationibus
1911 3165 2110 3235 suggil-

535 3250 730 3314 lantes,
763 3250 1048 3317 aliquoties
1078 3250 1327 3305 manibus
1351 3251 1708 3321 impingentes
1729 3261 1782 3307 et
1802 3253 2111 3322 exspolian-

538 3348 640 3405 tes,
671 3341 954 3411 aliquoties
978 3357 1108 3397 vero
1146 3341 1307 3397 etiam
1346 3344 1728 3412 percutientes.
1754 3342 1899 3409 Quas
1926 3359 2114 3400 mona-

534 3432 670 3487 chus
701 3431 784 3486 vel
812 3432 1030 3487 omnino
1069 3418 1245 3487 omn'is
1276 3431 1572 3487 catholicus
1616 3431 1963 3488 Christianus
2002 3448 2110 3488 non

538 3522 712 3578 solum
742 3522 863 3577 aliis
897 3538 1003 3577 non
1035 3522 1233 3589 facere,
1271 3521 1366 3579 sed
1389 3523 1551 3577 etiam
1576 3524 1643 3577 ab
1670 3523 1792 3578 aliis
1819 3522 1994 3579 illatas
2020 3537 2111 3593 pa-

540 3612 738 3665 tienter
765 3612 926 3665 etiam
970 3627 1090 3666 cum
1122 3611 1303 3666 dolore
1345 3612 1501 3667 debet
1546 3611 1787 3668 sufferre.
1837 3612 2112 3685 Scriptum

538 3708 623 3754 est
651 3700 793 3753 enim
821 3718 834 3753 :
875 3698 942 3754 In
969 3700 1150 3755 dolore
1184 3703 1401 3766 sustine,
1433 3711 1481 3755 et
1510 3703 1565 3755 in
1590 3703 1883 3757 humilitate
1909 3713 1998 3757 tua
2024 3721 2115 3774 pa-

537 3788 775 3841 tientiam
795 3788 948 3851 habe,
978 3789 1102 3858 quia
1118 3789 1171 3842 in
1192 3790 1308 3859 igne
1328 3789 1582 3859 probatur
1600 3807 1810 3856 aurum,
1835 3799 1891 3847 et
1909 3791 2113 3862 reliqua

536 3874 724 3949 (Eccli.
756 3877 841 3946 ιι).
875 3877 944 3933 Ut
981 3893 1112 3949 ergo
1158 3881 1413 3949 probetur
1457 3879 1509 3934 in
1552 3882 1818 3936 monacho
1842 3883 2113 3950 patientiae

534 3968 733 4034 virtus,
767 3978 1025 4039 appareat
1045 3970 1098 4024 in
1121 3968 1436 4039 injuriarum
1461 3972 1742 4027 tolerantia
1767 3973 2111 4041 fortissimus,

535 4061 682 4130 quia,
708 4068 767 4115 ut
792 4061 994 4115 dictum
1021 4070 1122 4128 est,
1156 4062 1296 4117 sicut
1333 4062 1387 4117 in
1415 4061 1636 4119 fornace
1667 4064 1807 4136 ignis
1852 4066 2113 4135 probatur

537 4164 752 4215 aurum,
781 4150 856 4204 ita
887 4151 941 4205 in
977 4152 1339 4208 tribulationis
1381 4155 1593 4209 camino
1620 4155 1880 4224 probatur
1922 4171 2114 4211 mona-

535 4241 688 4307 chus,
720 4240 886 4298 Paulo
933 4250 1087 4309 teste,
1131 4244 1223 4313 qui
1263 4244 1341 4298 ait
1371 4262 1383 4297 :
1416 4243 1647 4300 Scientes
1674 4246 1799 4315 quia
1844 4246 2110 4300 tribulatio

532 4332 841 4402 patientium
880 4343 1161 4401 operatur,
1208 4334 1460 4403 patientia
1503 4344 1676 4388 autem
1714 4335 2067 4405 probationem
2091 4375 2108 4402 ,

532 4420 770 4491 probatio
812 4438 928 4476 vero
950 4439 1108 4492 spem,
1143 4432 1248 4478 etc.
1285 4422 1463 4494 (Rom.
1489 4424 1562 4496 v).
1600 4424 1793 4480 Petrus
1823 4441 1951 4480 vero
1990 4426 2104 4479 ait:

538 4511 606 4565 Ut
624 4514 1007 4582 probatioﬁdei
1030 4526 1208 4570 vestrm
1228 4516 1390 4571 multo
1410 4520 1684 4587 pretiosior
1708 4520 1774 4573 sit
1796 4535 1949 4585 auro,
1972 4519 2109 4589 quod

534 4621 625 4673 per
653 4605 822 4673 ignem
851 4606 1100 4675 probatur
1138 4605 1199 4678 (I
1242 4604 1361 4661 Pet.
1413 4607 1482 4679 I).
1516 4607 1776 4663 Dominus
1809 4624 2023 4679 quoque
2056 4609 2110 4662 in

535 4694 823 4766 Evangelia
848 4698 955 4751 ait:
997 4697 1063 4751 In
1089 4699 1341 4768 patientia
1365 4709 1533 4753 vestra
1556 4700 1884 4771 possidebitis
1906 4702 2112 4755 animas

535 4794 733 4841 vestras
762 4787 912 4859 (Luc.
961 4788 1100 4862 nt).
1145 4787 1399 4842 Salomon
1441 4804 1653 4859 quoque
1698 4791 1810 4844 ait:
1854 4790 2110 4843 Doctrina

538 4872 635 4927 uiri
655 4890 746 4943 per
760 4878 1065 4944 patientiam
1093 4878 1325 4931 noscitur
1352 4875 1533 4949 (Prov.
1576 4877 1711 4948 nx).
1754 4878 1950 4933 Paulus
1978 4894 2112 4949 quo—

537 4977 640 5030 que
667 4963 1152 5043 aitLCortsolamini
1171 4965 1550 5036 pusillanimes,
1577 4968 1823 5037 suscipite
1848 4967 2108 5036 inﬁmos,

535 5048 787 5123 patientes
812 5063 970 5107 estote
997 5056 1066 5109 ad
1091 5073 1267 5110 omnes
1302 5056 1353 5129 (1
1383 5056 1561 5112 Thess.
1588 5057 1664 5127 v).
1694 5055 1927 5112 Iacobus
1955 5074 2110 5112 nausc

537 5158 643 5212 que
663 5143 829 5199 dicit:
861 5143 1124 5209 Patientia
1156 5157 1331 5202 autem
1370 5165 1497 5219 opus
1525 5147 1810 5219 perfectum
1838 5148 2107 5216 habemus,

536 5242 593 5286 ut
612 5234 726 5287 sitis
748 5233 961 5304 perfecti
985 5244 1031 5288 et
1048 5237 1253 5307 integri,
1282 5238 1335 5291 in
1351 5237 1494 5291 nullo
1515 5236 2106 5309 deficientes(.lacob.1).

536 5324 604 5378 Et
630 5324 797 5395 alibi:
839 5322 1110 5394 Tanquam
1148 5343 1335 5379 aurum
1362 5328 1417 5380 in
1443 5327 1656 5396 fornace
1681 5327 1915 5397 probavit
1951 5326 2069 5381 illos
2089 5368 2104 5392 ,

536 5422 585 5468 et
605 5416 757 5486 quasi
785 5415 1090 5469 holocausta
1112 5418 1304 5485 accepit
1328 5415 1445 5470 illos
1473 5415 1621 5487 (Sap.
1649 5416 1766 5488 ιιι);
1798 5417 1923 5487 quia
1950 5416 2110 5471 nimi-

536 5521 656 5559 rum
679 5521 816 5575 quos
842 5505 896 5559 in
919 5504 1131 5559 camino
1158 5504 1516 5561 tribulationis
1553 5508 1896 5576 probaverit,
1923 5507 2023 5560 hos
2052 5506 2108 5560 in

538 5594 730 5662 gaudio
755 5593 1127 5649 retributionis
1156 5580 1310 5664 quasi
1351 5593 1667 5663 placabilem
1695 5590 1925 5651 hostiam
1956 5610 2107 5649 assu-

539 5685 657 5738 mit.
684 5685 839 5745 Sicut
860 5687 1004 5743 enim
1035 5702 1225 5744 aurum
1248 5688 1302 5743 in
1325 5687 1541 5745 fornace
1566 5688 1805 5745 clausura
1832 5688 2105 5744 examina-

2136 4468 2188 4527 D

2209 1875 2349 1929 roris
2392 1876 2703 1931 violentiam
2756 1879 3096 1949 comprimit,
3146 1881 3455 1936 incendium
3497 1882 3734 1940 simultatis

2209 1966 2536 2035 exstinguit,
2582 1974 2797 2023 coercet
2821 1968 3118 2038 potentiam
3157 1977 3538 2040 tyrannorum,
3573 1971 3733 2027 refovet

2208 2053 2448 2124 inopiam
2474 2070 2790 2127 pauperum.
2818 2059 2937 2126 Ipsa
2965 2068 3079 2125 est,
3121 2074 3249 2128 quae
3291 2058 3420 2115 facit
3460 2061 3658 2116 humiles
3687 2061 3729 2116 in

2206 2148 2504 2216 prosperis,
2535 2159 2592 2203 et
2617 2148 2788 2205 fortes
2809 2148 2862 2202 in
2892 2150 3153 2206 adversis.
3184 2150 3310 2223 Ipsa
3348 2152 3642 2207 tentationes
3661 2168 3732 2208 ex-

2207 2247 2430 2308 pugnat,
2456 2242 2861 2310 persecutiones
2882 2241 3096 2307 tolerat,
3132 2251 3190 2297 et
3221 2250 3282 2297 ut
3311 2251 3487 2298 tenere
3517 2243 3734 2312 possimus

2208 2329 2375 2395 viam,
2394 2328 2643 2386 Christus
2666 2346 2764 2386 nos
2787 2332 3065 2386 moderate
3085 2341 3142 2386 et
3162 2330 3317 2399 juste
3341 2332 3601 2403 gubernat.
3620 2331 3736 2386 lianc

2208 2435 2337 2490 ergo
2365 2434 2568 2486 amare,
2610 2422 2749 2478 hanc
2791 2422 3052 2494 diligere,
3090 2433 3303 2479 etcum
3341 2423 3540 2494 gaudio,
3567 2430 3616 2477 et
3636 2422 3733 2476 totis

2207 2514 2417 2569 viribus
2437 2515 2688 2585 amplecti
2713 2515 2928 2575 debent.
2961 2531 3069 2571 non
3096 2516 3277 2571 solum
3310 2514 3573 2579 monachi,
3595 2510 3673 2569 sed
3692 2520 3732 2567 et

2208 2619 2397 2661 omnes
2425 2606 2679 2661 catholici
2705 2605 3021 2661 Christiani.

2278 2698 2368 2754 51.
2396 2700 2650 2755 Inimicos
2671 2699 2886 2770 diligere
2916 2698 3129 2771 (Matth.
3155 2696 3239 2770 v).
3286 2697 3421 2766 Quia
3457 2697 3543 2752 ﬁlii
3563 2694 3644 2752 Dei
3664 2707 3733 2749 διι-

2211 2803 2353 2855 mus,
2379 2788 2597 2843 Patrem
2632 2796 2900 2854 nostrum,
2943 2788 2997 2843 in
3026 2794 3296 2858 quantum
3322 2800 3614 2858 possumus,

2211 2880 2313 2934 tari
2341 2879 2620 2935 debemus.
2658 2879 2753 2934 llle
2780 2879 2923 2935 enim
2951 2879 3205 2934 inimicos
3229 2865 3432 2944 dilexit,
3457 2877 3642 2948 quando
3656 2887 3735 2945 pro

2212 2971 2344 3040 ipsis
2367 2970 2808 3042 crucifigentibus
2842 2985 2900 3026 se
2928 2970 3103 3025 oravit
3128 2968 3323 3026 dicens
3347 2984 3364 3024 :
3386 2967 3555 3033 Pater,
3570 2968 3737 3037 ignosce

2212 3065 2345 3129 iltis,
2366 3065 2490 3135 quia
2511 3066 2748 3119 nesciunt
2766 3067 2890 3135 quid
2925 3065 3135 3135 faciunt
3156 3065 3316 3133 (Luc.
3341 3061 3591 3130 ιιιιιμζι
3606 3055 3732 3115 nobis

2211 3156 2442 3221 diligere
2466 3155 2722 3211 inimicos
2741 3166 2796 3211 et
2813 3172 2904 3210 ora
2915 3172 2972 3209 re
3008 3170 3107 3225 pro
3124 3156 3241 3210 illis
3257 3153 3517 3226 prmcipit,
3538 3150 3691 3207 ubisit
3716 3165 3728 3202 :

2213 3247 2922 3318 Diligiteinimicosvestros,
2949 3250 3074 3303 bene
3121 3249 3288 3319 facite
3332 3248 3502 3319 hisqui
3551 3245 3732 3300 oderant

2210 3355 2326 3405 vos,
2351 3352 2400 3394 et
2423 3354 2575 3395 orate
2592 3356 2687 3407 pro
2715 3340 3138 3411 persequentibus
3154 3350 3207 3394 et
3232 3337 3731 3395 calumniantibusto-

2213 3434 2311 3496 bis,
2333 3443 2389 3485 ut
2410 3434 2525 3488 sitis
2546 3433 2645 3500 ﬁlii
2667 3433 2843 3487 Patris
2861 3433 3016 3486 vestri
3031 3433 3123 3501 qui
3139 3442 3219 3485 est
3233 3433 3286 3485 in
3304 3431 3439 3486 caelis
3456 3428 3647 3500 (Matth.
3669 3420 3727 3492 v).

2212 3522 2520 3593 Diligamus
2549 3538 2683 3592 ergo
2730 3522 3012 3582 inimicos,
3071 3521 3200 3591 quia
3255 3522 3398 3577 Deus
3423 3527 3735 3581 noster,cutn

2212 3599 2390 3655 adhuc
2415 3600 2619 3655 inimici
2641 3614 2904 3664 essemus,
2924 3600 3076 3671 prior
3100 3614 3205 3654 nos
3224 3599 3439 3663 dilexit,
3467 3605 3516 3651 et
3535 3609 3619 3665 per
3637 3607 3733 3647 san~

2213 3690 2430 3760 guinem
2451 3688 2573 3743 Filii
2603 3689 2685 3744 sui
2710 3704 2810 3744 nos
2838 3688 3233 3744 reconciliavit.
3261 3686 3735 3744 Commendatautm

2211 3779 2375 3839 Deus.
2409 3780 2485 3834 ait
2502 3779 2811 3850 Apostolus,
2838 3796 2991 3834 suam
3025 3780 3340 3834 charitatem
3364 3781 3419 3833 in
3445 3777 3602 3841 nobis,
3629 3787 3731 3843 qla-

2214 3872 2354 3926 niam
2383 3889 2501 3927 cum
2526 3872 2699 3927 adhuc
2730 3882 3022 3942 peccatores
3052 3888 3317 3937 essemus,
3348 3872 3400 3927 id
3427 3877 3523 3933 est,
3549 3861 3729 3927 inimici,

2214 3960 2453 4016 Christus
2478 3979 2572 4032 pro
2596 3962 2741 4016 nobis
2763 3971 3001 4016 mortuus
3024 3971 3099 4016 est
3116 4002 3132 4026 ,
3177 3979 3278 4016 nos
3309 3958 3620 4015 reconcilians
3650 3952 3733 4005 Deo

2213 4050 2388 4122 (Rom.
2412 4050 2488 4120 v).
2517 4050 2749 4106 Grandis
2774 4052 2920 4106 enim
2959 4061 3013 4107 et
3053 4052 3320 4122 spiritalis
3346 4059 3428 4106 est
3461 4050 3612 4102 virtus
3640 4041 3732 4098 dili-

2213 4155 2340 4211 gere
2369 4140 2638 4206 inimicos,
2668 4156 2829 4211 quam
2854 4140 3033 4195 nullus
3060 4141 3342 4195 hominum
3368 4140 3555 4195 habere
3578 4132 3729 4205 potuit.

2211 4243 2394 4304 potest
2416 4236 2502 4289 vel
2536 4235 2763 4306 poterit,
2797 4235 2901 4289 nisi
2932 4234 3017 4288 cui
3060 4233 3207 4287 illam
3251 4236 3504 4288 bonorum
3538 4223 3731 4282 omnium

2212 4326 2424 4381 dederit
2455 4327 2614 4381 Deus.
2640 4325 2935 4396 Diligamus
2959 4339 3087 4393 ergo
3122 4323 3391 4388 inimicos,
3422 4322 3548 4376 sicut
3571 4325 3731 4385 prace-

2211 4417 2293 4487 pit
2317 4418 2482 4484 Deus,
2504 4426 2559 4473 et
2578 4417 2970 4473 humanitatem
2992 4416 3121 4482 illis,
3147 4415 3201 4469 in
3224 4422 3475 4486 quantum
3492 4408 3729 4481 possimus.

2212 4508 2567 4577 praebeamus.
2605 4505 2874 4576 Scriptum
2895 4514 2980 4561 est
3002 4506 3175 4560 enim:
3200 4503 3263 4559 Si
3287 4502 3515 4559 esarierit
3535 4495 3731 4552 inimicus

2213 4607 2354 4662 tuus,
2398 4596 2513 4650 ciba
2540 4596 2731 4661 illum;
2769 4597 2815 4651 si
2838 4597 2983 4662 sitit,
3012 4604 3192 4667 potum
3229 4595 3299 4649 da
3334 4594 3446 4658 illi,
3483 4601 3533 4645 et
3566 4586 3761 4652 reliqua-

2214 4685 2405 4760 (Prov.
2442 4688 2601 4758 xxv).
2651 4686 2803 4740 Tunc
2830 4687 2973 4740 enim
3009 4686 3293 4741 verissime
3330 4682 3523 4738 inimici
3559 4672 3727 4733 dilecti?

2214 4778 2535 4843 custoditur,
2576 4793 2699 4832 cum
2727 4792 2829 4832 nec
2866 4777 2933 4831 de
2976 4777 3132 4831 ruina
3163 4776 3309 4831 illius
3334 4774 3628 4847 gaudemus,
3651 4773 3724 4817 nec

2212 4869 2279 4924 de
2303 4869 2547 4939 profectu
2578 4869 2927 4923 tabescimus.
2959 4867 3148 4939 Magna
3173 4876 3257 4922 est
3284 4865 3600 4920 inimicorum
3624 4853 3725 4911 dile-

2210 4962 2320 5015 ctio
2343 4969 2399 5015 et
2424 4961 2576 5015 valde
2599 4961 2784 5023 ardua,
2815 4960 2909 5015 sed
2934 4959 3283 5030 implentibus
3316 4973 3375 5013 se
3411 4964 3591 5012 (eterna
3616 4960 3721 5018 pra:-

2210 5058 2367 5119 parat
2390 5050 2629 5119 praemia.
2660 5049 3003 5104 lnimicorum
3023 5064 3153 5120 ergo
3179 5048 3393 5104 dilectio
3411 5061 3503 5100 nos
3519 5041 3601 5098 Dei
3620 5036 3724 5092 filios

2210 5147 2265 5195 et
2287 5139 2601 5210 angelorum
2634 5136 2799 5193 efficit
2838 5138 3046 5204 socios;
3096 5137 3250 5193 nobis
3291 5136 3359 5191 de
3399 5131 3606 5189 inimicis
3624 5123 3723 5180 facit

2212 5232 2443 5297 amicos,
2472 5240 2527 5286 et
2549 5231 2615 5286 de
2644 5231 2935 5286 contrariis
2961 5231 3188 5296 charos,
3225 5238 3280 5284 et
3322 5232 3386 5284 de
3412 5224 3592 5281 odiosis
3621 5216 3721 5273 dile-

2212 5325 2481 5380 ctissimus
2526 5322 2744 5379 fratres.
2782 5323 2908 5378 llaec
2944 5338 3044 5378 nos
3086 5321 3408 5380 fraternitati
3447 5305 3717 5406 sociatetin

2213 5423 2471 5470 teternum
2502 5414 2846 5484 inseparabili
2871 5414 3135 5469 charitate
3159 5412 3497 5482 conglutinat,
3526 5413 3578 5459 ut
3595 5396 3718 5497 ethic

2211 5506 2542 5561 unanimiter
2584 5506 2637 5559 in
2688 5504 2931 5560 fraterna
2975 5504 3256 5560 dilectione
3302 5503 3561 5558 vivamus,
3599 5498 3644 5546 ει

2211 5606 2468 5652 aeternum
2494 5596 2698 5666 pariter
2725 5611 3137 5667 conregnemus.
3169 5594 3499 5649 lnimicorum
3527 5597 3634 5655 ergo
3658 5577 3717 5676 όξξ

2212 5687 2392 5753 lectio,
2427 5692 2687 5756 quantum
2725 5685 2781 5741 in
2809 5686 3118 5758 peragenda
3143 5683 3384 5757 gravior,
3416 5687 3599 5734 tantum
3636 5671 3715 5722 εἴη
