3992 6206
269 378 368 433 τ(ῑεῖ

1298 369 1657 426 COMMENT.
1699 368 1765 423 ΙΝ
1808 371 1968 426 REG.
2013 371 2070 426 S.
2111 370 2490 428 BliNEDlCTl.

3425 378 3530 433 770

266 493 320 547 in
348 486 700 545 retributione
733 485 967 550 felicior;
1000 493 1260 553 quantum
1290 483 1343 537 in
1374 482 1716 554 adimplendo
1745 499 1839 537 an—
1867 491 1916 549 Α
2012 485 2102 540 55.
2138 483 2534 539 Persecutioncs
2557 501 2652 554 pro
2682 485 2896 554 justitia
2919 489 3175 543 sustinere
3210 487 3424 560 (Matth.
3449 493 3532 562 v).

263 582 493 654 gustior,
510 587 719 637 tantum
740 577 843 632 erit
860 577 913 630 in
937 576 1258 646 recipiendis
1281 576 1592 629 muneribus
1615 575 1842 645 largior;

263 681 524 742 quantum
567 669 653 722 hic
688 668 976 732 laboriosa,
1024 673 1234 720 tantum
1277 666 1330 718 in
1370 664 1552 719 futuro
1585 666 1689 718 erit
1732 665 1848 718 sine

264 763 429 818 dubio
468 759 722 830 gloriosa.
757 758 874 826 Ipsa
919 757 1064 811 enim
1105 771 1202 811 nos
1241 755 1581 809 inimicorum
1631 754 1848 808 dilectio

264 860 543 921 separata
593 850 819 912 mundo,
851 856 906 902 et
950 847 1227 916 conjungit
1267 846 1496 901 feliciter
1532 845 1680 910 Deo;
1732 847 1846 913 ipsa

266 959 365 998 nos
394 945 462 997 ab
492 941 794 996 actionibus
817 938 1155 992 saecularium
1177 935 1515 991 discriminat
1542 935 1843 1000 hominum,

262 1043 318 1088 ct
345 1042 656 1088 sanctorum
697 1030 900 1099 pariter
920 1030 1100 1100 jungit
1127 1037 1183 1083 et
1209 1027 1520 1096 angelorum
1549 1028 1842 1082 consortio.

333 1124 423 1178 52.
459 1121 833 1175 Maledicentes
859 1137 912 1173 se
952 1136 1056 1172 non
1099 1118 1501 1182 remaledicere,
1545 1119 1636 1172 sed
1677 1120 1845 1188 magis

263 1211 568 1265 benedicere
598 1208 750 1279 (Luc.
781 1208 876 1278 vt).
910 1207 979 1261 Et
1003 1207 1058 1260 in
1089 1208 1193 1261 hoc
1218 1207 1375 1261 nobis
1407 1207 1736 1276 impossibile
1770 1208 1846 1261 vi-

265 1305 461 1357 deatur
506 1301 752 1371 implere,
788 1300 986 1355 Paulus
1024 1299 1270 1368 exemplo
1310 1315 1408 1354 suo
1439 1316 1538 1355 nos
1567 1302 1840 1366 admonet,

262 1394 488 1450 dicens:
531 1391 918 1452 Maledicimur,
950 1398 996 1443 et
1026 1389 1373 1443 benedicimus
1392 1431 1406 1454 ,
1436 1392 1841 1459 persecutionem

260 1485 516 1555 patimur,
562 1494 609 1536 et
653 1483 968 1536 sustinemus
999 1483 1016 1552 (
1046 1482 1213 1541 ICor.
1242 1495 1296 1536 tv
1326 1479 1366 1551 ).
1410 1482 1600 1536 Petrus
1628 1498 1842 1552 quoque

260 1575 518 1645 princeps
545 1573 910 1641 apostolorum
931 1573 1196 1626 hortando
1217 1587 1316 1626 nos
1337 1574 1599 1642 praecipit,
1623 1574 1837 1629 dicens:

266 1665 393 1720 Non
422 1664 693 1718 reddentes
719 1661 915 1715 malum
935 1679 1029 1732 pro
1057 1661 1194 1715 malo
1213 1702 1227 1726 ,
1267 1678 1360 1715 nec
1389 1661 1723 1717 maledictum
1749 1681 1844 1733 pro

261 1754 563 1818 maledicto,
590 1753 682 1808 sed
706 1770 734 1806 e
755 1755 1018 1806 contrario
1063 1753 1417 1807 benedicentes
1438 1792 1453 1818 ,
1497 1754 1620 1823 quia
1662 1755 1715 1808 in
1746 1754 1845 1808 hoc

1948 575 2207 630 Dominus
2250 575 2300 628 in
2330 574 2622 644 Evangelio
2649 575 2764 628 ait:
2801 575 2953 629 Beati
2998 579 3090 647 qui
3123 581 3533 648 persecutionem

1946 666 2222 734 patiuntur
2242 674 2450 733 propter
2466 664 2754 733 justitiam,
2787 666 3034 734 quoniam
3071 667 3303 737 ipsorum
3344 681 3418 724 est
3451 687 3534 725 re-

1946 769 2105 823 gnum
2131 753 2398 806 cmlorum.
2434 753 2548 807 Non
2578 755 2710 807 dixit
2754 765 2973 825 propter
3004 757 3345 826 iniquitatem
3376 776 3529 816 suam

1946 844 2228 914 patiuntur
2251 844 2702 912 persecutionem,
2725 845 2818 899 sed
2849 846 3126 916 signanter
3153 847 3379 914 addidit,
3403 866 3529 919 pro-

1945 945 2059 1004 pter
2079 934 2361 1003 justitiam.
2395 935 2544 988 Multi
2573 935 2716 989 enim
2747 946 2968 1005 propter
2999 952 3092 990 sua
3119 947 3340 1006 peccata
3359 955 3533 1008 perse-

1946 1027 2206 1079 cutionem
2229 1027 2530 1094 patiuntur,
2545 1026 2636 1080 sed
2665 1042 2764 1080 nec
2785 1026 2937 1094 justi,
2966 1043 3064 1082 nec
3085 1027 3225 1082 beati
3254 1030 3526 1083 dicuntur.

1947 1113 2052 1168 Sed
2074 1115 2147 1168 illi
2178 1115 2277 1169 soli
2307 1125 2512 1169 tantum
2535 1116 2667 1186 justi
2694 1116 2962 1170 habentur
2982 1118 3070 1184 qui
3097 1120 3530 1186 persecutionem

1945 1217 2165 1276 pr0pter
2201 1205 2469 1274 justitiam
2515 1209 2814 1275 patiuntur.
2857 1207 2991 1261 Hinc
3019 1208 3212 1262 Petrus
3255 1208 3530 1276 apostolus

1943 1295 2057 1348 ait:
2098 1293 2203 1348 Sed
2232 1304 2278 1347 et
2309 1295 2353 1347 si
2387 1295 2513 1364 quid
2541 1295 2780 1365 patimini
2819 1308 3028 1365 propter
3059 1295 3358 1364 justitiam,
3392 1299 3530 1351 beati

1942 1385 2086 1438 eritis
2118 1384 2166 1456 (Ι
2200 1384 2318 1438 Pet.
2351 1385 2456 1455 tu).
2495 1385 2610 1439 Non
2659 1385 2851 1447 solum,
2892 1386 3087 1454 inquit,
3119 1388 3194 1440 nil
3223 1397 3401 1454 nocet,
3435 1390 3527 1457 qui

1942 1477 2095 1532 vobis
2134 1479 2330 1532 bonum
2374 1478 2694 1532 facientibus
2742 1478 2884 1531 mala
2929 1480 3157 1547 irrogat,
3203 1481 3294 1534 sed
3326 1483 3521 1547 etiam,

1943 1581 2039 1619 vos
2061 1582 2182 1619 cum
2209 1569 2380 1622 hostis
2408 1568 2710 1635 insequitur
2739 1576 2961 1636 propter
2989 1569 3129 1622 bona
3168 1586 3286 1637 qum
3326 1570 3524 1638 facitis,

1943 1670 2162 1710 causam
2197 1658 2350 1712 vobis
2391 1656 2613 1724 majoris
2651 1657 2999 1712 beatitudinis
3039 1660 3444 1726 subministrat,
3473 1668 3529 1716 et

1943 1750 2217 1818 patientiae
2249 1759 2439 1806 vestra:
2466 1752 2610 1807 vires
2639 1754 2975 1808 corroborat.
3015 1753 3144 1808 ltem
3186 1754 3376 1811 Petrus
3410 1759 3521 1812 ait:

260 1844 432 1898 vocati
473 1843 596 1896 estis
616 1882 630 1906 ,
677 1852 731 1894 ut
760 1842 1165 1895 benedictionem
1203 1841 1504 1895 lucreditate
1529 1843 1838 1911 possidentis
1868 1844 1914 1902 B
1946 1836 2134 1892 Melius
2155 1849 2230 1892 est
2267 1841 2404 1894 enim
2447 1840 2821 1910 benefacientes
2842 1883 2855 1906 ,
2881 1845 2928 1896 si
2971 1843 3088 1897 velit
3131 1844 3368 1900 voluntas
3403 1846 3523 1913 Dei,

258 1933 316 2005 (Ι
346 1931 466 1987 Pet.
491 1932 596 2004 ιιι).
645 1933 746 2001 Qui
789 1932 934 1987 enim
977 1932 1030 1986 in
1073 1931 1387 1986 hazreditate
1425 1932 1540 1985 vult
1565 1934 1840 2001 possidere

256 2035 526 2081 azternam
546 2025 1002 2088 benedictionem,
1025 2023 1298 2077 inimicum
1319 2022 1638 2078 benedicere
1659 2023 1837 2086 debet,

258 2132 374 2172 non
419 2117 762 2171 maledicere.
808 2115 1024 2170 Grande
1057 2115 1200 2169 enim
1239 2095 1302 2168 'et
1338 2131 1444 2170 non
1484 2129 1706 2183 parvum
1757 2125 1840 2169 est

258 2208 463 2262 malum
493 2208 901 2264 maledicentem
932 2221 990 2261 se
1019 2206 1361 2260 maledicere.
1386 2205 1528 2260 Leve
1546 2206 1688 2259 enim
1711 2205 1839 2259 illud

257 2315 289 2352 a
313 2298 526 2353 levibus
554 2299 764 2352 videtur
783 2297 1110 2360 hominibus,
1135 2296 1227 2351 sed
1251 2296 1392 2349 inter
1409 2295 1590 2366 gravia
1613 2295 1839 2348 crimina

257 2387 396 2443 illud
434 2386 724 2458 Apostolus
751 2394 1048 2456 computat,
1079 2387 1156 2439 ait
1195 2386 1377 2440 enim:
1420 2384 1600 2455 Neque
1629 2385 1837 2450 ebriosi,

259 2496 431 2549 neque
451 2479 748 2548 fornicarii,
774 2494 936 2548 neque
957 2476 1199 2531 maledici
1251 2493 1464 2546 regnum
1493 2475 1588 2529 Dei
1608 2477 1841 2545 posside-

257 2569 392 2622 bunt
423 2567 474 2639 (Ι
501 2565 622 2622 Cor.
649 2566 744 2639 v1).
772 2566 947 2622 Grave
971 2566 1137 2631 enim,
1161 2574 1220 2619 ut
1249 2565 1500 2629 diximus,
1535 2564 1840 2619 maledictio

256 2669 548 2731 peccatum
577 2669 682 2725 est,
707 2661 850 2730 quod
871 2659 1265 2730 possessionem
1288 2656 1438 2726 regni
1470 2655 1679 2720 adimit,
1711 2665 1765 2711 et
1787 2657 1840 2710 in

257 2750 464 2807 inferni
507 2758 768 2807 tartarum
813 2750 1085 2805 hominem
1132 2750 1357 2820 mergit,
1396 2757 1450 2802 et
1492 2758 1552 2803 ut
1586 2763 1839 2817 vaporem

256 2841 399 2896 fumi
440 2841 495 2896 in
541 2841 662 2912 igne
693 2849 896 2895 aeterno
940 2840 1178 2910 perimit.
1225 2839 1500 2911 Scriptum
1543 2849 1628 2894 est
1654 2839 1834 2894 enim:

255 2933 400 2987 Ante
423 2932 592 3002 ignem
619 2948 778 3002 vapor
796 2941 844 2985 et
873 2931 1073 2999 fumus,
1096 2940 1146 2984 et
1185 2939 1306 2984 ante
1343 2931 1649 3000 sanguinem
1679 2928 1841 2982 male-

253 3024 411 3077 dicta
444 3031 494 3077 et
533 3021 861 3076 contumelia:
904 3019 1107 3092 (Eccli.
1157 3020 1325 3091 xm).
1365 3019 1667 3074 Maledictio
1694 3018 1838 3074 enim

259 3115 358 3169 ubi
385 3113 566 3168 sedule
592 3113 816 3178 sederit,
853 3112 919 3168 de
941 3111 1065 3166 filiis
1091 3112 1186 3166 Dei
1214 3111 1347 3166 facit
1376 3110 1515 3166 filios
1545 3111 1666 3175 irae,
1693 3119 1749 3166 et
1773 3111 1842 3165 de

1939 1930 2069 1998 pati,
2103 1948 2261 2000 quam
2288 1931 2675 2000 malefacientes
2707 1934 2754 2005 (Ι
2790 1932 2907 1988 Pet.
2945 1935 3049 2007 ιιι).
3091 1935 3217 1990 Ηίῐξο
3251 1939 3519 1993 sententia

1941 2020 2156 2074 illorum
2181 2023 2468 2076 stultitiam
2491 2024 2765 2092 eleganter
2791 2026 2985 2094 arguit,
3018 2027 3106 2094 qui
3135 2043 3257 2080 cum
3286 2042 3384 2096 pro
3410 2026 3526 2081 cul-

1939 2110 2025 2180 pis
2053 2121 2374 2182 arguuntur,
2408 2115 2488 2168 vel
2514 2115 2674 2170 etiam
2700 2131 2797 2183 pro
2825 2117 2938 2170 suis
2960 2115 3115 2171 factis
3138 2118 3314 2188 dignis
3347 2119 3524 2189 pmnis

1945 2209 2266 2256 coercentur
2299 2218 2329 2256 a
2365 2201 2624 2258 fratribus
2647 2204 2730 2258 vel
2760 2205 3082 2271 senioribus,
3110 2208 3380 2276 patienter
3407 2225 3524 2264 om-

1939 2291 2069 2346 nino
2100 2293 2353 2348 tolerant.
2380 2294 2486 2349 Sed
2510 2296 2554 2349 si
2577 2295 2779 2364 absque
2799 2295 2954 2366 culpa
2978 2297 3060 2351 vel
3082 2298 3369 2353 verborum
3391 2316 3522 2355 eon-

1941 2382 2216 2447 tumelias,
2246 2383 2330 2436 vel
2362 2385 2587 2438 adversa
2619 2399 2843 2454 qumque
2871 2387 3152 2454 patiuntur
3179 2403 3208 2440 a
3235 2390 3519 2457 proximis,

1939 2489 2067 2529 mox
2093 2475 2160 2529 ad
2189 2475 2519 2530 iracundiam
2543 2485 2923 2546 prorumpunt,
2950 2487 3006 2531 et
3033 2478 3122 2546 qui
3149 2478 3412 2534 hactenus
3443 2481 3521 2536 vi-

1940 2567 2204 2621 debantur
2223 2567 2426 2621 innoxii
2443 2582 2540 2636 per
2563 2568 2951 2636 impatientiam
2969 2578 3023 2624 et
3041 2574 3524 2628 murmurationem

1939 2672 1998 2712 se
2027 2657 2218 2712 noxios
2242 2658 2510 2723 reddunt;
2554 2659 2859 2714 nescientes
2885 2661 3010 2730 quia
3035 2663 3226 2718 melius
3249 2672 3392 2719 esset
3417 2664 3523 2720 illis

1939 2759 1999 2802 ut
2026 2765 2124 2820 pro
2143 2749 2355 2818 jnstitia
2386 2767 2546 2820 quam
2593 2767 2694 2820 pro
2743 2753 3028 2821 iniquitate
3067 2771 3164 2808 sua
3210 2765 3527 2825 paterentur

1939 2838 2179 2907 injurias.
2207 2841 2307 2908 Qui
2331 2855 2460 2910 ergo
2483 2840 2663 2909 justus
2694 2844 2920 2911 patitur,
2948 2844 3222 2899 Christum
3248 2847 3521 2916 imitatur;

1939 2930 2032 2998 qui
2057 2947 2185 2986 vero
2210 2947 2309 3000 pro
2329 2931 2440 2985 suis
2464 2930 2623 2986 factis
2648 2931 2871 3003 ﬂagellis
2896 2935 3206 3005 corrigitur,
3229 2935 3523 3005 latronem,

1939 3021 2031 3090 qui
2061 3023 2112 3074 in
2143 3037 2304 3076 cruce
2331 3021 2607 3076 Christum
2636 3025 2915 3093 cognovit,
2942 3033 2997 3078 et
3033 3035 3158 3096 post
3181 3043 3400 3082 crucem
3429 3045 3527 3099 pa-

1941 3112 2178 3182 radisum
2209 3113 2430 3166 intravit
2458 3127 2578 3167 cum
2610 3111 2849 3167 Christo.
2898 3116 2997 3181 Qui
3045 3125 3224 3171 autem
3253 3133 3354 3172 nec
3383 3119 3526 3174 inter

259 3202 573 3258 haeredibus
601 3200 729 3257 facit
753 3208 1062 3265 extraneos,
1108 3209 1164 3255 et
1202 3200 1267 3255 de
1308 3198 1524 3268 injustis
1546 3198 1674 3253 facit
1700 3198 1837 3268 inju-
1865 3185 1909 3246 C
1942 3199 2150 3270 ﬂagella
2173 3201 2381 3255 desistit
2403 3216 2434 3254 a
2455 3201 2646 3270 culpis,
2671 3202 2949 3257 sinistrum
2974 3205 3215 3260 imitatur
3233 3207 3524 3276 latronem,

255 3299 400 3347 stos.
431 3291 592 3347 Tollit
611 3292 870 3347 caelorum
890 3305 1122 3361 regnum
1153 3300 1208 3345 et
1229 3291 1423 3360 mergit
1453 3291 1506 3344 in
1551 3298 1835 3344 tartarum.

259 3381 594 3438 Sanctorum
622 3382 761 3437 tollit
783 3381 1006 3451 gloriam
1027 3389 1083 3436 et
1098 3380 1293 3436 inferni
1314 3382 1511 3451 premit
1531 3381 1584 3436 in
1607 3382 1836 3436 foveam.

262 3469 435 3525 Suam
463 3470 682 3526 Christo
715 3470 853 3526 tollit
894 3477 1114 3540 nuptam
1158 3479 1214 3525 et
1254 3470 1465 3525 diabolo
1501 3470 1690 3524 tribuit
1725 3470 1840 3522 ani-

261 3575 432 3613 mam.
460 3559 555 3615 Sic
578 3560 722 3615 enim
753 3561 1012 3630 scriptum
1038 3569 1157 3616 est:
1193 3561 1333 3615 Dum
1356 3560 1618 3614 maledicit
1647 3562 1839 3630 impius

259 3649 557 3717 diabolum,
586 3650 850 3706 maledicit
880 3653 1112 3706 animam
1151 3670 1302 3706 suam
1339 3652 1528 3724 (Eccli.
1562 3651 1698 3722 xxx).
1740 3651 1839 3708 Hic

259 3740 413 3796 enim
432 3741 667 3796 ostendit
685 3741 962 3812 Scriptura
983 3742 1109 3810 quia
1129 3742 1372 3797 diabolus
1391 3741 1635 3796 maledici
1660 3742 1836 3795 anima

260 3839 370 3887 est.
411 3831 671 3886 Dominus
716 3840 895 3887 autem
930 3833 1086 3887 nobis
1127 3847 1236 3887 non
1281 3833 1347 3887 ad
1387 3832 1836 3898 maledicendum,

261 3924 363 3980 sed
392 3923 571 3993 potius
598 3924 664 3978 ad
690 3924 1111 3980 benedicendum
1130 3939 1191 3980 os
1213 3924 1474 3979 concessit
1503 3932 1558 3978 et
1581 3923 1834 3994 linguam.

264 4012 384 4067 Nos
406 4021 606 4080 autem,
633 4015 773 4069 sicut
791 4013 1022 4070 Iacobus
1042 4015 1314 4084 apostolus
1338 4015 1433 4080 ait,
1458 4031 1522 4069 ex
1547 4016 1658 4086 ipsa
1689 4015 1839 4068 bene-

260 4105 490 4159 dicimus
513 4105 813 4168 Dominum,
845 4116 894 4161 et
922 4116 1145 4176 patrem,
1176 4116 1224 4161 et
1245 4123 1309 4161 ex
1338 4109 1450 4176 ipsa
1477 4106 1838 4162 maledicimus

259 4199 518 4264 homines,
557 4199 648 4269 qui
686 4199 755 4252 ad
780 4197 1174 4253 similitudinem
1218 4197 1309 4252 Dei
1333 4198 1463 4267 [acti
1504 4208 1656 4263 sunt,
1694 4207 1741 4252 et
1775 4215 1840 4253 ea:

260 4289 377 4359 ipso
408 4299 583 4343 nostra
609 4305 736 4342 uno.
756 4306 846 4343 ore
881 4288 1112 4359 procedit
1137 4287 1432 4341 maledictio
1471 4297 1518 4342 et
1554 4288 1837 4342 benedictio

259 4379 473 4452 (Iacob.
501 4379 605 4451 ιιι).
637 4378 742 4434 Sed
768 4379 897 4449 quid
932 4380 1007 4433 ait
1033 4379 1174 4434 idem
1219 4379 1488 4447 apostolus
1517 4379 1834 4434 audiamus:

259 4471 394 4526 Non
421 4481 639 4542 oportet,
674 4472 864 4541 inquit,
898 4471 1008 4524 lucc
1048 4471 1123 4524 ita
1145 4469 1260 4539 ﬁeri
1279 4510 1294 4535 ,
1337 4469 1546 4536 fratres.
1583 4469 1837 4541 Nunquid

256 4563 384 4633 {om
413 4563 478 4616 de
502 4564 679 4616 eodem
723 4563 978 4631 foramine
1015 4570 1226 4616 emanat
1270 4560 1471 4614 dulcem
1513 4571 1560 4615 et
1599 4579 1836 4615 amarunt

257 4672 459 4726 aquam
484 4655 710 4728 (lbid.)?
732 4656 810 4709 Ac
835 4655 881 4709 si
901 4653 1105 4709 diceret
1129 4671 1142 4707 :
1185 4652 1338 4708 Sicut
1363 4653 1536 4708 dulcis
1575 4663 1630 4708 et
1655 4669 1838 4708 amara

255 4762 406 4816 aqua
431 4763 537 4802 non
560 4756 740 4816 potest
777 4748 844 4802 de
871 4763 974 4802 una
1015 4747 1176 4801 simul
1205 4745 1368 4800 fontis
1411 4762 1635 4800 manare
1677 4761 1838 4811 vena,

255 4839 346 4893 sic
370 4839 671 4894 benedictio
699 4848 754 4894 et
781 4839 1084 4894 maledictio
1113 4839 1178 4894 de
1204 4855 1308 4892 una
1339 4838 1496 4892 simul
1529 4855 1632 4892 non
1665 4848 1840 4907 potest

251 4944 519 4985 emanare
546 4930 725 4985 cordis
750 4931 906 4983 rima.
948 4929 1054 4984 Sed
1098 4931 1405 4998 quicunque
1433 4931 1512 4984 sic
1541 4931 1707 4984 Deum
1737 4932 1837 4985 be-

253 5019 516 5076 nedicere
539 5021 747 5076 orando
765 5020 850 5075 vel
875 5020 1220 5090 prmdicando
1246 5021 1542 5083 consuevit,
1573 5029 1633 5073 ut
1670 5021 1839 5075 male-

255 5111 447 5169 dicere
468 5111 741 5165 hominem
768 5125 874 5164 non
911 5111 1223 5175 cessaverit,
1265 5109 1381 5164 sine
1419 5111 1579 5164 dubio
1605 5110 1841 5164 dulcedi-

258 5216 389 5259 nem
411 5201 796 5257 benedictionis
811 5201 934 5270 ‘ejus
963 5202 1264 5256 amaritudo
1294 5200 1686 5256 maledictionis
1714 5217 1842 5256 con-

253 5291 450 5346 sumit.
478 5290 582 5347 Sed
606 5299 868 5361 quantum
888 5292 1087 5345 malum
1114 5299 1198 5346 est.
1221 5290 1614 5345 maledictionis
1629 5291 1841 5356 vitium,

254 5395 420 5440 tanto
450 5390 620 5456 magis
649 5395 735 5440 est
771 5385 1162 5440 benedictionis
1200 5383 1402 5438 bonum
1442 5382 1697 5438 cilicium.
1739 5381 1844 5437 Per

255 5475 398 5531 illud
427 5476 574 5530 enim
597 5474 991 5531 maledictionis
1012 5473 1364 5543 conqueritur
1382 5487 1560 5541 poena,
1585 5486 1682 5542 per
1699 5471 1841 5525 istud

255 5568 660 5625 benedictionis
688 5569 863 5640 gratia
888 5577 943 5624 et
972 5567 1160 5639 gloria.
1186 5567 1293 5621 Per
1322 5565 1448 5619 illud
1491 5564 1839 5635 opprobrium

257 5661 318 5715 in
370 5659 602 5726 inferno,
646 5675 746 5731 per
786 5661 928 5716 istud
973 5660 1030 5714 in
1073 5658 1210 5715 coelo
1253 5657 1535 5727 praemium
1581 5655 1844 5726 accipitur

259 5753 679 5821 sempiternum.

1940 3291 2030 3360 qui
2054 3299 2275 3360 propter
2300 3302 2524 3360 peccata
2551 3294 2797 3348 ascendit
2822 3293 2876 3347 in
2907 3306 3144 3359 erucem,
3169 3305 3224 3350 et
3245 3308 3368 3368 post
3397 3315 3521 3356 cru-

1938 3397 2057 3436 cem
2089 3383 2197 3435 ruit
2227 3383 2279 3434 in
2307 3390 2590 3435 tartarum.
2616 3382 2757 3453 Ergo
2783 3383 2954 3437 multo
2990 3385 3181 3440 melius
3208 3396 3294 3441 est
3327 3403 3524 3458 quam-

1939 3472 2070 3526 libet
2098 3473 2150 3526 in
2175 3473 2430 3540 praesenti
2470 3472 2668 3526 saeculo
2715 3473 3054 3528 innocentem
3091 3483 3146 3528 et
3180 3491 3279 3544 pro
3311 3475 3525 3544 jnstitia

1937 3564 2048 3633 pati
2079 3563 2533 3632 persecutionem,
2558 3570 2614 3614 et
2633 3561 2686 3614 in
2708 3561 2890 3616 futuro
2911 3578 3034 3617 cum
3059 3563 3182 3617 filiis
3210 3565 3300 3618 Dei
3324 3566 3526 3623 laboris

1939 3654 2023 3709 sui
2047 3654 2292 3722 accipere
2323 3652 2759 3716 retributionem,
2805 3667 2964 3721 quam
2993 3668 3114 3708 cum
3151 3657 3526 3724 peccatoribus

1937 3753 2277 3815 peccatorem
2303 3743 2580 3815 ﬂagellari,
2615 3751 2668 3798 et
2699 3752 2820 3814 post
2859 3753 3090 3799 mortem
3130 3759 3253 3800 cum
3277 3750 3523 3818 reprobis

1939 3834 2230 3903 reprobum
2264 3834 2316 3888 in
2348 3832 2621 3887 infernum
2649 3831 2839 3902 mergi.

2009 3926 2099 3981 54.
2137 3925 2260 3980 Non
2303 3943 2411 3980 esse
2457 3924 2754 3994 superbum.
2806 3923 2910 3978 Per
2953 3921 3244 3979 Jeremiam
3287 3929 3520 3998 prophe-

1938 4027 2049 4073 tam
2110 4020 2176 4073 ad
2215 4018 2503 4086 superbum
2555 4015 2814 4084 Dominus
2861 4013 3238 4078 comminatur,
3289 4015 3517 4072 dicens:

1940 4109 2076 4163 Ecce
2121 4125 2213 4178 ego
2250 4108 2318 4160 ad
2347 4116 2426 4172 te,
2471 4104 2706 4174 superbe,
2735 4103 2858 4156 dicit
2887 4102 3142 4157 Dominus
3167 4105 3520 4174 exercituum,

1938 4204 2061 4275 quia
2089 4202 2253 4256 veniet
2278 4200 2388 4253 dies
2425 4209 2544 4252 tuus
2574 4207 2771 4267 tempus
2800 4196 3104 4250 uisitationis
3142 4206 3268 4262 tum,
3301 4208 3348 4250 et
3373 4197 3524 4252 cadet

1939 4294 2217 4366 superbus,
2262 4301 2310 4346 et
2359 4300 2591 4352 corruet,
2625 4299 2805 4342 etnon
2846 4288 2944 4340 erit
2983 4289 3072 4356 qui
3114 4288 3326 4341 suscitet
3369 4305 3521 4355 eum,

1939 4396 1987 4442 et
2028 4389 2338 4440 succendam
2385 4385 2555 4453 ignem
2599 4383 2652 4435 in
2709 4381 2922 4434 urbibus
2975 4379 3121 4448 ejus,
3163 4390 3212 4434 et
3257 4381 3523 4439 devorabit

1940 4480 2114 4532 omnia
2153 4479 2206 4530 in
2247 4477 2468 4529 circuitu
2495 4474 2609 4544 ejus
2639 4471 2855 4544 (Ierem.
2884 4470 2958 4542 1.).
2999 4469 3066 4523 Et
3101 4470 3228 4524 alibi
3257 4471 3524 4540 scriptum

1941 4578 2059 4624 est:
2115 4567 2304 4621 Perdet
2360 4566 2498 4619 Deus
2544 4563 2848 4617 memoriam
2889 4561 3262 4629 superborum,
3315 4571 3363 4614 et
3416 4579 3522 4617 non

1938 4659 2190 4727 relinquet
2229 4657 2531 4711 memoriam
2571 4651 2848 4705 humilium
2878 4649 3068 4718 (Eccli.
3102 4648 3178 4720 Χ).
3210 4649 3343 4704 Nam
3374 4659 3429 4705 et
3453 4651 3522 4707 de

1937 4750 2052 4819 ipsa
2091 4747 2336 4818 superbia
2381 4746 2459 4801 sic
2506 4744 2742 4812 loquitur
2786 4741 2962 4795 divina
3015 4739 3330 4809 Scriptura:
3389 4739 3523 4795 0di-

1937 4839 2076 4904 bilis,
2115 4837 2310 4906 inquit,
2345 4851 2520 4889 coram
2547 4833 2654 4886 Deo
2693 4840 2740 4885 et
2778 4829 3072 4884 hominibus
3113 4831 3375 4900 superbia.
3417 4832 3521 4898 Qui

1935 4940 2110 4982 autem
2158 4927 2380 4980 tenuerit
2425 4923 2604 4987 illam,
2655 4919 3021 4989 adimplebitur
3065 4919 3520 4976 maledictionibus

1941 5017 2171 5091 (lbid.).
2213 5017 2312 5081 Et,
2358 5014 2578 5068 Initium
2609 5012 2775 5066 omnis
2802 5008 3001 5079 peccati
3035 5010 3276 5078 superbia
3305 5009 3520 5084 (lbid.).

1941 5110 2059 5164 Non
2083 5109 2159 5162 ait
2188 5106 2438 5176 alicujus,
2470 5104 2562 5158 sed
2589 5101 2764 5156 omnis
2791 5099 3020 5168 peccati,
3045 5107 3105 5152 ut
3127 5099 3404 5156 evidenter
3427 5117 3519 5159 os—

1943 5201 2188 5255 tenderet
2231 5199 2404 5266 ipsam
2445 5209 2564 5249 esse
2592 5198 2935 5260 peccatorum
2974 5189 3216 5242 omnium
3256 5205 3516 5258 cansam;

1944 5292 2199 5361 quoniam
2241 5305 2346 5343 non
2386 5287 2556 5342 solum
2587 5289 2870 5353 peccatum
2900 5293 2985 5335 est
3025 5280 3174 5351 ipsa,
3218 5282 3310 5335 sed
3352 5282 3517 5335 etiam

1946 5381 2151 5436 nullum
2177 5387 2457 5448 peccatum
2493 5374 2605 5428 ﬂeri
2636 5371 2827 5443 potuit,
2864 5379 3044 5440 potest
3067 5379 3159 5424 aut
3186 5370 3386 5438 poterit
3403 5368 3521 5445 sine

1947 5474 2080 5542 ipsa.
2119 5469 2363 5539 Superba
2392 5468 2641 5523 voluntas
2665 5465 2793 5520 facit
2815 5464 2910 5518 Dei
2934 5468 3198 5531 praecepta
3221 5457 3516 5523 contemni,

1946 5563 2165 5618 humilis
2185 5559 2465 5615 custodiri.
2482 5558 2746 5629 Superbia
2763 5571 2829 5610 ex
2853 5552 3054 5621 angelis
3077 5553 3346 5602 daemones
3371 5547 3521 5614 feeit,

1945 5653 2222 5709 humilitas
2249 5652 2496 5705 homines
2522 5652 2726 5704 sanctis
2750 5644 2955 5714 angelis
2976 5639 3180 5694 similes
3208 5637 3401 5692 reddit.
3426 5639 3521 5696 Illa

1947 5741 2176 5800 rebelles
2205 5739 2418 5798 diabolo
2461 5738 2672 5802 subdit,
2704 5735 2817 5788 haec
2848 5727 3078 5786 humiles
3120 5725 3338 5781 Christo
3386 5741 3516 5782 con-
