3992 6206
543 361 635 417 ’ΠΙ

1840 348 2192 416 sumsum
2231 346 2519 403 sonans
3664 362 3737 416 πε

538 467 733 538 jungit.
791 465 868 520 De
912 463 1163 534 superbia
1215 478 1448 533 namque
1495 471 1796 533 sequuntur
1840 463 2110 525 haereses,
2143 463 2192 522 Α
2216 461 2270 514 in
2297 458 2593 524 dulcedine,
2621 459 2870 529 quoniam
2907 460 3057 528 periit
3100 460 3165 513 ab
3201 476 3293 514 ore
3342 473 3505 517 restro
3535 467 3671 534 (Jocl.
3696 478 3740 545 ι).

544 558 859 621 schismata,
888 555 1269 621 detractiones,
1296 554 1527 619 invidia,
1560 555 1879 618 verbositas,
1910 552 2121 622 iactan‘

545 648 642 710 tia,
667 647 1063 711 contentiones,
1093 646 1485 710 animositates,
1511 645 1754 710 ambitio,
1780 644 1961 710 elatio,
1981 660 2121 714 prae-

545 738 802 806 sumptio,
818 737 1050 801 vanitas,
1075 738 1311 806 inquietu
1320 738 1406 801 do,
1423 736 1782 801 mendacium,
1799 734 2113 806 periurium,

544 836 602 883 et
630 836 825 882 caetera
866 828 1032 881 multa
1068 827 1229 881 mala.
1270 825 1388 881 Jam
1435 842 1577 882 nunc
1606 827 1883 881 videamus
1925 825 2120 895 quibus

546 918 762 972 indiciis
815 918 986 987 possit
1041 918 1292 986 superbia
1340 916 1688 985 deprehendi.
1744 914 1946 970 Omitto
1999 913 2120 967 illos

546 1024 685 1078 quos
730 1009 844 1078 ipse
892 1009 1106 1063 habitus
1137 1015 1193 1061 et
1226 1008 1466 1061 incessus
1510 1006 1771 1075 superbos
1810 1003 2118 1068 ostendunt,

546 1110 776 1165 quorum
808 1105 987 1150 erecta
1018 1093 1219 1155 cervix,
1253 1092 1418 1148 facies
1456 1100 1607 1146 torva
1627 1133 1642 1157 ,
1686 1102 1864 1147 truces
1902 1090 2041 1146 oculi
2068 1100 2123 1145 et

551 1201 733 1241 sermo
756 1185 1011 1241 terribilis
1038 1184 1236 1238 nudam
1260 1183 1566 1253 superbiam
1589 1182 1840 1236 clamant.
1864 1181 1986 1235 lllos
2004 1190 2122 1234 tan-

551 1283 675 1330 tum‘
696 1276 883 1331 dolens
906 1275 1132 1329 ostendo
1151 1316 1166 1340 ,
1196 1285 1359 1343 atque
1397 1289 1583 1329 eorum
1611 1273 1855 1343 exempla
1886 1273 2123 1327 cavenda

547 1366 834 1432 denuntio,
865 1381 999 1436 quos
1025 1366 1138 1436 iam
1169 1378 1463 1420 conversos
1497 1372 1553 1418 et
1578 1363 1969 1432 aliquantulum
1992 1377 2123 1432 pro-

538 1459 792 1514 ‘ficientes
821 1459 1073 1527 superbia
1117 1457 1327 1512 occulte
1369 1458 1621 1527 captivat,
1650 1472 1786 1527 quos
1815 1457 1869 1510 in
1898 1454 2123 1525 profun-

549 1548 678 1603 dum
706 1548 972 1601 malorum
999 1546 1338 1600 fraudulenta
1367 1547 1707 1601 damnatione
1729 1546 2047 1617 prmcipitat,
2070 1552 2126 1598 et

551 1653 623 1693 ne
646 1638 769 1692 inde
792 1652 1029 1706 unquam
1049 1647 1343 1706 exsurgant
1357 1635 1563 1704 iugiter
1587 1636 1780 1690 calcat.
1799 1635 1864 1689 Hi
1889 1643 2014 1690 sunt
2033 1635 2124 1704 qui

542 1729 826 1783 seniorum
858 1743 1076 1782 suorum
1104 1742 1209 1781 non
1250 1728 1541 1782 observant
1567 1727 1813 1796 imperia,
1859 1726 1953 1781 sed
1974 1724 2125 1794 judi-

2289 548 2378 603 56.
2407 547 2530 602 Non
2558 548 2779 602 multum
2804 547 3011 602 edacem
3035 548 3223 619 (Eccli.
3244 550 3416 622 χχχι).
3441 553 3634 620 Quanto
3655 578 3745 617 atu-

2217 640 2360 711 plius
2387 640 2633 695 edacitas
2674 640 2908 694 carnalis
2936 640 3040 695 cibi
3088 641 3254 696 nimia
3299 643 3484 713 implet
3510 658 3744 717 ventrem,

2221 738 2372 785 tanto
2402 748 2430 785 a
2461 732 2752 787 virtutibus
2781 732 3151 800 spiritualibus
3192 747 3422 789 vacuam
3469 736 3589 792 facit
3622 758 3743 799 men.

2221 829 2350 877 tem.
2383 820 2594 887 Quanto
2622 821 2793 891 magis
2836 835 3032 890 corpus
3080 823 3219 876 edax
3267 827 3589 893 pinguescit,
3628 839 3750 889 tanto

2219 915 2402 969 anima
2429 931 2457 968 a
2482 916 2773 971 virtutibus
2792 914 3045 984 ieiunans
3074 916 3391 988 languescit.
3427 920 3654 978 Edacitas
3672 941 3746 981 au.

2222 1010 2328 1057 tem
2353 1018 2569 1059 carnem
2596 1005 2730 1060 facit
2753 1007 2974 1060 obesam
3001 1014 3058 1060 et
3084 1015 3318 1061 mentem
3346 1024 3565 1064 vacuam
3584 1053 3596 1076 ,
3622 1013 3750 1070 fortia

2221 1094 2466 1163 corporis
2489 1096 2754 1158 membra,
2784 1103 2839 1149 et
2874 1094 3185 1166 languidam
3213 1095 3339 1151 facit
3364 1099 3611 1154 animam.
3641 1102 3753 1158 Eds.

2222 1185 2359 1239 citas
2400 1186 2542 1255 parit
2571 1186 2934 1257 pigredinem,
2975 1187 3202 1256 pigredo
3244 1188 3483 1245 immittit
3524 1208 3750 1262 soporem,

2220 1290 2385 1345 sopor
2405 1266 2804 1346 negligentiam.
2852 1276 3185 1348 Negligentia
3213 1294 3344 1334 vero
3376 1291 3592 1351 generat
3617 1286 3752 1340 male-

2222 1366 2534 1430 dictionem,
2560 1369 2699 1422 sicut
2721 1368 2983 1435 scriptum
3009 1378 3127 1423 est:
3167 1370 3484 1428 Maledictus
3512 1379 3661 1431 omnis
3683 1382 3755 1449 qui

2223 1456 2351 1526 facit
2366 1473 2495 1526 opus
2520 1456 2730 1511 Domini
2747 1457 3062 1528 negligenter
3075 1460 3292 1531 (lerem.
3317 1464 3531 1536 vam).
3548 1466 3758 1525 Edacitas

2222 1558 2352 1599 vero
2380 1545 2547 1599 nimia
2591 1554 2815 1614 generat
2854 1547 3150 1616 crapulam,
3184 1552 3403 1621 crapula
3445 1564 3616 1609 autem
3642 1558 3761 1627 parit

2223 1632 2654 1688 somnolentiam.
2687 1633 3068 1695 Somnolentus
3093 1652 3200 1692 non
3242 1648 3387 1694 amat
3418 1642 3646 1711 vigilias,
3678 1661 3760 1701 nec

2221 1729 2467 1791 tempore
2505 1738 2744 1794 congruo
2772 1725 2883 1780 Deo
2929 1734 3111 1781 cantat
3155 1729 3526 1797 psalmodiam.
3564 1733 3762 1790 Mentem

534 1827 692 1873 'cant.
728 1818 804 1872 De
834 1818 947 1873 suis
974 1817 1314 1888 negligentiis
1335 1815 1601 1888 obiurgati
1630 1824 1723 1871 aut
1752 1817 2019 1871 rebellant
2042 1817 2123 1870 in-
2150 1798 2197 1857 Β
2224 1812 2292 1866 ad
2321 1812 2518 1867 caelum
2546 1828 2647 1868 nec
2675 1814 2853 1885 erigit,
2882 1829 2983 1871 nec
3011 1818 3077 1871 ad
3104 1821 3537 1889 compunctionis
3565 1826 3761 1893 gratiam

547 1909 806 1974 solenter,
849 1916 941 1963 aut
969 1915 1328 1963 murmurant.
1372 1906 1449 1963 De
1484 1908 1600 1963 loco
1630 1908 1907 1979 superiore
1938 1909 2123 1978 dispu-

552 2009 687 2066 tant,
721 1999 981 2069 praaferre
1007 2000 1171 2055 etiam
1212 2014 1272 2054 se
1302 1998 1619 2054 melioribus
1643 1998 2013 2069 imprudenter
2040 1994 2123 2051 af-

546 2089 785 2155 fectant,
833 2089 1235 2159 simplicitatem
1277 2088 1592 2159 spiritalium
1630 2086 1852 2144 Patrum
1892 2103 2122 2159 exagge-

549 2191 696 2243 rant,
727 2196 855 2235 suas
881 2180 1177 2235 sententias
1202 2181 1749 2251 procaciteriactant,
1777 2196 1884 2234 non
1907 2188 2125 2235 servant

546 2272 854 2329 senioribus
882 2272 935 2327 in
965 2273 1224 2342 obsequio
1250 2273 1627 2337 reverentiam,
1656 2273 1710 2326 in
1739 2284 1988 2327 sermone
2008 2285 2125 2325 mo-

551 2362 803 2425 destiam,
833 2376 933 2417 nec
961 2361 1015 2416 in
1050 2363 1292 2417 moribus
1331 2362 1688 2431 disciplinam.
1722 2362 1932 2417 Habent
1955 2360 2010 2416 in
2044 2361 2126 2415 in-

547 2451 789 2505 tentione
823 2451 1196 2521 pertinaciam,
1229 2452 1284 2505 in
1313 2451 1476 2507 corde
1517 2451 1800 2517 duritiam,
1827 2452 1881 2506 in
1918 2466 2125 2508 sermo-

549 2542 821 2598 cinatione
861 2540 1211 2611 iactantiam;
1253 2543 1309 2597 in
1356 2543 1666 2598 humilitate
1708 2541 1964 2610 fallaces,
2000 2544 2123 2600 odio

546 2633 876 2704 pertinaces,
910 2632 1245 2702 subiectione
1273 2634 1646 2704 impatientes;
1684 2634 1936 2690 omnibus
1968 2635 2125 2690 bonis

534 2722 798 2787 ‘odibiles,
848 2722 915 2777 ad
961 2736 1095 2793 opus
1120 2724 1321 2779 bonum
1348 2723 1511 2795 pigri,
1547 2724 1614 2779 ad
1643 2724 1957 2795 obsequium
1983 2723 2121 2787 duri,

552 2816 620 2871 ad
651 2815 976 2885 loquendum
1003 2816 1146 2886 quod
1159 2816 1425 2874 nesciunt
1450 2817 1721 2889 prompti;
1760 2816 2035 2873 temerarii
2069 2816 2126 2871 in

550 2905 845 2973 audiendo,
868 2906 1092 2962 clamosi
1120 2907 1173 2961 in
1196 2906 1482 2976 loquendo,
1497 2907 1741 2963 effrenati
1767 2907 1821 2961 in
1841 2907 2123 2963 cachinno.

548 2994 679 3050 Hmc
702 3003 831 3050 sunt
872 2995 1135 3064 superbiae
1171 2996 1470 3068 grassantis
1510 2996 1731 3061 indicia,
1760 2996 1954 3066 quibus
1983 2995 2127 3051 Deus

547 3085 841 3140 oﬂ‘enditur
876 3093 932 3141 et
962 3087 1193 3151 recedit,
1235 3085 1486 3142 diabolus
1532 3088 1790 3142 invitatur
1822 3094 1882 3141 ut
1904 3088 2122 3153 veniat;

550 3175 637 3230 nis
666 3174 825 3230 malis
867 3176 1118 3231 omnibus
1150 3177 1394 3233 diabolus
1422 3186 1607 3248 pastus
1636 3178 1906 3243 exsultat,
1936 3192 2124 3247 super-

549 3265 650 3320 bas
677 3274 885 3320 mentes
911 3266 1099 3341 intrat,
1132 3274 1193 3321 ut
1224 3275 1424 3334 teneat,
1453 3267 1648 3338 erigat,
1674 3268 1868 3332 elidat;
1899 3267 2042 3322 fovet
2066 3276 2125 3322 ut

548 3354 779 3426 perdat;
821 3365 996 3423 tenet,
1034 3365 1093 3411 ut
1119 3358 1395 3427 possideat
1418 3366 1472 3414 et
1505 3359 1686 3413 omnia
1714 3359 1855 3413 mala
1883 3372 1979 3428 per
2005 3357 2125 3414 illos

549 3455 822 3501 exerceat.
866 3445 1141 3518 Superbiae
1185 3456 1363 3504 autem
1404 3450 1617 3520 gemina
1660 3456 1745 3505 est
1784 3448 2120 3505 differentia:

549 3553 656 3592 una
677 3553 796 3609 qua:
818 3538 1086 3608 spiritales
1105 3555 1205 3611 pro
1218 3541 1508 3597 virtutibus
1528 3542 1897 3611 superbientes
1917 3540 2120 3611 deiicit;

550 3628 722 3682 altera
756 3629 1021 3695 carnalis,
1068 3645 1343 3702 quze‘erga
1377 3632 1650 3686 seniorum
1681 3631 1906 3702 imperia
1934 3631 2123 3686 inobe-

553 3719 763 3773 dientes
801 3718 998 3773 reddit.
1047 3719 1200 3774 Alius
1222 3734 1454 3789 namque
1478 3735 1546 3775 ex
1580 3722 1743 3776 rebus
1776 3720 2127 3776 saecularibus

551 3808 811 3879 possidet;
842 3825 979 3879 quos
1010 3825 1077 3865 ex
1105 3811 1396 3867 virtutibus
1423 3812 1630 3867 extollit
1657 3814 2007 3884 spiritalibus.
2035 3813 2126 3869 Di-

552 3907 640 3954 cta
666 3907 847 3953 autem
875 3900 1146 3969 superbia,
1180 3902 1305 3971 quia
1329 3916 1490 3972 super
1508 3903 1622 3957 vult
1647 3903 1788 3974 quod
1815 3911 1919 3959 est.

623 3986 711 4041 '55.
743 3986 868 4043 Non
897 3988 1208 4044 vinolentum
1234 3989 1287 4063 (Ι
1312 3990 1447 4046 Tim.
1475 4007 1562 4061 Ill;
1584 3990 1687 4046 Tit.
1718 3990 1780 4064 ι).
1810 3992 2127 4049 Vinolentus

551 4077 770 4141 dicitur,
798 4078 891 4147 qui
919 4086 972 4132 et
998 4080 1130 4135 satis
1153 4080 1308 4146 bibit,
1338 4092 1395 4135 et
1420 4080 1633 4136 difﬁcile
1652 4081 1966 4136 inebriatur.
1990 4082 2125 4138 Hinc

550 4167 719 4223 lsaias
740 4168 816 4222 ait
831 4167 1002 4223 τίνω
1024 4171 1112 4241 qui
1130 4179 1360 4241 potentes
1389 4172 1510 4226 estis
1538 4172 1606 4225 ad
1626 4161 1903 4227 bibendum
1926 4172 2123 4238 vinum,

548 4267 601 4311 et
623 4258 720 4312 viri
747 4258 906 4328 fortes
939 4259 1009 4312 ad
1037 4258 1354 4313 miscendam
1384 4260 1680 4316 ebrietatem
1720 4261 1854 4333 (Isa.
1880 4261 1958 4335 v).
1990 4262 2128 4319 Hinc

552 4347 775 4417 sapiens
819 4347 1035 4417 quidam
1083 4348 1249 4403 dicit:
1292 4348 1489 4404 Multos
1523 4352 1877 4406 exterminavit
1918 4353 2122 4418 vinum,

547 4436 692 4508 quod
713 4436 934 4490 multum
955 4446 1209 4507 potatum,
1230 4438 1593 4505 irritationem,
1619 4451 1667 4495 et
1691 4443 1849 4507 iram,
1871 4452 1921 4496 et
1947 4444 2126 4497 ruinas

2223 1901 2496 1966 ascendit,
2548 1918 2650 1959 nec
2695 1903 2760 1957 ad
2805 1905 3274 1976 contemplationis
3320 1910 3570 1967 sublimia
3615 1914 3765 1969 elevat

2218 1993 2479 2048 animam.
2512 1994 2723 2051 Tardus
2743 2004 2828 2051 est
2855 1996 2920 2051 ad
2945 1999 3267 2066 orationem,
3309 1999 3619 2060 fastidiosus
3636 2006 3683 2059 in
3705 2006 3766 2060 le-

2218 2084 2426 2149 ctione,
2464 2085 2632 2140 durus
2660 2086 2727 2141 ad
2759 2086 2971 2142 Domini
2997 2089 3220 2144 verbum
3251 2090 3664 2162 intelligendum,
3696 2094 3765 2163 pi-

2216 2193 2317 2250 ger
2342 2179 2657 2239 senioribus~
2674 2179 2741 2234 ad
2771 2179 3130 2236 obediendum
3147 2221 3162 2247 ,
3192 2190 3251 2237 et
3286 2183 3342 2237 in
3367 2186 3617 2241 omnibus
3638 2187 3768 2241 bonis

2218 2271 2434 2340 tepidus
2476 2271 2544 2325 ad
2585 2271 2940 2340 operandam.
2977 2272 3084 2329 Sed
3130 2275 3259 2344 quia
3300 2291 3408 2330 non
3436 2277 3554 2331 vult
3594 2278 3767 2348 Regula

2220 2361 2548 2417 monachum
2579 2360 2806 2416 multum
2840 2362 3063 2418 edacem
3098 2380 3201 2419 nec
3225 2366 3589 2433 vinolentum,
3620 2368 3771 2437 itaque

2218 2450 2335 2506 Vult
2386 2450 2441 2505 in
2485 2452 2737 2507 omnibus
2784 2455 3486 2522 temperatuereneralis
3518 2460 3681 2522 enim,
3723 2468 3772 2512 ut

2222 2541 2414 2598 beatus
2442 2543 2520 2597 ait
2543 2541 2816 2613 Ephraem,
2834 2544 2924 2599 hic
2943 2547 3287 2603 continentia:
3310 2551 3508 2606 modus
3528 2560 3608 2606 est
3628 2560 3679 2605 ut
3703 2567 3773 2605 se-

2223 2632 2457 2687 cundum
2478 2634 2832 2703 capacitatem
2854 2636 3073 2700 virium,
3095 2637 3180 2693 vel
3208 2640 3481 2708 corporis,
3508 2642 3587 2697 vel
3603 2643 3771 2708 :etatis,

2227 2728 2436 2777 tantum
2465 2722 2681 2779 sibimet
2694 2724 2806 2779 cibi
2835 2725 2918 2779 vel
2942 2734 3101 2795 potus
3128 2730 3506 2799 unusquisque
3527 2731 3773 2795 concedat,

2212 2821 2485 2882 quantum
2531 2814 2854 2871 sustentatio
2883 2817 3094 2882 carnis,
3141 2833 3248 2873 non
3289 2829 3560 2888 quantum
3594 2821 3772 2876 deside-

2225 2901 2366 2956 rium
2393 2903 2699 2958 saturitatis
2720 2905 2982 2973 exposcit.
3006 2906 3064 2960 In
3087 2915 3318 2978 utraque
3337 2910 3493 2965 enim
3515 2919 3658 2981 parte
3683 2925 3777 2964 sus-

2226 2990 2418 3044 tinebit
2463 3005 2715 3062 magnum
2749 2992 3131 3048 detrimentum
3179 2996 3436 3067 quisquis
3474 2999 3777 3067 inaequaliter

2231 3085 2423 3134 tenens
2452 3094 2553 3135 nec
2574 3089 2817 3135 ventrem
2841 3079 3167 3149 ieiuniorum
3189 3085 3449 3143 ariditate
3463 3086 3775 3156 constringit.

2231 3183 2332 3224 nec
2359 3184 2607 3226 escarum
2636 3172 2915 3228 nimietate
2950 3175 3188 3231 resolvit.
3237 3176 3393 3232 Mens
3430 3180 3573 3234 enim
3597 3177 3776 3232 voraci-

2229 3262 2355 3316 tatis
2382 3262 2661 3319 nimietate
2688 3278 2875 3333 pressa
2902 3267 3153 3324 emittere
3180 3269 3249 3323 ad
3277 3269 3453 3325 Deum
3487 3285 3667 3342 preces
3688 3283 3778 3323 non

2227 3351 2429 3420 poterit
2456 3365 2638 3421 puras.
2680 3351 2865 3409 Sancti
2907 3357 3146 3425 quandiu
3175 3358 3228 3411 in
3269 3358 3380 3414 hac
3415 3360 3528 3413 vita
3565 3359 3780 3414 habitant

2228 3454 2328 3510 pro
2353 3440 2621 3497 desiderio
2647 3445 2799 3514 regni
2823 3444 3082 3501 caelorum
3104 3461 3301 3516 corpus
3328 3450 3547 3505 aridum
3567 3454 3776 3519 portant.

2231 3529 2384 3586 Unde
2411 3539 2468 3586 et
2493 3529 2779 3587 Psalmista
2801 3533 2911 3588 ait:
2940 3532 3111 3590 Sitivit
3139 3537 3193 3590 in
3222 3545 3271 3591 te
3295 3539 3483 3593 anima
3511 3555 3623 3593 mea
3648 3551 3781 3607 qua:

2228 3619 2607 3689 multipliciter,
2641 3629 2691 3676 et
2726 3638 2851 3677 caro
2885 3639 3001 3677 mea
3038 3622 3215 3696 (Psal.
3260 3626 3422 3699 LXII).
3475 3626 3620 3681 Tunc
3656 3622 3781 3679 enim

2230 3723 2360 3765 caro
2412 3708 2580 3764 Deum
2623 3710 2776 3776 sitit,
2812 3712 3048 3781 ‘quando
3090 3727 3189 3783 per
3239 3715 3630 3772 abstinentiam
3676 3726 3781 3767 are-

2228 3799 2350 3854 scit.
2390 3797 2525 3854 Nam
2550 3802 2858 3870 spernitur,
2888 3810 2951 3856 ut
2974 3818 3136 3874 supra
3163 3804 3370 3860 dictum
3396 3813 3501 3871 est,
3526 3804 3781 3875 ieiunium,

2228 3888 2372 3958 quod
2406 3888 2460 3942 in
2484 3904 2772 3959 vesperum
2806 3892 3101 3963 repletione
3135 3894 3388 3950 ciborum
3417 3896 3672 3952 reﬁcitur.
3700 3892 3786 3948 Ne-

2231 3991 2335 4046 que
2367 3977 2512 4031 enim
2535 3980 2830 4048 reputanda
2860 3988 2946 4036 est
2971 3982 3322 4048 abstinentia,
3365 3985 3463 4040 ubi
3498 3984 3658 4040 fuerit
3679 3996 3787 4037 ren-

2229 4066 2330 4121 tris
2368 4067 2624 4125 saturitas
2662 4070 2939 4126 obsecuta.
2982 4070 3101 4127 Non
3130 4082 3220 4128 est
3246 4089 3384 4145 ergo
3415 4073 3790 4146 corporiadhic

2228 4158 2403 4214 benda
2430 4161 2787 4216 immoderata
2817 4162 3164 4230 abstinentia,
3185 4180 3253 4220 ne
3278 4166 3416 4221 dum
3442 4167 3667 4237 amplius
3686 4178 3791 4235 gra-

2228 4260 2387 4305 vatur
2405 4251 2605 4319 inedia,
2627 4254 2771 4322 quod
2790 4253 2991 4308 bonum
3017 4270 3177 4326 agere
3197 4258 3391 4327 caepit,
3422 4274 3532 4313 non
3552 4255 3791 4327 perﬁciat.

2231 4342 2336 4399 Sed
2364 4344 2598 4401 discrete
2623 4346 2804 4402 carnis
2830 4354 2915 4402 est
2942 4348 3269 4403 moderanda
3299 4353 3599 4414 materies,
3631 4364 3694 4402 ne
3715 4351 3793 4399 aut

2231 4432 2441 4504 integre
2467 4434 2843 4506 exstinguatur
2861 4443 2955 4491 aut
2978 4437 3333 4494 immoderate
3364 4440 3603 4496 laxetur.
3623 4438 3795 4506 Corpo-

552 4527 748 4582 multas
775 4528 921 4597 facit.
953 4528 1260 4582 Amaritudo
1293 4532 1506 4598 animae,
1537 4534 1711 4587 vinum
1733 4534 2123 4605 multumpota—

2229 4522 2306 4576 ris
2332 4501 2480 4577 enim
2508 4501 2759 4579 debilitas
2786 4526 2931 4582 vires
2968 4528 3164 4582 anima:
3191 4528 3432 4601 frangit,
3462 4541 3521 4586 et
3551 4501 3791 4599 ingemina

552 4627 687 4671 tum.
732 4616 923 4671 Vinum
949 4617 1003 4671 in
1019 4618 1352 4686 jucunditate
1373 4630 1604 4676 creatum
1624 4632 1719 4689 est,
1748 4641 1851 4678 non
1879 4625 1936 4678 in
1960 4624 2127 4679 ebrie-

557 4716 703 4759 tate:
741 4708 943 4760 sanitas
977 4716 1052 4759 est
1095 4708 1326 4777 corporis
1361 4717 1409 4762 et
1448 4712 1638 4765 animus
1685 4712 1888 4767 sobrius
1932 4723 2083 4784 potus
2105 4728 2124 4766 :

551 4795 821 4850 ebrietatis
841 4812 959 4850 vero
979 4798 1305 4863 animositas,
1334 4801 1675 4870 imprudean
1696 4804 1911 4873 oﬁ'emio
1933 4804 2121 4877 (Eccli.

558 4884 737 4956 xxxi).
755 4885 1001 4941 Ebrietas
1022 4896 1202 4942 autem
1224 4889 1681 4958 perturbationem
1710 4893 1879 4962 gignit
1898 4894 2125 4959 mentis;

2230 4614 2427 4668 mentis
2448 4628 2782 4670 marcescere
2813 4614 2958 4671 facit.
2997 4616 3130 4673 Nam
3166 4620 3437 4689 quidquid
3465 4637 3595 4677 cum
3618 4629 3794 4688 tempe-

2229 4712 2476 4759 ramento
2505 4703 2583 4768 fit,
2612 4703 2835 4759 salutem
2863 4708 3107 4777 corporis
3127 4720 3183 4763 et
3208 4710 3415 4765 anima:
3437 4711 3629 4765 nutrit.

2299 4792 2387 4847 37.
2429 4792 2554 4847 Non
2582 4793 2981 4851 somnolentum.
3019 4795 3149 4851 Post
3183 4801 3606 4869 castigationem
3634 4804 3791 4850 autem

2227 4883 2508 4939 edacitatis
2549 4893 2603 4939 et
2630 4885 2937 4942 vinolentia:
2980 4902 3218 4958 congrue
3253 4898 3517 4961 sequitur
3538 4885 3795 4956 castigatio

556 4974 797 5030 furorem
826 4977 1004 5031 cordis
1031 4986 1086 5032 et
1117 4978 1387 5032 flammam
1416 4981 1640 5035 suscitat
1680 4981 1946 5049 libidinis,
1972 4992 2028 5037 et
2053 4984 2123 5039 ita

2230 4974 2617 5031 somnolentim.
2664 4975 2816 5031 Sicut
2859 4977 3005 5033 enim
3046 4996 3153 5035 non
3200 4981 3317 5036 vult
3367 4982 3561 5054 regula
3594 4977 3794 5034 multum

561 5054 794 5121 mentem
820 5067 1036 5133 alienat,
1067 5078 1128 5123 ut
1165 5071 1254 5125 ubi
1284 5070 1354 5125 sit
1383 5071 1607 5125 nesciat.
1655 5072 1806 5128 Unde
1845 5081 1901 5128 et
1930 5074 2123 5129 malum

2225 5067 2447 5121 edacem
2476 5075 2532 5122 et
2554 5068 2909 5134 vinolentum,
2938 5071 3020 5126 sic
3044 5086 3153 5126 non
3172 5073 3289 5127 vult
3312 5075 3645 5129 monachum
3667 5083 3793 5123 som-

556 5172 668 5212 non
694 5156 926 5211 sentitur
959 5158 1100 5227 quod
1123 5174 1223 5228 per
1242 5160 1558 5216 ebrietatem
1581 5162 1952 5217 committitur.
1994 5163 2130 5218 Hinc
2228 5157 2525 5212 uolentum.
2564 5159 2718 5214 Sicut
2747 5160 2890 5215 enim
2919 5162 3075 5217 miles
3102 5164 3272 5218 multo
3294 5178 3478 5220 onem
3512 5171 3793 5234 pragﬂlil‘

562 5246 756 5302 beatus
775 5242 1004 5299 Basilius
1029 5246 1135 5300 ait:
1177 5246 1328 5302 Multi
1366 5264 1464 5317 per
1498 5250 1681 5321 vinum
1727 5265 1759 5305 a
1801 5251 2133 5309 daemonibus
2229 5255 2318 5302 ms
2351 5249 2678 5318 [Impedit-ur
2710 5251 2779 5304 ad
2813 5250 3034 5314 bellum.
3080 5251 3149 5307 ita
3180 5254 3488 5323 impeditur
3530 5248 3797 5311 mortst

558 5335 706 5407 capti
731 5343 876 5390 sunt.
904 5332 1014 5389 Nec
1046 5344 1129 5390 est
1151 5337 1296 5391 aliud
1318 5338 1551 5393 ebrietas
1573 5354 1733 5408 quam
1761 5341 2135 5397 manifestissi-
2230 5341 2300 5395 ad
2339 5340 2551 5411 vigilias
2599 5342 2888 5398 multarum
2933 5345 3181 5399 satietate
3222 5356 3490 5401 escarum
3542 5346 3791 5414 gravatus

561 5441 684 5482 mus
709 5427 937 5481 daemon.
961 5423 1096 5480 Hinc
1116 5425 1382 5497 Propheta
1421 5429 1496 5483 ait
1521 5447 1533 5481 :
1572 5428 1878 5485 Fornicatio
1895 5442 1944 5486 et
1966 5434 2133 5486 ebrie-
2214 5431 2350 5507 .Non
2375 5433 2515 5487 enim
2536 5447 2822 5502 possumus
2841 5434 3086 5505 vigilare,
3104 5450 3229 5491 ctun
3249 5435 3496 5505 dapibus
3516 5434 3671 5491 fuerit
3689 5442 3796 5481 νω-

561 5527 644 5572 tae
666 5517 912 5587 auferunt
938 5534 1029 5572 cor
1048 5516 1194 5588 (Ose.
1218 5516 1315 5588 tv).
1337 5517 1542 5584 Quibus
1559 5517 1675 5574 ποθι
1695 5522 1952 5590 propheta
1976 5521 2129 5590 quasi
2233 5531 2319 5577 ter
2362 5531 2545 5579 noster
2569 5533 2817 5588 onustus,
2851 5526 2946 5581 sed
2994 5527 3234 5597 oppressi
3280 5542 3492 5583 somno
3518 5523 3795 5595 vigiliarum

564 5608 618 5661 in
660 5607 983 5662 alienatione
1013 5607 1208 5662 mentis
1233 5606 1623 5663 dormientibus
1657 5610 1883 5675 clamat,
1910 5611 2126 5666 dicens:
2234 5611 2440 5668 fructus
2476 5614 2793 5679 amittimus,
2839 5624 2895 5671 et
2930 5620 3165 5673 maxime
3199 5616 3601 5674 detrimentum
3628 5612 3796 5667 anima!

567 5693 1019 5765 Expergiscimini,
1044 5697 1195 5766 ebrii,
1221 5707 1270 5752 et
1291 5698 1430 5767 ﬂete,
1454 5714 1630 5753 omnes
1654 5700 1743 5770 qui
1767 5700 1937 5756 bibitis
1958 5701 2130 5757 vinum
2236 5710 2435 5757 nostrae
2463 5703 2817 5771 acquirimus,
2845 5713 2899 5759 et
2939 5714 3231 5777 egestatem
3260 5706 3543 5772 virtutum
3570 5702 3798 5771 spiritua-
