3992 6206
246 305 354 361 775

1284 305 1629 366 COMMENT.
1673 309 1739 364 IN
1779 308 1937 366 nec.
1981 308 2037 365 s.
2080 296 2457 368 BENEDICTI.

3404 322 3507 379 77.!

242 420 378 474 lium
404 422 458 471 et
488 422 861 487 paupertatem
889 415 1094 486 pariter
1126 420 1476 486 sustinemus,
1508 423 1648 478 sicut
1684 437 1822 477 εει-ιω
1854 428 1903 485 Α
1928 423 2153 489 fractas,
2194 439 2355 495 agere
2389 426 2527 481 bona
2578 416 2900 483 dissimulat.
2929 430 3019 485 -Et
3059 446 3180 486 cum
3213 448 3380 503 parva
3412 441 3507 492 ad-

239 518 393 581 ptum
418 515 501 562 est
532 524 545 560 :
574 504 877 577 Usquequo,
912 508 1077 579 piger,
1104 509 1339 565 dormis?
1372 514 1581 583 quando
1610 531 1827 569 consur-

240 617 331 670 ges
360 618 392 654 α
417 616 598 654 somno
631 600 765 653 tuo?
803 599 1090 653 Paululum
1118 602 1364 668 dormies,
1392 603 1667 674 paululum
1703 605 1827 659 dor-

241 691 475 756 mitabis,
526 689 803 763 paululum
848 707 1085 745 censeres
1125 708 1336 758 manus,
1376 704 1431 747 ut
1476 693 1731 762 dormias,
1775 705 1824 749 et

239 784 405 839 veniet
434 783 529 837 tibi
566 784 720 855 quasi
757 783 927 836 viator
954 792 1173 854 egestas,
1205 794 1252 838 et
1272 787 1545 855 pauperies
1571 788 1722 857 quasi
1746 789 1826 843 vir

238 884 481 927 armatus
505 870 691 945 (Prov.
718 870 814 945 v1).
844 872 993 936 Item,
1014 872 1142 928 Noli
1165 874 1379 946 diligere
1403 893 1664 944 somnum,
1692 895 1754 932 ne
1776 890 1824 934 te

237 976 440 1034 egestas
465 964 725 1036 opprimat
741 980 778 1028 ;-
794 964 940 1035 aperi
966 963 1143 1019 oeulos
1173 976 1313 1031 tuos,
1338 978 1385 1022 et
1415 977 1656 1027 saturare
1674 971 1825 1040 pani-

234 1055 333 1110 bus
366 1052 546 1124 (Prov.
586 1052 701 1124 xx).
734 1053 936 1109 Cavere
970 1056 1227 1111 debemus
1262 1072 1331 1111 ne
1371 1057 1483 1127 ipsa
1517 1058 1697 1112 anima
1726 1074 1823 1113 no-

235 1152 353 1199 stra
375 1144 625 1200 dormiat.
645 1142 880 1199 Somnus
896 1145 1088 1199 animae
1100 1152 1183 1200 est
1197 1146 1440 1202 oblivisci
1458 1148 1624 1203 Deum
1639 1164 1816 1203 suum.

233 1236 580 1305 Quaecunque
609 1236 785 1290 anima
814 1236 979 1291 oblita
1002 1235 1164 1293 fuerit
1182 1237 1351 1292 Deum
1379 1255 1555 1303 suum,
1589 1241 1817 1307 dormit;

232 1328 359 1382 ideo
388 1327 516 1382 dicit
535 1326 823 1397 Apostolus
850 1342 865 1381 :
896 1326 1082 1397 Surge,
1116 1329 1205 1398 qui
1223 1328 1441 1394 dormis,
1474 1338 1521 1383 et
1552 1328 1820 1384 illumina-

232 1419 306 1473 bit
334 1428 383 1473 te
402 1414 640 1472 Christus
668 1418 827 1489 (Eph.
860 1417 937 1490 v).
963 1418 1260 1474 Monachus
1286 1430 1465 1476 autem
1507 1422 1815 1477 somnolen-

230 1516 325 1563 tus
352 1507 407 1561 in
427 1507 681 1577 operibus
706 1508 819 1562 suis
848 1507 1026 1563 mollis
1052 1517 1157 1573 est,
1188 1510 1399 1578 tepidus
1422 1516 1477 1565 et
1502 1511 1813 1567 dissolutus.

231 1600 312 1655 De
336 1613 444 1670 quo
470 1597 730 1667 scriptum
764 1584 890 1653 est‘:
920 1597 1026 1664 Qui
1050 1598 1222 1654 mollis
1260 1609 1309 1653 et
1329 1599 1630 1668 dissolutus
1658 1613 1732 1657 est
1761 1603 1815 1656 in

228 1705 386 1759 opere
402 1704 518 1752 suo,
543 1686 709 1755 frater
728 1696 801 1740 est
816 1704 911 1742 sua
928 1705 1083 1759 opera
1098 1688 1401 1759 dissipantis
1426 1688 1606 1762 (Prov.
1632 1691 1812 1764 xvm).

1924 524 2084 569 versa
2117 517 2305 571 metuit
2328 518 2564 585 operari,
2603 518 2834 573 maxima
2863 523 3248 589 prmtermittit.
3295 524 3374 579 De
3396 541 3506 596 quo

1926 602 2064 658 bene
2090 606 2374 660 subditur:
2410 607 2729 663 Mendicabit
2764 619 2965 677 (estate,
2994 621 3042 666 et
3074 630 3177 667 non
3200 615 3412 670 dabitur
3454 618 3505 671 ei

1928 694 2137 767 (Ibid).
2189 695 2324 763 Quia
2354 700 2650 754 monachus
2679 701 2772 769 qui
2801 717 2944 756 nunc
2973 703 3024 756 in
3051 704 3211 775 bonis
3245 707 3502 777 operibus

1922 798 2031 839 non
2059 785 2291 853 laborat,
2322 787 2374 841 in
2424 787 2604 843 futuro
2641 792 2839 846 smculo
2878 793 3011 847 nihil
3037 796 3308 866 accipiens
3332 798 3497 869 quasi

1923 885 2110 932 testate
2155 879 2444 933 mendic::t.
2501 880 2637 937 Hinc
2686 884 2947 954 scriptum
2995 895 3076 942 est
3111 902 3125 941 :
3159 888 3268 944 P—er
3310 909 3496 963 agrum

1922 964 2147 1018 hominis
2184 967 2321 1035 pigri
2350 970 2589 1033 transivi,
2628 980 2677 1023 et
2713 988 2831 1027 ecce
2851 982 3015 1029 totum
3060 977 3380 1048 repleverant
3408 999 3497 1035 ur-

1921 1054 2065 1144 tiae,
2105 1060 2209 1144 etc.
2243 1052 2425 1126 (Prov.
2472 1058 2641 1129 xxiv).
2689 1060 2845 1128 Quid~
2877 1073 2961 1120 est
2992 1082 3089 1136 per
3130 1085 3318 1141 agrum
3357 1074 3495 1144 pigri

1922 1141 2157 1197 hominis
2192 1144 2444 1211 transire,
2495 1147 2596 1201 nisi
2642 1149 2927 1218 cujuslibet
2969 1155 3134 1210 vitam
3172 1141 3496 1233 negligentis

1920 1234 2169 1288 monachi
2206 1235 2474 1305 inspicere
2500 1248 2553 1293 et
2588 1238 2703 1309 ejus
2735 1255 2898 1311 opera
2925 1248 3294 1314 considerare;
3330 1268 3495 1322 quam
3582 1312 3585 1317 ,

1917 1325 2108 1379 urtica:
2130 1327 2213 1381 vel
2236 1328 2405 1397 spinae
2436 1331 2661 1400 replent,
2692 1334 2818 1403 quia
2846 1336 2901 1390 in
2930 1341 3092 1394 corde
3108 1343 3493 1412 negligentium

1918 1414 2308 1469 monachorum
2356 1425 2572 1474 terrena
2610 1423 2879 1480 desideria
2936 1438 2993 1482 et
3048 1436 3493 1503 compunctiones

1916 1503 2181 1568 pullulant
2198 1507 2476 1563 vitiorum.
3028 1528 3035 1535 '

1985 1593 2074 1687 ες).
2120 1594 2243 1650 Non
2288 1614 2677 1656 murmurosum
2726 1602 2778 1676 (I
2803 1605 2928 1661 Cor.
2971 1626 3029 1675 ι,
3076 1610 3220 1668 Phil.
3254 1612 3339 1687 tt).
3388 1617 3496 1674 Aut

1915 1681 2059 1737 enim
2087 1697 2388 1742 murmurat
2431 1694 2728 1749 monachus
2773 1705 2963 1753 contra
3005 1699 3216 1758 Domini
3262 1681 3490 1776 ﬂagella,

227 1778 565 1833 Econtrario
588 1777 653 1833 de
688 1776 815 1832 forti
837 1779 1085 1848 operario
1110 1779 1369 1848 scriptum
1398 1787 1483 1835 est
1515 1798 1527 1833 :
1557 1778 1662 1846 Qui
1693 1798 1811 1852 ope-
1839 1770 1887 1830 B
1914 1782 2003 1827 aut
2034 1785 2220 1831 contra
2251 1779 2351 1833 sibi
2380 1795 2409 1833 a
2450 1783 2753 1841 senioribus
2778 1787 3085 1857 impositam
3130 1770 3487 1868 disciplinam,

225 1878 384 1922 ratur
420 1876 613 1921 terram
656 1884 830 1934 suam,
858 1869 1184 1923 saturabitur
1222 1869 1441 1940 panibus
1471 1869 1652 1943 (Prov.
1686 1870 1807 1944 xu),

1913 1873 2007 1920 aut
2033 1877 2222 1923 contra
2253 1869 2549 1939 injunctam
2590 1875 2693 1931 sibi
2721 1893 2748 1931 a
2780 1880 3076 1949 majoribus
3102 1887 3486 1957 obedientiam,

225 1960 285 2016 id
311 1968 416 2027 est,
440 1961 529 2030 qui
553 1959 607 2014 in
632 1960 739 2014 vita
763 1976 859 2016 sua
886 1959 1103 2028 subiicit
1130 1976 1326 2031 corpus
1347 1977 1525 2028 suum,
1551 1972 1606 2018 et
1635 1963 1689 2017 in
1713 1964 1806 2019 Dei

1911 1964 2003 2046 aut
2030 1958 2369 2017 solummodo
2404 1966 2610 2036 proprii
2662 1971 2865 2027 ventris
2891 1973 3143 2044 ingluvie.
3174 1978 3275 2046 Qui
3304 1983 3347 2036 si
3391 1997 3491 2038 au-

222 2052 545 2109 servimtem
589 2052 805 2123 redigit,
862 2059 923 2107 ut
963 2052 1037 2108 im
1085 2052 1298 2123 macet“
1330 2055 1601 2124 operando
1636 2056 1724 2111 cui
1751 2072 1810 2112 se
1909 2044 2054 2100 diter
2079 2046 2372 2106 obliviosos
2407 2068 2514 2131 non
2545 2063 2706 2122 esset,
2735 2057 2801 2114 de
2829 2057 2914 2116 his
2946 2044 3213 2122 omnibus?
3241 2072 3486 2128 consola-

222 2144 471 2200 subdidit
495 2145 815 2209 obediendo,
860 2153 983 2214 post
1010 2144 1331 2199 solutionem
1367 2147 1611 2217 corporis
1645 2148 1811 2203 satia-

218 2235 394 2300 bitur,
435 2234 718 2304 prmmium
746 2220 1131 2304 sempiternum
1174 2235 1502 2304 accipiendo.
1546 2235 1608 2289 In
1651 2236 1808 2291 bonis

218 2327 371 2381 enim
393 2327 649 2397 operibus
681 2327 976 2383 monachus
1007 2325 1165 2382 fortis
1188 2342 1309 2382 esse
1332 2327 1491 2382 debet
1519 2335 1575 2382 et
1595 2328 1804 2393 doctus,

220 2416 482 2470 robustus
509 2423 564 2471 et
586 2416 813 2481 validus,
862 2432 971 2472 non
1012 2417 1191 2472 mollis
1220 2425 1276 2473 et
1315 2416 1625 2474 dissolutus.
1668 2418 1807 2475 Hinc

216 2505 462 2561 Isidorus
481 2507 559 2560 ait
588 2524 602 2560 :
635 2505 736 2572 Qui
756 2520 863 2561 non
887 2507 1058 2577 rigida
1082 2507 1381 2562 intentione
1407 2508 1657 2563 monachi
1681 2523 1804 2578 pro-

221 2602 519 2657 fessionem
556 2610 858 2667 sectantur,
889 2609 1093 2671 quanto
1122 2602 1340 2671 superni
1382 2606 1584 2661 amoris
1610 2620 1806 2675 propo-

218 2690 391 2747 situm
421 2691 681 2747 dissolute
723 2693 1000 2761 appetunt,
1028 2699 1178 2748 tanto
1210 2695 1502 2764 proclivius
1523 2697 1591 2751 ad
1618 2695 1803 2751 mundi

188 2820 191 2823 η
216 2796 466 2836 amorem
492 2781 669 2837 denuo
696 2782 1044 2837 reducuntur.
1077 2782 1211 2839 Nam
1253 2785 1517 2856 professio
1547 2801 1651 2840 non
1675 2799 1803 2856 per-

217 2871 368 2929 fecta
394 2873 677 2943 praisentis
700 2872 827 2928 vitae
856 2874 1049 2944 repetit
1071 2874 1369 2943 desideria;
1397 2876 1452 2930 in
1480 2877 1676 2945 quibus
1698 2877 1801 2931 etsi

214 2963 462 3020 nondum
486 2978 550 3020 se
588 2964 886 3019 monachus
912 2964 1093 3037 alliget
1119 2981 1303 3036 opere,
1331 2965 1445 3035 jam
1470 2974 1650 3022 tamen
1678 2965 1800 3021 alli-

215 3062 314 3127 gat
336 3052 679 3125 cogitationis
706 3067 911 3108 amore.
1076 3087 1119 3123 ,

1907 2137 2108 2192 tionem
2137 2139 2543 2211 Scripturarum
2569 2146 2825 2216 audisset,
2855 2160 2909 2206 et
2935 2168 3043 2209 non
3066 2171 3478 2219 murmurasset.

1907 2224 2049 2281 Dicit
2070 2228 2213 2282 enim
2241 2227 2522 2301 Scriptura
2548 2248 2563 2287 :
2593 2233 2860 2308 Flagellat
2888 2239 3032 2297 Deus
3070 2261 3275 2301 omnem
3314 2250 3485 2318 [ilium

1906 2331 2058 2385 quem
2088 2318 2269 2387 recipit
2313 2319 2469 2389 (Heb.
2504 2322 2625 2393 xu).
2666 2325 2799 2380 Item
2824 2327 2959 2383 dicit
2990 2348 3003 2384 :
3048 2329 3160 2387 Fili
3187 2336 3285 2401 mi,
3330 2337 3491 2394 disci-

1905 2405 2106 2475 plinam
2132 2407 2349 2464 Domini
2388 2428 2452 2466 ne
2496 2413 2739 2483 abjicias,
2767 2420 2893 2489 quia
2918 2423 3011 2491 qui
3047 2423 3220 2495 diligit
3256 2429 3491 2500 discipli-

1906 2513 2051 2564 nam,
2115 2500 2285 2571 diligit
2346 2504 2618 2559 scientiam
2666 2506 3143 2579 (Prov.ui;Prov.
3187 2516 3308 2590 xu).
3357 2521 3490 2578 Item

1905 2586 2036 2686 dicit
2068 2608 2080 2643 :
2116 2589 2306 2645 Melior
2335 2603 2409 2647 est
2446 2595 2740 2652 obedientia
2765 2617 2923 2671 quam
2948 2605 3159 2661 victima
3177 2586 3366 2677 (Eccle.
3388 2612 3486 2686 tv).

1886 2679 2075 2734 Debet
2102 2695 2232 2754 ergo
2263 2687 2560 2742 monachus
2587 2690 2686 2744 has
2715 2706 2906 2748 omnes
2948 2693 3354 2767 Scripturarum
3393 2679 3492 2759 au-

1904 2770 2186 2827 ctoritates
2213 2776 2513 2842 attendere,
2571 2786 2627 2832 et
2662 2780 2736 2833 ita
2786 2781 2906 2837 sine
2947 2790 3375 2847 murmuratione
3404 2793 3487 2849 vi-

1901 2876 2051 2928 vere,
2086 2871 2146 2917 ut
2174 2880 2281 2919 non
2312 2866 2366 2920 in
2412 2870 2856 2927 murmurationis
2902 2873 3147 2930 incurrat
3174 2879 3396 2947 malum,
3432 2892 3490 2939 et

1903 2951 2104 3009 laboris
2133 2955 2215 3009 sui
2240 2954 2430 3025 perdat
2456 2960 2757 3027 praemium.
2789 2960 2929 3018 Hinc
2971 2979 3071 3021 nos
3114 2978 3238 3024 cum
3292 2987 3489 3045 magno
3518 2988 3525 2995 ‘

1905 3050 2115 3101 terrore
2144 3046 2429 3116 Apostolus
2454 3051 2705 3118 prohibet
2736 3068 3081 3111 murmurare
3128 3056 3352 3116 dicens:
3383 3061 3490 3117 Νι·
3570 3094 3575 3097 -

292 3142 382 3201 58.
406 3116 548 3198 vNon
571 3142 777 3215 pigrum
805 3140 988 3215 (Prov.
1019 3116 1188 3212 xxvi).
1212 3144 1279 3199 ‘ld
1307 3152 1410 3211 est,
1437 3160 1543 3200 non
1563 3147 1799 3213 tardum,
1830 3116 1875 3180 Ο
1904 3151 2003 3205 que
2023 3116 2493 3205 murmuraveritis,
2527 3144 2663 3198 sicut
2691 3147 2907 3216 quidam
2929 3164 3409 3221 murmuraverunt,
3434 3165 3485 3211 et

215 3234 306 3291 vel
360 3235 586 3299 lentum,
638 3249 747 3289 non
802 3234 1038 3304 tepidum
1076 3234 1161 3287 vel
1211 3234 1560 3292 desidiosum.
1617 3236 1804 3293 Dictus

215 3334 400 3381 autem
426 3326 597 3398 piger,
623 3326 776 3396 quasi
807 3326 1032 3400 pedibus
1066 3341 1211 3398 aeger
1238 3346 1250 3381 :
1293 3335 1376 3383 est
1416 3329 1561 3384 enim
1612 3328 1804 3383 tardus

217 3418 287 3473 ad
306 3417 679 3473 incedendum.
707 3418 856 3486 Quod
880 3406 1074 3473 nomen
1103 3432 1202 3488 per
1229 3434 1385 3473 usum
1424 3419 1623 3474 transit
1652 3425 1708 3472 et
1732 3418 1803 3473 ad

216 3509 487 3575 animam,
535 3518 595 3563 ut
634 3510 784 3583 pigra
831 3509 1066 3576 dicatur,
1121 3525 1245 3564 cum
1288 3510 1451 3565 fuerit
1506 3510 1797 3565 desidiosa.

214 3597 275 3654 In
298 3595 609 3653 Proverbiis
640 3598 783 3653 enim
812 3599 1073 3668 scriptum
1103 3606 1187 3654 est
1224 3617 1236 3653 :
1262 3598 1479 3653 Desidia
1511 3599 1699 3654 occidit
1725 3601 1802 3671 pi-

214 3696 392 3760 grum,
420 3687 696 3743 noluerunt
732 3690 871 3743 enim
895 3688 1180 3762 quidquam
1202 3707 1389 3745 manus
1433 3690 1547 3760 ejus
1591 3692 1802 3762 operari

215 3774 402 3850 (Prov.
430 3779 565 3852 xxx).
592 3777 725 3835 Item
752 3778 825 3834 ibi
845 3779 1106 3850 scriptum
1130 3788 1213 3834 est
1247 3797 1260 3832 :
1303 3777 1425 3833 Vult
1474 3790 1523 3833 et
1554 3796 1657 3834 non
1688 3780 1800 3835 vult

212 3869 392 3938 piger;
422 3869 599 3922 anima
625 3878 800 3923 autem
825 3870 1152 3941 aperantium
1180 3869 1592 3941 impinguabitur
1612 3869 1796 3941 (Prov.

211 3957 359 4031 xui).
408 3958 575 4014 Recte
612 3960 755 4030 pigri
796 3960 1056 4015 vocabulo
1094 3963 1410 4027 denotatur,
1439 3962 1674 4032 quivult
1716 3977 1802 4016 rc-

210 4063 385 4120 gnare
410 4063 532 4104 cum
555 4049 791 4115 Christo,
837 4059 1022 4105 etnon
1047 4051 1163 4106 vult
1188 4051 1399 4122 operari
1424 4067 1524 4122 pro
1550 4052 1658 4108 illo.
1691 4052 1798 4108 De-

212 4137 424 4192 lectant
450 4138 672 4208 praemia
698 4147 920 4205 aeterna,
952 4146 1009 4193 et
1059 4139 1255 4211 refugit
1295 4138 1567 4196 laboriosa
1612 4154 1796 4210 opera.

162 4235 189 4249 ⁴
211 4227 348 4283 Vult
367 4227 569 4283 habere
595 4228 763 4285 otium
792 4230 1110 4299 temporale,
1142 4239 1197 4284 et
1225 4239 1484 4285 aeternam
1513 4232 1627 4285 vult
1655 4231 1801 4287 acci-

215 4335 350 4376 pere
381 4322 702 4376 mercedem.
732 4323 926 4377 Anima
968 4331 1148 4377 autem
1179 4324 1520 4392 operantium
1549 4339 1647 4394 pro
1696 4324 1800 4379 Do-

231 4414 369 4469 nino
419 4420 623 4468 mterno
668 4414 1086 4485 impinguabitur
1113 4414 1427 4469 muneribus
1456 4415 1798 4485 sempiternis

232 4522 272 4561 η
292 4518 482 4576 regno.
509 4503 611 4570 Qui
636 4506 779 4559 enim
807 4505 893 4559 hic
918 4505 1021 4574 piis
1046 4520 1144 4575 pro
1171 4504 1399 4561 Domino
1429 4506 1685 4561 insudant
1720 4506 1797 4560 la-

204 4597 459 4662 boribus,
520 4596 725 4653 cmlesti
772 4605 990 4666 accepta
1042 4595 1336 4651 refectione
1386 4598 1708 4668 gaudebunt,
1743 4606 1801 4653 et

208 4690 370 4745 illam
398 4687 806 4744 desiderabilem
838 4702 1026 4742 vocem
1048 4687 1257 4742 Domini
1284 4689 1505 4742 audient
1530 4688 1794 4743 dicentis:

222 4778 411 4833 Venite
433 4777 502 4832 ad
522 4793 623 4843 me,
654 4792 829 4831 omnes
857 4776 946 4847 qui
969 4774 1221 4830 laboratis
1252 4785 1299 4831 et
1331 4776 1531 4830 onerati
1568 4778 1712 4845 estis,
1748 4786 1799 4832 et

207 4890 310 4945 ego
328 4871 563 4941 reﬁciam
588 4888 673 4926 vos
700 4870 776 4943 (Μ
784 4871 914 4924 atth.
940 4869 1039 4944 χι).
1063 4869 1197 4925 Item
1213 4870 1473 4939 scriptum
1489 4876 1574 4924 est
1597 4887 1610 4922 :
1627 4867 1695 4922 In
1717 4867 1798 4922 la-

204 4963 339 5035 pide
361 4959 500 5015 luteo
522 4960 783 5031 lapidatus
803 4968 877 5014 est
897 4960 1063 5032 piger,
1082 4969 1131 5015 et
1152 4977 1326 5015 omnes
1352 4958 1627 5032 loquentur
1646 4976 1802 5032 super

206 5053 638 5123 aspernationem
668 5050 809 5105 illius
836 5050 1029 5121 (Eccli.
1068 5052 1226 5122 nn).
1254 5050 1389 5105 Item
1418 5050 1492 5105 ibi
1521 5068 1535 5104 :
1570 5048 1799 5120 Pigredo

205 5142 457 5199 immittit
503 5156 737 5212 soporem
780 5139 963 5213 (Prov.
1011 5143 1151 5211 nx).
1199 5140 1358 5210 Piger
1405 5139 1549 5195 enim
1599 5140 1799 5195 dicitur

207 5234 400 5291 omnis
428 5232 748 5297 desidiosus,
788 5231 880 5301 qui
911 5238 1057 5287 recte
1082 5231 1363 5286 sentiendo
1407 5229 1560 5299 quasi
1588 5229 1795 5299 vigilat,

206 5322 467 5392 quamvis
492 5321 627 5377 nihil
660 5322 935 5393 Operando
965 5328 1256 5391 torpescat.
1290 5319 1398 5375 Sed
1446 5319 1668 5389 pigredo
1717 5332 1801 5373 so-

204 5428 409 5488 porem
454 5412 718 5479 immittit,
760 5409 888 5466 dum
926 5420 1074 5467 recte
1125 5411 1365 5466 sentiens
1406 5409 1645 5480 vigiliam
1689 5422 1798 5465 non

202 5505 361 5559 bene
397 5502 671 5572 operando
711 5501 931 5555 amittit.
959 5500 1094 5553 Item
1134 5500 1499 5579 scriptum‘est
1530 5516 1542 5551 :
1577 5495 1800 5568 Propter

205 5595 391 5664 frigus
428 5592 574 5664 piger
595 5608 749 5646 arare
779 5590 945 5646 noluit
984 5589 1165 5661 (Prov.
1196 5587 1310 5659 xx).
1358 5586 1584 5658 Propter
1626 5584 1798 5659 frigus

199 5684 420 5754 quippe
450 5684 603 5753 piger
654 5699 760 5739 non
787 5692 928 5751 arat,
979 5682 1108 5738 dum
1157 5680 1377 5739 desidiae
1403 5687 1617 5751 torpore
1658 5695 1799 5751 pra:-

1821 4457 1874 4517 D

1905 3241 1939 3278 a
1968 3228 2290 3298 serpentibus
2333 3232 2598 3300 perierunt
2647 3232 2699 3307 (I
2733 3232 2858 3291 Cor.
2899 3237 2978 3311 ι).
3025 3240 3104 3295 Ac
3152 3242 3198 3298 si
3236 3244 3483 3302 diceret':

1902 3313 1970 3367 Et
1994 3317 2261 3371 custodite
2284 3333 2381 3373 vos
2418 3334 2447 3373 a
2494 3325 2940 3380 murmurationis
2968 3327 3141 3394 malo;
3175 3330 3299 3399 quia
3344 3333 3489 3389 sicut

1900 3402 1980 3458 illi
2016 3406 2110 3475 qui
2136 3407 2194 3460 in
2241 3422 2426 3462 eremo
2453 3423 2932 3469 murmuraverunt
2958 3425 3145 3472 contra
3176 3418 3485 3487 Dominum,

1901 3504 1957 3551 et
1983 3499 2254 3553 morsibus
2283 3508 2594 3568 serpentum
2637 3502 2877 3559 dilaniati
2924 3506 3264 3575 interierunt,
3316 3511 3389 3565 ita
3430 3522 3488 3568 et

1897 3601 1999 3659 vos
2041 3602 2072 3640 a
2116 3589 2391 3645 morsibus
2439 3590 2717 3647 dilacerati
2768 3593 3158 3652 daemoniorum
3204 3601 3485 3670 peribitis,

1899 3676 2005 3731 nisi
2030 3689 2127 3733 vos
2157 3694 2188 3733 a
2221 3682 2665 3738 murmurationis
2706 3683 2851 3740 malo
2897 3688 3288 3747 custodieritis.
3347 3692 3486 3750 Hinc

1899 3765 2099 3821 iterum
2130 3769 2392 3840 scriptum
2415 3778 2500 3826 est
2532 3789 2546 3827 :
2582 3771 2853 3830 Custodite
2881 3792 3005 3847 ergo
3025 3795 3112 3833 vos
3137 3797 3169 3834 a
3189 3795 3487 3838 murmura-

1898 3854 2057 3922 tione,
2091 3873 2207 3929 que
2237 3859 2368 3913 nihil
2390 3861 2602 3931 prodest
2631 3860 2778 3934 (Sep.
2811 3863 2874 3936 ι).
2905 3864 3051 3921 Nihil
3089 3870 3233 3923 enim
3263 3871 3488 3939 prodest

1898 3948 2181 4003 monachis
2230 3947 2429 4018 injusta
2456 3955 2832 4021 murmuratio,
2864 3957 2989 4025 quia
3038 3957 3106 4011 de
3153 3959 3483 4016 iuobedienti

1897 4042 1953 4088 et
1972 4038 2310 4093 contentiosa
2338 4041 2582 4110 procedit
2605 4043 2808 4099 animo.
2828 4044 2899 4100 Se
2924 4046 3069 4101 enim
3094 4051 3482 4108 murmurando

1899 4129 2252 4211 condemnat,
2310 4139 2366 4185 et
2413 4132 2563 4187 illum
2615 4135 2878 4192 adversus
2930 4153 3091 4207 quem
3144 4148 3481 4209 murmurat,

1898 4233 2005 4273 non
2033 4222 2306 4276 emendat.
2360 4221 2747 4281 Murmurando
2795 4228 2939 4282 enim
2970 4230 3288 4300 magistrum
3330 4233 3484 4288 incu-

1890 4318 2003 4375 sat,
2036 4320 2092 4366 et
2120 4312 2221 4367 sibi
2248 4327 2440 4383 pteuas
2464 4316 2807 4386 multiplicat.
2838 4319 2907 4373 Et
2950 4321 2998 4376 si
3022 4322 3184 4375 etiam
3211 4325 3482 4394 peregerit

1900 4405 2290 4459 murmurando
2318 4419 2453 4474 opus
2481 4405 2801 4474 iniunctum,
2830 4424 2937 4463 non
2965 4410 3069 4465 sibi
3111 4410 3314 4466 laboris
3341 4428 3479 4482 prte-

1905 4492 2095 4558 mium,
2145 4493 2239 4549 sed
2285 4496 2478 4549 animm
2508 4497 2741 4567 acquirit
2783 4499 3183 4554 detrimentum.
3214 4500 3305 4557 Sic
3332 4504 3485 4571 enim,

1904 4582 1961 4636 iu
1988 4583 2090 4639 hac
2117 4585 2308 4641 eadem
2349 4587 2492 4641 beati
2520 4587 2792 4645 Benedicti
2821 4591 3080 4660 scriptum
3109 4600 3193 4647 est
3229 4593 3431 4666 Regula
3461 4615 3476 4652 :

1903 4670 2040 4728 Nam
2068 4689 2194 4730 cum
2218 4676 2358 4732 malo
2388 4678 2590 4745 animo,
2617 4679 2812 4748 inquit,
2844 4696 2889 4735 ει
2915 4682 3130 4736 obediat
3159 4683 3477 4755 disciplinae,

1902 4772 1959 4822 et
1982 4780 2087 4821 non
2129 4767 2302 4823 solum
2332 4783 2447 4834 ore,
2486 4770 2579 4825 sed
2607 4771 2768 4825 etiam
2800 4772 2854 4825 in
2882 4773 3043 4828 corde
3082 4774 3126 4828 si
3170 4790 3479 4832 murmura-

1902 4859 2061 4926 verit,
2093 4860 2303 4915 etiamsi
2333 4861 2553 4931 impleat
2573 4862 2869 4933 iussionem
2889 4904 2903 4929 ,
2958 4871 3138 4920 tamen
3184 4865 3296 4936 jam
3325 4884 3481 4925 acce-

1901 4958 2052 5020 ptum
2076 4965 2183 5005 non
2204 4950 2306 5005 erit
2342 4949 2472 5016 Deo,
2496 4952 2588 5021 qui
2611 4965 2706 5007 cor
2734 4951 2850 5021 ejus
2880 4955 3101 5024 respicit
3132 4971 3480 5013 murmuran-

1899 5043 1990 5108 tis,
2016 5052 2072 5098 et
2116 5057 2218 5112 pro
2248 5042 2341 5097 tali
2396 5043 2539 5099 facto
2585 5042 2784 5099 nullam
2825 5048 3178 5117 consequitur
3221 5050 3477 5121 gratiam,

1901 5133 2009 5187 imo
2040 5144 2258 5204 pteuam
2297 5135 2787 5190 murmurationum
2811 5136 3063 5204 incurrit,
3108 5139 3158 5213 si
3191 5153 3311 5195 non
3354 5155 3479 5195 cum

1902 5219 2274 5276 satisfactione
2299 5224 2686 5279 emendaverit.

1973 5313 2063 5368 40.
2117 5312 2241 5368 Νοη
2278 5313 2625 5369 detractorem
2652 5313 2836 5387 (Prov.
2867 5315 2963 5390 tv).
3008 5317 3065 5375 Id
3090 5318 3195 5383 est,
3241 5333 3347 5373 non
3376 5317 3474 5371 de-

1902 5403 2246 5470 famatorem,
2278 5406 2725 5475 reprehensoretn
2752 5408 2839 5463 vel
2882 5411 3326 5480 vituperatorem.
3374 5407 3476 5461 De-

1902 5497 2124 5552 trahere
2155 5497 2301 5551 enim
2354 5495 2572 5563 dicitur,
2601 5499 2694 5569 qui
2720 5500 2918 5555 bonum
2962 5507 3135 5555 mutat
3162 5499 3217 5552 in
3246 5496 3473 5552 malum.

1902 5586 2036 5643 Nam
2058 5587 2149 5657 qui
2186 5586 2319 5641 dicit
2345 5585 2545 5642 malum
2581 5603 2701 5645 esse
2721 5589 2862 5659 quod
2886 5588 3083 5643 malum
3107 5597 3211 5653 est,
3243 5602 3348 5642 non
3380 5600 3476 5641 au-

1902 5689 2021 5736 ctor
2050 5678 2421 5746 detractionis,
2452 5678 2547 5734 sed
2573 5677 3062 5734 amicus‘dicendus
3088 5688 3172 5733 est
3204 5675 3475 5737 veritatis.
