3992 6206
457 304 563 362 ’175

460 417 518 470 In
543 427 610 468 eo
636 408 782 467 enim
824 405 970 476 quod
996 402 1228 458 virtutes
1262 399 1412 470 eligit
1438 406 1493 454 et
1517 397 1649 452 vitia
1675 396 1916 461 damnat,
1944 393 2026 447 di-
2057 391 2106 451 Α

460 504 601 558 vina:
649 514 746 570 per
794 496 974 551 omnia
1014 493 1280 548 voluntati
1331 491 1685 558 obtemperat.
1721 486 1840 556 Ipse
1885 484 2031 539 enim

460 589 720 646 Dominus
763 586 841 639 ait
881 598 979 654 per
1014 581 1360 637 Psalmistam
1408 577 1576 632 David
1617 590 1630 630 :
1664 574 2030 628 Detrahentem

455 679 696 750 proximo
722 690 817 729 suo
846 675 983 728 hunc
1011 671 1354 743 persequebar
1392 666 1564 738 (Psal.
1611 665 1683 730 ο).
1735 665 1791 718 In
1823 671 2032 750 tantum

456 781 588 836 ergo
636 779 744 819 non
797 769 1014 832 oportet
1042 759 1348 814 consentire
1395 752 1720 816 detrahenti,
1756 758 1818 806 ut
1844 749 2062 812 etiam,‘

455 865 721 928 quantum
747 857 805 910 in
856 855 1014 908 nobis
1066 863 1168 916 est,
1219 848 1618 906 consentiamus
1665 843 1932 904 Domino,
1980 846 2036 893 et

462 964 568 1003 una
618 961 742 1002 cum
799 944 893 998 illo
946 940 1178 1013 proximi
1226 949 1615 1008 persequamur
1647 933 2033 991 detractorem,

456 1037 803 1108 providentes
831 1035 886 1088 in
911 1041 1141 1101 utroque
1160 1029 1468 1091 utilitatem,
1492 1032 1734 1079 nostram
1787 1020 2038 1076 videlicet

461 1138 518 1184 et
545 1129 688 1183 illius
714 1125 806 1196 qui
832 1123 1087 1188 detrahit,
1119 1129 1179 1175 ut
1207 1135 1307 1174 nec
1330 1133 1427 1172 nos
1469 1117 1702 1169 libenter
1728 1111 2035 1173 audiamus,

463 1236 563 1275 nec
595 1219 742 1272 illum
781 1229 1008 1285 peccare
1047 1212 1307 1266 laxemus.
1361 1209 1531 1278 Majus
1568 1206 1712 1260 enim
1757 1208 2039 1272 peccatum

461 1318 567 1375 est,
589 1310 634 1365 si
681 1308 796 1362 fieri
822 1312 1021 1376 potest,
1053 1303 1361 1365 detrahere,
1411 1315 1573 1368 quam
1616 1296 1893 1352 fornicari.
1938 1293 2040 1359 Qui

459 1399 605 1454 enim
633 1398 949 1458 fornicatur,
977 1409 1036 1449 se
1066 1400 1272 1446 tantum
1314 1389 1532 1445 occidit.
1566 1387 1666 1454 Qui
1702 1401 1829 1440 vero
1859 1387 2040 1440 detra—

466 1489 576 1554 hit,
614 1499 670 1542 et
716 1502 775 1542 se
812 1495 868 1540 et
903 1483 1327 1539 consentientem
1378 1480 1480 1535 sibi
1524 1478 1577 1532 in
1611 1477 1800 1531 mortis
1830 1475 2042 1529 foveam

463 1577 679 1647 mergit.
710 1576 850 1630 Hinc
879 1575 934 1628 in
983 1572 1293 1628 Proverbiis
1322 1571 1582 1638 scriptum
1605 1576 1690 1622 est
1717 1585 1731 1620 :
1765 1566 1984 1620 Remove
2011 1582 2044 1618 a

467 1677 516 1722 te
562 1684 618 1720 os
658 1682 896 1736 pravum,
942 1673 993 1718 et
1023 1662 1351 1716 detrahentia
1393 1660 1534 1714 labia
1562 1659 1664 1713 sint
1710 1655 1950 1728 procula
1999 1664 2046 1708 te

467 1723 779 1831 (Prov.'|v).
820 1723 971 1822 Quod
1026 1753 1233 1808 duobus
1274 1751 1448 1805 modis
1495 1723 1720 1818 intelligi
1759 1754 1960 1818 potest,
1993 1746 2047 1800 id
2075 1723 2122 1782 Β

467 1857 572 1914 est,
611 1856 666 1902 et
705 1863 767 1902 os
796 1855 1038 1901 nostrum
1078 1859 1148 1898 ne
1188 1843 1439 1914 loquatur
1471 1839 1673 1908 aliquid
1716 1851 1965 1908 pravum,
1995 1841 2051 1889 et

464 1937 612 1993 labia
652 1945 835 1992 nostra
871 1950 940 1990 ne
971 1933 1259 1989 detrahant
1281 1930 1549 2000 proximo,
1582 1928 1727 1982 omni
1773 1939 2050 1981 servemus

467 2025 732 2083 custodia.
763 2024 826 2078 Et
855 2023 988 2078 alios
1019 2034 1369 2092 quoscunque
1397 2018 1526 2072 huic
1570 2016 1704 2070 vitio
1753 2013 2050 2068 viderimus

468 2117 698 2181 deditos,
729 2131 835 2170 non
873 2113 1258 2169 consentiendo
1311 2110 1609 2180 proximos,
1664 2106 1759 2162 sed
1817 2122 1847 2160 a
1892 2107 2049 2161 nobis

367 2224 376 2231 '
463 2208 656 2279 procul
711 2204 1024 2276 expellendo
1060 2203 1324 2258 faciamus
1372 2201 1599 2264 alienos,
1627 2215 1695 2254 ne
1729 2198 1946 2266 utrique
1993 2197 2049 2251 in

468 2297 822 2356 detractionis
849 2295 979 2348 vitio
1003 2306 1309 2363 pereamus,
1339 2291 1466 2360 quia
1489 2289 1748 2360 scriptum
1770 2298 1853 2344 est
1877 2306 1892 2343 :
1916 2287 2046 2353 Fili,

468 2391 594 2446 time
644 2387 832 2451 Deum,
860 2394 1056 2454 etcum
1110 2379 1491 2436 detractoribus
1536 2395 1600 2432 ne
1643 2379 2043 2444 commiscearis,

466 2495 716 2553 quoniam
745 2484 947 2547 repente
971 2472 1236 2542 consurgit
1340 2466 1561 2530 Perditio
1609 2485 1788 2522 eorum
1817 2478 1865 2522 et
1892 2470 2048 2522 ruina

470 2572 738 2640 utriusque
769 2565 951 2640 (Prov.
978 2563 1152 2634 xxiv),
1185 2561 1238 2616 id
1262 2566 1368 2624 est,
1391 2568 1446 2614 et
1465 2558 1580 2627 ejus
1607 2559 1697 2628 qui
1732 2559 1967 2613 detrahit
1993 2567 2050 2613 et

469 2662 584 2734 ejus
607 2660 697 2730 qui
719 2657 1021 2714 detrahenti
1041 2653 1332 2710 consentit.
1365 2650 1637 2722 Scriptum
1668 2660 1752 2707 est
1779 2671 1790 2706 :
1823 2651 1884 2707 Si
1911 2669 2048 2707 mor-

470 2753 592 2806 deat
639 2765 846 2820 serpens
890 2747 947 2801 in
984 2745 1214 2810 silentio,
1263 2742 1392 2796 nihil
1440 2758 1499 2796 eo
1555 2743 1726 2796 minus
1755 2742 1906 2796 habet
1957 2743 2049 2813 qui

469 2844 670 2901 occulte
713 2841 939 2897 detrahit
966 2835 1263 2912 (Eccle.x).
1293 2835 1432 2890 Hinc
1455 2833 1685 2888 Iacobus
1719 2834 1834 2888 ait:
1869 2833 2047 2888 Nolite

466 2934 742 2990 detrahere
769 2931 1080 2985 alterutrum
1099 2967 1114 2988 ,
1147 2926 1336 2996 fratres
1370 2924 1492 2986 mei,
1519 2924 1643 2994 quia
1677 2925 1768 2993 qui
1819 2923 2046 2979 detrahit

468 3026 647 3096 fratri,
677 3031 768 3078 aut
795 3023 884 3093 qui
901 3020 1107 3090 judicat
1133 3017 1350 3088 fratrem
1391 3030 1565 3080 suum,
1594 3014 1821 3069 detrahit
1851 3013 1952 3085 legi
1994 3024 2043 3070 et

463 3117 674 3189 judicat
703 3115 866 3185 legem
891 3113 1099 3184 (Iacob.
1123 3111 1220 3182 tv).

543 3205 633 3259 41.
669 3203 829 3270 Spem
877 3219 1028 3256 suam
1059 3201 1170 3254 Deo
1198 3200 1515 3255 committere
1553 3197 1726 3270 (Psal.
1756 3215 1865 3262 ut,
1896 3197 2047 3254 Psal.

473 3293 704 3366 Lxxvu).
737 3293 873 3363 Spes
902 3291 1044 3346 enim
1088 3290 1285 3345 dicitur
1308 3288 1572 3344 bonorum
1602 3291 1934 3360 exspectatio
1970 3289 2053 3345 fu-

475 3397 741 3450 turorum,
762 3398 881 3453 qua:
900 3381 1156 3451 exprimit
1169 3380 1492 3436 humilitatis
1511 3380 1762 3435 affectum
1781 3388 1836 3435 et
1855 3380 2052 3436 sedula:

472 3476 750 3534 servitutis
781 3473 1116 3542 obsequium.
1154 3471 1290 3542 Spes
1332 3481 1512 3526 autem
1543 3480 1752 3535 vocata,
1793 3471 1938 3542 quod
1981 3471 2054 3526 sit

473 3567 839 3640 progredienti
866 3580 981 3635 pes,
1007 3563 1163 3633 quasi
1181 3570 1266 3616 est
1295 3576 1408 3631 pes.
1445 3561 1598 3617 Unde
1624 3577 1655 3616 e
1678 3562 1953 3617 contrario
1979 3561 2054 3616 di-

474 3671 564 3720 cta
589 3658 926 3729 desperatio;
955 3657 1105 3711 deest
1131 3655 1276 3710 enim
1300 3653 1372 3708 illi
1404 3653 1778 3724 progrediendi
1803 3653 2048 3720 facultas,

474 3751 625 3822 quia,
651 3749 777 3802 dum
803 3746 1031 3814 quisque
1058 3752 1338 3813 peccatum
1365 3753 1530 3806 amat,
1559 3741 1793 3796 futuram
1827 3742 2051 3812 gloriam

478 3856 586 3896 non
623 3843 920 3908 exspectat.
964 3834 1164 3889 Beatus
1197 3841 1281 3888 est
1311 3834 1452 3888 enim
1491 3833 1580 3888 ille
1607 3834 1696 3903 qui
1726 3850 1873 3903 spem
1897 3851 2050 3890 suam

475 3931 589 3986 Deo
617 3927 923 3991 committit,
945 3933 1000 3981 et
1025 3927 1078 3981 in
1106 3933 1305 3980 aeterna
1326 3923 1579 3979 felicitate
1601 3933 1655 3979 et
1681 3925 1846 3995 gloria
1876 3927 2047 3994 ponit.

476 4024 672 4079 Beatus
701 4018 956 4087 estcuius
985 4033 1129 4087 spes,
1165 4027 1225 4071 ut
1253 4017 1306 4072 in
1348 4025 1609 4072 aeternum
1638 4019 1802 4083 vivat,
1855 4019 1908 4072 in
1949 4019 2053 4075 Do-

479 4113 628 4168 mino
652 4111 828 4180 posita
849 4108 1051 4179 jugiter
1091 4114 1418 4177 perseverat.
1458 4107 1592 4161 Hinc
1615 4108 1898 4162 Psalmista
1927 4110 2002 4163 ait
2033 4126 2046 4162 :

479 4204 614 4260 Mihi
642 4212 814 4256 autem
836 4199 1102 4255 adhazrere
1137 4197 1242 4251 Deo
1269 4198 1458 4252 bonum
1490 4209 1586 4263 est,
1614 4217 1803 4270 ponere
1842 4202 1899 4254 in
1945 4200 2052 4256 Do-

477 4295 618 4348 mino
646 4308 783 4363 spem
807 4305 976 4344 meam
1009 4286 1181 4360 (Psal.
1210 4287 1397 4356 Lxxn).
1425 4288 1518 4342 Ille
1544 4289 1686 4342 enim
1714 4291 1848 4345 bene
1871 4291 2051 4346 adhm-

479 4392 563 4439 ret
590 4383 700 4436 Deo
720 4381 811 4451 qui
847 4394 996 4450 spem
1031 4392 1183 4433 suam
1225 4379 1378 4470 ponit
1405 4379 1458 4432 in
1482 4378 1597 4470 illo,
1628 4381 1754 4449 quia
1781 4382 1914 4436 nihil
1950 4397 2046 4449 ρο-
2071 4408 2126 4470 D

478 4480 582 4529 test
624 4486 742 4539 esse
787 4471 996 4526 beatius
1037 4483 1197 4538 quam
1225 4468 1298 4522 illi
1349 4468 1527 4521 omnia
1571 4470 1910 4524 committere
1952 4471 2044 4539 qui

477 4563 626 4618 novit
644 4560 759 4614 suis
782 4558 1074 4614 cultoribus
1099 4556 1276 4611 futura
1299 4564 1575 4626 praestare.
1604 4557 1740 4612 Hinc
1759 4559 2046 4629 Apostolus

476 4655 594 4710 ait:
632 4651 736 4722 Spe
773 4649 1055 4721 gaudentes
1085 4647 1256 4720 (Rom.
1299 4647 1418 4718 xu).
1451 4647 1559 4702 Sed
1587 4648 1676 4702 ille
1721 4650 1940 4704 omnino
1979 4651 2046 4707 de

477 4759 572 4815 spe
601 4742 806 4798 caelesti
832 4741 991 4795 debet
1019 4739 1272 4809 gaudere,
1301 4740 1425 4806 quia
1456 4738 1748 4794 auxiliante
1795 4740 1904 4795 Deo
1932 4742 2045 4812 jam

479 4848 702 4906 pravum
722 4840 898 4887 cessat
921 4845 1099 4900 agere.
1130 4828 1264 4882 Nam
1293 4830 1384 4898 qui
1407 4829 1604 4882 malum
1633 4846 1793 4900 agere
1822 4847 1928 4886 non
1959 4833 2048 4889 de-

479 4925 695 4985 sistunt,
748 4936 886 4976 vana
934 4935 1029 4990 Spe
1075 4918 1281 4988 decepti
1327 4918 1707 4988 indulgentiam
1754 4935 1786 4973 a
1831 4921 1942 4976 Deo
1993 4931 2049 4977 et

478 5017 645 5070 vitam
678 5021 935 5068 aeternam
964 5013 1278 5081 requirunt;
1310 5025 1472 5080 quam
1503 5019 1649 5066 recte
1697 5020 1962 5081 quaerent,
2001 5015 2048 5070 si

479 5103 551 5159 ab
604 5102 815 5157 actione
865 5113 1032 5169 prava
1083 5108 1380 5155 cessarent.
1412 5097 1599 5154 Omnis
1644 5100 1840 5170 quippe
1868 5099 2046 5168 justus

480 5209 631 5264 spem
662 5200 718 5246 et
739 5191 1079 5246 formidinem
1107 5191 1266 5245 debet
1292 5190 1513 5254 habere,
1542 5198 1598 5244 et
1620 5201 1761 5246 nunc
1805 5192 1948 5246 illum
1979 5194 2048 5248 ad

478 5282 730 5357 gaudium
758 5288 1018 5336 aeternum
1066 5295 1188 5350 spes
1212 5279 1444 5350 erigere,
1474 5294 1615 5334 nunc
1635 5279 1792 5334 debet
1819 5282 1888 5335 ad
1936 5281 2045 5336 for-

478 5373 736 5428 midinem
788 5368 1050 5440 gehennae
1107 5376 1285 5423 terror
1336 5368 1605 5424 addicere.
1659 5368 1869 5424 Timeat
1913 5386 2044 5441 ergo

478 5461 774 5517 monachus
826 5457 1111 5512 Dominum
1137 5497 1152 5523 ,
1196 5465 1250 5511 et
1291 5471 1513 5527 sperans
1540 5458 1594 5511 in
1623 5473 1688 5513 eo
1714 5458 1913 5529 jugiter
1945 5460 2045 5514 im-

477 5552 652 5622 ploret
687 5549 978 5614 auxilium,
1033 5548 1158 5618 quia
1206 5548 1466 5617 scriptum
1522 5557 1607 5603 est
1647 5567 1660 5602 :
1714 5548 1816 5613 Qui
1863 5550 2042 5604 timent

481 5639 758 5694 Dominum
807 5647 1141 5705 speraverant
1173 5638 1227 5692 in
1261 5637 1509 5704 Domino,
1537 5639 1751 5706 adjutor
1787 5655 1962 5695 eorum
1993 5648 2041 5693 et

2074 3059 2120 3122 C

1738 280 2087 341 SMARAGDI
2121 278 2415 336 ABBA‘I‘IS

3604 271 3725 326 776

2129 399 2391 461 protector
2433 400 2611 440 eorum
2640 391 2714 437 est
2763 379 2934 454 (Psal.
2965 379 3140 452 exul).
3195 378 3350 452 Cingi
3387 395 3445 436 se
3493 383 3734 455 cingulo

2130 479 2284 549 quasi
2301 477 2526 547 iustitiae
2549 476 2612 530 de
2647 472 3013 528 misericordia
3042 471 3299 540 postulet,
3350 481 3408 526 et
3440 473 3507 528 de
3549 477 3736 530 venia

2131 585 2238 624 non
2280 569 2550 638 desperet,
2595 565 2718 635 quia
2755 565 3015 633 scriptum
3042 572 3168 617 est:
3205 562 3488 632 Sperantes
3535 577 3742 622 autem

2113 661 2186 714 εἰη
2228 659 2450 714 Domino
2498 655 2859 712 misericordia
2907 653 3254 707 circumdabit
3305 651 3477 725 (Psal.
3533 658 3742 727 xxxx).

2132 752 2264 807 Fide
2286 761 2430 806 recta
2463 759 2516 805 et
2557 749 2759 805 sanctis
2784 747 3038 817 operibus
3079 746 3354 801 adhaereat
3377 747 3508 814 Deo,
3542 758 3596 803 et
3635 749 3756 804 di-

2133 850 2221 896 cat
2245 861 2256 895 :
2292 841 2420 912 Spes
2443 858 2556 894 mea
2584 839 2841 892 Dominus
2870 836 3189 906 ajuventute
3211 853 3326 890 mea
3355 837 3524 908 (Psal.
3557 839 3746 906 ιιι).

2135 933 2222 998 Et,
2263 932 2466 986 Memor
2503 938 2620 985 esto
2659 928 2809 982 verbi
2859 927 2934 980 tui
2982 941 3141 980 servo
3167 933 3281 991 tuo,
3332 927 3387 980 in
3435 943 3538 997 quo
3581 928 3755 981 mihi

2138 1039 2291 1094 spem
2342 1021 2537 1076 dedisti
2577 1039 2590 1074 :
2625 1021 2750 1090 quia
2782 1018 2978 1072 melius
3017 1024 3102 1073 est
3139 1033 3359 1086 sperare
3403 1018 3456 1072 in
3492 1020 3761 1076 Domino

2137 1128 2298 1183 quam
2331 1126 2552 1181 sperare
2582 1112 2634 1164 in
2666 1111 2906 1164 homine.

2208 1205 2297 1257 42.
2329 1204 2533 1258 Bonum
2558 1203 2768 1273 aliquod
2797 1203 2853 1257 in
2875 1220 2929 1257 se
2954 1219 3072 1256 cum
3094 1202 3296 1264 viderit,
3338 1201 3446 1255 Deo
3475 1204 3760 1274 applicet,

2143 1311 2245 1348 non
2276 1294 2373 1347 sibi
2405 1294 2609 1361 (Jacob.
2636 1293 2697 1365 ι).
2743 1293 3013 1363 Quidquid
3060 1294 3204 1348 enim
3252 1295 3379 1349 boni
3425 1299 3769 1353 monachus

2142 1383 2196 1436 in
2226 1398 2286 1436 se
2316 1383 2533 1448 viderit,
2555 1381 2666 1436 Deo
2688 1381 2927 1452 applicet,
2958 1383 3109 1448 dicit,
3135 1383 3188 1438 id
3225 1391 3329 1449 est,
3358 1383 3468 1440 Deo
3499 1387 3770 1454 tribuat,

2145 1474 2258 1527 Deo
2304 1473 2500 1526 exinde
2532 1473 2736 1544 gratias
2773 1480 2920 1542 agat,
2950 1480 3005 1528 et
3031 1489 3135 1527 non
3164 1490 3321 1528 suum
3368 1475 3493 1530 illud
3552 1477 3772 1539 dicat,

2144 1562 2240 1616 sed
2275 1563 2371 1617 Dei
2408 1577 2528 1617 esse
2555 1570 2864 1632 cognoscat.
2897 1561 3092 1617 Omnia
3122 1563 3268 1617 enim
3316 1565 3455 1620 bona
3479 1582 3597 1636 quae
3671 1571 3780 1625 ab

2148 1650 2456 1708 hominibus
2483 1653 2771 1717 habentur,
2800 1667 2830 1705 a
2866 1651 2982 1706 solo
3009 1651 3119 1706 Deo
3142 1653 3536 1709 ministrantur.
3579 1657 3786 1714 Deus

2153 1743 2298 1797 enim
2345 1743 2569 1812 spiritus
2589 1749 2674 1796 est
2705 1760 2715 1795 :
2745 1741 2815 1794 Et
2839 1741 2931 1796 alii
2956 1759 3051 1812 per
3081 1741 3337 1812 Spiritum
3377 1745 3532 1799 datur
3554 1765 3787 1803 sermo

2151 1833 2439 1903 sapientia},
2463 1832 2554 1887 alii
2582 1847 2748 1887 sermo
2769 1832 3018 1897 scientiae,
3041 1832 3135 1885 alii
3164 1816 3353 1904 genera
3401 1834 3785 1905 linguarum,

2155 1922 2250 1976 alii
2292 1922 2650 1993 interpretatio
2683 1939 2979 1976 sermonum
3022 1921 3083 1994 (I
3123 1922 3247 1977 Cor.
3278 1923 3397 1997 xu),
3439 1935 3490 1979 et
3529 1935 3791 1984 cetera

2151 2014 2238 2070 his
2264 2014 2459 2069 similia
2493 2014 2561 2068 ab
2595 2029 2703 2068 uno
2732 2014 2935 2069 sanctis
2959 2015 3330 2069 conceduntur
3353 2016 3596 2080 Domino,
3661 1999 3806 2075 cui

2145 2105 2348 2176 jugiter
2399 2107 2602 2175 gratias
2637 2120 2797 2177 agere
2825 2105 2984 2160 debet
3035 2107 3213 2161 omnis
3260 2108 3437 2162 homo.
3479 2108 3538 2163 Si
3577 2111 3787 2166 enim

2151 2198 2332 2253 omnia
2379 2198 2520 2253 bona
2567 2213 2598 2253 a
2635 2197 2864 2253 Domino
2909 2198 3236 2267 accepimus,
3287 2214 3392 2254 non
3429 2200 3606 2265 nobis,
3657 2204 3795 2258 sed

2153 2287 2226 2343 illi
2261 2289 2326 2342 de
2354 2288 2607 2343 omnibus
2656 2289 2860 2359 gratias
2885 2304 3046 2359 agere
3074 2289 3350 2344 debemus.
3403 2289 3542 2356 Quid
3581 2293 3792 2348 enim

2151 2379 2338 2445 habes,
2373 2395 2406 2434 ο
2426 2380 2609 2444 homo,
2642 2379 2720 2434 ait
2750 2379 3062 2448 Apostolus,
3109 2379 3252 2448 quod
3281 2395 3387 2434 non
3415 2384 3742 2450 acceperis
3763 2386 3794 2438 ?

2152 2476 2339 2531 Melius
2379 2490 2540 2546 ergo,
2597 2475 2688 2544 qui
2719 2475 3001 2546 gloriatur,
3033 2473 3087 2527 in
3135 2473 3379 2538 Domino,
3411 2490 3516 2528 non
3566 2475 3634 2528 in
3715 2495 3798 2535 se

2150 2566 2426 2636 glorietur,
2474 2566 2615 2620 sicut
2665 2567 2920 2634 scriptum
2970 2572 3090 2619 est:
3121 2562 3228 2617 Fili
3289 2564 3381 2628 mi,
3438 2563 3492 2617 in
3544 2566 3796 2624 timore

2152 2656 2364 2711 Domini
2379 2656 2445 2710 sit
2471 2653 2713 2726 gloriatio
2737 2664 2827 2707 tua
2843 2652 3033 2732 (Eccli.
3078 2668 3112 2723 I,
3153 2665 3230 2714 et.
3267 2652 3516 2724 1x).Cum
3545 2667 3795 2713 autem

2151 2748 2382 2804 dixisset
2414 2764 2426 2799 :
2463 2745 2587 2801 Scio
2615 2755 2663 2800 et
2698 2743 2987 2810 humiliari,
3019 2753 3066 2797 et
3094 2743 3383 2808 abundare,
3425 2754 3470 2797 et
3519 2747 3797 2813 satiari,

2153 2850 2202 2895 et
2223 2840 2440 2904 esurire,
2467 2847 2513 2892 et
2535 2837 2808 2908 penuriam
2831 2837 2941 2907 pati
2970 2832 3137 2907 (Phil.
3167 2834 3264 2902 Iv),
3307 2835 3549 2890 addidit:
3605 2836 3802 2893 Om-

2152 2930 2241 2985 nia
2266 2929 2546 3000 possumin
2571 2944 2629 2982 eo
2656 2928 2744 2999 qui
2769 2944 2850 2980 me
2871 2926 3182 2996 confortavit
3216 2924 3422 2998 (Ibid.).
3440 2927 3554 2982 Sibi
3590 2933 3804 2988 enim

2151 3021 2282 3076 nihil
2324 3020 2541 3085 tribuit,
2600 3019 2725 3088 quia
2768 3033 2928 3072 omne
2961 3032 3020 3071 se
3054 3032 3213 3086 posse
3240 3033 3348 3072 non
3374 3019 3426 3072 in
3455 3021 3570 3073 suis
3612 3024 3806 3080 viri-

2151 3111 2273 3177 bus,
2300 3115 2393 3168 sed
2419 3112 2473 3166 in
2511 3110 2604 3164 illo
2630 3109 2721 3179 qui
2743 3124 2865 3164 eum
2903 3106 3266 3173 confortabat,
3311 3124 3428 3164 esse
3450 3117 3797 3181 cognovit.

2151 3203 2220 3258 Et
2241 3204 2297 3259 in
2325 3204 2432 3258 alio
2457 3202 2574 3258 loco
2596 3217 2718 3257 cum
2757 3200 2962 3256 diceret
2989 3217 3002 3253 :
3037 3197 3167 3255 Plus
3191 3202 3427 3256 omnibus
3468 3201 3800 3276 laboravi,

2151 3303 2340 3349 utnon
2371 3293 2501 3348 illud
2550 3293 2649 3348 sibi
2676 3291 2987 3361 applicaret,
3017 3292 3111 3346 sed
3139 3293 3267 3359 Deo,
3315 3291 3519 3348 addidit
3550 3313 3566 3349 :
3627 3296 3707 3351 Ν
3711 3319 3802 3356 on

2152 3401 2266 3456 ego,
2298 3385 2389 3439 sed
2429 3385 2600 3455 gratia
2647 3383 2744 3438 Dei
2773 3399 2973 3437 mecum
3001 3383 3054 3455 (I
3095 3381 3218 3438 Cor.
3265 3386 3382 3456 xv).
3419 3385 3532 3441 Deo
3599 3392 3802 3447 enim

2153 3475 2414 3530 debemus
2460 3472 2603 3543 quod
2644 3487 2853 3536 sumus,
2910 3472 3053 3541 quod
3077 3472 3329 3538 vivimus,
3355 3474 3497 3544 quod
3527 3474 3797 3534 intelli-

2153 3565 2351 3636 gimus,
2393 3565 2536 3634 quod
2584 3563 2832 3618 homines
2874 3579 3079 3629 sumus,
3117 3565 3265 3634 quod
3312 3565 3444 3620 bene
3482 3575 3540 3621 et
3599 3568 3801 3639 jusle

2151 3656 2408 3720 viximus,
2435 3654 2579 3724 quod
2619 3663 2765 3710 recte
2800 3662 2856 3709 et
2903 3653 3169 3710 catholice
3200 3655 3570 3727 intelligimus,
3654 3663 3801 3720 De.)

2153 3762 2249 3818 per
2289 3747 2470 3803 omnia
2494 3746 2768 3802 debemus.
2818 3745 3072 3801 Nostrum
3117 3747 3261 3802 enim
3307 3749 3433 3803 nihil
3485 3760 3583 3805 est
3661 3758 3801 3813 nisi

2152 3847 2432 3909 peccatum
2457 3847 2512 3894 et
2553 3837 2754 3892 malum
2799 3838 2941 3908 quod
2962 3839 3172 3909 operati
3229 3855 3427 3896 sumus.
3473 3841 3660 3902 Unde
3729 3860 3803 3906 et

2154 3929 2400 3998 sequitur
2421 3947 2434 3982 :

2220 4019 2311 4073 4⁸5.
2353 4019 2554 4074 Malum
2589 4036 2710 4074 vero
2736 4037 2935 4092 semper
2974 4039 3006 4075 α
3047 4039 3101 4076 se
3141 4022 3338 4092 factum
3365 4024 3528 4089 sciat,
3567 4039 3640 4082 et
3671 4034 3804 4087 sibi

2154 4121 2351 4182 reputet
2376 4112 2549 4184 (Osca:
2570 4114 2712 4183 xm).
2738 4114 3005 4184 Quidquid
3034 4130 3162 4186 ergo
3185 4115 3238 4170 in
3272 4131 3328 4170 se
3359 4116 3566 4171 malum
3603 4122 3803 4180 iuves

2153 4202 2296 4256 nerit
2335 4203 2629 4257 monachus
2674 4202 2899 4269 factum,
2929 4219 2958 4257 a
2987 4219 3047 4258 se
3090 4205 3219 4258 illud
3249 4205 3516 4260 veraciter
3545 4215 3802 4270 credat

2154 4293 2446 4356 inventum,
2479 4301 2571 4347 aut
2597 4309 2628 4346 a
2651 4293 2862 4349 diabolo
2895 4295 3229 4365 instigatum,
3260 4311 3362 4350 non
3387 4311 3414 4348 a
3443 4297 3562 4352 Deo
3593 4317 3800 4359 orca-

2153 4390 2264 4436 tum
2300 4401 2313 4436 :
2347 4383 2471 4452 quia
2517 4383 2658 4438 Deus
2696 4383 2893 4438 malum
2935 4399 3041 4437 non
3090 4382 3237 4451 fecit,
3286 4399 3381 4440 nec
3414 4385 3650 4445 laetatur
3716 4396 3794 4452 in

2150 4473 2451 4540 perditione
2498 4473 2761 4526 vivorum.
2819 4473 3098 4539 Diabolus,
3152 4490 3276 4529 cum
3322 4486 3463 4530 esset
3501 4483 3794 4551 angelus

2151 4561 2346 4626 bonus,
2379 4561 2734 4630 superbiendo
2761 4561 2934 4616 factus
2969 4572 3053 4617 est
3096 4564 3288 4629 malus,
3332 4573 3384 4617 ct
3425 4565 3789 4642 hominem,

2152 4651 2242 4718 qui
2285 4649 2601 4704 naturaliter
2645 4659 2764 4704 erat
2817 4650 2991 4705 factus
3033 4653 3225 4718 bonus,
3263 4655 3592 4723 decipiendo
3621 4665 3794 4721 fecit

2151 4742 2302 4796 illum
2349 4742 2551 4796 malum
2581 4751 2743 4811 atque
2785 4745 3106 4812 superbum;
3134 4753 3188 4798 et
3216 4745 3294 4798 sic
3331 4761 3486 4799 omne
3514 4759 3790 4816 peccari

2152 4829 2352 4883 malum
2381 4846 2478 4900 per
2503 4829 2714 4899 culpam
2746 4831 2904 4900 primi
2934 4832 3166 4886 hominis
3193 4833 3431 4887 introivit
3461 4836 3511 4889 in
3556 4855 3786 4909 genus

2152 4919 2464 4974 humanum.
2491 4919 2642 4986 Quod
2670 4919 2830 4973 etiam
2852 4935 2952 4989 per
2973 4921 3188 4990 longum
3210 4938 3364 4978 usum
3390 4928 3549 4994 quasi
3583 4943 3794 4989 natu-

2153 5009 2340 5064 raliter
2378 5018 2527 5065 tenet
2555 5018 2609 5063 et
2655 5020 2943 5079 operatur;
2989 5018 3044 5064 et
3086 5020 3144 5065 ut
3188 5012 3273 5065 lex
3319 5015 3619 5081 naturalis,
3674 5025 3790 5079 sic

2152 5109 2432 5170 peccatum
2478 5101 2533 5155 in
2568 5101 2824 5155 membris
2855 5109 3046 5171 regnat
3073 5103 3348 5168 humanis,
3379 5113 3431 5157 et
3457 5120 3788 5179 repugnat

2152 5192 2253 5263 legi
2293 5193 2489 5247 mentis
2535 5201 2591 5246 et
2635 5193 2883 5246 omnibus
2907 5194 3197 5249 virtutibus
3231 5195 3446 5249 sanctis.
3478 5194 3664 5255 Unde
3699 5215 3787 5259 et

2148 5283 2438 5354 Apostolus
2464 5283 2540 5337 ait
2572 5301 2585 5335 :
2624 5280 2781 5336 Video
2811 5293 2984 5336 autem
3014 5284 3174 5338 aliam
3201 5286 3361 5356 legem
3390 5288 3443 5339 in
3473 5293 3786 5352 membris

2150 5374 2276 5427 meis
2321 5382 2687 5442 repugnantem
2728 5371 2826 5442 legi
2857 5374 3042 5426 mentis
3073 5391 3221 5441 metr,
3264 5386 3313 5428 et
3347 5381 3616 5444 captirum
3661 5401 3784 5442 me

2149 5464 2418 5518 ducentem
2457 5464 2511 5516 in
2559 5463 2668 5534 lege
2712 5464 2926 5534 peccati,
2963 5481 3080 5534 qua:
3113 5475 3188 5518 est
3232 5467 3285 5520 in
3324 5468 3570 5522 membris
3601 5479 3779 5531 meis

2150 5552 2323 5624 (Rom.
2351 5552 2469 5624 vn).
2501 5552 2800 5622 Cognoscat
2837 5569 2965 5624 ergo
3005 5557 3300 5611 monachus
3340 5576 3370 5611 a
3412 5574 3468 5612 se
3511 5559 3777 5622 factum

2151 5643 2346 5698 malum
2397 5655 2450 5698 et
2499 5658 2658 5699 omne
2703 5654 3003 5714 peccatum,
3041 5654 3095 5699 et
3136 5647 3235 5700 sibi
3277 5659 3528 5718 reputans
3581 5654 3780 5713 dicat
