3992 6206
360 320 465 378 ΤΠ

1390 314 1743 372 COMMENT.
1784 313 1854 372 IN
1888 313 2052 372 RBG.
2092 312 2155 371 8.
2194 312 2570 376 BENEDICTI.

3504 320 3607 377 778

361 437 474 493 Deo
502 450 517 487 :
544 429 660 487 Tibi
684 429 783 487 soli
803 431 1030 503 peccavi,
1059 438 1109 486 et
1127 428 1322 485 malum
1345 446 1522 486 coram
1539 440 1587 486 te
1606 431 1704 500 feci
1752 428 1926 503 (Psal.
1956 431 2009 495 Α
2031 435 2224 485 contra
2268 438 2489 500 peccata
2539 428 2797 484 auxilium
2843 434 2951 484 non
2982 426 3288 501 quasialia?
3328 429 3484 488 Decb
3512 448 3607 490 ne-

362 526 438 592 1.).
467 523 738 592 Agnoscat
759 529 814 576 et
831 521 1110 591 poeniteat.
1134 529 1189 576 et
1204 519 1513 593 lacrymans
1528 537 1650 577 cum
1673 523 1933 591 propheta

362 615 506 671 dicat
533 631 547 666 :
572 611 735 667 Plane
762 611 879 667 lucc
898 610 1156 681 iniquitas
1172 626 1291 666 mea
1312 619 1417 675 est,
1437 619 1494 666 et
1513 612 1739 680 portabo
1763 610 1929 667 illam.

362 705 560 761 lterum
588 703 949 774 ingemiscens
985 718 1108 763 cum
1146 703 1315 757 David
1345 704 1486 758 dicat
1514 720 1528 757 :
1558 701 1794 773 Amplius
1817 701 1933 757 lava

361 811 441 849 me
488 793 554 848 ab
601 792 874 862 iniquitate
899 808 1040 856 mea,
1074 801 1122 846 et
1165 809 1198 846 a
1232 800 1440 862 peccato
1467 808 1579 846 meo
1612 792 1807 845 munda
1831 807 1931 857 me,

358 886 608 957 quoniam
646 883 972 955 iniquitatem
996 898 1165 943 meam
1189 898 1282 953 ego
1305 898 1556 952 cognosco
1571 922 1587 946 ,
1614 892 1662 936 et
1691 881 1935 937 delictum

361 991 531 1028 meum
581 989 760 1026 coram
810 987 892 1024 me
916 980 989 1026 est
1036 987 1236 1042 semper
1268 970 1500 1043 (Ibid.).
1530 973 1606 1026 De
1632 971 1778 1025 omni
1807 984 1936 1043 ergo

359 1078 524 1133 opere
549 1076 718 1133 pravo
744 1076 846 1116 nos
884 1076 1160 1125 accusare,
1190 1061 1452 1131 nobisque
1480 1059 1737 1117 debemus
1763 1061 1937 1131 impu-

363 1165 500 1217 tare,
532 1162 587 1209 et
618 1168 685 1210 ex
727 1161 843 1208 toto
884 1151 1045 1209 corde
1088 1152 1461 1222 paenitentiam
1508 1167 1689 1223 agere.
1728 1152 1935 1206 Donum

365 1254 544 1299 autem
577 1242 793 1314 aliquod
825 1243 879 1297 in
908 1241 1087 1308 nobis,
1119 1242 1256 1297 sicut
1280 1256 1441 1312 supra
1465 1241 1667 1313 dictum
1698 1248 1802 1308 est,
1828 1255 1935 1297 non

318 1334 325 1342 ’
362 1337 568 1391 viribus
603 1335 807 1390 nostris
834 1349 1010 1404 neque
1036 1334 1270 1399 meritis,
1292 1336 1387 1389 sed
1415 1333 1490 1393 illi
1518 1334 1817 1392 tribuamus
1840 1328 1934 1403 qui

347 1418 567 1481 'habitat
594 1427 652 1483 in
695 1425 869 1490 caelis,
913 1432 967 1479 et
1005 1425 1071 1481 de
1111 1426 1367 1481 thesauro
1401 1441 1498 1481 suo
1525 1427 1751 1481 virtutes
1774 1425 1937 1481 mini-

360 1522 499 1568 strat
531 1513 784 1570 omnibus
829 1512 1051 1570 sanctis.
1096 1511 1154 1568 In
1185 1512 1402 1569 Christo
1427 1513 1573 1569 enim
1604 1528 1793 1569 omnes
1819 1514 1941 1568 the-

361 1604 506 1658 sauri
531 1602 808 1674 sapientia:
829 1610 886 1657 et
912 1601 1154 1658 scientiae
1180 1602 1277 1657 Dei
1297 1602 1562 1659 reconditi
1586 1600 1819 1675 (Coloss.
1848 1601 1934 1673 rt),

360 1700 417 1746 et
443 1691 497 1745 in
522 1692 614 1746 illo
644 1693 875 1746 donante
900 1689 1192 1745 secundum
1218 1687 1333 1758 eius
1354 1690 1729 1761 dispositiones
1747 1704 1937 1745 omnes

2036 532 2190 574 oesse
2214 526 2300 575 est
2327 519 2487 574 modo
2516 527 2596 585 ut,
2624 519 2769 575 dum
2807 519 3037 574 vivimus
3058 527 3116 574 et
3149 518 3411 588 valemus,
3437 521 3605 577 decli-

2035 622 2225 664 nemus
2264 624 2297 664 a
2342 609 2484 664 malo
2522 617 2578 665 et
2620 609 2881 664 faciamus
2925 610 3149 675 bonum,
3175 619 3233 664 et
3279 610 3332 665 in
3358 613 3608 670 omnibus

2027 698 2230 771 iugiter
2257 701 2375 771 eius
2417 716 2724 771 quaeramus
2761 700 3109 769 adiutorium,
3139 710 3202 756 ut
3227 703 3284 757 in
3309 704 3469 771 bono,
3498 720 3608 775 quo

2034 788 2319 859 coepimus,
2350 802 2533 859 opere,
2564 789 2655 844 illo
2681 789 2967 857 adiuvante
2992 802 3396 861 perseveremus
3432 794 3609 864 usque

2035 879 2092 935 in
2115 879 2308 945 ﬁnem;
2333 887 2393 935 ut
2416 881 2471 934 in
2495 881 2582 936 die
2594 878 2784 949 iudicii
2805 895 2927 935 cum
2948 881 3103 952 agnis
3127 896 3159 935 a
3180 883 3389 938 dextris
3412 876 3601 953 positi,

2045 966 2246 1034 Venite,
2268 968 2568 1034 audiamus,
2596 969 2848 1024 benedicti
2874 967 3073 1035 Patris,
3098 970 3345 1041 pereipite
3368 986 3605 1041 regnum,

2033 1059 2174 1131 quod
2209 1059 2352 1117 vobis
2387 1069 2633 1131 paratum
2670 1068 2746 1114 est
2793 1059 2858 1114 ab
2901 1060 3101 1131 origine
3144 1060 3329 1115 mundi
3372 1059 3603 1133 (Matth.

2020 1149 2194 1222 ,xxv).
2217 1151 2409 1208 Amen.

2104 1238 2193 1293 45.
2227 1236 2527 1294 Gehenuam
2540 1255 2894 1311 expavescere.
2916 1238 3180 1296 Geheuna
3196 1248 3283 1296 est
3297 1240 3457 1297 locust
3468 1240 3609 1312 ignis

2032 1337 2092 1387 ot
2109 1329 2401 1400 sulphuris,
2421 1345 2581 1399 quem
2607 1330 2863 1401 appellari
2891 1339 3085 1401 putant
3102 1346 3139 1384 a
3163 1331 3301 1385 valle
3320 1326 3467 1386 ίάοιὸ
3480 1346 3610 1387 con-

2034 1427 2249 1475 secrata
2293 1434 2414 1489 quae
2448 1428 2537 1476 est
2565 1418 2720 1487 iuxta
2758 1435 2972 1474 murum
3014 1420 3475 1476 Hierusalem-lbi
3504 1419 3611 1477 He-

2034 1509 2168 1565 braei
2190 1509 2329 1565 ﬁlios
2347 1525 2475 1566 suos
2494 1510 2917 1575 immolaverunt
2933 1509 3285 1565 damonibus.
3312 1511 3437 1565 Fuit
3464 1512 3610 1566 enim

2035 1597 2191 1659 vallis
2212 1598 2442 1653 ﬁliorum
2470 1597 2716 1661 Hennon,
2743 1607 2799 1653 et
2821 1599 2890 1654 ab
2910 1599 3014 1653 hoc
3030 1600 3403 1670 appellabatur
3418 1602 3614 1672 gehen-

2035 1703 2164 1753 uou,
2216 1688 2270 1742 in
2317 1703 2425 1757 qua
2470 1688 2640 1743 multa
2682 1688 2904 1758 iacuere
2948 1690 3213 1745 cadavera
3250 1700 3610 1751 moratorum.

361 1781 534 1835 sancti
566 1780 837 1850 accipiunt
874 1780 1169 1850 portiones.
1205 1779 1275 1834 Et
1314 1780 1435 1835 ideo
1487 1796 1592 1839 non
1642 1780 1817 1835 solum
1870 1780 1937 1836 de
1963 1780 2012 1841 B
2037 1774 2229 1831 Futuri
2258 1789 2388 1849 ergo
2418 1775 2664 1845 supplicii
2686 1776 2857 1840 locus,
2884 1776 3310 1846 ubipeccatnres
3324 1782 3611 1837 (προίειηῶ

362 1873 662 1929 substantia
703 1872 943 1943 pecunia:
967 1887 1127 1942 quam
1152 1871 1475 1942 pauperibus
1500 1886 1805 1942 erogamus,
1838 1869 1935 1927 sed

358 1964 524 2018 etiam
549 1963 613 2018 de
643 1961 853 2017 cunctis
874 1961 1034 2015 bonis
1062 1959 1318 2029 operibus
1345 1974 1464 2028 quae
1492 1960 1725 2029 agimus,
1747 1968 1804 2013 et
1828 1958 1935 2013 mi-

358 2053 767 2107 nistrationibus
792 2049 977 2123 gratiae
996 2064 1156 2118 quam
1179 2049 1536 2118 percepimus,
1568 2047 1737 2107 Deum
1766 2048 1935 2102 hono-

361 2160 484 2200 rare
510 2144 718 2214 eteius
764 2143 817 2197 in
862 2141 1218 2209 omnibuset
1272 2155 1380 2193 non
1431 2148 1672 2213 nostram
1719 2137 1934 2193 laudem

359 2250 601 2306 quaerere
631 2234 908 2289 debemus.
1808 2290 1811 2293 .
1924 2304 1927 2307 _

434 2324 518 2378 lt.
561 2323 707 2377 Diem
728 2318 922 2393 judicii
965 2320 1166 2374 timere.
1209 2316 1502 2373 Timendus
1530 2324 1614 2372 est
1635 2315 1791 2370 valde
1823 2315 1936 2370 dies

351 2412 541 2485 iudicii
570 2411 973 2483 peccatoribus,
1003 2408 1129 2479 quia
1159 2408 1408 2480 quamvis
1452 2406 1602 2461 mitis
1646 2402 1720 2461 sit
1746 2404 1933 2487 iustis,

342 2504 618 2559 terribilis
672 2502 827 2556 valde
879 2507 963 2555 est
1022 2497 1398 2570 peccatoribus
1444 2505 1499 2552 et
1551 2493 1786 2567 iniquis,
1842 2496 1935 2569 qui

358 2592 597 2648 audituri
650 2600 777 2647 sunt
804 2584 895 2645 illo
936 2590 1065 2645 die:
1096 2587 1352 2643 Discedite
1404 2605 1437 2641 a
1487 2604 1586 2650 me,
1649 2585 1930 2652 maledicti,

355 2684 415 2736 in
437 2684 609 2752 ignem
634 2690 908 2747 a’ternum,
934 2678 1023 2748 qui
1060 2687 1384 2749 purpuratus
1411 2685 1485 2731 est
1522 2675 1729 2729 diabolo
1757 2684 1806 2731 et
1833 2692 1934 2729 an-

356 2770 487 2842 gelis
515 2770 623 2824 suis
663 2768 878 2840 (Matth.
907 2767 1057 2839 xxv).
1087 2766 1164 2823 De
1200 2768 1303 2822 hac
1331 2766 1475 2821 enim
1507 2764 1739 2820 terribili
1769 2764 1855 2820 die
1879 2764 1934 2819 in

358 2862 621 2933 propheta
649 2856 922 2931 Sophonia
950 2860 1211 2931 scriptum
1237 2865 1352 2913 est:
1378 2855 1546 2911 Juxta
1582 2865 1655 2911 est
1695 2856 1806 2910 dies
1831 2855 1937 2909 Do-

358 2951 489 3006 mini
512 2967 752 3023 magnus,
774 2951 954 3021 juxta,
987 2958 1036 3004 et
1056 2947 1204 3004 velox
1231 2948 1406 3002 nimis.
1445 2946 1562 3002 Vox
1587 2946 1695 3003 diei
1722 2944 1935 3001 Domini

356 3056 568 3106 amara,
597 3042 929 3096 tribulabitur
961 3042 1043 3095 ibi
1061 3040 1239 3117 fortis;
1262 3040 1385 3096 Dies
1409 3039 1526 3106 ine,
1550 3038 1661 3094 dies
1687 3030 1798 3103 illa,
1825 3038 1935 3093 dies

2036 1877 2181 1933 sunt,
2215 1860 2373 1935 huius
2419 1866 2525 1922 loci
2570 1867 2831 1922 vocabulo
2865 1868 3199 1939 designatur.
3233 1871 3436 1940 Duplex
3463 1873 3611 1928 enim

2035 1957 2412 2029 damnatorum
2440 1971 2599 2027 pana
2626 1966 2713 2012 est
2731 1958 2783 2012 in
2812 1959 3056 2028 gehenna
3074 1999 3091 2024 ,
3121 1976 3352 2030 quorum
3378 1969 3435 2017 et
3456 1977 3612 2018 mena

2034 2056 2118 2113 tes
2156 2048 2265 2102 urit
2290 2047 2529 2113 tristitia,
2561 2055 2617 2102 et
2643 2061 2838 2116 corpus
2866 2046 3100 2103 ﬂamma.
3140 2049 3296 2106 lluuc
3327 2053 3472 2107 enim
3496 2061 3613 2108 tam

2034 2137 2331 2205 terribilem
2373 2136 2549 2193 locum
2599 2152 2705 2192 non
2740 2137 2915 2195 solum
2958 2140 3274 2205 monachus,
3305 2142 3614 2199 sed‘omniu

2034 2227 2195 2282 debet
2213 2241 2572 2296 expavescere
2590 2225 2946 2283 Christianus.
2968 2226 3099 2284 Illuc
3119 2229 3265 2285 enim
3283 2236 3475 2286 euntes
3490 2247 3615 2287 au-

2035 2316 2213 2375 ciandi
2242 2315 2596 2386 proiiciuntur
2618 2316 2879 2382 damnati,
2907 2317 2974 2372 de
2992 2318 3189 2387 quibus
3210 2319 3468 2379 Dominus
3493 2322 3575 2376 ait
3592 2340 3610 2376 :

2035 2406 2231 2485 Ligatis
2261 2407 2501 2461 manibus
2533 2415 2581 2461 et
2602 2407 2838 2483 pedibus,
2867 2408 3106 2479 projicite
3144 2408 3264 2464 illos
3286 2410 3345 2465 in
3370 2412 3616 2468 tenebras

2034 2500 2333 2564 exteriores,
2366 2499 2444 2553 ibi
2470 2500 2571 2555 erit
2598 2500 2749 2569 ﬂetus
2772 2509 2822 2554 et
2841 2500 3040 2556 stridor
3064 2500 3301 2557 «lentim
3322 2519 3343 2559 :
3372 2503 3461 2558 ubi
3496 2521 3616 2559 ver-

2034 2587 2134 2653 mis
2173 2605 2353 2643 eorum
2389 2605 2493 2659 non
2516 2589 2790 2654 morietur,
2828 2598 2878 2644 et
2912 2589 3046 2660 ignis
3071 2607 3255 2651 eorum
3287 2596 3614 2650 πολιτηίη-

2035 2687 2222 2761 guetur
2246 2677 2461 2751 (Matth.
2484 2694 2632 2742 xxu;
2658 2678 2828 2734 Marc.
2851 2678 2952 2750 rx).
2976 2680 3339 2750 Expavendus
3360 2686 3617 2742 estvaide

2036 2778 2144 2833 tam
2174 2770 2432 2827 terribilis
2454 2770 2604 2826 locus
2625 2771 2751 2836 iste,
2782 2772 2869 2827 ubi
2894 2780 2975 2828 est
3000 2775 3221 2843 grandis
3244 2784 3299 2831 et
3322 2777 3614 2847 multorum

2035 2859 2214 2929 ﬂetus,
2243 2860 2530 2919 continuus
2556 2862 2819 2931 gemitus,
2852 2864 3125 2920 cruciatus
3170 2871 3427 2932 manus,
3461 2867 3621 2923 dolor

2035 2951 2332 3007 acerrimus
2363 2959 2418 3007 et
2460 2950 2691 3020 poenalis
2738 2966 2948 3008 sensus.
2988 2952 3071 3008 lbi
3096 2954 3290 3011 animat
3322 2955 3617 3026 impiorum

2036 3051 2372 3113 torquentur,
2421 3057 2524 3098 nec
2564 3042 2852 3110 deﬁciunt;
2892 3060 3126 3115 corpora
3164 3047 3478 3117 puniuntur.
3504 3050 3617 3106 nee

292 3204 298 3211 ἢ
354 3131 712 3186 tribulationis
733 3136 783 3186 et
810 3134 1084 3203 angustior,
1116 3131 1226 3186 dies
1254 3130 1571 3185 calamitatis
1608 3138 1657 3187 et
1686 3131 1930 3199 miserita,
1960 3146 2005 3209 ρ
2036 3133 2315 3189 ﬁniuntur.
2365 3133 2508 3204 Ignis
2556 3133 3011 3205 inexstinguibilis
3048 3134 3352 3201 -dmt,'ut
3401 3153 3619 3209 semper

356 3224 471 3276 dies
498 3222 824 3276 tenebrarum
858 3232 907 3276 et
945 3220 1205 3292 caliginis,
1239 3221 1350 3275 dies
1378 3221 1579 3276 nebula:
1608 3232 1657 3275 et
1686 3221 1932 3289 turbinis,

355 3314 470 3368 dies
496 3314 633 3369 tuine
660 3322 709 3368 et
730 3315 1014 3385 clangoris’.
1041 3312 1122 3369 lbi
1166 3313 1566 3370 tribulahuntur
1593 3316 1862 3383 homines,
1886 3324 1935 3371 et

356 3402 701 3458 ambulabunt
744 3414 804 3457 ut
844 3404 992 3470 circi,
1041 3404 1165 3477 quia
1202 3403 1428 3459 Domino
1469 3418 1830 3476 peccaverunt,
1886 3412 1936 3463 et

350 3492 659 3562 eludet”
679 3494 893 3564 sanguis
922 3508 1105 3547 eorum
1133 3493 1268 3547 sicut
1291 3494 1501 3559 humus,
1534 3503 1581 3547 et
1623 3508 1810 3564 corpus
1844 3510 1935 3549 eo-

346 3598 481 3636 rum
506 3578 637 3637 sicut
661 3593 894 3638 stercora
916 3583 1110 3656 (Soph.
1143 3584 1206 3655 ι).
1236 3582 1494 3639 Timenda
1523 3593 1606 3640 est
1639 3584 1795 3641 valde
1815 3585 1936 3643 dies

358 3677 451 3732 illa
487 3693 517 3731 a
545 3680 937 3748 peccatoribus,
969 3681 1093 3750 quia
1124 3682 1175 3735 in
1202 3690 1442 3752 tempore
1464 3689 1519 3735 ct
1542 3681 1601 3735 in
1639 3681 1727 3741 die
1765 3682 1855 3739 illo
1881 3685 1936 3741 in

350 3768 488 3836 igne
511 3768 615 3823 zeli
634 3769 849 3824 Domini
866 3770 1212 3826 devorabitur
1238 3771 1416 3827 omnis
1438 3780 1582 3827 terra
1606 3773 1662 3843 in
1685 3789 1938 3831 consum-

350 3858 621 3923 matione,
653 3872 774 3914 eum
818 3859 1161 3925 festinatione
1207 3866 1727 3922 consummationem
1764 3866 1939 3926 faciet

332 3947 623 4004 Dominus
643 3950 853 4007 cunctis
875 3948 1264 4007 habitatoribus
1291 3960 1447 4009 teme
1468 3955 1525 4010 in
1559 3956 1646 4011 die
1668 3957 1773 4012 illa.
1800 3956 1939 4019 llinc

350 4050 416 4091 et
448 4038 736 4108 Apostolus
778 4040 898 4094 ait:
934 4040 1201 4096 Terribiiis
1243 4060 1463 4112 namque
1501 4055 1575 4099 est
1623 4050 1936 4119 exspectatio

351 4129 635 4199 judicii,et
656 4131 791 4202 ignis
819 4126 1240 4206 mmulatio,q'uaz
1266 4132 1639 4206 consumptum
1657 4146 1731 4193 est
1759 4139 1940 4194 adver-

358 4224 530 4277 sarios
552 4223 606 4278 in
845 4224 1035 4298 (Hebr-
1054 4227 1131 4299 κ).
1147 4226 1396 4300 Cogitare
1414 4229 1591 4295 modo,
1612 4230 1829 4298 fratres,
1847 4232 1939 4289 de-

359 4312 573 4379 bemus,
598 4314 729 4383 quid
750 4313 929 4370 facere
952 4317 1247 4379 putarimus
1281 4332 1402 4375 cum
1441 4320 1509 4375 ad
1533 4321 1661 4377 illud
1690 4322 1938 4378 ultiumm

354 4403 634 4474 indicandi
662 4400 918 4474 iudicium
962 4409 1286 4466 venerimus.
1319 4411 1459 4479 Quid
1486 4412 1767 4481 faciemus,
1811 4415 1934 4470 cum

2037 3226 2246 3280 animas
2289 3223 2639 3295 reproborum
2667 3233 2877 3291 exurat,
2917 3232 2979 3281 et
3016 3226 3085 3283 ad
3118 3226 3405 3284 dolendum
3440 3230 3618 3302 magis

2037 3329 2199 3386 quam
2232 3315 2300 3370 ad
2335 3314 2620 3370 lucendum
2650 3315 2941 3379 contineat,
2973 3324 3028 3375 et
3056 3317 3297 3373 viventes
3323 3332 3539 3390 suum
3558 3319 3619 3375 in

2037 3404 2152 3477 suis
2181 3402 2413 3457 ﬂammis
2455 3403 2729 3459 vivacibus
2766 3403 2995 3459 occidat.
3034 3404 3235 3461 Omnes
3254 3407 3524 3477 enisuqui
3560 3409 3620 3463 in

2037 3492 2281 3566 gehenna
2317 3490 2569 3545 dicuntur
2619 3490 2816 3556 occidi,
2852 3506 2961 3546 non
2990 3493 3096 3547 hoc
3130 3508 3259 3549 cum
3280 3494 3391 3551 illis
3417 3496 3616 3565 agitur,

2036 3590 2095 3640 ut
2124 3581 2425 3651 consumpti
2449 3580 2722 3637 doloribus
2749 3581 3327 3650 aliquandodeﬁeiant,
3348 3585 3449 3640 sed
3474 3594 3538 3641 ut
3556 3586 3617 3643 in

2037 3672 2143 3728 illis
2170 3671 2457 3742 poenaliter
2482 3671 2682 3727 vivant.
2716 3670 2843 3727 Haec
2866 3680 2922 3729 et
2945 3672 3033 3728 bis
3054 3673 3250 3730 similia
3265 3672 3470 3746 iugiter
3489 3684 3621 3733 ante

2037 3766 2226 3821 oculos
2254 3750 2450 3820 mentis
2492 3771 2693 3820 nostrae
2722 3764 2981 3820 debemus
3007 3764 3297 3833 adducere,
3330 3776 3385 3822 et
3422 3769 3621 3837 μω.

2038 3875 2165 3915 nam
2193 3859 2333 3929 ignis
2358 3858 2551 3914 aeterni
2577 3858 2890 3914 terribiliter
2911 3874 3289 3929 expavescere,
3316 3869 3377 3916 et
3394 3861 3621 3932 lusapu-

2039 3951 2445 4029 diligentissime
2487 3958 2544 4005 et
2589 3952 2790 4022 apertis
2827 3952 2997 4008 oculis
3033 3954 3230 4009 ment-is
3261 3956 3620 4011 intentissime

2038 4043 2278 4121 cogitare
2315 4044 2595 4109 debemus,
2626 4043 2784 4112 quale
2812 4043 3012 4101 malum
3048 4045 3128 4099 sit
3166 4046 3244 4101 ab
3286 4045 3381 4100 illo
3423 4047 3619 4117 gaudio

2038 4131 2231 4199 divina:
2272 4132 2741 4208 contemplationis
2778 4134 3016 4200 excludi,
3039 4142 3099 4190 et
3127 4135 3180 4190 in
3201 4134 3408 4192 inferni
3450 4144 3621 4193 tarta-

2038 4237 2158 4276 rum
2181 4230 2235 4279 et
2258 4223 2518 4293 gehennae
2541 4223 2715 4283 locum
2739 4224 2999 4295 demergi,
3038 4226 3353 4283 beatissima
3376 4227 3616 4290 ontnium

2039 4300 2296 4368 societate
2338 4314 2541 4383 privari
2590 4322 2931 4379 sanctorum,
2958 4323 3015 4385 et
3038 4316 3370 4372 daemonibus
3396 4317 3614 4381 sociari,

2039 4399 2155 4454 ﬁeri
2183 4401 2417 4457 cmlestis
2444 4402 2635 4470 patria;
2663 4411 2933 4469 extorres.
2950 4411 3149 4460 etesse
3189 4404 3618 4465 infernibahita-

358 4496 593 4564 ωψαῆ
624 4495 786 4564 iudex
827 4506 1036 4554 secreta
1080 4501 1257 4557 cordis
1300 4476 1470 4559 nostri
1511 4503 1721 4570 rimari,
1749 4476 1803 4560 ει
1829 4522 1937 4561 non
1961 4491 2016 4551 D
2043 4476 2206 4559 tores,
2253 4493 2391 4549 mori
2434 4496 2556 4551 vitae
2594 4496 2786 4563 beataa,
2828 4498 3009 4559 vivere
3046 4499 3207 4555 morti
3250 4500 3612 4570 sempiternae.

356 4584 539 4642 solum
564 4596 950 4644 actus-metros
974 4598 1028 4646 et
1054 4591 1236 4656 verba,
1266 4593 1359 4648 sed
1393 4594 1556 4649 etiam
1583 4595 1937 4664 cogitationes

357 4675 683 4732 ostendere?
703 4677 848 4745 Quid
876 4679 1134 4737 faciemus
1159 4683 1258 4739 sub
1280 4684 1414 4738 tanti
1431 4683 1628 4752 iudicis
1655 4682 1937 4756 majestate

360 4766 563 4838 positi?
586 4767 703 4824 Sub
721 4771 874 4840 cuius
898 4769 1163 4841 fugiamus
1193 4768 1586 4840 auxilium,'vel
1608 4777 1761 4846 cuius
1788 4794 1936 4848 qure-

363 4874 548 4915 remus
576 4861 921 4932 adiutorium,
967 4874 1058 4920 aut
1092 4868 1219 4936 quid
1252 4870 1614 4925 excusationis
1640 4852 1941 4941 poterimus

359 4951 696 5007 obtendere?
738 4954 853 5021 Qua
891 4969 989 5011 nos
1028 4956 1355 5014 defensionis
1392 4968 1506 5017 arte
1541 4963 1940 5034 pugnabimus?

362 5041 499 5107 Qua:
524 5055 622 5096 nos
658 5041 987 5098 subventum
1015 5057 1098 5100 est
1137 5048 1475 5117 pmnitcntia,
1507 5066 1669 5121 quam
1700 5068 1857 5123 agere
1884 5054 1937 5107 in

361 5134 471 5187 hac
518 5133 623 5186 vita
667 5134 1128 5205 contempsimus?
1164 5137 1294 5204 Qua:
1340 5155 1439 5196 nos
1490 5140 1776 5197 defensura
1814 5152 1941 5199 sunt

359 5235 529 5289 opera
563 5222 724 5286 bona,
753 5237 873 5292 qua
897 5224 949 5277 in
973 5225 1264 5281 hac‘carne
1287 5244 1392 5282 non
1413 5227 1672 5283 fecimus?
1696 5229 1779 5284 Ad
1803 5247 1939 5301 quos

358 5318 582 5367 sanctos
625 5311 910 5383 fugiemus,
952 5329 1180 5384 quorum
1208 5303 1452 5389 exempla
1487 5320 1645 5374 simul
1677 5327 1732 5375 et
1770 5323 1936 5379 verba

356 5401 739 5472 despeximus?
768 5404 908 5471 Quid
933 5419 1062 5477 ergo
1096 5409 1402 5477 responsuri
1427 5425 1613 5465 sumus
1633 5426 1757 5466 cum
1781 5410 1937 5467 nobis

358 5494 622 5550 honustus
666 5497 894 5567 coeperit
939 5498 991 5552 in
1039 5498 1245 5567 judicio
1293 5492 1518 5556 dicere:
1555 5500 1612 5557 Si
1661 5502 1934 5573 potuistis,

355 5597 530 5653 quare
577 5599 683 5639 non
732 5585 931 5640 bonum
963 5587 1174 5657 egistis,
1203 5596 1257 5642 et
1283 5599 1627 5659 peccatorum
1655 5591 1938 5649 desideriis

359 5691 471 5730 non
510 5677 833 5733 restitistis?
849 5677 906 5731 Si
954 5693 1084 5733 vero
1121 5694 1226 5734 non
1256 5682 1526 5750 potuistis,
1556 5701 1724 5755 quare
1755 5702 1932 5743 meum

727 5770 997 5830 Parant.
1040 5769 1174 5832 Cll.

2037 4581 2115 4638 lbi
2140 4584 2283 4637 enim
2311 4599 2416 4639 non
2443 4586 2673 4661 sentitur
2700 4587 2845 4659 quod
2868 4587 3159 4659 illuminat,
3180 4591 3415 4649 sentitur
3431 4599 3616 4647 tam

2039 4676 2182 4747 quod
2212 4674 2438 4740 cruciat,
2484 4683 2540 4729 et.
2572 4677 2751 4732 omnia
2797 4678 3020 4749 (ιιιωᾴὺὶ
3048 4687 3177 4734 sunt
3206 4680 3311 4735 sita
3353 4694 3462 4735 non
3494 4680 3631 4741 ιυω.

2040 4762 2125 4819 vel
2164 4764 2359 4836 gaudio
2400 4764 2624 4843 referta,
2672 4765 2767 4827 sed
2808 4769 3065 4836 tenebris,
3094 4769 3450 4828 doloribuset
3474 4788 3635 4829 erum

2041 4854 2272 4913 ciatibus
2301 4867 2429 4913 sunt
2458 4860 2633 4929 plena.
3314 4914 3319 4919 .
3393 4880 3397 4889 ’
3482 4888 3487 4893 ε
3545 4896 3548 4918 ξ

2110 4945 2200 5001 46.
2251 4945 2421 5003 Vitam
2452 4960 2699 5003 (uernant
2726 4951 2864 5003 omni
2910 4952 3333 5022 concupiscentia
3348 4954 3615 5025 spiritali

2040 5032 2338 5092 desiderare
2385 5038 2549 5110 (Phil.
2582 5040 2643 5103 ι).
2691 5039 2851 5103 Omni
2904 5042 3135 5111 spiritali
3176 5045 3613 5115 concupiscentia

2041 5129 2396 5187 desideranda
2433 5140 2517 5187 est
2542 5148 2573 5187 a
2601 5134 2804 5189 sanctis
2842 5136 3124 5192 monachis
3152 5138 3262 5193 vita
3298 5148 3521 5205 tetes-na,
3545 5140 3613 5193 ad

2041 5237 2202 5297 quam
2229 5239 2350 5280 cum
2373 5226 2640 5293 venerint,
2678 5225 2845 5281 multa
2865 5235 2920 5283 et
2944 5228 3326 5285 inenarrabilia
3348 5229 3615 5298 accipient

2040 5318 2202 5373 bona.
2231 5318 2307 5375 lbi
2342 5319 2485 5374 enim
2514 5328 2638 5376 sunt
2663 5320 2845 5376 omnia
2866 5320 2957 5375 illa
2972 5322 3324 5393 diligentibus.
3340 5321 3511 5376 Deum
3530 5334 3615 5373 re-

2039 5410 2255 5464 condita
2304 5410 2370 5466 de
2415 5411 2611 5479 quibus
2636 5411 2837 5468 Paulus
2870 5414 3143 5483 apostolus
3183 5411 3431 5467 dicebat:
3458 5410 3612 5474 Quod

2040 5498 2223 5555 oculus
2251 5517 2353 5554 non
2388 5501 2538 5566 vidit,
2564 5519 2655 5557 nec
2684 5504 2829 5557 auris
2856 5503 3185 5567 audiritmec
3205 5502 3260 5552 in
3279 5516 3371 5552 cor
3388 5498 3613 5557 hominis

2040 5591 2294 5657 ascendit,
2317 5609 2436 5663 qua:
2461 5594 2775 5663 prwparavit
2811 5593 2948 5646 Deus
2969 5587 3300 5659 diligentibus
3322 5604 3379 5642 se
3408 5588 3461 5659 (1
3484 5589 3610 5646 Cor.

2039 5685 2121 5753 tt).
2166 5683 2482 5740 Dcsiderare
2507 5683 2648 5739 enim
2687 5683 2884 5739 debent
2929 5680 3092 5735 vimm
3122 5685 3379 5735 aeternam
3426 5694 3612 5739 Inom-
