3992 6206
387 373 498 430 ’179

1677 358 1815 416 ENA
1823 358 2034 418 RAGDI
2073 357 2365 416 ADBATIS

3557 344 3663 399 780

395 486 505 552 chi,
527 483 669 556 quia.
705 481 780 537 ibi
831 495 864 535 α
887 480 1040 538 diuis
1063 479 1338 535 laboribus
1364 479 1657 534 cessabunt
1681 517 1696 543 ,
1738 486 1793 533 et
1820 485 1979 532 :eter-
2011 483 2058 542 Α
2084 492 2260 544 mum,
2286 476 2377 530 ubi
2406 472 2588 545 sponsi
2612 469 2978 528 circumdatus
3003 466 3362 539 amplexibus,
3389 467 3541 524 vivat
3589 465 3665 526 fe-

396 589 523 629 nam
589 571 957 630 [moditatem
1019 579 1074 624 et
1134 566 1450 638 perpetuam
1503 568 1744 638 requiem
1802 567 1978 636 possi~

357 655 615 720 πώεα.
645 661 725 716 lbi
755 659 976 716 unleste
1011 674 1237 730 mnum
1280 669 1334 714 et
1372 659 1664 730 gloriosum
1705 659 1980 714 habebunt

393 753 701 825 imperium.
755 751 833 807 lbi
861 751 1180 808 societatem
1214 752 1648 821 patriarcharum
1691 762 1747 806 et
1793 751 1981 806 sedulo

397 844 720 901 obtinebunt
742 842 1073 898 conserti-um
1102 843 1505 912 prophetarum.
1547 841 1623 897 ibi
1667 842 1980 896 societatem

398 935 641 992 omnium
665 940 979 989 sanctorum
1027 939 1083 986 et
1109 933 1474 1002 :equalitatem
1532 931 1798 1000 accipient
1825 943 1985 1000 ange-

401 1025 596 1080 lorum.
629 1023 707 1078 ibi
731 1023 934 1078 mundo
969 1023 1135 1077 corde
1164 1023 1332 1077 Deum
1363 1022 1652 1086 videbunt,
1698 1029 1754 1076 et
1775 1021 1848 1075 de
1871 1029 1987 1075 ser-

401 1117 484 1171 vis
520 1114 649 1170 iacti
679 1114 774 1168 ﬁlii
807 1129 936 1191 cum
980 1112 1200 1168 Christo
1225 1113 1551 1183 regnabant.
1580 1110 1826 1166 Amanda
1855 1121 1988 1179 ergo

403 1216 458 1261 et
478 1207 828 1262 desideranda
858 1214 944 1261 est
977 1221 1007 1259 a
1055 1206 1259 1260 sanctis
1289 1204 1569 1260 monachis
1605 1203 1716 1257 vita
1742 1211 1987 1273 aeterna,

405 1311 514 1366 qua
555 1296 630 1351 ibi
667 1297 943 1351 invenient
986 1296 1135 1349 illam
1185 1296 1523 1351 dulcedinem
1563 1296 1885 1366 repositam,
1924 1294 1992 1349 de

406 1399 514 1453 qua
547 1382 714 1439 David
748 1385 1010 1454 propheta
1063 1383 1278 1438 dicebat
1303 1401 1316 1437 :
1343 1383 1531 1455 .Quam
1575 1397 1769 1452 mgna
1815 1381 1993 1436 multi-

409 1473 535 1530 tudo
559 1475 854 1529 dulcedinis
873 1483 1002 1539 tum,
1024 1473 1266 1539 Domine,
1288 1489 1447 1543 quem
1473 1472 1788 1526 abscondisti
1812 1472 1998 1524 timen-

409 1568 547 1621 tibus
571 1577 644 1632 te,
664 1573 712 1620 et
735 1565 996 1635 perfecisti
1016 1581 1130 1620 eam
1145 1565 1471 1635 sperantibus
1484 1565 1542 1618 in
1560 1575 1610 1619 te
1631 1563 1804 1637 (Prol.
1829 1546 1990 1633 xxi)!

409 1655 486 1711 ibi
512 1653 748 1724 paradisi
784 1656 1183 1724 possessionem
1211 1654 1446 1724 amplam
1500 1663 1557 1709 et
1585 1653 1831 1710 ﬂorentia
1857 1652 2001 1708 acci-

411 1744 564 1813 pient
586 1758 774 1812 regna.
804 1742 880 1798 ibi
913 1742 1273 1811 iucunditatis
1320 1743 1457 1799 stola
1484 1751 1539 1797 et
1566 1743 1732 1814 regali
1766 1743 2001 1796 vestien-

2080 572 2153 626 lix
2183 570 2414 626 feliciter
2440 569 2496 622 in
2519 574 2801 621 :eternum.
2825 564 3020 619 Amen.

2151 662 2240 717 48.
2281 663 2442 715 Actus
2467 661 2586 714 vim
2620 673 2731 712 sua:
2753 657 2895 716 omni
2920 657 3050 710 hora
3073 655 3338 710 custodire
3363 655 3544 727 (Deut.
3570 653 3663 725 Iv).

2081 751 2174 807 ille
2226 751 2524 806 monachus
2550 755 2702 802 actus
2729 746 2853 801 vita:
2891 760 3002 801 sua:
3049 745 3197 799 omni
3229 745 3365 799 hora
3407 744 3552 799 bene
3578 761 3665 800 cu.

2083 843 2269 906 stodit,
2302 841 2393 911 qui
2427 855 2485 895 se
2515 855 2545 893 a
2575 846 2798 908 peccato
2842 836 3219 908 cogitationis,
3281 836 3571 892 locutionis
3620 846 3676 891 et

2085 935 2335 999 actionis,
2364 939 2625 1003 quantum
2653 931 2812 995 valet,
2845 937 3134 985 conservat
3170 930 3488 985 immunem.
3534 930 3677 996 Quo-

2084 1023 2220 1079 tidie
2253 1023 2396 1078 enim
2422 1032 2573 1077 actus
2604 1036 2732 1076 suos
2759 1020 3040 1092 vigilantet
3074 1029 3130 1076 et
3149 1021 3362 1075 curiose
3391 1021 3551 1074 debet
3577 1020 3680 1074 dis-

2089 1121 2274 1170 Cntere
2299 1112 2616 1176 monachus,
2650 1118 2704 1165 ct
2725 1109 2768 1165 si
2811 1109 3020 1179 peccati
3072 1125 3131 1165 se
3160 1109 3454 1165 obnoxium
3501 1110 3560 1163 in
3586 1109 3681 1164 ali—

2088 1219 2198 1275 quo
2223 1205 2416 1259 horum
2447 1201 2694 1266 senserit,
2724 1207 2848 1254 ante
2871 1200 3000 1256 solis
3028 1215 3284 1256 occasum
3314 1243 3330 1266 ,
3383 1211 3439 1256 et
3467 1201 3513 1256 si
3565 1201 3680 1255 ﬁeri

2089 1305 2306 1370 potest,
2364 1304 2650 1363 antequam
2704 1292 2992 1356 comedat,
3047 1293 3282 1347 dormiat
3334 1301 3430 1347 aut
3483 1291 3684 1362 aliquid

2092 1389 2274 1460 operis
2299 1394 2440 1457 agat,
2463 1397 2684 1439 necesse
2728 1391 2810 1438 est
2837 1390 2896 1437 ut
2923 1383 3186 1438 velociter
3219 1381 3287 1436 ad
3310 1383 3686 1452 paenitentiam

2097 1485 2346 1536 recurrat
2388 1482 2442 1531 et
2491 1474 2745 1543 deinceps
2785 1473 2855 1528 ab
2903 1474 3051 1528 omni
3104 1487 3164 1528 se
3211 1473 3497 1542 pravitatis
3525 1487 3692 1543 opere

2097 1568 2386 1624 custodiat.
2424 1564 2538 1620 Non
2567 1564 2711 1620 enim
2754 1563 3091 1619 solummodo
3117 1561 3276 1617 factis
3299 1561 3692 1631 delinquimus,

2098 1663 2193 1718 sed
2215 1668 2271 1716 et
2307 1658 2732 1730 cogitationibus
2766 1662 2821 1709 et
2838 1653 3198 1711 locationibus
3229 1652 3546 1723 frequenter
3570 1668 3694 1723 pec-

2102 1766 2310 1809 camus.
2336 1750 2585 1805 Vicissim
2600 1748 2745 1802 enim
2774 1755 2829 1802 et
2849 1761 2879 1800 a
2903 1744 3320 1817 cogitationibus
3344 1745 3502 1799 malis
3527 1760 3696 1814 opera

413 1843 506 1889 tur
539 1845 799 1903 purpura.
828 1833 906 1888 ibi
936 1832 1143 1903 fugient
1170 1834 1325 1889 dolor
1346 1843 1401 1890 et
1449 1835 1702 1906 gemitus,
1735 1843 1792 1890 et
1813 1849 2002 1889 occur-

2113 1844 2246 1900 mala
2269 1843 2586 1914 procedunt,
2613 1848 2668 1895 et
2705 1839 2774 1894 ab
2819 1837 3073 1908 Operibus
3098 1835 3282 1908 pravis
3330 1835 3694 1907 cogitationes

414 1932 536 1981 rent
559 1924 766 1980 sanitas
790 1931 847 1978 et
874 1923 1128 1994 gaudium
1161 1923 1573 1994 sempiternum.
1603 1923 1837 1995 Fugient
1866 1939 2002 1978 mar-

415 2033 508 2074 ror
533 2025 592 2072 et
622 2017 840 2073 tristitia
859 2056 875 2082 ,
924 2025 979 2071 at
1005 2017 1221 2071 venient
1249 2030 1354 2086 pax
1382 2025 1438 2071 et
1463 2024 1666 2072 aeterna
1693 2016 1899 2071 hetitia.
1923 2015 1999 2071 ibi

416 2108 637 2164 audient
657 2123 688 2162 a
704 2107 934 2163 Domino
960 2124 973 2160 :
1016 2104 1192 2162 Venite
1213 2106 1282 2161 ad
1305 2123 1405 2172 me,
1423 2123 1598 2162 omnes
1627 2107 1716 2178 qui
1750 2105 2003 2161 laboratis

415 2209 465 2255 et
489 2200 692 2255 onerati
718 2201 864 2266 estis,
887 2210 935 2254 et
973 2215 1069 2270 ego
1113 2198 1346 2269 reﬁciam
1373 2217 1464 2254 eos
1499 2198 1716 2272 (Matth.
1752 2197 1850 2269 xl).
1887 2196 1955 2251 Et
1985 2213 2000 2251 :

429 2288 627 2358 Venite,
659 2289 911 2355 benedicti
943 2289 1122 2344 Patris
1145 2291 1273 2356 mei,
1293 2291 1541 2360 percipite
1579 2305 1824 2360 regnum,
1864 2287 2003 2359 quod

415 2383 558 2437 vobis
603 2391 845 2452 paratum
879 2391 955 2436 est
982 2381 1048 2437 ab
1077 2383 1279 2452 origine
1296 2382 1480 2436 mundi
1513 2380 1729 2454 (Matth.
1760 2381 1918 2453 xxv);
1951 2385 2008 2435 et

419 2475 580 2530 faciet
603 2489 700 2530 eos
724 2474 780 2528 in
807 2483 1007 2530 aeterna
1044 2475 1390 2530 discumbere
1417 2475 1618 2546 gloria;
1651 2484 1708 2530 et
1733 2475 2006 2532 transiens

421 2565 753 2620 ministrabit
772 2565 880 2620 illis
901 2565 1018 2636 ipse
1038 2565 1298 2620 Dominus
1335 2565 1515 2620 omnia
1544 2563 1706 2621 bona.
1729 2566 1928 2621 Amen.

487 2656 579 2711 47.
623 2655 849 2711 Nartem
878 2655 1114 2728 quotidie
1145 2665 1266 2712 ante
1289 2656 1468 2712 oculos
1497 2665 1793 2728 suspectam
1817 2657 2008 2712 habere

420 2745 634 2817 (Matth.
658 2746 834 2818 xxiv).
868 2745 1131 2813 Soiiicite,
1163 2755 1224 2801 nt
1242 2745 1436 2803 beatus
1459 2747 1814 2813 aitisidorus,
1850 2745 2012 2802 debet

421 2838 791 2909 unusquisque
813 2837 1018 2904 vivere,
1049 2846 1105 2894 et
1146 2853 1366 2909 semper
1411 2838 1707 2892 terminum
1735 2838 1861 2892 vita:
1897 2850 2010 2892 suae

420 2928 717 2995 custodire,
753 2931 880 2999 quia
919 2931 1182 3000 scriptum
1215 2937 1298 2984 est
1329 2947 1343 2983 :
1377 2927 1444 2983 In
1480 2929 1722 2983 omnibus
1769 2927 2010 2999 aperibus

421 3021 528 3074 tuis
555 3035 849 3076 memorare
871 3021 1154 3075 novissima
1176 3030 1290 3084 tua,
1314 3009 1366 3074 et
1401 3021 1458 3074 in
1481 3029 1733 3074 wternum
1770 3035 1875 3072 nou
1894 3034 2014 3088 pec-

2103 1936 2260 1992 malae
2285 1941 2595 2004 erumpunt.
2619 1930 2874 2000 Quamvis
2907 1929 3053 1985 enim
3084 1929 3151 1984 ab
3195 1943 3358 1999 opere
3384 1928 3528 1982 malo
3576 1928 3700 1997 quis

2102 2033 2277 2090 vacet,
2305 2039 2407 2096 pro
2447 2023 2616 2080 solius
2642 2029 2822 2077 tamen
2873 2034 3056 2089 prava:
3097 2018 3443 2090 cogitationis
3491 2017 3700 2071 malitia

2105 2135 2212 2174 non
2236 2118 2336 2175 erit
2363 2117 2624 2172 innocens
2646 2130 2676 2168 a
2701 2113 2961 2182 nequitia.
2981 2110 3120 2166 Hinc
3146 2111 3291 2165 enim
3306 2110 3572 2164 Dominus
3593 2110 3702 2164 cla—

2106 2218 2218 2266 mat
2253 2207 2466 2280 populis
2515 2206 2700 2262 dicens
2727 2220 2826 2274 per
2877 2203 3070 2258 Isaiam
3097 2220 3110 2255 :
3141 2201 3357 2271 Auferte
3389 2200 3590 2255 malum
3619 2219 3703 2254 ro-

2104 2303 2417 2376 gitationum
2463 2307 2753 2354 uestrarum
2813 2295 2878 2349 ab
2922 2295 3088 2348 oculis
3117 2295 3245 2349 meis
3275 2293 3411 2367 (lsa.
3443 2293 3504 2367 l).
3549 2293 3707 2348 Sicut

2105 2393 2250 2446 enim
2275 2391 2457 2462 vipera
2488 2405 2519 2444 a
2549 2387 2676 2443 ﬁliis
2701 2382 2813 2443 suis
2842 2388 2896 2441 in
2931 2395 3088 2442 utero
3126 2388 3317 2458 positis
3343 2386 3585 2442 lacerata
3619 2404 3708 2458 pe-

2107 2481 2340 2545 rimitur,
2371 2480 2445 2534 ita
2467 2495 2567 2536 nos
2595 2479 2951 2550 cogitationes
2998 2479 3194 2544 noxiae,
3227 2477 3374 2534 intra
3423 2493 3522 2533 nos
3565 2494 3706 2532 cnu-

2106 2573 2250 2628 trita:
2272 2571 2316 2628 si
2339 2571 2563 2637 fuerint,
2592 2568 2847 2626 occidunt
2889 2578 2944 2625 et
2975 2569 3194 2639 vipereo
3245 2583 3459 2624 veneno
3513 2584 3710 2624 consu-

2107 2673 2294 2731 munt;
2332 2671 2388 2720 et
2415 2663 2521 2718 nisi
2549 2661 2750 2717 fuerint
2782 2662 2960 2716 adhuc
3011 2660 3220 2730 parvuli
3258 2661 3326 2715 ad
3356 2669 3611 2731 petram,
3660 2660 3710 2715 id

2109 2764 2195 2811 est
2239 2754 2534 2819 Christum,
2564 2752 2731 2818 elisae,
2764 2752 3000 2806 animam
3059 2760 3298 2806 nostram
3350 2751 3555 2806 crudeli
3593 2750 3710 2808 vui-

2109 2861 2238 2900 nere
2261 2846 2532 2916 perimunt
2557 2851 2611 2898 et
2639 2843 2914 2905 occidunt.
2941 2841 2987 2898 si
3040 2851 3221 2897 tamen
3247 2842 3328 2896 eis
3356 2842 3546 2898 illicito
3583 2858 3714 2900 con-

2111 2939 2375 2995 sentimus
2412 2945 2468 2993 et
2504 2952 2600 2994 eas
2627 2935 2913 2992 infeliciter
2943 2935 3169 3004 implere
3194 2949 3474 2992 conamur.
3518 2936 3713 3008 Magna

2108 3043 2245 3101 ergo
2276 3029 2624 3086 observantia
2654 3036 2740 3084 est
2781 3028 3086 3085 adhibenda
3133 3029 3284 3084 circa
3326 3030 3511 3086 cordis
3537 3032 3713 3086 nostri

422 3109 567 3163 cabis
603 3107 792 3180 (Eccli.
814 3107 934 3179 vu).
960 3109 1188 3166 Venturi
1217 3123 1348 3180 ergo
1385 3109 1563 3164 exitus
1603 3108 1907 3180 ignorantia
1934 3108 2008 3162 in-

2113 3119 2438 3184 custodiam,
2458 3119 2584 3189 quia
2599 3118 2772 3174 abillo
2783 3127 2837 3174 et
2852 3134 3038 3188 pravae
3049 3121 3647 3190 exeuntcogitatitmes,
3666 3131 3718 3176 et

424 3208 575 3253 certa
595 3207 702 3264 est,
737 3206 794 3252 et
818 3197 948 3252 dum
993 3198 1134 3253 mori
1160 3198 1391 3267 quisque
1427 3213 1537 3252 non
1567 3197 1830 3264 aestimat,
1881 3197 2008 3253 tolli-

2120 3228 2152 3267 a
2175 3213 2359 3283 pravis
2379 3212 2795 3284 cogitationibus
2829 3227 3008 3282 prava:
3027 3213 3328 3282 procedunt
3345 3215 3714 3283 operationes.

427 3298 536 3342 tur.
569 3287 724 3344 Unde
743 3287 1121 3359 unusquisque
1151 3298 1379 3345 mortem
1415 3291 1658 3360 quotidie
1679 3298 1802 3346 ante
1829 3290 2016 3348 oculos

425 3389 735 3450 suspectam
761 3381 924 3437 debet
953 3381 1172 3448 habere,
1199 3388 1255 3437 et
1281 3396 1348 3437 ne
1387 3382 1442 3437 in
1471 3381 1849 3454 iniquitatibus
1901 3383 2016 3440 suis

426 3472 609 3528 subito
635 3472 897 3542 rapiatur,
923 3472 1193 3543 simulque
1221 3488 1344 3528 cum
1379 3473 1489 3530 vita
1517 3472 1634 3542 ejus
1663 3473 1822 3544 culpa
1854 3475 2013 3529 ﬁnia-

429 3571 541 3628 tur,
567 3561 796 3617 sollicite
843 3562 1005 3624 debet
1031 3563 1247 3619 timcre.
1283 3563 1419 3618 Nam
1466 3564 1713 3619 diabolus
1760 3579 1856 3620 eos
1881 3579 2017 3636 quos

429 3655 674 3709 viventes
701 3652 928 3724 impellit
951 3654 1020 3708 ad
1034 3654 1186 3719 vitia,
1216 3653 1396 3709 subito
1428 3657 1722 3712 morientes
1749 3657 2019 3727 pertrahit

430 3743 499 3798 ad
525 3752 814 3812 tormenta.
843 3741 1104 3810 Quamvis
1130 3744 1276 3798 enim
1307 3744 1534 3815 quisque
1575 3746 1626 3799 in
1655 3746 1758 3801 hac
1800 3746 1912 3800 vita
1948 3747 2019 3802 sit

430 3835 625 3905 iustus,
648 3842 829 3891 tamen
868 3835 996 3891 dum
1026 3850 1057 3891 e
1110 3850 1337 3905 corpore
1362 3836 1465 3890 isto
1495 3837 1772 3906 egreditur
1795 3879 1810 3903 ,
1851 3838 2017 3908 perti-

432 3927 630 3982 mescit
645 3941 712 3982 ne
738 3926 933 3998 dignus
953 3925 1028 3982 sit
1055 3925 1337 3997 supplicio.
1362 3925 1553 3982 Nullus
1573 3934 1658 3982 est
1683 3927 1825 3982 enim
1857 3928 2019 3983 homo

432 4018 640 4088 absque
667 4025 913 4087 peccato,
941 4029 1044 4071 nec
1063 4016 1348 4087 quisquam
1376 4023 1556 4087 potest
1584 4016 1651 4071 de
1672 4015 1767 4071 Dei
1795 4031 2021 4072 securus

432 4123 554 4164 esse
583 4105 809 4178 judicio,
839 4121 964 4162 cum
991 4107 1157 4162 etiam
1187 4107 1253 4162 dc
1299 4107 1490 4163 otiosis
1515 4105 1858 4163 sermonibus
1891 4107 2019 4163 red-

435 4201 608 4258 denda
640 4200 714 4256 sit
738 4201 900 4256 ratio.
925 4198 1115 4256 Brevis
1136 4191 1223 4256 est
1247 4199 1486 4255 hominis
1513 4199 1646 4267 vita,
1668 4207 1726 4255 et
1749 4199 1872 4256 ideo
1893 4207 2022 4256 ante

434 4293 623 4351 oculos
657 4300 889 4348 mortem
923 4292 1184 4349 debemus
1205 4307 1422 4364 semper
1445 4293 1648 4349 habere
1692 4300 2019 4363 suspectam.

435 4383 561 4441 Vita
585 4385 730 4440 enim
763 4398 1028 4454 praesens,
1058 4384 1184 4455 quia
1217 4385 1458 4456 quotidie
1485 4383 1691 4451 deficit,
1719 4385 1871 4441 brevi
1901 4383 2023 4440 lini-

419 4465 529 4530 tur
561 4475 825 4538 termino;
857 4482 914 4530 et
951 4471 1076 4530 ideo
1109 4475 1408 4530 timendum
1446 4484 1530 4531 est
1553 4475 1744 4531 mortis
1771 4473 1887 4544 ejus
1929 4491 2024 4547 pe-

2116 3303 2184 3362 Et
2203 3305 2325 3361 ideo
2354 3313 2507 3360 actus
2525 3303 2650 3360 vine
2695 3311 2893 3360 nostrae
2927 3303 3076 3358 omni
3127 3304 3262 3359 hora
3293 3304 3528 3362 sollicite
3554 3306 3718 3362 debe-

2115 3411 2237 3452 mus
2271 3395 2572 3461 custodire,
2599 3410 2668 3450 ne
2689 3403 2783 3449 aut
2805 3393 3155 3464 cogitatione,
3180 3403 3275 3454 aut
3296 3395 3606 3460 locutione,
3628 3404 3720 3451 aut

2115 3491 2430 3563 operatione
2494 3489 2636 3560 lapsi
2660 3529 2678 3556 ,
2732 3497 2794 3544 ut
2849 3487 3166 3561 insipientes
3210 3499 3266 3546 et
3299 3491 3420 3547 sine
3466 3494 3718 3551 custodis

2117 3584 2187 3638 ad
2233 3590 2518 3653 peccatum
2557 3581 2856 3636 trahantur.
2915 3590 2972 3635 et
3007 3597 3040 3636 a
3077 3581 3414 3638 daemonibus
3458 3583 3616 3642 irrisi
3661 3593 3719 3640 ut

2119 3674 2357 3729 inermes
2385 3674 2710 3731 laceremur.

2189 3761 2280 3818 49.
2323 3760 2389 3816 In
2412 3763 2553 3817 omni
2577 3763 2692 3820 loco
2714 3763 2881 3821 Deum
2909 3782 2964 3820 se
2993 3766 3247 3838 respicere
3294 3783 3392 3838 pro
3412 3777 3563 3823 certe
3586 3766 3719 3824 scire

2120 3851 2306 3926 (Prov.
2335 3851 2411 3925 v).
2440 3850 2781 3911 immensitas
2801 3856 2995 3913 divina:
3016 3858 3402 3928 magnitudinis
3423 3868 3586 3916 tanta
3615 3866 3718 3926 est,

2119 3951 2181 3998 ut
2207 3945 2392 3999 omnia
2420 3944 2621 4011 videat,
2643 3947 2828 4002 omnia
2851 3947 3096 4018 impleat,
3125 3956 3182 4003 et
3206 3951 3280 4004 sit
3302 3965 3465 4020 super
3507 3950 3718 4014 omnia,

2119 4043 2178 4090 et
2204 4035 2393 4092 subtus
2419 4037 2621 4104 omnia,
2657 4048 2714 4094 et
2737 4038 2877 4095 inira
2901 4042 3104 4108 omnia,
3134 4051 3189 4097 et
3207 4050 3363 4098 extra
3393 4045 3583 4099 omnia
3608 4083 3625 4109 ,
3668 4050 3721 4097 et

2122 4127 2301 4183 nullus
2326 4128 2398 4184 sit
2422 4128 2572 4186 locus
2597 4141 2905 4199 contentus,
2931 4135 3023 4190 ubi
3051 4135 3195 4190 Deus
3221 4151 3330 4191 non
3360 4137 3451 4192 sit.
3485 4136 3645 4193 Unde
3665 4144 3718 4190 et

2122 4224 2292 4281 David
2340 4225 2592 4282 dicebat:
2623 4225 2683 4282 Si
2714 4229 2999 4284 ascendere
3039 4230 3095 4285 in
3129 4228 3352 4295 coelum,
3385 4239 3442 4285 tu
3483 4231 3602 4285 illic
3635 4248 3715 4295 es,

2122 4313 2238 4368 etsi
2263 4313 2575 4369 descendero
2633 4316 2703 4370 ad
2751 4315 3038 4385 infernum,
3069 4319 3195 4374 ades
3223 4316 3398 4390 (Psal.
3423 4322 3717 4391 cxxxvm).

2125 4401 2193 4458 Et
2222 4401 2344 4458 ideo
2367 4403 2547 4460 omnis
2573 4413 2824 4461 creatura
2851 4407 2972 4474 Dei,
3007 4407 3121 4464 sive
3151 4409 3205 4468 in
3230 4408 3370 4465 cmlo
3399 4410 3494 4476 sit,
3525 4411 3643 4466 sive
3664 4411 3715 4468 in

2127 4500 2295 4560 terra,
2321 4493 2434 4548 sive
2455 4494 2643 4549 subter
2671 4503 2894 4561 terram,
2915 4498 3206 4569 perspicua
3249 4507 3336 4558 est
3359 4499 3436 4554 iiii
3465 4509 3527 4555 et
3555 4500 3721 4556 mani-

441 4567 687 4622 riculum.
710 4565 828 4621 Non
861 4567 1006 4621 enim
1041 4565 1151 4620 vita
1182 4580 1423 4637 przescns
1450 4566 1540 4621 diu
1582 4573 1888 4636 permanet,
1929 4567 2008 4621 sei

2128 4582 2287 4638 festa.
2319 4582 2456 4640 Hinc
2487 4585 2630 4640 enim
2654 4583 2854 4640 Paulus
2892 4565 3063 4642 dicit;
3102 4585 3260 4644 Virus
3283 4597 3357 4644 est
3380 4606 3560 4644 serum
3585 4589 3680 4644 Dei
3699 4629 3715 4653 ,

441 4659 582 4714 sicut
614 4656 721 4713 tela
762 4655 867 4710 illis
888 4655 1189 4725 perﬁcitur,
1212 4657 1284 4710 ita
1308 4666 1364 4711 et
1391 4656 1499 4712 vita
1522 4657 1756 4712 hominis
1782 4657 2024 4728 quotidie

441 4750 631 4804 diebus
665 4747 892 4819 singulis
915 4747 1186 4818 expietur.
1242 4746 1534 4816 Propterea
1565 4747 1828 4804 debemus
1871 4747 2022 4803 solli-

441 4838 552 4892 cite
573 4845 823 4902 mortem,
848 4851 917 4894 ne
953 4839 1023 4892 ab
1054 4835 1146 4892 illa
1188 4837 1369 4893 subito
1415 4837 1709 4907 rapiamur,
1740 4837 2027 4909 vigilantes

442 4928 656 4982 timere.
682 4925 954 4996 Scriptum
981 4935 1065 4983 est
1090 4928 1232 4983 enim
1259 4945 1272 4982 :
1307 4926 1502 4981 Beatus
1525 4944 1705 4982 servus
1732 4927 1845 4994 ille,
1870 4945 2023 5000 quem

443 5033 564 5071 cum
593 5017 783 5072 uenerit
823 5017 1078 5072 Dominus
1104 5059 1120 5084 ,
1160 5014 1416 5073 invenerit
1462 5017 1763 5088 vigilantem
1805 5014 2022 5092 (Matth.

445 5123 607 5173 xxiv;
641 5105 770 5160 Luc.
814 5105 937 5178 xu),
965 5107 1019 5162 id
1043 5117 1148 5174 est,
1188 5116 1417 5163 mortem
1444 5107 1724 5163 timentem
1747 5115 1801 5162 et
1845 5109 1913 5165 de
1939 5127 2026 5166 sa-

445 5198 561 5253 lute
585 5197 780 5252 anime
803 5211 916 5252 sure
943 5198 1172 5255 sollicite
1195 5201 1542 5270 cogitantem.
1571 5199 1767 5260 Beatus
1797 5211 1877 5258 est
1899 5217 2026 5275 ergo

447 5289 538 5344 ille
566 5288 862 5344 monachus
894 5288 984 5357 qui
1014 5303 1230 5360 semper
1271 5297 1356 5346 est
1398 5292 1625 5360 pavidus
1649 5333 1665 5358 ,
1719 5303 1774 5350 ct
1823 5295 2026 5350 exitum

452 5383 642 5439 inertis
677 5397 790 5437 suae
811 5381 1069 5446 timendo,
1104 5395 1317 5451 semper
1350 5393 1433 5437 est
1457 5385 1685 5456 vigilans
1709 5395 1763 5441 et
1786 5396 2027 5456 paratus,

451 5481 512 5527 ut
534 5465 659 5528 cum
681 5473 857 5528 media
887 5480 1044 5527 nocte
1065 5471 1270 5527 clamor
1298 5473 1470 5530 lactus
1494 5474 1655 5531 fuerit
1683 5495 1696 5529 :
1725 5477 1866 5532 Ecce
1883 5478 2031 5532 venit

454 5579 704 5633 sponsus,
730 5565 876 5619 exite
905 5562 1118 5617 obviam
1139 5565 1187 5620 ei
1209 5565 1420 5636 (Μιιηιι.
1442 5575 1566 5637 xxv)
1584 5565 1700 5620 sine
1730 5582 1878 5621 mora
1903 5583 2026 5622 cum

456 5656 663 5712 ornatis
691 5655 1023 5727 lampadibus
1067 5656 1282 5712 obviam
1327 5656 1404 5711 illi
1431 5657 1772 5728 egrediatur,
1804 5667 1857 5713 ct
1906 5675 2029 5714 cum

462 5746 552 5800 illo
585 5747 652 5802 ad
675 5756 949 5818 attentum
984 5749 1136 5804 hctus
1182 5750 1454 5806 lmhitator
1501 5751 1832 5822 ingrediatur
1864 5754 2030 5808 thala-

2077 4735 2082 4739 ,
2129 4683 2179 4728 et
2207 4676 2412 4746 efﬁcax,
2441 4684 2490 4731 et
2519 4675 2892 4747 penetrabili"
2915 4679 3058 4738 omni
3084 4677 3263 4749 gladio
3289 4681 3508 4750 arripiei
3525 4721 3545 4747 ,
3593 4699 3715 4779 per-

2132 4762 2334 4834 (ingens
2359 4780 2520 4835 usque
2539 4764 2608 4818 ad
2631 4764 2937 4820 divisionem
2977 4767 3172 4822 auimcc
3196 4777 3245 4824 et
3286 4769 3506 4839 spiritus
3524 4811 3540 4836 ,
3577 4762 3713 4826 ἔοικ-

2129 4870 2322 4925 pagum
2348 4871 2552 4924 quoque
2579 4865 2626 4908 et
2649 4853 3019 4920 medullarum,
3051 4868 3100 4911 et
3144 4858 3400 4914 discretor
3436 4862 3712 4932 cogitatio-

2130 4958 2280 5009 num,
2309 4952 2356 4998 et
2384 4961 2485 4998 non
2507 4954 2582 4998 est
2615 4943 2722 4998 ulla
2760 4955 3002 5002 creatura
3036 4948 3313 5005 invisibilis
3363 4951 3419 5004 in
3441 4961 3711 5022 conspecta

2129 5034 2285 5106 ejus;
2323 5037 2498 5090 omnia
2547 5037 2684 5090 enim
2751 5037 2892 5091 nuda
2915 5047 2963 5092 et
3012 5051 3191 5110 aperta
3235 5051 3356 5096 sunt
3401 5044 3570 5099 oculis
3607 5043 3712 5112 ejus

2129 5123 2316 5206 (Hebr.
2361 5123 2457 5196 ιγ).
2489 5125 2625 5180 Hinc
2679 5123 2931 5182 Salomon
2962 5129 3079 5183 ait:
3113 5128 3182 5183 In
3231 5133 3373 5186 omni
3409 5131 3526 5187 loco
3582 5131 3709 5186 oculi

2130 5212 2345 5268 Domini
2397 5214 3012 5292 rontemplantuqbonos
3071 5227 3121 5271 et
3167 5219 3334 5274 malos
3383 5218 3568 5292 (Prov.
3604 5218 3704 5290 xv).

2131 5302 2266 5370 Quia
2296 5303 2440 5357 enim
2469 5304 2614 5357 omni
2646 5305 2776 5358 hora
2801 5313 2856 5359 ct
2879 5305 2933 5360 in
2977 5305 3124 5360 omni
3162 5306 3280 5363 loco
3308 5325 3407 5366 nos
3442 5308 3710 5379 cognosci-

2131 5408 2253 5446 mus
2281 5407 2309 5444 a
2341 5391 2451 5447 Deo
2498 5393 2714 5462 respici,
2744 5408 2849 5446 non
2879 5395 3136 5450 debemus
3168 5396 3222 5450 in
3271 5409 3567 5469 conspectu
3601 5397 3709 5467 ejus

2132 5491 2188 5536 et
2210 5479 2521 5552 angelorum
2553 5483 2694 5538 illius
2742 5499 3008 5553 peccare;
3049 5486 3144 5541 sed
3191 5485 3246 5541 in
3294 5490 3441 5543 omni
3479 5488 3630 5551 loco,
3659 5494 3708 5540 ct

2134 5573 2280 5626 omni
2313 5573 2468 5638 hora,
2495 5583 2549 5650 et
2576 5575 2721 5628 onuni
2763 5584 3006 5647 tempore
3029 5593 3150 5631 cum
3175 5577 3386 5650 justitia
3418 5580 3711 5634 ctveritato

2137 5661 2396 5717 debemus
2423 5665 2699 5728 vivere,ct
2730 5665 2921 5721 timore
2957 5677 3010 5723 ct
3048 5676 3285 5725 tremore
3335 5670 3387 5724 iu
3425 5677 3708 5740 conspectu

2140 5754 2252 5823 ejus
2294 5762 2456 5808 stare.
2505 5754 2570 5809 Et
2607 5754 2750 5810 sicut
2790 5755 2977 5814 beatus
3017 5759 3118 5815 Job
3144 5760 3322 5817 timuit
3351 5775 3487 5822 cum.
3518 5769 3573 5814 ct
3616 5773 3708 5813 ηω
