  <div class='ocr_page' id='page_1' title='image "/cluster/home/n/w/nwhite01/storage/ocr_20150623/102/hvd.32044052820032/396.png"; bbox 0 0 3992 6206; ppageno 0'>
   <div class='ocr_carea' id='block_1_1' title="bbox 406 334 498 391">
    <p class='ocr_par' dir='ltr' id='par_1_1' title="bbox 406 334 498 391">
     <span class='ocr_line' id='line_1_1' title="bbox 406 334 498 391; baseline 0.022 -2"><span class='ocrx_word' id='word_1_1' title='bbox 406 334 498 391; x_wconf 80' lang='grc'><strong>781</strong></span> 
     </span>
    </p>
   </div>
   <div class='ocr_carea' id='block_1_2' title="bbox 1427 326 2606 388">
    <p class='ocr_par' dir='ltr' id='par_1_2' title="bbox 1427 326 2606 388">
     <span class='ocr_line' id='line_1_2' title="bbox 1427 326 2606 388; baseline 0.002 -3"><span class='ocrx_word' id='word_1_2' title='bbox 1427 326 1777 385; x_wconf 74' lang='lat' dir='ltr'><strong>COMMENT.</strong></span> <span class='ocrx_word' id='word_1_3' title='bbox 1821 326 1889 381; x_wconf 73' lang='lat' dir='ltr'><strong>IN</strong></span> <span class='ocrx_word' id='word_1_4' title='bbox 1929 326 2086 383; x_wconf 79' lang='lat' dir='ltr'><strong>REG.</strong></span> <span class='ocrx_word' id='word_1_5' title='bbox 2128 327 2189 384; x_wconf 87' lang='lat' dir='ltr'><strong>S.</strong></span> <span class='ocrx_word' id='word_1_6' title='bbox 2226 329 2606 388; x_wconf 78' lang='lat' dir='ltr'><strong>BENEDICTI.</strong></span> 
     </span>
    </p>
   </div>
   <div class='ocr_carea' id='block_1_3' title="bbox 3544 340 3648 396">
    <p class='ocr_par' dir='ltr' id='par_1_3' title="bbox 3544 340 3648 396">
     <span class='ocr_line' id='line_1_3' title="bbox 3544 340 3648 396; baseline -0.01 0"><span class='ocrx_word' id='word_1_7' title='bbox 3544 340 3648 396; x_wconf 72' lang='lat'><strong>78?.</strong></span> 
     </span>
    </p>
   </div>
   <div class='ocr_carea' id='block_1_4' title="bbox 404 441 3649 524">
    <p class='ocr_par' dir='ltr' id='par_1_4' title="bbox 404 441 3649 524">
     <span class='ocr_line' id='line_1_4' title="bbox 404 441 3649 524; baseline 0.003 -22"><span class='ocrx_word' id='word_1_8' title='bbox 404 447 662 504; x_wconf 79' lang='lat' dir='ltr'><strong>debemus</strong></span> <span class='ocrx_word' id='word_1_9' title='bbox 692 441 902 508; x_wconf 86' lang='lat' dir='ltr'><strong>timere,</strong></span> <span class='ocrx_word' id='word_1_10' title='bbox 932 450 985 513; x_wconf 77' lang='lat' dir='ltr'><strong>et</strong></span> <span class='ocrx_word' id='word_1_11' title='bbox 1006 457 1126 497; x_wconf 86' lang='lat' dir='ltr'><strong>cum</strong></span> <span class='ocrx_word' id='word_1_12' title='bbox 1156 441 1246 497; x_wconf 91' lang='lat' dir='ltr'><strong>illo</strong></span> <span class='ocrx_word' id='word_1_13' title='bbox 1273 443 1541 499; x_wconf 89' lang='lat' dir='ltr'><strong>veraciter</strong></span> <span class='ocrx_word' id='word_1_14' title='bbox 1563 444 1741 498; x_wconf 87' lang='lat' dir='ltr'><strong>dicere</strong></span> <span class='ocrx_word' id='word_1_15' title='bbox 1766 460 1778 495; x_wconf 91' lang='lat'><strong>:</strong></span> <span class='ocrx_word' id='word_1_16' title='bbox 1810 441 1975 509; x_wconf 87' lang='lat' dir='ltr'><strong>Quasi</strong></span> <span class='ocrx_word' id='word_1_17' title='bbox 2002 446 2052 509; x_wconf 80' lang='grc' dir='ltr'><strong>Α</strong></span> <span class='ocrx_word' id='word_1_18' title='bbox 2076 459 2238 517; x_wconf 80' lang='lat' dir='ltr'><strong>gnum</strong></span> <span class='ocrx_word' id='word_1_19' title='bbox 2261 446 2452 503; x_wconf 89' lang='lat' dir='ltr'><strong>crebro</strong></span> <span class='ocrx_word' id='word_1_20' title='bbox 2475 447 2633 502; x_wconf 87' lang='lat' dir='ltr'><strong>debet</strong></span> <span class='ocrx_word' id='word_1_21' title='bbox 2657 446 2900 518; x_wconf 82' lang='lat' dir='ltr'><strong>proferre</strong></span> <span class='ocrx_word' id='word_1_22' title='bbox 2924 464 3248 507; x_wconf 81' lang='lat' dir='ltr'><strong>sermonem.</strong></span> <span class='ocrx_word' id='word_1_23' title='bbox 3275 451 3545 524; x_wconf 89' lang='lat' dir='ltr'><strong>Scriptum</strong></span> <span class='ocrx_word' id='word_1_24' title='bbox 3567 471 3649 513; x_wconf 81' lang='lat' dir='ltr'><strong>est</strong></span> 
     </span>
    </p>
   </div>
   <div class='ocr_carea' id='block_1_5' title="bbox 401 534 1972 611">
    <p class='ocr_par' dir='ltr' id='par_1_5' title="bbox 401 534 1972 611">
     <span class='ocr_line' id='line_1_5' title="bbox 401 534 1972 611; baseline -0.005 -15"><span class='ocrx_word' id='word_1_25' title='bbox 401 546 661 605; x_wconf 77' lang='lat' dir='ltr'><strong>tumentes</strong></span> <span class='ocrx_word' id='word_1_26' title='bbox 682 538 874 608; x_wconf 80' lang='lat' dir='ltr'><strong>ﬂuctus</strong></span> <span class='ocrx_word' id='word_1_27' title='bbox 921 552 1120 607; x_wconf 68' lang='lat' dir='ltr'><strong>senqrer</strong></span> <span class='ocrx_word' id='word_1_28' title='bbox 1160 553 1315 611; x_wconf 90' lang='lat' dir='ltr'><strong>super</strong></span> <span class='ocrx_word' id='word_1_29' title='bbox 1356 552 1436 589; x_wconf 87' lang='lat' dir='ltr'><strong>me</strong></span> <span class='ocrx_word' id='word_1_30' title='bbox 1465 536 1616 589; x_wconf 80' lang='lat' dir='ltr'><strong>timui</strong></span> <span class='ocrx_word' id='word_1_31' title='bbox 1644 534 1926 590; x_wconf 86' lang='lat' dir='ltr'><strong>Dominum</strong></span> <span class='ocrx_word' id='word_1_32' title='bbox 1954 549 1972 588; x_wconf 93' lang='lat'><strong>:</strong></span> 
     </span>
    </p>
   </div>
   <div class='ocr_carea' id='block_1_6' title="bbox 404 622 1684 699">
    <p class='ocr_par' dir='ltr' id='par_1_6' title="bbox 404 622 1684 699">
     <span class='ocr_line' id='line_1_6' title="bbox 404 622 1684 699; baseline -0.002 -14"><span class='ocrx_word' id='word_1_33' title='bbox 404 641 454 685; x_wconf 80' lang='lat' dir='ltr'><strong>ot</strong></span> <span class='ocrx_word' id='word_1_34' title='bbox 489 628 694 699; x_wconf 75' lang='lat' dir='ltr'><strong>pondus</strong></span> <span class='ocrx_word' id='word_1_35' title='bbox 730 627 844 697; x_wconf 86' lang='lat' dir='ltr'><strong>ejus</strong></span> <span class='ocrx_word' id='word_1_36' title='bbox 870 626 1005 696; x_wconf 76' lang='lat' dir='ltr'><strong>ferre</strong></span> <span class='ocrx_word' id='word_1_37' title='bbox 1030 642 1131 680; x_wconf 89' lang='lat' dir='ltr'><strong>non</strong></span> <span class='ocrx_word' id='word_1_38' title='bbox 1159 625 1304 697; x_wconf 90' lang='lat' dir='ltr'><strong>potui</strong></span> <span class='ocrx_word' id='word_1_39' title='bbox 1333 624 1474 698; x_wconf 86' lang='lat' dir='ltr'><strong>(Job.</strong></span> <span class='ocrx_word' id='word_1_40' title='bbox 1504 622 1684 697; x_wconf 67' lang='grc' dir='ltr'>χχιιι).</span> 
     </span>
    </p>
   </div>
   <div class='ocr_carea' id='block_1_7' title="bbox 472 713 1974 785">
    <p class='ocr_par' dir='ltr' id='par_1_7' title="bbox 472 713 1974 785">
     <span class='ocr_line' id='line_1_7' title="bbox 472 713 1974 785; baseline -0.003 -14"><span class='ocrx_word' id='word_1_41' title='bbox 472 716 659 771; x_wconf 59' lang='lat' dir='ltr'><strong>505i.</strong></span> <span class='ocrx_word' id='word_1_42' title='bbox 697 713 1044 785; x_wconf 72' lang='lat' dir='ltr'><strong>Cogitationes</strong></span> <span class='ocrx_word' id='word_1_43' title='bbox 1096 713 1263 769; x_wconf 87' lang='lat' dir='ltr'><strong>malas</strong></span> <span class='ocrx_word' id='word_1_44' title='bbox 1295 715 1440 768; x_wconf 84' lang='lat' dir='ltr'><strong>cordi</strong></span> <span class='ocrx_word' id='word_1_45' title='bbox 1494 731 1587 769; x_wconf 90' lang='lat' dir='ltr'><strong>suo</strong></span> <span class='ocrx_word' id='word_1_46' title='bbox 1617 713 1974 779; x_wconf 76' lang='lat' dir='ltr'><strong>advenientes,</strong></span> 
     </span>
    </p>
   </div>
   <div class='ocr_carea' id='block_1_8' title="bbox 403 804 1983 883">
    <p class='ocr_par' dir='ltr' id='par_1_8' title="bbox 403 804 1983 883">
     <span class='ocr_line' id='line_1_8' title="bbox 403 804 1983 883; baseline -0.006 -16"><span class='ocrx_word' id='word_1_47' title='bbox 403 825 527 867; x_wconf 70' lang='lat' dir='ltr'><strong>mox</strong></span> <span class='ocrx_word' id='word_1_48' title='bbox 562 805 631 863; x_wconf 84' lang='lat' dir='ltr'><strong>ad</strong></span> <span class='ocrx_word' id='word_1_49' title='bbox 657 805 919 863; x_wconf 70' lang='lat' dir='ltr'><strong>Christum</strong></span> <span class='ocrx_word' id='word_1_50' title='bbox 953 804 1169 861; x_wconf 81' lang='lat' dir='ltr'><strong>allidere</strong></span> <span class='ocrx_word' id='word_1_51' title='bbox 1198 822 1217 863; x_wconf 86' lang='lat'><strong>:</strong></span> <span class='ocrx_word' id='word_1_52' title='bbox 1242 815 1289 861; x_wconf 88' lang='lat' dir='ltr'><strong>et</strong></span> <span class='ocrx_word' id='word_1_53' title='bbox 1319 806 1513 860; x_wconf 76' lang='lat' dir='ltr'><strong>seniori</strong></span> <span class='ocrx_word' id='word_1_54' title='bbox 1547 805 1809 876; x_wconf 88' lang='lat' dir='ltr'><strong>spirituali</strong></span> <span class='ocrx_word' id='word_1_55' title='bbox 1834 814 1983 883; x_wconf 49' lang='lat' dir='ltr'><strong>pateg</strong></span> 
     </span>
    </p>
   </div>
   <div class='ocr_carea' id='block_1_9' title="bbox 406 894 1980 967">
    <p class='ocr_par' dir='ltr' id='par_1_9' title="bbox 406 894 1980 967">
     <span class='ocr_line' id='line_1_9' title="bbox 406 894 1980 967; baseline -0.003 -14"><span class='ocrx_word' id='word_1_56' title='bbox 406 897 598 967; x_wconf 75' lang='lat' dir='ltr'><strong>facere.</strong></span> <span class='ocrx_word' id='word_1_57' title='bbox 628 895 768 951; x_wconf 88' lang='lat' dir='ltr'><strong>Sunt</strong></span> <span class='ocrx_word' id='word_1_58' title='bbox 812 894 957 951; x_wconf 87' lang='lat' dir='ltr'><strong>enim</strong></span> <span class='ocrx_word' id='word_1_59' title='bbox 1011 894 1364 966; x_wconf 69' lang='lat' dir='ltr'><strong>cogitationes</strong></span> <span class='ocrx_word' id='word_1_60' title='bbox 1400 903 1742 955; x_wconf 74' lang='lat' dir='ltr'><strong>transeuntes</strong></span> <span class='ocrx_word' id='word_1_61' title='bbox 1767 936 1782 962; x_wconf 92' lang='lat'><strong>,</strong></span> <span class='ocrx_word' id='word_1_62' title='bbox 1826 910 1980 953; x_wconf 65' lang='lat' dir='ltr'><strong>vanae</strong></span> 
     </span>
    </p>
   </div>
   <div class='ocr_carea' id='block_1_10' title="bbox 404 992 1978 1068">
    <p class='ocr_par' dir='ltr' id='par_1_10' title="bbox 404 992 1978 1068">
     <span class='ocr_line' id='line_1_10' title="bbox 404 992 1978 1068; baseline -0.003 -17"><span class='ocrx_word' id='word_1_63' title='bbox 404 1004 569 1068; x_wconf 85' lang='lat' dir='ltr'><strong>atque</strong></span> <span class='ocrx_word' id='word_1_64' title='bbox 611 993 887 1060; x_wconf 59' lang='lat' dir='ltr'><strong>volatum,</strong></span> <span class='ocrx_word' id='word_1_65' title='bbox 932 1008 1053 1064; x_wconf 75' lang='lat' dir='ltr'><strong>qua:</strong></span> <span class='ocrx_word' id='word_1_66' title='bbox 1112 1002 1313 1062; x_wconf 88' lang='lat' dir='ltr'><strong>quanto</strong></span> <span class='ocrx_word' id='word_1_67' title='bbox 1358 992 1614 1049; x_wconf 76' lang='lat' dir='ltr'><strong>velociter</strong></span> <span class='ocrx_word' id='word_1_68' title='bbox 1664 1001 1978 1059; x_wconf 87' lang='lat' dir='ltr'><strong>transeunt,</strong></span> 
     </span>
    </p>
   </div>
   <div class='ocr_carea' id='block_1_11' title="bbox 405 1082 1979 1157">
    <p class='ocr_par' dir='ltr' id='par_1_11' title="bbox 405 1082 1979 1157">
     <span class='ocr_line' id='line_1_11' title="bbox 405 1082 1979 1157; baseline -0.001 -13"><span class='ocrx_word' id='word_1_69' title='bbox 405 1095 557 1144; x_wconf 84' lang='lat' dir='ltr'><strong>tanto</strong></span> <span class='ocrx_word' id='word_1_70' title='bbox 581 1085 759 1145; x_wconf 85' lang='lat' dir='ltr'><strong>minus</strong></span> <span class='ocrx_word' id='word_1_71' title='bbox 778 1084 1101 1157; x_wconf 69' lang='lat' dir='ltr'><strong>cogitantem</strong></span> <span class='ocrx_word' id='word_1_72' title='bbox 1120 1085 1382 1154; x_wconf 81' lang='lat' dir='ltr'><strong>polluant.</strong></span> <span class='ocrx_word' id='word_1_73' title='bbox 1411 1084 1488 1139; x_wconf 88' lang='lat' dir='ltr'><strong>De</strong></span> <span class='ocrx_word' id='word_1_74' title='bbox 1514 1084 1710 1156; x_wconf 78' lang='lat' dir='ltr'><strong>quibus</strong></span> <span class='ocrx_word' id='word_1_75' title='bbox 1726 1082 1979 1143; x_wconf 87' lang='lat' dir='ltr'><strong>Salomon</strong></span> 
     </span>
    </p>
   </div>
   <div class='ocr_carea' id='block_1_12' title="bbox 405 1174 1977 1248">
    <p class='ocr_par' dir='ltr' id='par_1_12' title="bbox 405 1174 1977 1248">
     <span class='ocr_line' id='line_1_12' title="bbox 405 1174 1977 1248; baseline -0.004 -13"><span class='ocrx_word' id='word_1_76' title='bbox 405 1178 515 1235; x_wconf 92' lang='lat' dir='ltr'><strong>ait:</strong></span> <span class='ocrx_word' id='word_1_77' title='bbox 549 1177 613 1235; x_wconf 83' lang='lat' dir='ltr'><strong>Et</strong></span> <span class='ocrx_word' id='word_1_78' title='bbox 656 1177 837 1235; x_wconf 74' lang='lat' dir='ltr'><strong>otiosa:</strong></span> <span class='ocrx_word' id='word_1_79' title='bbox 887 1183 1039 1231; x_wconf 72' lang='lat' dir='ltr'><strong>erunt</strong></span> <span class='ocrx_word' id='word_1_80' title='bbox 1100 1174 1346 1233; x_wconf 82' lang='lat' dir='ltr'><strong>molentes</strong></span> <span class='ocrx_word' id='word_1_81' title='bbox 1404 1175 1462 1231; x_wconf 86' lang='lat' dir='ltr'><strong>in</strong></span> <span class='ocrx_word' id='word_1_82' title='bbox 1519 1176 1719 1229; x_wconf 87' lang='lat' dir='ltr'><strong>minuto</strong></span> <span class='ocrx_word' id='word_1_83' title='bbox 1764 1191 1977 1248; x_wconf 83' lang='lat' dir='ltr'><strong>numero</strong></span> 
     </span>
    </p>
   </div>
   <div class='ocr_carea' id='block_1_13' title="bbox 406 1266 1979 1350">
    <p class='ocr_par' dir='ltr' id='par_1_13' title="bbox 406 1266 1979 1350">
     <span class='ocr_line' id='line_1_13' title="bbox 406 1266 1979 1350; baseline -0.001 -27"><span class='ocrx_word' id='word_1_84' title='bbox 406 1267 630 1341; x_wconf 79' lang='lat' dir='ltr'><strong>(Eccles.</strong></span> <span class='ocrx_word' id='word_1_85' title='bbox 654 1266 777 1338; x_wconf 70' lang='lat' dir='ltr'><strong>xu),</strong></span> <span class='ocrx_word' id='word_1_86' title='bbox 800 1266 854 1325; x_wconf 87' lang='lat' dir='ltr'><strong>id</strong></span> <span class='ocrx_word' id='word_1_87' title='bbox 872 1274 975 1333; x_wconf 83' lang='lat' dir='ltr'><strong>est,</strong></span> <span class='ocrx_word' id='word_1_88' title='bbox 1007 1267 1359 1338; x_wconf 81' lang='lat' dir='ltr'><strong>cogitationes</strong></span> <span class='ocrx_word' id='word_1_89' title='bbox 1393 1282 1515 1339; x_wconf 78' lang='lat' dir='ltr'><strong>qua:</strong></span> <span class='ocrx_word' id='word_1_90' title='bbox 1531 1267 1585 1322; x_wconf 86' lang='lat' dir='ltr'><strong>in</strong></span> <span class='ocrx_word' id='word_1_91' title='bbox 1614 1267 1845 1350; x_wconf 74' lang='lat' dir='ltr'><strong>hominis</strong></span> <span class='ocrx_word' id='word_1_92' title='bbox 1868 1268 1979 1321; x_wconf 88' lang='lat' dir='ltr'><strong>vita</strong></span> 
     </span>
    </p>
   </div>
   <div class='ocr_carea' id='block_1_14' title="bbox 404 1356 1978 1431">
    <p class='ocr_par' dir='ltr' id='par_1_14' title="bbox 404 1356 1978 1431">
     <span class='ocr_line' id='line_1_14' title="bbox 404 1356 1978 1431; baseline -0.001 -19"><span class='ocrx_word' id='word_1_93' title='bbox 404 1357 558 1429; x_wconf 85' lang='lat' dir='ltr'><strong>quasi</strong></span> <span class='ocrx_word' id='word_1_94' title='bbox 590 1356 851 1415; x_wconf 81' lang='lat' dir='ltr'><strong>metentes</strong></span> <span class='ocrx_word' id='word_1_95' title='bbox 883 1356 1171 1415; x_wconf 83' lang='lat' dir='ltr'><strong>volvuntur</strong></span> <span class='ocrx_word' id='word_1_96' title='bbox 1209 1356 1263 1413; x_wconf 91' lang='lat' dir='ltr'><strong>in</strong></span> <span class='ocrx_word' id='word_1_97' title='bbox 1293 1365 1493 1425; x_wconf 81' lang='lat' dir='ltr'><strong>mente,</strong></span> <span class='ocrx_word' id='word_1_98' title='bbox 1527 1363 1582 1413; x_wconf 90' lang='lat' dir='ltr'><strong>et</strong></span> <span class='ocrx_word' id='word_1_99' title='bbox 1603 1365 1835 1431; x_wconf 67' lang='lat' dir='ltr'><strong>exeunte</strong></span> <span class='ocrx_word' id='word_1_100' title='bbox 1862 1356 1978 1413; x_wconf 86' lang='lat' dir='ltr'><strong>ani—</strong></span> 
     </span>
    </p>
   </div>
   <div class='ocr_carea' id='block_1_15' title="bbox 402 1447 1973 1517">
    <p class='ocr_par' dir='ltr' id='par_1_15' title="bbox 402 1447 1973 1517">
     <span class='ocr_line' id='line_1_15' title="bbox 402 1447 1973 1517; baseline 0 -14"><span class='ocrx_word' id='word_1_101' title='bbox 402 1462 494 1504; x_wconf 85' lang='lat' dir='ltr'><strong>ma</strong></span> <span class='ocrx_word' id='word_1_102' title='bbox 528 1463 560 1504; x_wconf 88' lang='lat' dir='ltr'><strong>c</strong></span> <span class='ocrx_word' id='word_1_103' title='bbox 589 1462 813 1517; x_wconf 82' lang='lat' dir='ltr'><strong>corpore</strong></span> <span class='ocrx_word' id='word_1_104' title='bbox 850 1462 1036 1517; x_wconf 64' lang='lat' dir='ltr'><strong>vacuae</strong></span> <span class='ocrx_word' id='word_1_105' title='bbox 1069 1447 1418 1509; x_wconf 85' lang='lat' dir='ltr'><strong>remanebunt</strong></span> <span class='ocrx_word' id='word_1_106' title='bbox 1440 1463 1628 1507; x_wconf 89' lang='lat' dir='ltr'><strong>omnes</strong></span> <span class='ocrx_word' id='word_1_107' title='bbox 1673 1456 1729 1509; x_wconf 81' lang='lat' dir='ltr'><strong>et</strong></span> <span class='ocrx_word' id='word_1_108' title='bbox 1766 1449 1973 1505; x_wconf 63' lang='lat' dir='ltr'><strong>otiosae.</strong></span> 
     </span>
    </p>
   </div>
   <div class='ocr_carea' id='block_1_16' title="bbox 407 1537 1978 1611">
    <p class='ocr_par' dir='ltr' id='par_1_16' title="bbox 407 1537 1978 1611">
     <span class='ocr_line' id='line_1_16' title="bbox 407 1537 1978 1611; baseline 0.001 -17"><span class='ocrx_word' id='word_1_109' title='bbox 407 1538 516 1595; x_wconf 82' lang='lat' dir='ltr'><strong>Has</strong></span> <span class='ocrx_word' id='word_1_110' title='bbox 541 1553 694 1611; x_wconf 75' lang='lat' dir='ltr'><strong>ergo,</strong></span> <span class='ocrx_word' id='word_1_111' title='bbox 722 1537 847 1608; x_wconf 84' lang='lat' dir='ltr'><strong>quia</strong></span> <span class='ocrx_word' id='word_1_112' title='bbox 872 1551 1029 1599; x_wconf 80' lang='lat' dir='ltr'><strong>nemo</strong></span> <span class='ocrx_word' id='word_1_113' title='bbox 1075 1547 1254 1608; x_wconf 91' lang='lat' dir='ltr'><strong>potest</strong></span> <span class='ocrx_word' id='word_1_114' title='bbox 1278 1554 1466 1599; x_wconf 86' lang='lat' dir='ltr'><strong>omnes</strong></span> <span class='ocrx_word' id='word_1_115' title='bbox 1509 1540 1825 1596; x_wconf 86' lang='lat' dir='ltr'><strong>memoriter</strong></span> <span class='ocrx_word' id='word_1_116' title='bbox 1852 1541 1978 1595; x_wconf 87' lang='lat' dir='ltr'><strong>reti-</strong></span> 
     </span>
    </p>
   </div>
   <div class='ocr_carea' id='block_1_17' title="bbox 405 1629 1978 1702">
    <p class='ocr_par' dir='ltr' id='par_1_17' title="bbox 405 1629 1978 1702">
     <span class='ocr_line' id='line_1_17' title="bbox 405 1629 1978 1702; baseline -0.001 -16"><span class='ocrx_word' id='word_1_117' title='bbox 405 1645 556 1697; x_wconf 88' lang='lat' dir='ltr'><strong>nere,</strong></span> <span class='ocrx_word' id='word_1_118' title='bbox 578 1646 687 1686; x_wconf 86' lang='lat' dir='ltr'><strong>nec</strong></span> <span class='ocrx_word' id='word_1_119' title='bbox 703 1630 770 1687; x_wconf 87' lang='lat' dir='ltr'><strong>ab</strong></span> <span class='ocrx_word' id='word_1_120' title='bbox 793 1629 973 1701; x_wconf 88' lang='lat' dir='ltr'><strong>aliquo</strong></span> <span class='ocrx_word' id='word_1_121' title='bbox 996 1645 1230 1702; x_wconf 83' lang='lat' dir='ltr'><strong>unquam</strong></span> <span class='ocrx_word' id='word_1_122' title='bbox 1252 1630 1589 1702; x_wconf 88' lang='lat' dir='ltr'><strong>compellitur</strong></span> <span class='ocrx_word' id='word_1_123' title='bbox 1608 1631 1807 1689; x_wconf 87' lang='lat' dir='ltr'><strong>dicere.</strong></span> <span class='ocrx_word' id='word_1_124' title='bbox 1838 1630 1978 1687; x_wconf 83' lang='lat' dir='ltr'><strong>Sunt</strong></span> 
     </span>
    </p>
   </div>
   <div class='ocr_carea' id='block_1_18' title="bbox 403 1720 1977 1794">
    <p class='ocr_par' dir='ltr' id='par_1_18' title="bbox 403 1720 1977 1794">
     <span class='ocr_line' id='line_1_18' title="bbox 403 1720 1977 1794; baseline 0.001 -17"><span class='ocrx_word' id='word_1_125' title='bbox 403 1735 533 1777; x_wconf 86' lang='lat' dir='ltr'><strong>vero</strong></span> <span class='ocrx_word' id='word_1_126' title='bbox 569 1721 688 1777; x_wconf 81' lang='lat' dir='ltr'><strong>aliae</strong></span> <span class='ocrx_word' id='word_1_127' title='bbox 736 1720 1088 1794; x_wconf 66' lang='lat' dir='ltr'><strong>cogitationes</strong></span> <span class='ocrx_word' id='word_1_128' title='bbox 1132 1721 1308 1781; x_wconf 69' lang='lat' dir='ltr'><strong>noxia:</strong></span> <span class='ocrx_word' id='word_1_129' title='bbox 1328 1760 1346 1791; x_wconf 85' lang='lat'><strong>,</strong></span> <span class='ocrx_word' id='word_1_130' title='bbox 1386 1728 1443 1778; x_wconf 90' lang='lat' dir='ltr'><strong>et</strong></span> <span class='ocrx_word' id='word_1_131' title='bbox 1478 1721 1787 1793; x_wconf 75' lang='lat' dir='ltr'><strong>frequenter</strong></span> <span class='ocrx_word' id='word_1_132' title='bbox 1840 1721 1977 1778; x_wconf 88' lang='lat' dir='ltr'><strong>dele-</strong></span> 
     </span>
    </p>
   </div>
   <div class='ocr_carea' id='block_1_19' title="bbox 2077 536 3650 621">
    <p class='ocr_par' dir='ltr' id='par_1_19' title="bbox 2077 536 3650 621">
     <span class='ocr_line' id='line_1_19' title="bbox 2077 536 3650 621; baseline 0.005 -26"><span class='ocrx_word' id='word_1_133' title='bbox 2077 537 2258 595; x_wconf 82' lang='lat' dir='ltr'><strong>enim:</strong></span> <span class='ocrx_word' id='word_1_134' title='bbox 2294 536 2398 604; x_wconf 89' lang='lat' dir='ltr'><strong>Qui</strong></span> <span class='ocrx_word' id='word_1_135' title='bbox 2421 538 2568 593; x_wconf 83' lang='lat' dir='ltr'><strong>audit</strong></span> <span class='ocrx_word' id='word_1_136' title='bbox 2595 538 2735 594; x_wconf 89' lang='lat' dir='ltr'><strong>dicat</strong></span> <span class='ocrx_word' id='word_1_137' title='bbox 2760 553 2779 591; x_wconf 90' lang='lat'><strong>:</strong></span> <span class='ocrx_word' id='word_1_138' title='bbox 2813 538 2961 603; x_wconf 84' lang='lat' dir='ltr'><strong>Veni,</strong></span> <span class='ocrx_word' id='word_1_139' title='bbox 2990 540 3043 595; x_wconf 89' lang='lat' dir='ltr'><strong>id</strong></span> <span class='ocrx_word' id='word_1_140' title='bbox 3072 552 3172 606; x_wconf 87' lang='lat' dir='ltr'><strong>cst,</strong></span> <span class='ocrx_word' id='word_1_141' title='bbox 3196 543 3438 621; x_wconf 67' lang='lat' dir='ltr'><strong>quisquis</strong></span> <span class='ocrx_word' id='word_1_142' title='bbox 3468 562 3650 619; x_wconf 82' lang='lat' dir='ltr'><strong>mona-</strong></span> 
     </span>
    </p>
   </div>
   <div class='ocr_carea' id='block_1_20' title="bbox 2077 626 3654 706">
    <p class='ocr_par' dir='ltr' id='par_1_20' title="bbox 2077 626 3654 706">
     <span class='ocr_line' id='line_1_20' title="bbox 2077 626 3654 706; baseline 0.006 -25"><span class='ocrx_word' id='word_1_143' title='bbox 2077 626 2303 683; x_wconf 86' lang='lat' dir='ltr'><strong>chorum</strong></span> <span class='ocrx_word' id='word_1_144' title='bbox 2328 628 2597 685; x_wconf 89' lang='lat' dir='ltr'><strong>internum</strong></span> <span class='ocrx_word' id='word_1_145' title='bbox 2625 629 2747 685; x_wconf 83' lang='lat' dir='ltr'><strong>ﬁdei</strong></span> <span class='ocrx_word' id='word_1_146' title='bbox 2775 630 2857 687; x_wconf 85' lang='lat' dir='ltr'><strong>vel</strong></span> <span class='ocrx_word' id='word_1_147' title='bbox 2890 631 3172 689; x_wconf 89' lang='lat' dir='ltr'><strong>eharitatis</strong></span> <span class='ocrx_word' id='word_1_148' title='bbox 3206 634 3385 691; x_wconf 85' lang='lat' dir='ltr'><strong>lumen</strong></span> <span class='ocrx_word' id='word_1_149' title='bbox 3407 637 3654 706; x_wconf 84' lang='lat' dir='ltr'><strong>accipere</strong></span> 
     </span>
    </p>
   </div>
   <div class='ocr_carea' id='block_1_21' title="bbox 2079 716 3650 787">
    <p class='ocr_par' dir='ltr' id='par_1_21' title="bbox 2079 716 3650 787">
     <span class='ocr_line' id='line_1_21' title="bbox 2079 716 3650 787; baseline 0.006 -18"><span class='ocrx_word' id='word_1_150' title='bbox 2079 716 2357 787; x_wconf 84' lang='lat' dir='ltr'><strong>meruerit,</strong></span> <span class='ocrx_word' id='word_1_151' title='bbox 2388 719 2456 773; x_wconf 87' lang='lat' dir='ltr'><strong>ad</strong></span> <span class='ocrx_word' id='word_1_152' title='bbox 2494 719 2597 774; x_wconf 90' lang='lat' dir='ltr'><strong>hoc</strong></span> <span class='ocrx_word' id='word_1_153' title='bbox 2620 727 2676 774; x_wconf 89' lang='lat' dir='ltr'><strong>et</strong></span> <span class='ocrx_word' id='word_1_154' title='bbox 2710 719 2844 777; x_wconf 88' lang='lat' dir='ltr'><strong>alios</strong></span> <span class='ocrx_word' id='word_1_155' title='bbox 2884 721 3113 777; x_wconf 72' lang='lat' dir='ltr'><strong>invitare</strong></span> <span class='ocrx_word' id='word_1_156' title='bbox 3138 738 3242 778; x_wconf 92' lang='lat' dir='ltr'><strong>non</strong></span> <span class='ocrx_word' id='word_1_157' title='bbox 3281 734 3474 780; x_wconf 86' lang='lat' dir='ltr'><strong>cesset.</strong></span> <span class='ocrx_word' id='word_1_158' title='bbox 3529 727 3650 785; x_wconf 86' lang='lat' dir='ltr'><strong>Ideo</strong></span> 
     </span>
    </p>
   </div>
   <div class='ocr_carea' id='block_1_22' title="bbox 2078 808 3653 884">
    <p class='ocr_par' dir='ltr' id='par_1_22' title="bbox 2078 808 3653 884">
     <span class='ocr_line' id='line_1_22' title="bbox 2078 808 3653 884; baseline 0.008 -26"><span class='ocrx_word' id='word_1_159' title='bbox 2078 812 2255 873; x_wconf 86' lang='lat' dir='ltr'><strong>autem</strong></span> <span class='ocrx_word' id='word_1_160' title='bbox 2283 821 2345 861; x_wconf 90' lang='lat' dir='ltr'><strong>os</strong></span> <span class='ocrx_word' id='word_1_161' title='bbox 2371 816 2612 861; x_wconf 87' lang='lat' dir='ltr'><strong>nostrum</strong></span> <span class='ocrx_word' id='word_1_162' title='bbox 2644 823 2675 863; x_wconf 89' lang='lat' dir='ltr'><strong>a</strong></span> <span class='ocrx_word' id='word_1_163' title='bbox 2715 808 2855 864; x_wconf 87' lang='lat' dir='ltr'><strong>malo</strong></span> <span class='ocrx_word' id='word_1_164' title='bbox 2902 810 2983 869; x_wconf 87' lang='lat' dir='ltr'><strong>vel</strong></span> <span class='ocrx_word' id='word_1_165' title='bbox 3021 826 3186 881; x_wconf 87' lang='lat' dir='ltr'><strong>pravo</strong></span> <span class='ocrx_word' id='word_1_166' title='bbox 3212 812 3424 884; x_wconf 85' lang='lat' dir='ltr'><strong>eloquio</strong></span> <span class='ocrx_word' id='word_1_167' title='bbox 3473 826 3653 873; x_wconf 78' lang='lat' dir='ltr'><strong>custo-</strong></span> 
     </span>
    </p>
   </div>
   <div class='ocr_carea' id='block_1_23' title="bbox 2079 894 3653 971">
    <p class='ocr_par' dir='ltr' id='par_1_23' title="bbox 2079 894 3653 971">
     <span class='ocr_line' id='line_1_23' title="bbox 2079 894 3653 971; baseline 0.009 -24"><span class='ocrx_word' id='word_1_168' title='bbox 2079 894 2196 949; x_wconf 85' lang='lat' dir='ltr'><strong>dire</strong></span> <span class='ocrx_word' id='word_1_169' title='bbox 2224 896 2499 963; x_wconf 88' lang='lat' dir='ltr'><strong>debemus,</strong></span> <span class='ocrx_word' id='word_1_170' title='bbox 2536 912 2730 971; x_wconf 19' lang='lat' dir='ltr'><strong>neruos</strong></span> <span class='ocrx_word' id='word_1_171' title='bbox 2765 898 2914 969; x_wconf 87' lang='lat' dir='ltr'><strong>prius</strong></span> <span class='ocrx_word' id='word_1_172' title='bbox 2962 914 3073 955; x_wconf 62' lang='lat' dir='ltr'><strong>suae</strong></span> <span class='ocrx_word' id='word_1_173' title='bbox 3100 901 3318 961; x_wconf 63' lang='lat' dir='ltr'><strong>malitiae</strong></span> <span class='ocrx_word' id='word_1_174' title='bbox 3347 920 3550 960; x_wconf 80' lang='lat' dir='ltr'><strong>veneno</strong></span> <span class='ocrx_word' id='word_1_175' title='bbox 3573 906 3653 961; x_wconf 91' lang='lat' dir='ltr'><strong>in-</strong></span> 
     </span>
    </p>
   </div>
   <div class='ocr_carea' id='block_1_24' title="bbox 2079 981 3652 1054">
    <p class='ocr_par' dir='ltr' id='par_1_24' title="bbox 2079 981 3652 1054">
     <span class='ocr_line' id='line_1_24' title="bbox 2079 981 3652 1054; baseline 0.006 -17"><span class='ocrx_word' id='word_1_176' title='bbox 2079 981 2244 1048; x_wconf 82' lang='lat' dir='ltr'><strong>ﬁciat,</strong></span> <span class='ocrx_word' id='word_1_177' title='bbox 2277 993 2333 1039; x_wconf 88' lang='lat' dir='ltr'><strong>et</strong></span> <span class='ocrx_word' id='word_1_178' title='bbox 2358 986 2698 1054; x_wconf 86' lang='lat' dir='ltr'><strong>postmodum</strong></span> <span class='ocrx_word' id='word_1_179' title='bbox 2735 987 2789 1049; x_wconf 86' lang='lat' dir='ltr'><strong>in</strong></span> <span class='ocrx_word' id='word_1_180' title='bbox 2843 987 2979 1043; x_wconf 90' lang='lat' dir='ltr'><strong>alios</strong></span> <span class='ocrx_word' id='word_1_181' title='bbox 3008 989 3343 1047; x_wconf 75' lang='lat' dir='ltr'><strong>mortiferum</strong></span> <span class='ocrx_word' id='word_1_182' title='bbox 3377 993 3523 1049; x_wconf 83' lang='lat' dir='ltr'><strong>virus</strong></span> <span class='ocrx_word' id='word_1_183' title='bbox 3551 995 3652 1049; x_wconf 81' lang='lat' dir='ltr'><strong>dif-</strong></span> 
     </span>
    </p>
   </div>
   <div class='ocr_carea' id='block_1_25' title="bbox 2079 1073 3649 1165">
    <p class='ocr_par' dir='ltr' id='par_1_25' title="bbox 2079 1073 3649 1165">
     <span class='ocr_line' id='line_1_25' title="bbox 2079 1073 3649 1165; baseline 0.007 -37"><span class='ocrx_word' id='word_1_184' title='bbox 2079 1073 2284 1131; x_wconf 80' lang='lat' dir='ltr'><strong>fundat.</strong></span> <span class='ocrx_word' id='word_1_185' title='bbox 2317 1076 2585 1149; x_wconf 82' lang='lat' dir='ltr'><strong>Scriptum</strong></span> <span class='ocrx_word' id='word_1_186' title='bbox 2634 1088 2718 1137; x_wconf 84' lang='lat' dir='ltr'><strong>cst</strong></span> <span class='ocrx_word' id='word_1_187' title='bbox 2763 1080 2944 1137; x_wconf 85' lang='lat' dir='ltr'><strong>enim:</strong></span> <span class='ocrx_word' id='word_1_188' title='bbox 2977 1080 3203 1165; x_wconf 70' lang='lat' dir='ltr'><strong>Flagelli</strong></span> <span class='ocrx_word' id='word_1_189' title='bbox 3250 1082 3408 1155; x_wconf 80' lang='lat' dir='ltr'><strong>plaga</strong></span> <span class='ocrx_word' id='word_1_190' title='bbox 3437 1084 3649 1140; x_wconf 80' lang='lat' dir='ltr'><strong>livorem</strong></span> 
     </span>
    </p>
   </div>
   <div class='ocr_carea' id='block_1_26' title="bbox 2078 1166 3654 1246">
    <p class='ocr_par' dir='ltr' id='par_1_26' title="bbox 2078 1166 3654 1246">
     <span class='ocr_line' id='line_1_26' title="bbox 2078 1166 3654 1246; baseline 0.008 -24"><span class='ocrx_word' id='word_1_191' title='bbox 2078 1166 2203 1236; x_wconf 80' lang='lat' dir='ltr'><strong>facit</strong></span> <span class='ocrx_word' id='word_1_192' title='bbox 2233 1168 2421 1239; x_wconf 75' lang='lat' dir='ltr'><strong>(Eccli.</strong></span> <span class='ocrx_word' id='word_1_193' title='bbox 2451 1171 2663 1243; x_wconf 79' lang='lat' dir='ltr'><strong>xxvm).</strong></span> <span class='ocrx_word' id='word_1_194' title='bbox 2694 1172 2855 1242; x_wconf 82' lang='lat' dir='ltr'><strong>Plaga</strong></span> <span class='ocrx_word' id='word_1_195' title='bbox 2885 1181 3065 1231; x_wconf 86' lang='lat' dir='ltr'><strong>autem</strong></span> <span class='ocrx_word' id='word_1_196' title='bbox 3111 1174 3301 1246; x_wconf 72' lang='lat' dir='ltr'><strong>lingum</strong></span> <span class='ocrx_word' id='word_1_197' title='bbox 3336 1166 3654 1235; x_wconf 75' lang='lat' dir='ltr'><strong>comminuit</strong></span> 
     </span>
    </p>
   </div>
   <div class='ocr_carea' id='block_1_27' title="bbox 2077 1250 3653 1336">
    <p class='ocr_par' dir='ltr' id='par_1_27' title="bbox 2077 1250 3653 1336">
     <span class='ocr_line' id='line_1_27' title="bbox 2077 1250 3653 1336; baseline 0.01 -26"><span class='ocrx_word' id='word_1_198' title='bbox 2077 1272 2220 1315; x_wconf 88' lang='lat' dir='ltr'><strong>ossa.</strong></span> <span class='ocrx_word' id='word_1_199' title='bbox 2247 1257 2413 1335; x_wconf 78' lang='lat' dir='ltr'><strong>Plena</strong></span> <span class='ocrx_word' id='word_1_200' title='bbox 2442 1270 2516 1316; x_wconf 87' lang='lat' dir='ltr'><strong>est</strong></span> <span class='ocrx_word' id='word_1_201' title='bbox 2551 1262 2716 1326; x_wconf 85' lang='lat' dir='ltr'><strong>enim,</strong></span> <span class='ocrx_word' id='word_1_202' title='bbox 2743 1250 2801 1318; x_wconf 83' lang='lat' dir='ltr'><strong>ut</strong></span> <span class='ocrx_word' id='word_1_203' title='bbox 2830 1263 3061 1320; x_wconf 83' lang='lat' dir='ltr'><strong>Jacobus</strong></span> <span class='ocrx_word' id='word_1_204' title='bbox 3108 1266 3383 1336; x_wconf 70' lang='lat' dir='ltr'><strong>apostolus</strong></span> <span class='ocrx_word' id='word_1_205' title='bbox 3422 1269 3528 1334; x_wconf 85' lang='lat' dir='ltr'><strong>ait,</strong></span> <span class='ocrx_word' id='word_1_206' title='bbox 3570 1286 3653 1325; x_wconf 78' lang='lat' dir='ltr'><strong>ve-</strong></span> 
     </span>
    </p>
   </div>
   <div class='ocr_carea' id='block_1_28' title="bbox 2079 1349 3652 1425">
    <p class='ocr_par' dir='ltr' id='par_1_28' title="bbox 2079 1349 3652 1425">
     <span class='ocr_line' id='line_1_28' title="bbox 2079 1349 3652 1425; baseline 0.01 -25"><span class='ocrx_word' id='word_1_207' title='bbox 2079 1364 2209 1401; x_wconf 84' lang='lat' dir='ltr'><strong>neno</strong></span> <span class='ocrx_word' id='word_1_208' title='bbox 2234 1349 2503 1419; x_wconf 76' lang='lat' dir='ltr'><strong>mortifero</strong></span> <span class='ocrx_word' id='word_1_209' title='bbox 2528 1349 2707 1422; x_wconf 74' lang='lat' dir='ltr'><strong>lingua</strong></span> <span class='ocrx_word' id='word_1_210' title='bbox 2741 1351 2948 1424; x_wconf 78' lang='lat' dir='ltr'><strong>(Iacob.</strong></span> <span class='ocrx_word' id='word_1_211' title='bbox 2976 1356 3092 1425; x_wconf 79' lang='lat' dir='ltr'><strong>tu);</strong></span> <span class='ocrx_word' id='word_1_212' title='bbox 3121 1363 3175 1411; x_wconf 90' lang='lat' dir='ltr'><strong>et</strong></span> <span class='ocrx_word' id='word_1_213' title='bbox 3197 1356 3316 1412; x_wconf 83' lang='lat' dir='ltr'><strong>ideo</strong></span> <span class='ocrx_word' id='word_1_214' title='bbox 3341 1360 3652 1416; x_wconf 86' lang='lat' dir='ltr'><strong>cautissime</strong></span> 
     </span>
    </p>
   </div>
   <div class='ocr_carea' id='block_1_29' title="bbox 2077 1440 3655 1516">
    <p class='ocr_par' dir='ltr' id='par_1_29' title="bbox 2077 1440 3655 1516">
     <span class='ocr_line' id='line_1_29' title="bbox 2077 1440 3655 1516; baseline 0.007 -22"><span class='ocrx_word' id='word_1_215' title='bbox 2077 1440 2333 1495; x_wconf 85' lang='lat' dir='ltr'><strong>debemus</strong></span> <span class='ocrx_word' id='word_1_216' title='bbox 2378 1442 2649 1497; x_wconf 79' lang='lat' dir='ltr'><strong>Custodire</strong></span> <span class='ocrx_word' id='word_1_217' title='bbox 2678 1441 2843 1498; x_wconf 84' lang='lat' dir='ltr'><strong>illam.</strong></span> <span class='ocrx_word' id='word_1_218' title='bbox 2887 1444 3155 1515; x_wconf 83' lang='lat' dir='ltr'><strong>Scriptum</strong></span> <span class='ocrx_word' id='word_1_219' title='bbox 3201 1456 3285 1503; x_wconf 90' lang='lat' dir='ltr'><strong>est</strong></span> <span class='ocrx_word' id='word_1_220' title='bbox 3325 1450 3511 1504; x_wconf 87' lang='lat' dir='ltr'><strong>enim:</strong></span> <span class='ocrx_word' id='word_1_221' title='bbox 3549 1450 3655 1516; x_wconf 86' lang='lat' dir='ltr'><strong>Qui</strong></span> 
     </span>
    </p>
   </div>
   <div class='ocr_carea' id='block_1_30' title="bbox 2078 1530 3651 1609">
    <p class='ocr_par' dir='ltr' id='par_1_30' title="bbox 2078 1530 3651 1609">
     <span class='ocr_line' id='line_1_30' title="bbox 2078 1530 3651 1609; baseline 0.008 -26"><span class='ocrx_word' id='word_1_222' title='bbox 2078 1530 2304 1584; x_wconf 73' lang='lat' dir='ltr'><strong>custodit</strong></span> <span class='ocrx_word' id='word_1_223' title='bbox 2341 1546 2398 1585; x_wconf 89' lang='lat' dir='ltr'><strong>os</strong></span> <span class='ocrx_word' id='word_1_224' title='bbox 2423 1546 2599 1597; x_wconf 88' lang='lat' dir='ltr'><strong>suum,</strong></span> <span class='ocrx_word' id='word_1_225' title='bbox 2622 1533 2846 1586; x_wconf 79' lang='lat' dir='ltr'><strong>custodit</strong></span> <span class='ocrx_word' id='word_1_226' title='bbox 2868 1534 3101 1588; x_wconf 86' lang='lat' dir='ltr'><strong>animam</strong></span> <span class='ocrx_word' id='word_1_227' title='bbox 3130 1553 3282 1591; x_wconf 88' lang='lat' dir='ltr'><strong>suam</strong></span> <span class='ocrx_word' id='word_1_228' title='bbox 3300 1554 3320 1605; x_wconf 88' lang='lat'><strong><em>;</em></strong></span> <span class='ocrx_word' id='word_1_229' title='bbox 3360 1541 3448 1609; x_wconf 86' lang='lat' dir='ltr'><strong>qui</strong></span> <span class='ocrx_word' id='word_1_230' title='bbox 3478 1551 3651 1595; x_wconf 86' lang='lat' dir='ltr'><strong>autem</strong></span> 
     </span>
    </p>
   </div>
   <div class='ocr_carea' id='block_1_31' title="bbox 2076 1618 3651 1702">
    <p class='ocr_par' dir='ltr' id='par_1_31' title="bbox 2076 1618 3651 1702">
     <span class='ocr_line' id='line_1_31' title="bbox 2076 1618 3651 1702; baseline 0.009 -30"><span class='ocrx_word' id='word_1_231' title='bbox 2076 1618 2490 1674; x_wconf 83' lang='lat' dir='ltr'><strong>inconsideratus</strong></span> <span class='ocrx_word' id='word_1_232' title='bbox 2504 1629 2580 1674; x_wconf 82' lang='lat' dir='ltr'><strong>est</strong></span> <span class='ocrx_word' id='word_1_233' title='bbox 2604 1620 2673 1675; x_wconf 89' lang='lat' dir='ltr'><strong>ad</strong></span> <span class='ocrx_word' id='word_1_234' title='bbox 2698 1620 3034 1693; x_wconf 82' lang='lat' dir='ltr'><strong>loquendum,</strong></span> <span class='ocrx_word' id='word_1_235' title='bbox 3047 1627 3231 1680; x_wconf 82' lang='lat' dir='ltr'><strong>sentiet</strong></span> <span class='ocrx_word' id='word_1_236' title='bbox 3250 1627 3447 1682; x_wconf 87' lang='lat' dir='ltr'><strong>malum</strong></span> <span class='ocrx_word' id='word_1_237' title='bbox 3468 1628 3651 1702; x_wconf 84' lang='lat' dir='ltr'><strong>(Prov.</strong></span> 
     </span>
    </p>
   </div>
   <div class='ocr_carea' id='block_1_32' title="bbox 2078 1707 3653 1791">
    <p class='ocr_par' dir='ltr' id='par_1_32' title="bbox 2078 1707 3653 1791">
     <span class='ocr_line' id='line_1_32' title="bbox 2078 1707 3653 1791; baseline 0.008 -28"><span class='ocrx_word' id='word_1_238' title='bbox 2078 1707 2220 1782; x_wconf 79' lang='lat' dir='ltr'><strong>xm).</strong></span> <span class='ocrx_word' id='word_1_239' title='bbox 2254 1708 2449 1764; x_wconf 79' lang='lat' dir='ltr'><strong>Malum</strong></span> <span class='ocrx_word' id='word_1_240' title='bbox 2475 1710 2593 1769; x_wconf 84' lang='lat' dir='ltr'><strong>sine</strong></span> <span class='ocrx_word' id='word_1_241' title='bbox 2620 1710 2784 1768; x_wconf 89' lang='lat' dir='ltr'><strong>dubio</strong></span> <span class='ocrx_word' id='word_1_242' title='bbox 2833 1714 3029 1770; x_wconf 84' lang='lat' dir='ltr'><strong>sentiet</strong></span> <span class='ocrx_word' id='word_1_243' title='bbox 3067 1715 3121 1770; x_wconf 90' lang='lat' dir='ltr'><strong>in</strong></span> <span class='ocrx_word' id='word_1_244' title='bbox 3148 1714 3365 1783; x_wconf 82' lang='lat' dir='ltr'><strong>futuro,</strong></span> <span class='ocrx_word' id='word_1_245' title='bbox 3411 1719 3501 1791; x_wconf 88' lang='lat' dir='ltr'><strong>qui</strong></span> <span class='ocrx_word' id='word_1_246' title='bbox 3528 1719 3653 1775; x_wconf 88' lang='lat' dir='ltr'><strong>dum</strong></span> 
     </span>
    </p>
   </div>
   <div class='ocr_carea' id='block_1_33' title="bbox 404 1800 3650 1886">
    <p class='ocr_par' dir='ltr' id='par_1_33' title="bbox 404 1800 3650 1886">
     <span class='ocr_line' id='line_1_33' title="bbox 404 1800 3650 1886; baseline 0.004 -31"><span class='ocrx_word' id='word_1_247' title='bbox 404 1821 552 1869; x_wconf 63' lang='lat' dir='ltr'><strong>cum</strong></span> <span class='ocrx_word' id='word_1_248' title='bbox 580 1812 844 1879; x_wconf 56' lang='lat' dir='ltr'><strong>animum,</strong></span> <span class='ocrx_word' id='word_1_249' title='bbox 874 1820 929 1885; x_wconf 57' lang='lat' dir='ltr'><strong>et</strong></span> <span class='ocrx_word' id='word_1_250' title='bbox 978 1826 1099 1883; x_wconf 58' lang='lat' dir='ltr'><strong>eum</strong></span> <span class='ocrx_word' id='word_1_251' title='bbox 1137 1828 1357 1873; x_wconf 73' lang='lat' dir='ltr'><strong>suasum</strong></span> <span class='ocrx_word' id='word_1_252' title='bbox 1398 1812 1585 1873; x_wconf 69' lang='grc' dir='ltr'>γοιιιηι</span> <span class='ocrx_word' id='word_1_253' title='bbox 1626 1828 1870 1886; x_wconf 67' lang='lat' dir='ltr'><strong>mergere</strong></span> <span class='ocrx_word' id='word_1_254' title='bbox 1921 1814 1977 1873; x_wconf 80' lang='lat' dir='ltr'><strong>in</strong></span> <span class='ocrx_word' id='word_1_255' title='bbox 2005 1800 2052 1861; x_wconf 89' lang='lat' dir='ltr'><strong>B</strong></span> <span class='ocrx_word' id='word_1_256' title='bbox 2079 1802 2213 1859; x_wconf 81' lang='lat' dir='ltr'><strong>vivit</strong></span> <span class='ocrx_word' id='word_1_257' title='bbox 2248 1804 2518 1863; x_wconf 86' lang='lat' dir='ltr'><strong>seminare</strong></span> <span class='ocrx_word' id='word_1_258' title='bbox 2542 1820 2649 1861; x_wconf 88' lang='lat' dir='ltr'><strong>non</strong></span> <span class='ocrx_word' id='word_1_259' title='bbox 2674 1816 2850 1875; x_wconf 83' lang='lat' dir='ltr'><strong>cessat</strong></span> <span class='ocrx_word' id='word_1_260' title='bbox 2871 1808 3204 1865; x_wconf 88' lang='lat' dir='ltr'><strong>scandalum.</strong></span> <span class='ocrx_word' id='word_1_261' title='bbox 3232 1810 3372 1867; x_wconf 81' lang='lat' dir='ltr'><strong>Hinc</strong></span> <span class='ocrx_word' id='word_1_262' title='bbox 3399 1811 3650 1867; x_wconf 88' lang='lat' dir='ltr'><strong>Salomon</strong></span> 
     </span>
    </p>
   </div>
   <div class='ocr_carea' id='block_1_34' title="bbox 401 1901 1979 1981">
    <p class='ocr_par' dir='ltr' id='par_1_34' title="bbox 401 1901 1979 1981">
     <span class='ocr_line' id='line_1_34' title="bbox 401 1901 1979 1981; baseline 0.001 -24"><span class='ocrx_word' id='word_1_263' title='bbox 401 1911 700 1981; x_wconf 67' lang='lat' dir='ltr'><strong>peccatum.</strong></span> <span class='ocrx_word' id='word_1_264' title='bbox 731 1903 868 1961; x_wconf 84' lang='lat' dir='ltr'><strong>llinc</strong></span> <span class='ocrx_word' id='word_1_265' title='bbox 915 1901 1168 1961; x_wconf 84' lang='lat' dir='ltr'><strong>Salomon</strong></span> <span class='ocrx_word' id='word_1_266' title='bbox 1194 1903 1306 1960; x_wconf 86' lang='lat' dir='ltr'><strong>ait:</strong></span> <span class='ocrx_word' id='word_1_267' title='bbox 1342 1903 1599 1976; x_wconf 85' lang='lat' dir='ltr'><strong>Cogitatio</strong></span> <span class='ocrx_word' id='word_1_268' title='bbox 1624 1905 1770 1961; x_wconf 84' lang='lat' dir='ltr'><strong>stulti</strong></span> <span class='ocrx_word' id='word_1_269' title='bbox 1796 1922 1979 1976; x_wconf 75' lang='lat' dir='ltr'><strong>pecca-</strong></span> 
     </span>
    </p>
   </div>
   <div class='ocr_carea' id='block_1_35' title="bbox 403 1990 1977 2065">
    <p class='ocr_par' dir='ltr' id='par_1_35' title="bbox 403 1990 1977 2065">
     <span class='ocr_line' id='line_1_35' title="bbox 403 1990 1977 2065; baseline 0.001 -18"><span class='ocrx_word' id='word_1_270' title='bbox 403 2002 514 2048; x_wconf 89' lang='lat' dir='ltr'><strong>tum</strong></span> <span class='ocrx_word' id='word_1_271' title='bbox 541 2002 617 2049; x_wconf 88' lang='lat' dir='ltr'><strong>est</strong></span> <span class='ocrx_word' id='word_1_272' title='bbox 646 1990 826 2065; x_wconf 83' lang='lat' dir='ltr'><strong>(Prov.</strong></span> <span class='ocrx_word' id='word_1_273' title='bbox 851 1993 1020 2064; x_wconf 79' lang='lat' dir='ltr'><strong>xxtv).</strong></span> <span class='ocrx_word' id='word_1_274' title='bbox 1069 1994 1208 2050; x_wconf 85' lang='lat' dir='ltr'><strong>Hinc</strong></span> <span class='ocrx_word' id='word_1_275' title='bbox 1236 1995 1428 2051; x_wconf 82' lang='lat' dir='ltr'><strong>iterum</strong></span> <span class='ocrx_word' id='word_1_276' title='bbox 1458 1995 1618 2051; x_wconf 80' lang='lat' dir='ltr'><strong>diett:</strong></span> <span class='ocrx_word' id='word_1_277' title='bbox 1648 1995 1977 2051; x_wconf 78' lang='lat' dir='ltr'><strong>Abominatio</strong></span> 
     </span>
    </p>
   </div>
   <div class='ocr_carea' id='block_1_36' title="bbox 406 2074 1977 2157">
    <p class='ocr_par' dir='ltr' id='par_1_36' title="bbox 406 2074 1977 2157">
     <span class='ocr_line' id='line_1_36' title="bbox 406 2074 1977 2157; baseline 0.002 -22"><span class='ocrx_word' id='word_1_278' title='bbox 406 2074 503 2136; x_wconf 86' lang='lat' dir='ltr'><strong>Dei</strong></span> <span class='ocrx_word' id='word_1_279' title='bbox 535 2082 871 2153; x_wconf 85' lang='lat' dir='ltr'><strong>cogitationes</strong></span> <span class='ocrx_word' id='word_1_280' title='bbox 900 2082 1054 2137; x_wconf 71' lang='lat' dir='ltr'><strong>mala:</strong></span> <span class='ocrx_word' id='word_1_281' title='bbox 1076 2123 1093 2149; x_wconf 92' lang='lat'><strong>,</strong></span> <span class='ocrx_word' id='word_1_282' title='bbox 1134 2094 1183 2139; x_wconf 83' lang='lat' dir='ltr'><strong>et</strong></span> <span class='ocrx_word' id='word_1_283' title='bbox 1211 2101 1375 2155; x_wconf 81' lang='lat' dir='ltr'><strong>purus</strong></span> <span class='ocrx_word' id='word_1_284' title='bbox 1408 2100 1577 2140; x_wconf 83' lang='lat' dir='ltr'><strong>sermo</strong></span> <span class='ocrx_word' id='word_1_285' title='bbox 1596 2084 1977 2157; x_wconf 83' lang='lat' dir='ltr'><strong>pulcherrimus</strong></span> 
     </span>
    </p>
   </div>
   <div class='ocr_carea' id='block_1_37' title="bbox 405 2169 1976 2246">
    <p class='ocr_par' dir='ltr' id='par_1_37' title="bbox 405 2169 1976 2246">
     <span class='ocr_line' id='line_1_37' title="bbox 405 2169 1976 2246; baseline 0.003 -22"><span class='ocrx_word' id='word_1_286' title='bbox 405 2169 587 2243; x_wconf 74' lang='lat' dir='ltr'><strong>(Prov.</strong></span> <span class='ocrx_word' id='word_1_287' title='bbox 612 2171 722 2242; x_wconf 82' lang='lat' dir='ltr'><strong>xv).</strong></span> <span class='ocrx_word' id='word_1_288' title='bbox 755 2171 900 2241; x_wconf 85' lang='lat' dir='ltr'><strong>Quas</strong></span> <span class='ocrx_word' id='word_1_289' title='bbox 931 2188 1029 2228; x_wconf 91' lang='lat' dir='ltr'><strong>nos</strong></span> <span class='ocrx_word' id='word_1_290' title='bbox 1063 2174 1416 2246; x_wconf 75' lang='lat' dir='ltr'><strong>cogitationes</strong></span> <span class='ocrx_word' id='word_1_291' title='bbox 1440 2174 1632 2237; x_wconf 86' lang='lat' dir='ltr'><strong>beatus</strong></span> <span class='ocrx_word' id='word_1_292' title='bbox 1653 2174 1976 2231; x_wconf 86' lang='lat' dir='ltr'><strong>Benedictus</strong></span> 
     </span>
    </p>
   </div>
   <div class='ocr_carea' id='block_1_38' title="bbox 405 2262 1981 2333">
    <p class='ocr_par' dir='ltr' id='par_1_38' title="bbox 405 2262 1981 2333">
     <span class='ocr_line' id='line_1_38' title="bbox 405 2262 1981 2333; baseline 0.003 -17"><span class='ocrx_word' id='word_1_293' title='bbox 405 2278 512 2318; x_wconf 87' lang='lat' dir='ltr'><strong>non</strong></span> <span class='ocrx_word' id='word_1_294' title='bbox 543 2262 598 2317; x_wconf 89' lang='lat' dir='ltr'><strong>in</strong></span> <span class='ocrx_word' id='word_1_295' title='bbox 622 2264 801 2320; x_wconf 84' lang='lat' dir='ltr'><strong>cordis</strong></span> <span class='ocrx_word' id='word_1_296' title='bbox 829 2265 951 2321; x_wconf 86' lang='lat' dir='ltr'><strong>sinu</strong></span> <span class='ocrx_word' id='word_1_297' title='bbox 982 2266 1334 2333; x_wconf 82' lang='lat' dir='ltr'><strong>abscondere,</strong></span> <span class='ocrx_word' id='word_1_298' title='bbox 1366 2267 1461 2321; x_wconf 79' lang='lat' dir='ltr'><strong>sed</strong></span> <span class='ocrx_word' id='word_1_299' title='bbox 1489 2267 1556 2323; x_wconf 88' lang='lat' dir='ltr'><strong>ad</strong></span> <span class='ocrx_word' id='word_1_300' title='bbox 1596 2266 1871 2323; x_wconf 88' lang='lat' dir='ltr'><strong>Christum</strong></span> <span class='ocrx_word' id='word_1_301' title='bbox 1901 2266 1981 2321; x_wconf 83' lang='lat' dir='ltr'><strong>al-</strong></span> 
     </span>
    </p>
   </div>
   <div class='ocr_carea' id='block_1_39' title="bbox 405 2350 1978 2434">
    <p class='ocr_par' dir='ltr' id='par_1_39' title="bbox 405 2350 1978 2434">
     <span class='ocr_line' id='line_1_39' title="bbox 405 2350 1978 2434; baseline 0.004 -28"><span class='ocrx_word' id='word_1_302' title='bbox 405 2350 591 2419; x_wconf 87' lang='lat' dir='ltr'><strong>lidere,</strong></span> <span class='ocrx_word' id='word_1_303' title='bbox 616 2361 667 2408; x_wconf 87' lang='lat' dir='ltr'><strong>et</strong></span> <span class='ocrx_word' id='word_1_304' title='bbox 696 2353 842 2409; x_wconf 84' lang='lat' dir='ltr'><strong>Patri</strong></span> <span class='ocrx_word' id='word_1_305' title='bbox 865 2355 1103 2431; x_wconf 72' lang='lat' dir='ltr'><strong>spiritali</strong></span> <span class='ocrx_word' id='word_1_306' title='bbox 1131 2358 1451 2431; x_wconf 86' lang='lat' dir='ltr'><strong>adhortatur</strong></span> <span class='ocrx_word' id='word_1_307' title='bbox 1475 2355 1798 2434; x_wconf 74' lang='lat' dir='ltr'><strong>patefacere.</strong></span> <span class='ocrx_word' id='word_1_308' title='bbox 1832 2356 1978 2413; x_wconf 89' lang='lat' dir='ltr'><strong>Scri-</strong></span> 
     </span>
    </p>
   </div>
   <div class='ocr_carea' id='block_1_40' title="bbox 406 2442 1978 2512">
    <p class='ocr_par' dir='ltr' id='par_1_40' title="bbox 406 2442 1978 2512">
     <span class='ocr_line' id='line_1_40' title="bbox 406 2442 1978 2512; baseline 0.004 -19"><span class='ocrx_word' id='word_1_309' title='bbox 406 2447 553 2508; x_wconf 83' lang='lat' dir='ltr'><strong>ptum</strong></span> <span class='ocrx_word' id='word_1_310' title='bbox 585 2450 667 2498; x_wconf 88' lang='lat' dir='ltr'><strong>est</strong></span> <span class='ocrx_word' id='word_1_311' title='bbox 696 2442 840 2501; x_wconf 87' lang='lat' dir='ltr'><strong>enim</strong></span> <span class='ocrx_word' id='word_1_312' title='bbox 868 2459 882 2497; x_wconf 92' lang='lat'><strong>:</strong></span> <span class='ocrx_word' id='word_1_313' title='bbox 924 2442 1027 2509; x_wconf 90' lang='lat' dir='ltr'><strong>Qui</strong></span> <span class='ocrx_word' id='word_1_314' title='bbox 1059 2443 1327 2505; x_wconf 78' lang='lat' dir='ltr'><strong>abscondit</strong></span> <span class='ocrx_word' id='word_1_315' title='bbox 1350 2445 1545 2501; x_wconf 86' lang='lat' dir='ltr'><strong>scelera</strong></span> <span class='ocrx_word' id='word_1_316' title='bbox 1571 2463 1688 2512; x_wconf 82' lang='lat' dir='ltr'><strong>sua,</strong></span> <span class='ocrx_word' id='word_1_317' title='bbox 1718 2464 1822 2502; x_wconf 84' lang='lat' dir='ltr'><strong>non</strong></span> <span class='ocrx_word' id='word_1_318' title='bbox 1849 2446 1978 2500; x_wconf 87' lang='lat' dir='ltr'><strong>diri-</strong></span> 
     </span>
    </p>
   </div>
   <div class='ocr_carea' id='block_1_41' title="bbox 403 2532 1980 2607">
    <p class='ocr_par' dir='ltr' id='par_1_41' title="bbox 403 2532 1980 2607">
     <span class='ocr_line' id='line_1_41' title="bbox 403 2532 1980 2607; baseline 0.002 -23"><span class='ocrx_word' id='word_1_319' title='bbox 403 2539 584 2601; x_wconf 76' lang='lat' dir='ltr'><strong>getur;</strong></span> <span class='ocrx_word' id='word_1_320' title='bbox 603 2532 692 2604; x_wconf 83' lang='lat' dir='ltr'><strong>qui</strong></span> <span class='ocrx_word' id='word_1_321' title='bbox 724 2542 897 2595; x_wconf 82' lang='lat' dir='ltr'><strong>autem</strong></span> <span class='ocrx_word' id='word_1_322' title='bbox 926 2533 1191 2604; x_wconf 80' lang='lat' dir='ltr'><strong>confessus</strong></span> <span class='ocrx_word' id='word_1_323' title='bbox 1225 2534 1383 2607; x_wconf 78' lang='lat' dir='ltr'><strong>fuerit</strong></span> <span class='ocrx_word' id='word_1_324' title='bbox 1411 2544 1459 2590; x_wconf 90' lang='lat' dir='ltr'><strong>et</strong></span> <span class='ocrx_word' id='word_1_325' title='bbox 1485 2533 1745 2606; x_wconf 81' lang='lat' dir='ltr'><strong>reliquerit</strong></span> <span class='ocrx_word' id='word_1_326' title='bbox 1776 2551 1857 2600; x_wconf 82' lang='lat' dir='ltr'><strong>ea.</strong></span> <span class='ocrx_word' id='word_1_327' title='bbox 1887 2534 1980 2607; x_wconf 85' lang='lat' dir='ltr'><strong>mi-</strong></span> 
     </span>
    </p>
   </div>
   <div class='ocr_carea' id='block_1_42' title="bbox 403 2627 1978 2707">
    <p class='ocr_par' dir='ltr' id='par_1_42' title="bbox 403 2627 1978 2707">
     <span class='ocr_line' id='line_1_42' title="bbox 403 2627 1978 2707; baseline 0.004 -27"><span class='ocrx_word' id='word_1_328' title='bbox 403 2627 740 2684; x_wconf 80' lang='lat' dir='ltr'><strong>sericordiam</strong></span> <span class='ocrx_word' id='word_1_329' title='bbox 772 2638 1112 2700; x_wconf 82' lang='lat' dir='ltr'><strong>consequetur</strong></span> <span class='ocrx_word' id='word_1_330' title='bbox 1139 2628 1319 2707; x_wconf 86' lang='lat' dir='ltr'><strong>(Prov.</strong></span> <span class='ocrx_word' id='word_1_331' title='bbox 1347 2628 1559 2701; x_wconf 65' lang='lat' dir='ltr'><strong>xxvm).</strong></span> <span class='ocrx_word' id='word_1_332' title='bbox 1590 2627 1686 2687; x_wconf 88' lang='lat' dir='ltr'><strong>Ille</strong></span> <span class='ocrx_word' id='word_1_333' title='bbox 1707 2643 1835 2699; x_wconf 80' lang='lat' dir='ltr'><strong>ergo</strong></span> <span class='ocrx_word' id='word_1_334' title='bbox 1864 2642 1978 2685; x_wconf 87' lang='lat' dir='ltr'><strong>mo-</strong></span> 
     </span>
    </p>
   </div>
   <div class='ocr_carea' id='block_1_43' title="bbox 406 2717 1978 2790">
    <p class='ocr_par' dir='ltr' id='par_1_43' title="bbox 406 2717 1978 2790">
     <span class='ocr_line' id='line_1_43' title="bbox 406 2717 1978 2790; baseline 0.003 -21"><span class='ocrx_word' id='word_1_335' title='bbox 406 2717 610 2775; x_wconf 82' lang='lat' dir='ltr'><strong>nachus</strong></span> <span class='ocrx_word' id='word_1_336' title='bbox 643 2717 1066 2775; x_wconf 83' lang='lat' dir='ltr'><strong>misericordiam</strong></span> <span class='ocrx_word' id='word_1_337' title='bbox 1098 2736 1127 2774; x_wconf 90' lang='lat' dir='ltr'><strong>a</strong></span> <span class='ocrx_word' id='word_1_338' title='bbox 1155 2719 1381 2775; x_wconf 89' lang='lat' dir='ltr'><strong>Domino</strong></span> <span class='ocrx_word' id='word_1_339' title='bbox 1410 2718 1663 2777; x_wconf 73' lang='lat' dir='ltr'><strong>facillime</strong></span> <span class='ocrx_word' id='word_1_340' title='bbox 1697 2720 1978 2790; x_wconf 82' lang='lat' dir='ltr'><strong>consequi-</strong></span> 
     </span>
    </p>
   </div>
   <div class='ocr_carea' id='block_1_44' title="bbox 406 2807 1979 2880">
    <p class='ocr_par' dir='ltr' id='par_1_44' title="bbox 406 2807 1979 2880">
     <span class='ocr_line' id='line_1_44' title="bbox 406 2807 1979 2880; baseline 0.004 -22"><span class='ocrx_word' id='word_1_341' title='bbox 406 2813 513 2870; x_wconf 85' lang='lat' dir='ltr'><strong>tur,</strong></span> <span class='ocrx_word' id='word_1_342' title='bbox 541 2807 629 2875; x_wconf 82' lang='lat' dir='ltr'><strong>qui</strong></span> <span class='ocrx_word' id='word_1_343' title='bbox 654 2823 787 2877; x_wconf 86' lang='lat' dir='ltr'><strong>pura</strong></span> <span class='ocrx_word' id='word_1_344' title='bbox 811 2816 989 2871; x_wconf 85' lang='lat' dir='ltr'><strong>mente</strong></span> <span class='ocrx_word' id='word_1_345' title='bbox 1016 2808 1282 2869; x_wconf 68' lang='lat' dir='ltr'><strong>ct&#39;ltumili</strong></span> <span class='ocrx_word' id='word_1_346' title='bbox 1313 2809 1475 2867; x_wconf 87' lang='lat' dir='ltr'><strong>corde</strong></span> <span class='ocrx_word' id='word_1_347' title='bbox 1496 2809 1851 2879; x_wconf 77' lang='lat' dir='ltr'><strong>cogitationes</strong></span> <span class='ocrx_word' id='word_1_348' title='bbox 1870 2808 1979 2880; x_wconf 87' lang='lat' dir='ltr'><strong>spi-</strong></span> 
     </span>
    </p>
   </div>
   <div class='ocr_carea' id='block_1_45' title="bbox 406 2890 1977 2969">
    <p class='ocr_par' dir='ltr' id='par_1_45' title="bbox 406 2890 1977 2969">
     <span class='ocr_line' id='line_1_45' title="bbox 406 2890 1977 2969; baseline 0.003 -23"><span class='ocrx_word' id='word_1_349' title='bbox 406 2890 548 2947; x_wconf 86' lang='lat' dir='ltr'><strong>ritali</strong></span> <span class='ocrx_word' id='word_1_350' title='bbox 582 2909 686 2950; x_wconf 85' lang='lat' dir='ltr'><strong>non</strong></span> <span class='ocrx_word' id='word_1_351' title='bbox 723 2895 978 2951; x_wconf 83' lang='lat' dir='ltr'><strong>celaverit</strong></span> <span class='ocrx_word' id='word_1_352' title='bbox 1007 2897 1171 2953; x_wconf 87' lang='lat' dir='ltr'><strong>Patri.</strong></span> <span class='ocrx_word' id='word_1_353' title='bbox 1201 2896 1569 2969; x_wconf 80' lang='lat' dir='ltr'><strong>Cogitationes</strong></span> <span class='ocrx_word' id='word_1_354' title='bbox 1615 2897 1786 2952; x_wconf 84' lang='lat' dir='ltr'><strong>malas</strong></span> <span class='ocrx_word' id='word_1_355' title='bbox 1829 2895 1977 2952; x_wconf 89' lang='lat' dir='ltr'><strong>cordi</strong></span> 
     </span>
    </p>
   </div>
   <div class='ocr_carea' id='block_1_46' title="bbox 407 2985 1979 3047">
    <p class='ocr_par' dir='ltr' id='par_1_46' title="bbox 407 2985 1979 3047">
     <span class='ocr_line' id='line_1_46' title="bbox 407 2985 1979 3047; baseline -0.001 -7"><span class='ocrx_word' id='word_1_356' title='bbox 407 2992 594 3047; x_wconf 81' lang='lat' dir='ltr'><strong>nostro</strong></span> <span class='ocrx_word' id='word_1_357' title='bbox 622 2986 966 3042; x_wconf 81' lang='lat' dir='ltr'><strong>advenientes</strong></span> <span class='ocrx_word' id='word_1_358' title='bbox 994 2988 1059 3042; x_wconf 87' lang='lat' dir='ltr'><strong>ad</strong></span> <span class='ocrx_word' id='word_1_359' title='bbox 1093 2986 1365 3044; x_wconf 89' lang='lat' dir='ltr'><strong>Christum</strong></span> <span class='ocrx_word' id='word_1_360' title='bbox 1417 2985 1639 3042; x_wconf 91' lang='lat' dir='ltr'><strong>allidere</strong></span> <span class='ocrx_word' id='word_1_361' title='bbox 1676 2994 1760 3042; x_wconf 87' lang='lat' dir='ltr'><strong>est</strong></span> <span class='ocrx_word' id='word_1_362' title='bbox 1791 2988 1979 3042; x_wconf 82' lang='lat' dir='ltr'><strong>contra</strong></span> 
     </span>
    </p>
   </div>
   <div class='ocr_carea' id='block_1_47' title="bbox 344 3064 1978 3134">
    <p class='ocr_par' dir='ltr' id='par_1_47' title="bbox 344 3064 1978 3134">
     <span class='ocr_line' id='line_1_47' title="bbox 344 3064 1978 3134; baseline 0.002 -7"><span class='ocrx_word' id='word_1_363' title='bbox 344 3119 354 3127; x_wconf 92' lang='lat'><strong>.</strong></span> <span class='ocrx_word' id='word_1_364' title='bbox 405 3073 619 3131; x_wconf 89' lang='lat' dir='ltr'><strong>illarum</strong></span> <span class='ocrx_word' id='word_1_365' title='bbox 674 3075 953 3133; x_wconf 84' lang='lat' dir='ltr'><strong>illecebras</strong></span> <span class='ocrx_word' id='word_1_366' title='bbox 1005 3064 1420 3133; x_wconf 80' lang='lat' dir='ltr'><strong>delectationam</strong></span> <span class='ocrx_word' id='word_1_367' title='bbox 1481 3074 1682 3134; x_wconf 89' lang='lat' dir='ltr'><strong>Christi</strong></span> <span class='ocrx_word' id='word_1_368' title='bbox 1720 3077 1978 3133; x_wconf 82' lang='lat' dir='ltr'><strong>auxilium</strong></span> 
     </span>
    </p>
   </div>
   <div class='ocr_carea' id='block_1_48' title="bbox 2079 1892 3655 1975">
    <p class='ocr_par' dir='ltr' id='par_1_48' title="bbox 2079 1892 3655 1975">
     <span class='ocr_line' id='line_1_48' title="bbox 2079 1892 3655 1975; baseline 0.008 -28"><span class='ocrx_word' id='word_1_369' title='bbox 2079 1893 2156 1950; x_wconf 85' lang='lat' dir='ltr'><strong>ait</strong></span> <span class='ocrx_word' id='word_1_370' title='bbox 2186 1910 2200 1946; x_wconf 89' lang='lat'><strong>:</strong></span> <span class='ocrx_word' id='word_1_371' title='bbox 2239 1892 2336 1947; x_wconf 85' lang='lat' dir='ltr'><strong>Vir</strong></span> <span class='ocrx_word' id='word_1_372' title='bbox 2360 1895 2609 1965; x_wconf 79' lang='lat' dir='ltr'><strong>insipiens</strong></span> <span class='ocrx_word' id='word_1_373' title='bbox 2645 1896 2778 1965; x_wconf 80' lang='lat' dir='ltr'><strong>fodit</strong></span> <span class='ocrx_word' id='word_1_374' title='bbox 2804 1897 3023 1965; x_wconf 86' lang='lat' dir='ltr'><strong>malum,</strong></span> <span class='ocrx_word' id='word_1_375' title='bbox 3051 1909 3103 1953; x_wconf 90' lang='lat' dir='ltr'><strong>et</strong></span> <span class='ocrx_word' id='word_1_376' title='bbox 3124 1899 3182 1955; x_wconf 86' lang='lat' dir='ltr'><strong>in</strong></span> <span class='ocrx_word' id='word_1_377' title='bbox 3209 1898 3362 1955; x_wconf 88' lang='lat' dir='ltr'><strong>labiis</strong></span> <span class='ocrx_word' id='word_1_378' title='bbox 3386 1903 3499 1971; x_wconf 84' lang='lat' dir='ltr'><strong>ejus</strong></span> <span class='ocrx_word' id='word_1_379' title='bbox 3519 1904 3655 1975; x_wconf 82' lang='lat' dir='ltr'><strong>ignis</strong></span> 
     </span>
    </p>
   </div>
   <div class='ocr_carea' id='block_1_49' title="bbox 2078 1986 3654 2062">
    <p class='ocr_par' dir='ltr' id='par_1_49' title="bbox 2078 1986 3654 2062">
     <span class='ocr_line' id='line_1_49' title="bbox 2078 1986 3654 2062; baseline 0.007 -23"><span class='ocrx_word' id='word_1_380' title='bbox 2078 1986 2303 2055; x_wconf 83' lang='lat' dir='ltr'><strong>ardescit</strong></span> <span class='ocrx_word' id='word_1_381' title='bbox 2332 1986 2513 2060; x_wconf 84' lang='lat' dir='ltr'><strong>(Prov.</strong></span> <span class='ocrx_word' id='word_1_382' title='bbox 2544 1987 2678 2062; x_wconf 71' lang='lat' dir='ltr'><strong>XVI).</strong></span> <span class='ocrx_word' id='word_1_383' title='bbox 2720 1987 2857 2043; x_wconf 82' lang='lat' dir='ltr'><strong>lline</strong></span> <span class='ocrx_word' id='word_1_384' title='bbox 2879 1990 3075 2047; x_wconf 88' lang='lat' dir='ltr'><strong>iterum</strong></span> <span class='ocrx_word' id='word_1_385' title='bbox 3115 1992 3241 2049; x_wconf 87' lang='lat' dir='ltr'><strong>dicit</strong></span> <span class='ocrx_word' id='word_1_386' title='bbox 3270 2011 3283 2048; x_wconf 90' lang='lat'><strong>:</strong></span> <span class='ocrx_word' id='word_1_387' title='bbox 3316 1992 3566 2049; x_wconf 77' lang='lat' dir='ltr'><strong>loculum</strong></span> <span class='ocrx_word' id='word_1_388' title='bbox 3604 2007 3654 2050; x_wconf 87' lang='lat' dir='ltr'><strong>et</strong></span> 
     </span>
    </p>
   </div>
   <div class='ocr_carea' id='block_1_50' title="bbox 2074 2074 3654 2155">
    <p class='ocr_par' dir='ltr' id='par_1_50' title="bbox 2074 2074 3654 2155">
     <span class='ocr_line' id='line_1_50' title="bbox 2074 2074 3654 2155; baseline 0.009 -27"><span class='ocrx_word' id='word_1_389' title='bbox 2074 2074 2284 2148; x_wconf 85' lang='lat' dir='ltr'><strong>gladius</strong></span> <span class='ocrx_word' id='word_1_390' title='bbox 2330 2087 2379 2132; x_wconf 88' lang='lat' dir='ltr'><strong>et</strong></span> <span class='ocrx_word' id='word_1_391' title='bbox 2406 2079 2598 2151; x_wconf 81' lang='lat' dir='ltr'><strong>sagitta</strong></span> <span class='ocrx_word' id='word_1_392' title='bbox 2653 2089 2829 2145; x_wconf 84' lang='lat' dir='ltr'><strong>acuta,</strong></span> <span class='ocrx_word' id='word_1_393' title='bbox 2858 2082 3012 2136; x_wconf 86' lang='lat' dir='ltr'><strong>homo</strong></span> <span class='ocrx_word' id='word_1_394' title='bbox 3058 2084 3149 2154; x_wconf 87' lang='lat' dir='ltr'><strong>qui</strong></span> <span class='ocrx_word' id='word_1_395' title='bbox 3191 2082 3426 2155; x_wconf 81' lang='lat' dir='ltr'><strong>loquitur</strong></span> <span class='ocrx_word' id='word_1_396' title='bbox 3470 2097 3654 2142; x_wconf 81' lang='lat' dir='ltr'><strong>contra</strong></span> 
     </span>
    </p>
   </div>
   <div class='ocr_carea' id='block_1_51' title="bbox 2076 2167 3652 2245">
    <p class='ocr_par' dir='ltr' id='par_1_51' title="bbox 2076 2167 3652 2245">
     <span class='ocr_line' id='line_1_51' title="bbox 2076 2167 3652 2245; baseline 0.008 -26"><span class='ocrx_word' id='word_1_397' title='bbox 2076 2167 2372 2236; x_wconf 74' lang='lat' dir='ltr'><strong>proximum</strong></span> <span class='ocrx_word' id='word_1_398' title='bbox 2398 2184 2551 2224; x_wconf 87' lang='lat' dir='ltr'><strong>suum</strong></span> <span class='ocrx_word' id='word_1_399' title='bbox 2580 2168 2775 2225; x_wconf 85' lang='lat' dir='ltr'><strong>malum</strong></span> <span class='ocrx_word' id='word_1_400' title='bbox 2799 2167 2981 2239; x_wconf 87' lang='lat' dir='ltr'><strong>(Prov.</strong></span> <span class='ocrx_word' id='word_1_401' title='bbox 3008 2174 3155 2245; x_wconf 77' lang='lat' dir='ltr'><strong>xxv).</strong></span> <span class='ocrx_word' id='word_1_402' title='bbox 3181 2171 3328 2233; x_wconf 88' lang='lat' dir='ltr'><strong>Solet</strong></span> <span class='ocrx_word' id='word_1_403' title='bbox 3352 2176 3494 2230; x_wconf 89' lang='lat' dir='ltr'><strong>enim</strong></span> <span class='ocrx_word' id='word_1_404' title='bbox 3525 2192 3652 2232; x_wconf 83' lang='lat' dir='ltr'><strong>eon-</strong></span> 
     </span>
    </p>
   </div>
   <div class='ocr_carea' id='block_1_52' title="bbox 2077 2254 3654 2334">
    <p class='ocr_par' dir='ltr' id='par_1_52' title="bbox 2077 2254 3654 2334">
     <span class='ocr_line' id='line_1_52' title="bbox 2077 2254 3654 2334; baseline 0.009 -25"><span class='ocrx_word' id='word_1_405' title='bbox 2077 2254 2286 2327; x_wconf 78' lang='lat' dir='ltr'><strong>tingere</strong></span> <span class='ocrx_word' id='word_1_406' title='bbox 2314 2264 2373 2311; x_wconf 87' lang='lat' dir='ltr'><strong>ut</strong></span> <span class='ocrx_word' id='word_1_407' title='bbox 2407 2257 2533 2315; x_wconf 87' lang='lat' dir='ltr'><strong>dum</strong></span> <span class='ocrx_word' id='word_1_408' title='bbox 2557 2259 2801 2330; x_wconf 85' lang='lat' dir='ltr'><strong>quaedam</strong></span> <span class='ocrx_word' id='word_1_409' title='bbox 2860 2275 3024 2334; x_wconf 89' lang='lat' dir='ltr'><strong>parva</strong></span> <span class='ocrx_word' id='word_1_410' title='bbox 3060 2262 3316 2321; x_wconf 87' lang='lat' dir='ltr'><strong>vitiorum</strong></span> <span class='ocrx_word' id='word_1_411' title='bbox 3358 2266 3497 2321; x_wconf 88' lang='lat' dir='ltr'><strong>mala</strong></span> <span class='ocrx_word' id='word_1_412' title='bbox 3546 2283 3654 2323; x_wconf 87' lang='lat' dir='ltr'><strong>non</strong></span> 
     </span>
    </p>
   </div>
   <div class='ocr_carea' id='block_1_53' title="bbox 2077 2347 3656 2425">
    <p class='ocr_par' dir='ltr' id='par_1_53' title="bbox 2077 2347 3656 2425">
     <span class='ocr_line' id='line_1_53' title="bbox 2077 2347 3656 2425; baseline 0.008 -24"><span class='ocrx_word' id='word_1_413' title='bbox 2077 2347 2363 2414; x_wconf 84' lang='lat' dir='ltr'><strong>evitamus,</strong></span> <span class='ocrx_word' id='word_1_414' title='bbox 2388 2348 2441 2403; x_wconf 91' lang='lat' dir='ltr'><strong>in</strong></span> <span class='ocrx_word' id='word_1_415' title='bbox 2467 2366 2662 2422; x_wconf 82' lang='lat' dir='ltr'><strong>magno</strong></span> <span class='ocrx_word' id='word_1_416' title='bbox 2685 2350 2881 2425; x_wconf 81' lang='lat' dir='ltr'><strong>linguae</strong></span> <span class='ocrx_word' id='word_1_417' title='bbox 2922 2353 3256 2424; x_wconf 87' lang='lat' dir='ltr'><strong>prolabimur</strong></span> <span class='ocrx_word' id='word_1_418' title='bbox 3302 2357 3553 2414; x_wconf 87' lang='lat' dir='ltr'><strong>crimine.</strong></span> <span class='ocrx_word' id='word_1_419' title='bbox 3588 2358 3656 2413; x_wconf 86' lang='lat' dir='ltr'><strong>Et</strong></span> 
     </span>
    </p>
   </div>
   <div class='ocr_carea' id='block_1_54' title="bbox 2078 2438 3654 2517">
    <p class='ocr_par' dir='ltr' id='par_1_54' title="bbox 2078 2438 3654 2517">
     <span class='ocr_line' id='line_1_54' title="bbox 2078 2438 3654 2517; baseline 0.007 -22"><span class='ocrx_word' id='word_1_420' title='bbox 2078 2440 2204 2495; x_wconf 89' lang='lat' dir='ltr'><strong>dum</strong></span> <span class='ocrx_word' id='word_1_421' title='bbox 2234 2438 2377 2497; x_wconf 78' lang='lat' dir='ltr'><strong>facta</strong></span> <span class='ocrx_word' id='word_1_422' title='bbox 2423 2442 2669 2513; x_wconf 62' lang='lat' dir='ltr'><strong>quaedam</strong></span> <span class='ocrx_word' id='word_1_423' title='bbox 2698 2459 2805 2499; x_wconf 90' lang='lat' dir='ltr'><strong>non</strong></span> <span class='ocrx_word' id='word_1_424' title='bbox 2833 2445 3019 2517; x_wconf 73' lang='lat' dir='ltr'><strong>gravia</strong></span> <span class='ocrx_word' id='word_1_425' title='bbox 3047 2446 3166 2501; x_wconf 85' lang='lat' dir='ltr'><strong>sine</strong></span> <span class='ocrx_word' id='word_1_426' title='bbox 3192 2455 3335 2505; x_wconf 89' lang='lat' dir='ltr'><strong>metu</strong></span> <span class='ocrx_word' id='word_1_427' title='bbox 3357 2450 3654 2507; x_wconf 84' lang='lat' dir='ltr'><strong>committi-</strong></span> 
     </span>
    </p>
   </div>
   <div class='ocr_carea' id='block_1_55' title="bbox 2078 2528 3658 2605">
    <p class='ocr_par' dir='ltr' id='par_1_55' title="bbox 2078 2528 3658 2605">
     <span class='ocr_line' id='line_1_55' title="bbox 2078 2528 3658 2605; baseline 0.008 -22"><span class='ocrx_word' id='word_1_428' title='bbox 2078 2545 2220 2601; x_wconf 85' lang='lat' dir='ltr'><strong>mus,</strong></span> <span class='ocrx_word' id='word_1_429' title='bbox 2251 2531 2318 2585; x_wconf 87' lang='lat' dir='ltr'><strong>ad</strong></span> <span class='ocrx_word' id='word_1_430' title='bbox 2342 2528 2527 2601; x_wconf 78' lang='lat' dir='ltr'><strong>pejora</strong></span> <span class='ocrx_word' id='word_1_431' title='bbox 2552 2532 2753 2589; x_wconf 88' lang='lat' dir='ltr'><strong>scelera</strong></span> <span class='ocrx_word' id='word_1_432' title='bbox 2803 2535 3060 2605; x_wconf 85' lang='lat' dir='ltr'><strong>peccandi</strong></span> <span class='ocrx_word' id='word_1_433' title='bbox 3093 2539 3479 2594; x_wconf 79' lang='lat' dir='ltr'><strong>consuetudine</strong></span> <span class='ocrx_word' id='word_1_434' title='bbox 3522 2540 3658 2595; x_wconf 86' lang='lat' dir='ltr'><strong>labi-</strong></span> 
     </span>
    </p>
   </div>
   <div class='ocr_carea' id='block_1_56' title="bbox 2076 2620 3656 2703">
    <p class='ocr_par' dir='ltr' id='par_1_56' title="bbox 2076 2620 3656 2703">
     <span class='ocr_line' id='line_1_56' title="bbox 2076 2620 3656 2703; baseline 0.008 -30"><span class='ocrx_word' id='word_1_435' title='bbox 2076 2634 2218 2674; x_wconf 82' lang='lat' dir='ltr'><strong>mur.</strong></span> <span class='ocrx_word' id='word_1_436' title='bbox 2252 2620 2320 2675; x_wconf 89' lang='lat' dir='ltr'><strong>Et</strong></span> <span class='ocrx_word' id='word_1_437' title='bbox 2345 2620 2471 2676; x_wconf 88' lang='lat' dir='ltr'><strong>dum</strong></span> <span class='ocrx_word' id='word_1_438' title='bbox 2508 2621 2672 2677; x_wconf 88' lang='lat' dir='ltr'><strong>multa</strong></span> <span class='ocrx_word' id='word_1_439' title='bbox 2726 2622 2942 2681; x_wconf 86' lang='lat' dir='ltr'><strong>incaute</strong></span> <span class='ocrx_word' id='word_1_440' title='bbox 2979 2624 3296 2703; x_wconf 70' lang='lat' dir='ltr'><strong>loquimur,</strong></span> <span class='ocrx_word' id='word_1_441' title='bbox 3331 2628 3459 2689; x_wconf 80' lang='lat' dir='ltr'><strong>sine</strong></span> <span class='ocrx_word' id='word_1_442' title='bbox 3494 2629 3656 2685; x_wconf 89' lang='lat' dir='ltr'><strong>dubio</strong></span> 
     </span>
    </p>
   </div>
   <div class='ocr_carea' id='block_1_57' title="bbox 2078 2710 3655 2795">
    <p class='ocr_par' dir='ltr' id='par_1_57' title="bbox 2078 2710 3655 2795">
     <span class='ocr_line' id='line_1_57' title="bbox 2078 2710 3655 2795; baseline 0.005 -28"><span class='ocrx_word' id='word_1_443' title='bbox 2078 2721 2172 2767; x_wconf 91' lang='lat' dir='ltr'><strong>aut</strong></span> <span class='ocrx_word' id='word_1_444' title='bbox 2192 2712 2248 2767; x_wconf 91' lang='lat' dir='ltr'><strong>in</strong></span> <span class='ocrx_word' id='word_1_445' title='bbox 2276 2710 2465 2779; x_wconf 88' lang='lat' dir='ltr'><strong>Deum,</strong></span> <span class='ocrx_word' id='word_1_446' title='bbox 2491 2722 2584 2767; x_wconf 89' lang='lat' dir='ltr'><strong>aut</strong></span> <span class='ocrx_word' id='word_1_447' title='bbox 2617 2713 2669 2768; x_wconf 91' lang='lat' dir='ltr'><strong>in</strong></span> <span class='ocrx_word' id='word_1_448' title='bbox 2696 2712 2918 2779; x_wconf 81' lang='lat' dir='ltr'><strong>fratrem</strong></span> <span class='ocrx_word' id='word_1_449' title='bbox 2945 2730 3256 2795; x_wconf 79' lang='lat' dir='ltr'><strong>peccamus.</strong></span> <span class='ocrx_word' id='word_1_450' title='bbox 3276 2714 3427 2775; x_wconf 76' lang='lat' dir='ltr'><strong>Unde</strong></span> <span class='ocrx_word' id='word_1_451' title='bbox 3451 2726 3505 2795; x_wconf 80' lang='lat' dir='ltr'><strong>et</strong></span> <span class='ocrx_word' id='word_1_452' title='bbox 3528 2729 3655 2790; x_wconf 84' lang='lat' dir='ltr'><strong>apta</strong></span> 
     </span>
    </p>
   </div>
   <div class='ocr_carea' id='block_1_58' title="bbox 2078 2800 3443 2873">
    <p class='ocr_par' dir='ltr' id='par_1_58' title="bbox 2078 2800 3443 2873">
     <span class='ocr_line' id='line_1_58' title="bbox 2078 2800 3443 2873; baseline 0.003 -17"><span class='ocrx_word' id='word_1_453' title='bbox 2078 2800 2234 2858; x_wconf 87' lang='lat' dir='ltr'><strong>nobis</strong></span> <span class='ocrx_word' id='word_1_454' title='bbox 2267 2801 2565 2861; x_wconf 86' lang='lat' dir='ltr'><strong>admonitio</strong></span> <span class='ocrx_word' id='word_1_455' title='bbox 2593 2804 2876 2873; x_wconf 88' lang='lat' dir='ltr'><strong>sequitur:</strong></span> <span class='ocrx_word' id='word_1_456' title='bbox 3400 2802 3407 2811; x_wconf 84' lang='grc'><em>’</em></span> <span class='ocrx_word' id='word_1_457' title='bbox 3436 2804 3443 2809; x_wconf 88' lang='grc'><em>’</em></span> 
     </span>
    </p>
   </div>
   <div class='ocr_carea' id='block_1_59' title="bbox 2147 2886 3654 2975">
    <p class='ocr_par' dir='ltr' id='par_1_59' title="bbox 2147 2886 3654 2975">
     <span class='ocr_line' id='line_1_59' title="bbox 2147 2886 3654 2975; baseline 0.008 -30"><span class='ocrx_word' id='word_1_458' title='bbox 2147 2890 2238 2946; x_wconf 78' lang='grc'><strong>55.</strong></span> <span class='ocrx_word' id='word_1_459' title='bbox 2278 2890 2506 2949; x_wconf 73' lang='lat' dir='ltr'><strong>Multum</strong></span> <span class='ocrx_word' id='word_1_460' title='bbox 2532 2891 2676 2969; x_wconf 82' lang='lat' dir='ltr'><strong>loqui</strong></span> <span class='ocrx_word' id='word_1_461' title='bbox 2697 2911 2799 2956; x_wconf 83' lang='lat' dir='ltr'><strong>non</strong></span> <span class='ocrx_word' id='word_1_462' title='bbox 2812 2912 3008 2951; x_wconf 79' lang='lat' dir='ltr'><strong>nutare.</strong></span> <span class='ocrx_word' id='word_1_463' title='bbox 3035 2896 3202 2975; x_wconf 77' lang='lat' dir='ltr'><strong>Magis</strong></span> <span class='ocrx_word' id='word_1_464' title='bbox 3216 2894 3365 2955; x_wconf 82' lang='lat' dir='ltr'><strong>enim</strong></span> <span class='ocrx_word' id='word_1_465' title='bbox 3378 2886 3654 2957; x_wconf 70' lang='lat' dir='ltr'><strong>Silentium</strong></span> 
     </span>
    </p>
   </div>
   <div class='ocr_carea' id='block_1_60' title="bbox 2079 2980 3658 3052">
    <p class='ocr_par' dir='ltr' id='par_1_60' title="bbox 2079 2980 3658 3052">
     <span class='ocr_line' id='line_1_60' title="bbox 2079 2980 3658 3052; baseline 0.008 -18"><span class='ocrx_word' id='word_1_466' title='bbox 2079 2994 2239 3050; x_wconf 86' lang='lat' dir='ltr'><strong>quam</strong></span> <span class='ocrx_word' id='word_1_467' title='bbox 2267 2980 2661 3052; x_wconf 90' lang='lat' dir='ltr'><strong>multiloquium</strong></span> <span class='ocrx_word' id='word_1_468' title='bbox 2711 2986 2870 3043; x_wconf 79' lang='lat' dir='ltr'><strong>debet</strong></span> <span class='ocrx_word' id='word_1_469' title='bbox 2898 3003 3082 3043; x_wconf 84' lang='lat' dir='ltr'><strong>amare</strong></span> <span class='ocrx_word' id='word_1_470' title='bbox 3128 2980 3445 3046; x_wconf 85' lang='lat' dir='ltr'><strong>monachus.</strong></span> <span class='ocrx_word' id='word_1_471' title='bbox 3480 2992 3554 3047; x_wconf 88' lang='lat' dir='ltr'><strong>De</strong></span> <span class='ocrx_word' id='word_1_472' title='bbox 3584 2994 3658 3047; x_wconf 85' lang='lat' dir='ltr'><strong>si—</strong></span> 
     </span>
    </p>
   </div>
   <div class='ocr_carea' id='block_1_61' title="bbox 2079 3068 3656 3150">
    <p class='ocr_par' dir='ltr' id='par_1_61' title="bbox 2079 3068 3656 3150">
     <span class='ocr_line' id='line_1_61' title="bbox 2079 3068 3656 3150; baseline 0.008 -25"><span class='ocrx_word' id='word_1_473' title='bbox 2079 3068 2247 3126; x_wconf 85' lang='lat' dir='ltr'><strong>lentio</strong></span> <span class='ocrx_word' id='word_1_474' title='bbox 2305 3073 2451 3131; x_wconf 88' lang='lat' dir='ltr'><strong>enim</strong></span> <span class='ocrx_word' id='word_1_475' title='bbox 2502 3074 2671 3131; x_wconf 84' lang='lat' dir='ltr'><strong>Isaias</strong></span> <span class='ocrx_word' id='word_1_476' title='bbox 2721 3077 2796 3137; x_wconf 82' lang='lat' dir='ltr'><strong>ait</strong></span> <span class='ocrx_word' id='word_1_477' title='bbox 2833 3094 2847 3131; x_wconf 91' lang='lat'><strong>:</strong></span> <span class='ocrx_word' id='word_1_478' title='bbox 2881 3074 3067 3133; x_wconf 87' lang='lat' dir='ltr'><strong>Cultus</strong></span> <span class='ocrx_word' id='word_1_479' title='bbox 3119 3079 3345 3150; x_wconf 76' lang='lat' dir='ltr'><strong>justitite</strong></span> <span class='ocrx_word' id='word_1_480' title='bbox 3392 3082 3656 3138; x_wconf 51' lang='lat' dir='ltr'><strong>silentium</strong></span> 
     </span>
    </p>
   </div>
   <div class='ocr_carea' id='block_1_62' title="bbox 407 3147 3658 3241">
    <p class='ocr_par' dir='ltr' id='par_1_62' title="bbox 407 3147 3658 3241">
     <span class='ocr_line' id='line_1_62' title="bbox 407 3147 3658 3241; baseline 0.007 -23"><span class='ocrx_word' id='word_1_481' title='bbox 407 3163 711 3237; x_wconf 88' lang='lat' dir='ltr'><strong>implorare,</strong></span> <span class='ocrx_word' id='word_1_482' title='bbox 734 3173 789 3220; x_wconf 89' lang='lat' dir='ltr'><strong>et</strong></span> <span class='ocrx_word' id='word_1_483' title='bbox 836 3174 897 3225; x_wconf 86' lang='lat' dir='ltr'><strong>ut</strong></span> <span class='ocrx_word' id='word_1_484' title='bbox 931 3167 1106 3224; x_wconf 87' lang='lat' dir='ltr'><strong>victor</strong></span> <span class='ocrx_word' id='word_1_485' title='bbox 1132 3168 1300 3240; x_wconf 79' lang='lat' dir='ltr'><strong>possit</strong></span> <span class='ocrx_word' id='word_1_486' title='bbox 1346 3168 1600 3235; x_wconf 77' lang='lat' dir='ltr'><strong>existere,</strong></span> <span class='ocrx_word' id='word_1_487' title='bbox 1626 3183 1777 3240; x_wconf 86' lang='lat' dir='ltr'><strong>spem</strong></span> <span class='ocrx_word' id='word_1_488' title='bbox 1821 3182 1976 3223; x_wconf 88' lang='lat' dir='ltr'><strong>suam</strong></span> <span class='ocrx_word' id='word_1_489' title='bbox 2004 3147 2050 3212; x_wconf 63' lang='grc' dir='ltr'><strong>(ἶ</strong></span> <span class='ocrx_word' id='word_1_490' title='bbox 2081 3157 2217 3233; x_wconf 84' lang='lat' dir='ltr'><strong>(lsa.</strong></span> <span class='ocrx_word' id='word_1_491' title='bbox 2241 3162 2437 3237; x_wconf 74' lang='lat' dir='ltr'><strong>xxx&quot;).</strong></span> <span class='ocrx_word' id='word_1_492' title='bbox 2471 3162 2664 3233; x_wconf 77' lang='lat' dir='ltr'><strong>Mentis</strong></span> <span class='ocrx_word' id='word_1_493' title='bbox 2695 3166 2838 3223; x_wconf 67' lang='lat' dir='ltr'><strong>enim</strong></span> <span class='ocrx_word' id='word_1_494' title='bbox 2880 3166 3092 3236; x_wconf 65' lang='lat' dir='ltr'><strong>iusmia</strong></span> <span class='ocrx_word' id='word_1_495' title='bbox 3121 3147 3414 3238; x_wconf 58' lang='grc' dir='ltr'><strong>δεδοιίὶῑυνν</strong></span> <span class='ocrx_word' id='word_1_496' title='bbox 3445 3175 3658 3241; x_wconf 68' lang='lat' dir='ltr'><strong>quando</strong></span> 
     </span>
    </p>
   </div>
   <div class='ocr_carea' id='block_1_63' title="bbox 407 3253 3657 3335">
    <p class='ocr_par' dir='ltr' id='par_1_63' title="bbox 407 3253 3657 3335">
     <span class='ocr_line' id='line_1_63' title="bbox 407 3253 3657 3335; baseline 0.004 -29"><span class='ocrx_word' id='word_1_497' title='bbox 407 3253 621 3333; x_wconf 85' lang='lat' dir='ltr'><strong>Christo</strong></span> <span class='ocrx_word' id='word_1_498' title='bbox 644 3258 1069 3328; x_wconf 65' lang='lat' dir='ltr'><strong>committet-9,91</strong></span> <span class='ocrx_word' id='word_1_499' title='bbox 1095 3260 1146 3316; x_wconf 87' lang='lat' dir='ltr'><strong>in</strong></span> <span class='ocrx_word' id='word_1_500' title='bbox 1170 3261 1259 3318; x_wconf 75' lang='lat' dir='ltr'><strong>illo</strong></span> <span class='ocrx_word' id='word_1_501' title='bbox 1288 3260 1519 3329; x_wconf 72' lang='lat' dir='ltr'><strong>ﬁdeliter</strong></span> <span class='ocrx_word' id='word_1_502' title='bbox 1544 3262 1787 3329; x_wconf 75' lang='lat' dir='ltr'><strong>credere,</strong></span> <span class='ocrx_word' id='word_1_503' title='bbox 1811 3271 1867 3325; x_wconf 64' lang='lat' dir='ltr'><strong>et</strong></span> <span class='ocrx_word' id='word_1_504' title='bbox 1895 3262 1980 3319; x_wconf 74' lang='lat' dir='ltr'><strong>(ir.</strong></span> <span class='ocrx_word' id='word_1_505' title='bbox 2074 3256 2147 3313; x_wconf 83' lang='lat' dir='ltr'><strong>ab</strong></span> <span class='ocrx_word' id='word_1_506' title='bbox 2175 3257 2525 3315; x_wconf 88' lang='lat' dir='ltr'><strong>immoderata</strong></span> <span class='ocrx_word' id='word_1_507' title='bbox 2552 3258 2820 3316; x_wconf 89' lang='lat' dir='ltr'><strong>locutione</strong></span> <span class='ocrx_word' id='word_1_508' title='bbox 2866 3277 2972 3315; x_wconf 91' lang='lat' dir='ltr'><strong>non</strong></span> <span class='ocrx_word' id='word_1_509' title='bbox 3001 3263 3261 3335; x_wconf 82' lang='lat' dir='ltr'><strong>parcitur.</strong></span> <span class='ocrx_word' id='word_1_510' title='bbox 3294 3264 3370 3319; x_wconf 86' lang='lat' dir='ltr'><strong>De</strong></span> <span class='ocrx_word' id='word_1_511' title='bbox 3422 3266 3657 3320; x_wconf 83' lang='lat' dir='ltr'><strong>multilo-</strong></span> 
     </span>
    </p>
   </div>
   <div class='ocr_carea' id='block_1_64' title="bbox 406 3342 3658 3426">
    <p class='ocr_par' dir='ltr' id='par_1_64' title="bbox 406 3342 3658 3426">
     <span class='ocr_line' id='line_1_64' title="bbox 406 3342 3658 3426; baseline 0.005 -27"><span class='ocrx_word' id='word_1_512' title='bbox 406 3347 567 3403; x_wconf 86' lang='lat' dir='ltr'><strong>miter</strong></span> <span class='ocrx_word' id='word_1_513' title='bbox 595 3363 832 3417; x_wconf 87' lang='lat' dir='ltr'><strong>sperare,</strong></span> <span class='ocrx_word' id='word_1_514' title='bbox 857 3350 996 3407; x_wconf 87' lang='lat' dir='ltr'><strong>etde</strong></span> <span class='ocrx_word' id='word_1_515' title='bbox 1039 3351 1293 3423; x_wconf 81' lang='lat' dir='ltr'><strong>triumphi</strong></span> <span class='ocrx_word' id='word_1_516' title='bbox 1315 3342 1537 3410; x_wconf 78' lang='lat' dir='ltr'><strong>victoria</strong></span> <span class='ocrx_word' id='word_1_517' title='bbox 1586 3370 1692 3410; x_wconf 89' lang='lat' dir='ltr'><strong>non</strong></span> <span class='ocrx_word' id='word_1_518' title='bbox 1725 3354 1828 3411; x_wconf 86' lang='lat' dir='ltr'><strong>sibi</strong></span> <span class='ocrx_word' id='word_1_519' title='bbox 1867 3354 1980 3426; x_wconf 89' lang='lat' dir='ltr'><strong>pla-</strong></span> <span class='ocrx_word' id='word_1_520' title='bbox 2079 3349 2206 3420; x_wconf 80' lang='lat' dir='ltr'><strong>quio</strong></span> <span class='ocrx_word' id='word_1_521' title='bbox 2237 3350 2378 3404; x_wconf 84' lang='lat' dir='ltr'><strong>enim</strong></span> <span class='ocrx_word' id='word_1_522' title='bbox 2402 3349 2653 3405; x_wconf 80' lang='lat' dir='ltr'><strong>Salomon</strong></span> <span class='ocrx_word' id='word_1_523' title='bbox 2686 3352 2797 3407; x_wconf 79' lang='lat' dir='ltr'><strong>ait:</strong></span> <span class='ocrx_word' id='word_1_524' title='bbox 2824 3351 2890 3406; x_wconf 84' lang='lat' dir='ltr'><strong>In</strong></span> <span class='ocrx_word' id='word_1_525' title='bbox 2916 3352 3245 3425; x_wconf 74' lang='lat' dir='ltr'><strong>multiloquio</strong></span> <span class='ocrx_word' id='word_1_526' title='bbox 3265 3362 3532 3426; x_wconf 78' lang='lat' dir='ltr'><strong>peccatum</strong></span> <span class='ocrx_word' id='word_1_527' title='bbox 3555 3374 3658 3411; x_wconf 84' lang='lat' dir='ltr'><strong>non</strong></span> 
     </span>
    </p>
   </div>
   <div class='ocr_carea' id='block_1_65' title="bbox 406 3430 3659 3516">
    <p class='ocr_par' dir='ltr' id='par_1_65' title="bbox 406 3430 3659 3516">
     <span class='ocr_line' id='line_1_65' title="bbox 406 3430 3659 3516; baseline 0.003 -24"><span class='ocrx_word' id='word_1_528' title='bbox 406 3453 550 3504; x_wconf 87' lang='lat' dir='ltr'><strong>cere,</strong></span> <span class='ocrx_word' id='word_1_529' title='bbox 586 3439 681 3494; x_wconf 85' lang='lat' dir='ltr'><strong>sed</strong></span> <span class='ocrx_word' id='word_1_530' title='bbox 727 3439 941 3496; x_wconf 89' lang='lat' dir='ltr'><strong>Christo</strong></span> <span class='ocrx_word' id='word_1_531' title='bbox 968 3442 1169 3512; x_wconf 82' lang='lat' dir='ltr'><strong>gratias</strong></span> <span class='ocrx_word' id='word_1_532' title='bbox 1213 3430 1392 3515; x_wconf 78' lang='lat' dir='ltr'><strong>agere.</strong></span> <span class='ocrx_word' id='word_1_533' title='bbox 1436 3445 1580 3511; x_wconf 80' lang='lat' dir='ltr'><strong>Quas</strong></span> <span class='ocrx_word' id='word_1_534' title='bbox 1628 3432 1980 3516; x_wconf 81' lang='lat' dir='ltr'><strong>cogitationes</strong></span> <span class='ocrx_word' id='word_1_535' title='bbox 2079 3442 2242 3497; x_wconf 86' lang='lat' dir='ltr'><strong>deerit</strong></span> <span class='ocrx_word' id='word_1_536' title='bbox 2266 3440 2450 3515; x_wconf 87' lang='lat' dir='ltr'><strong>(Prov.</strong></span> <span class='ocrx_word' id='word_1_537' title='bbox 2497 3444 2574 3514; x_wconf 66' lang='grc' dir='ltr'><strong>ι).</strong></span> <span class='ocrx_word' id='word_1_538' title='bbox 2609 3442 2745 3500; x_wconf 82' lang='lat' dir='ltr'><strong>Hinc</strong></span> <span class='ocrx_word' id='word_1_539' title='bbox 2801 3445 2995 3499; x_wconf 89' lang='lat' dir='ltr'><strong>iterum</strong></span> <span class='ocrx_word' id='word_1_540' title='bbox 3036 3446 3292 3514; x_wconf 86' lang='lat' dir='ltr'><strong>scriptum</strong></span> <span class='ocrx_word' id='word_1_541' title='bbox 3344 3457 3464 3502; x_wconf 91' lang='lat' dir='ltr'><strong>est:</strong></span> <span class='ocrx_word' id='word_1_542' title='bbox 3509 3448 3659 3502; x_wconf 85' lang='lat' dir='ltr'><strong>Sicut</strong></span> 
     </span>
    </p>
   </div>
   <div class='ocr_carea' id='block_1_66' title="bbox 408 3522 3658 3613">
    <p class='ocr_par' dir='ltr' id='par_1_66' title="bbox 408 3522 3658 3613">
     <span class='ocr_line' id='line_1_66' title="bbox 408 3522 3658 3613; baseline 0.002 -25"><span class='ocrx_word' id='word_1_543' title='bbox 408 3530 529 3586; x_wconf 66' lang='lat' dir='ltr'><strong>ilco</strong></span> <span class='ocrx_word' id='word_1_544' title='bbox 557 3532 785 3603; x_wconf 78' lang='lat' dir='ltr'><strong>spiritali</strong></span> <span class='ocrx_word' id='word_1_545' title='bbox 817 3531 961 3588; x_wconf 81' lang='lat' dir='ltr'><strong>Patri</strong></span> <span class='ocrx_word' id='word_1_546' title='bbox 986 3534 1289 3605; x_wconf 72' lang='lat' dir='ltr'><strong>patefacere</strong></span> <span class='ocrx_word' id='word_1_547' title='bbox 1311 3528 1483 3606; x_wconf 85' lang='lat' dir='ltr'><strong>jubet,</strong></span> <span class='ocrx_word' id='word_1_548' title='bbox 1513 3545 1571 3591; x_wconf 88' lang='lat' dir='ltr'><strong>ut</strong></span> <span class='ocrx_word' id='word_1_549' title='bbox 1593 3538 1657 3594; x_wconf 85' lang='lat' dir='ltr'><strong>ab</strong></span> <span class='ocrx_word' id='word_1_550' title='bbox 1681 3522 1981 3613; x_wconf 15' lang='lat' dir='ltr'><strong>illo‘salutis‘</strong></span> <span class='ocrx_word' id='word_1_551' title='bbox 2080 3535 2202 3587; x_wconf 82' lang='lat' dir='ltr'><strong>urbs</strong></span> <span class='ocrx_word' id='word_1_552' title='bbox 2228 3544 2410 3605; x_wconf 84' lang='lat' dir='ltr'><strong>patens</strong></span> <span class='ocrx_word' id='word_1_553' title='bbox 2433 3546 2479 3589; x_wconf 85' lang='lat' dir='ltr'><strong>et</strong></span> <span class='ocrx_word' id='word_1_554' title='bbox 2505 3532 2696 3606; x_wconf 87' lang='lat' dir='ltr'><strong>absque</strong></span> <span class='ocrx_word' id='word_1_555' title='bbox 2718 3552 2989 3591; x_wconf 82' lang='lat' dir='ltr'><strong>murorum</strong></span> <span class='ocrx_word' id='word_1_556' title='bbox 3012 3539 3229 3605; x_wconf 85' lang='lat' dir='ltr'><strong>ambitu,</strong></span> <span class='ocrx_word' id='word_1_557' title='bbox 3254 3539 3329 3593; x_wconf 88' lang='lat' dir='ltr'><strong>ita</strong></span> <span class='ocrx_word' id='word_1_558' title='bbox 3343 3540 3421 3593; x_wconf 79' lang='lat' dir='ltr'><strong>vir</strong></span> <span class='ocrx_word' id='word_1_559' title='bbox 3444 3542 3534 3611; x_wconf 90' lang='lat' dir='ltr'><strong>qui</strong></span> <span class='ocrx_word' id='word_1_560' title='bbox 3554 3558 3658 3596; x_wconf 86' lang='lat' dir='ltr'><strong>non</strong></span> 
     </span>
    </p>
   </div>
   <div class='ocr_carea' id='block_1_67' title="bbox 407 3623 3661 3703">
    <p class='ocr_par' dir='ltr' id='par_1_67' title="bbox 407 3623 3661 3703">
     <span class='ocr_line' id='line_1_67' title="bbox 407 3623 3661 3703; baseline 0.002 -25"><span class='ocrx_word' id='word_1_561' title='bbox 407 3623 713 3688; x_wconf 87' lang='lat' dir='ltr'><strong>consilium,</strong></span> <span class='ocrx_word' id='word_1_562' title='bbox 745 3631 801 3678; x_wconf 90' lang='lat' dir='ltr'><strong>et</strong></span> <span class='ocrx_word' id='word_1_563' title='bbox 827 3639 858 3678; x_wconf 91' lang='lat' dir='ltr'><strong>a</strong></span> <span class='ocrx_word' id='word_1_564' title='bbox 904 3624 1129 3680; x_wconf 89' lang='lat' dir='ltr'><strong>Domino</strong></span> <span class='ocrx_word' id='word_1_565' title='bbox 1164 3625 1561 3683; x_wconf 82' lang='lat' dir='ltr'><strong>velocissimum</strong></span> <span class='ocrx_word' id='word_1_566' title='bbox 1592 3627 1831 3687; x_wconf 84' lang='lat' dir='ltr'><strong>inveniat</strong></span> <span class='ocrx_word' id='word_1_567' title='bbox 1864 3643 1982 3700; x_wconf 87' lang='lat' dir='ltr'><strong>pcc-</strong></span> <span class='ocrx_word' id='word_1_568' title='bbox 2078 3636 2243 3698; x_wconf 81' lang='lat' dir='ltr'><strong>potest</strong></span> <span class='ocrx_word' id='word_1_569' title='bbox 2265 3627 2501 3682; x_wconf 85' lang='lat' dir='ltr'><strong>cohibere</strong></span> <span class='ocrx_word' id='word_1_570' title='bbox 2520 3629 2763 3699; x_wconf 83' lang='lat' dir='ltr'><strong>spiritum</strong></span> <span class='ocrx_word' id='word_1_571' title='bbox 2786 3645 2938 3683; x_wconf 86' lang='lat' dir='ltr'><strong>suum</strong></span> <span class='ocrx_word' id='word_1_572' title='bbox 2963 3626 3144 3701; x_wconf 82' lang='lat' dir='ltr'><strong>(Prov.</strong></span> <span class='ocrx_word' id='word_1_573' title='bbox 3170 3646 3281 3684; x_wconf 74' lang='lat' dir='ltr'><strong>xxv</strong></span> <span class='ocrx_word' id='word_1_574' title='bbox 3310 3629 3350 3703; x_wconf 89' lang='lat'><strong>).</strong></span> <span class='ocrx_word' id='word_1_575' title='bbox 3369 3624 3661 3687; x_wconf 79' lang='lat' dir='ltr'><strong>Monachus</strong></span> 
     </span>
    </p>
   </div>
   <div class='ocr_carea' id='block_1_68' title="bbox 410 3714 3663 3797">
    <p class='ocr_par' dir='ltr' id='par_1_68' title="bbox 410 3714 3663 3797">
     <span class='ocr_line' id='line_1_68' title="bbox 410 3714 3663 3797; baseline 0.002 -29"><span class='ocrx_word' id='word_1_576' title='bbox 410 3717 516 3773; x_wconf 78' lang='lat' dir='ltr'><strong>cati</strong></span> <span class='ocrx_word' id='word_1_577' title='bbox 547 3719 862 3784; x_wconf 81' lang='lat' dir='ltr'><strong>remedium,</strong></span> <span class='ocrx_word' id='word_1_578' title='bbox 893 3720 1034 3776; x_wconf 80' lang='lat' dir='ltr'><strong>sicut</strong></span> <span class='ocrx_word' id='word_1_579' title='bbox 1082 3721 1340 3790; x_wconf 78' lang='lat' dir='ltr'><strong>scriptum</strong></span> <span class='ocrx_word' id='word_1_580' title='bbox 1391 3729 1512 3776; x_wconf 78' lang='lat' dir='ltr'><strong>est:</strong></span> <span class='ocrx_word' id='word_1_581' title='bbox 1550 3720 1712 3777; x_wconf 62' lang='lat' dir='ltr'><strong>Dixi.-</strong></span> <span class='ocrx_word' id='word_1_582' title='bbox 1742 3717 1982 3797; x_wconf 67' lang='grc' dir='ltr'><strong>Ρνοηιιητ</strong></span> <span class='ocrx_word' id='word_1_583' title='bbox 2080 3715 2225 3771; x_wconf 89' lang='lat' dir='ltr'><strong>enim</strong></span> <span class='ocrx_word' id='word_1_584' title='bbox 2255 3714 2346 3786; x_wconf 90' lang='lat' dir='ltr'><strong>qui</strong></span> <span class='ocrx_word' id='word_1_585' title='bbox 2373 3731 2586 3770; x_wconf 88' lang='lat' dir='ltr'><strong>murum</strong></span> <span class='ocrx_word' id='word_1_586' title='bbox 2616 3714 2812 3772; x_wconf 87' lang='lat' dir='ltr'><strong>silentii</strong></span> <span class='ocrx_word' id='word_1_587' title='bbox 2845 3732 2950 3773; x_wconf 88' lang='lat' dir='ltr'><strong>non</strong></span> <span class='ocrx_word' id='word_1_588' title='bbox 2975 3717 3170 3785; x_wconf 80' lang='lat' dir='ltr'><strong>habet,</strong></span> <span class='ocrx_word' id='word_1_589' title='bbox 3216 3719 3421 3775; x_wconf 89' lang='lat' dir='ltr'><strong>inimici</strong></span> <span class='ocrx_word' id='word_1_590' title='bbox 3464 3720 3663 3792; x_wconf 88' lang='lat' dir='ltr'><strong>jaculis</strong></span> 
     </span>
    </p>
   </div>
   <div class='ocr_carea' id='block_1_69' title="bbox 410 3798 3659 3893">
    <p class='ocr_par' dir='ltr' id='par_1_69' title="bbox 410 3798 3659 3893">
     <span class='ocr_line' id='line_1_69' title="bbox 410 3798 3659 3893; baseline 0.005 -31"><span class='ocrx_word' id='word_1_591' title='bbox 410 3807 548 3862; x_wconf 85' lang='lat' dir='ltr'><strong>tiabo</strong></span> <span class='ocrx_word' id='word_1_592' title='bbox 578 3798 848 3865; x_wconf 82' lang='lat' dir='ltr'><strong>adversum</strong></span> <span class='ocrx_word' id='word_1_593' title='bbox 895 3826 973 3865; x_wconf 87' lang='lat' dir='ltr'><strong>me</strong></span> <span class='ocrx_word' id='word_1_594' title='bbox 1005 3811 1291 3882; x_wconf 79' lang='lat' dir='ltr'><strong>injustitias</strong></span> <span class='ocrx_word' id='word_1_595' title='bbox 1337 3829 1477 3868; x_wconf 80' lang='lat' dir='ltr'><strong>meas</strong></span> <span class='ocrx_word' id='word_1_596' title='bbox 1530 3812 1751 3867; x_wconf 84' lang='lat' dir='ltr'><strong>Domino</strong></span> <span class='ocrx_word' id='word_1_597' title='bbox 1778 3854 1792 3879; x_wconf 95' lang='lat'><strong>,</strong></span> <span class='ocrx_word' id='word_1_598' title='bbox 1838 3824 1886 3870; x_wconf 88' lang='lat' dir='ltr'><strong>et</strong></span> <span class='ocrx_word' id='word_1_599' title='bbox 1923 3824 1980 3870; x_wconf 88' lang='lat' dir='ltr'><strong>tu</strong></span> <span class='ocrx_word' id='word_1_600' title='bbox 2078 3815 2247 3877; x_wconf 71' lang='grc' dir='ltr'><strong>Ρίιῑοῐ·</strong></span> <span class='ocrx_word' id='word_1_601' title='bbox 2287 3806 2457 3875; x_wconf 71' lang='lat' dir='ltr'><strong>Quem</strong></span> <span class='ocrx_word' id='word_1_602' title='bbox 2517 3815 2667 3863; x_wconf 68' lang='grc' dir='ltr'><strong>ῐθηὶο</strong></span> <span class='ocrx_word' id='word_1_603' title='bbox 2715 3808 2965 3864; x_wconf 69' lang='lat' dir='ltr'><strong>inimicus</strong></span> <span class='ocrx_word' id='word_1_604' title='bbox 3022 3810 3141 3893; x_wconf 69' lang='grc' dir='ltr'><strong>εἱηθ</strong></span> <span class='ocrx_word' id='word_1_605' title='bbox 3188 3811 3377 3867; x_wconf 65' lang='lat' dir='ltr'><strong>labore</strong></span> <span class='ocrx_word' id='word_1_606' title='bbox 3420 3820 3659 3883; x_wconf 72' lang='lat' dir='ltr'><strong>superat.</strong></span> 
     </span>
    </p>
   </div>
   <div class='ocr_carea' id='block_1_70' title="bbox 411 3897 3659 3983">
    <p class='ocr_par' dir='ltr' id='par_1_70' title="bbox 411 3897 3659 3983">
     <span class='ocr_line' id='line_1_70' title="bbox 411 3897 3659 3983; baseline 0.002 -32"><span class='ocrx_word' id='word_1_607' title='bbox 411 3897 653 3971; x_wconf 79' lang='lat' dir='ltr'><strong>remisisti</strong></span> <span class='ocrx_word' id='word_1_608' title='bbox 684 3897 993 3967; x_wconf 83' lang='lat' dir='ltr'><strong>impietatem</strong></span> <span class='ocrx_word' id='word_1_609' title='bbox 1022 3900 1193 3959; x_wconf 84' lang='lat' dir='ltr'><strong>cordis</strong></span> <span class='ocrx_word' id='word_1_610' title='bbox 1222 3900 1322 3963; x_wconf 85' lang='lat' dir='ltr'><strong>mei</strong></span> <span class='ocrx_word' id='word_1_611' title='bbox 1357 3900 1528 3983; x_wconf 85' lang='lat' dir='ltr'><strong>(Psal.</strong></span> <span class='ocrx_word' id='word_1_612' title='bbox 1563 3902 1735 3976; x_wconf 66' lang='lat' dir='ltr'><strong>xxxx).</strong></span> <span class='ocrx_word' id='word_1_613' title='bbox 1781 3902 1985 3961; x_wconf 75' lang='lat' dir='ltr'><strong>Miseri~</strong></span> <span class='ocrx_word' id='word_1_614' title='bbox 2080 3906 2281 3970; x_wconf 88' lang='lat' dir='ltr'><strong>quanto</strong></span> <span class='ocrx_word' id='word_1_615' title='bbox 2304 3906 2357 3952; x_wconf 90' lang='lat' dir='ltr'><strong>et</strong></span> <span class='ocrx_word' id='word_1_616' title='bbox 2395 3898 2511 3971; x_wconf 89' lang='lat' dir='ltr'><strong>ipse</strong></span> <span class='ocrx_word' id='word_1_617' title='bbox 2540 3908 2730 3953; x_wconf 87' lang='lat' dir='ltr'><strong>contra</strong></span> <span class='ocrx_word' id='word_1_618' title='bbox 2761 3898 3109 3971; x_wconf 84' lang='lat' dir='ltr'><strong>semetipsum</strong></span> <span class='ocrx_word' id='word_1_619' title='bbox 3138 3916 3234 3972; x_wconf 88' lang='lat' dir='ltr'><strong>per</strong></span> <span class='ocrx_word' id='word_1_620' title='bbox 3262 3901 3659 3972; x_wconf 86' lang='lat' dir='ltr'><strong>multiloquium</strong></span> 
     </span>
    </p>
   </div>
   <div class='ocr_carea' id='block_1_71' title="bbox 411 3985 3665 4069">
    <p class='ocr_par' dir='ltr' id='par_1_71' title="bbox 411 3985 3665 4069">
     <span class='ocr_line' id='line_1_71' title="bbox 411 3985 3665 4069; baseline 0.002 -34"><span class='ocrx_word' id='word_1_621' title='bbox 411 4005 534 4045; x_wconf 66' lang='lat' dir='ltr'><strong>cors</strong></span> <span class='ocrx_word' id='word_1_622' title='bbox 573 3989 715 4047; x_wconf 71' lang='lat' dir='ltr'><strong>enim</strong></span> <span class='ocrx_word' id='word_1_623' title='bbox 751 3990 891 4047; x_wconf 76' lang='lat' dir='ltr'><strong>Deus</strong></span> <span class='ocrx_word' id='word_1_624' title='bbox 936 4005 1001 4047; x_wconf 76' lang='lat' dir='ltr'><strong>eo</strong></span> <span class='ocrx_word' id='word_1_625' title='bbox 1036 3992 1194 4048; x_wconf 65' lang='lat' dir='ltr'><strong>cuius</strong></span> <span class='ocrx_word' id='word_1_626' title='bbox 1237 4003 1460 4064; x_wconf 68' lang='lat' dir='ltr'><strong>peccata</strong></span> <span class='ocrx_word' id='word_1_627' title='bbox 1508 3995 1683 4062; x_wconf 68' lang='lat' dir='ltr'><strong>diluit,</strong></span> <span class='ocrx_word' id='word_1_628' title='bbox 1715 4011 1820 4067; x_wconf 71' lang='lat' dir='ltr'><strong>quo</strong></span> <span class='ocrx_word' id='word_1_629' title='bbox 1865 3998 1982 4069; x_wconf 55' lang='lat' dir='ltr'><strong>1mg</strong></span> <span class='ocrx_word' id='word_1_630' title='bbox 2080 3996 2298 4061; x_wconf 82' lang='lat' dir='ltr'><strong>pugnat.</strong></span> <span class='ocrx_word' id='word_1_631' title='bbox 2330 3986 2467 4043; x_wconf 83' lang='lat' dir='ltr'><strong>Hinc</strong></span> <span class='ocrx_word' id='word_1_632' title='bbox 2489 3985 2721 4044; x_wconf 72' lang='lat' dir='ltr'><strong>Iacobus</strong></span> <span class='ocrx_word' id='word_1_633' title='bbox 2749 3989 2918 4044; x_wconf 83' lang='lat' dir='ltr'><strong>dicit:</strong></span> <span class='ocrx_word' id='word_1_634' title='bbox 2949 3989 3008 4044; x_wconf 89' lang='lat' dir='ltr'><strong>Si</strong></span> <span class='ocrx_word' id='word_1_635' title='bbox 3039 3991 3155 4061; x_wconf 87' lang='lat' dir='ltr'><strong>quis</strong></span> <span class='ocrx_word' id='word_1_636' title='bbox 3180 4001 3329 4062; x_wconf 85' lang='lat' dir='ltr'><strong>putat</strong></span> <span class='ocrx_word' id='word_1_637' title='bbox 3375 4008 3429 4045; x_wconf 87' lang='lat' dir='ltr'><strong>se</strong></span> <span class='ocrx_word' id='word_1_638' title='bbox 3457 3991 3665 4062; x_wconf 79' lang='lat' dir='ltr'><strong>religio-</strong></span> 
     </span>
    </p>
   </div>
   <div class='ocr_carea' id='block_1_72' title="bbox 411 4078 3662 4156">
    <p class='ocr_par' dir='ltr' id='par_1_72' title="bbox 411 4078 3662 4156">
     <span class='ocr_line' id='line_1_72' title="bbox 411 4078 3662 4156; baseline 0.001 -23"><span class='ocrx_word' id='word_1_639' title='bbox 411 4079 561 4134; x_wconf 75' lang='lat' dir='ltr'><strong>exire</strong></span> <span class='ocrx_word' id='word_1_640' title='bbox 588 4079 653 4133; x_wconf 86' lang='lat' dir='ltr'><strong>ad</strong></span> <span class='ocrx_word' id='word_1_641' title='bbox 694 4088 852 4150; x_wconf 82' lang='lat' dir='ltr'><strong>opera</strong></span> <span class='ocrx_word' id='word_1_642' title='bbox 880 4096 984 4137; x_wconf 86' lang='lat' dir='ltr'><strong>non</strong></span> <span class='ocrx_word' id='word_1_643' title='bbox 1018 4082 1299 4151; x_wconf 88' lang='lat' dir='ltr'><strong>permittit.</strong></span> <span class='ocrx_word' id='word_1_644' title='bbox 1345 4083 1412 4137; x_wconf 86' lang='lat' dir='ltr'><strong>Et</strong></span> <span class='ocrx_word' id='word_1_645' title='bbox 1460 4085 1693 4155; x_wconf 78' lang='lat' dir='ltr'><strong>cogitata</strong></span> <span class='ocrx_word' id='word_1_646' title='bbox 1745 4086 1982 4156; x_wconf 81' lang='lat' dir='ltr'><strong>nequitia</strong></span> <span class='ocrx_word' id='word_1_647' title='bbox 2080 4096 2196 4133; x_wconf 85' lang='lat' dir='ltr'><strong>sum</strong></span> <span class='ocrx_word' id='word_1_648' title='bbox 2218 4096 2348 4147; x_wconf 87' lang='lat' dir='ltr'><strong>esse,</strong></span> <span class='ocrx_word' id='word_1_649' title='bbox 2374 4095 2479 4133; x_wconf 85' lang='lat' dir='ltr'><strong>non</strong></span> <span class='ocrx_word' id='word_1_650' title='bbox 2501 4078 2770 4149; x_wconf 77' lang='lat' dir='ltr'><strong>refrenans</strong></span> <span class='ocrx_word' id='word_1_651' title='bbox 2801 4080 3031 4151; x_wconf 85' lang='lat' dir='ltr'><strong>linguam</strong></span> <span class='ocrx_word' id='word_1_652' title='bbox 3064 4098 3213 4134; x_wconf 88' lang='lat' dir='ltr'><strong>suam</strong></span> <span class='ocrx_word' id='word_1_653' title='bbox 3234 4122 3249 4145; x_wconf 96' lang='lat'><strong>,</strong></span> <span class='ocrx_word' id='word_1_654' title='bbox 3293 4082 3383 4135; x_wconf 83' lang='lat' dir='ltr'><strong>sed</strong></span> <span class='ocrx_word' id='word_1_655' title='bbox 3412 4082 3662 4136; x_wconf 82' lang='lat' dir='ltr'><strong>seducens</strong></span> 
     </span>
    </p>
   </div>
   <div class='ocr_carea' id='block_1_73' title="bbox 414 4156 3662 4249">
    <p class='ocr_par' dir='ltr' id='par_1_73' title="bbox 414 4156 3662 4249">
     <span class='ocr_line' id='line_1_73' title="bbox 414 4156 3662 4249; baseline 0.001 -28"><span class='ocrx_word' id='word_1_656' title='bbox 414 4175 563 4249; x_wconf 84' lang='lat' dir='ltr'><strong>tanto</strong></span> <span class='ocrx_word' id='word_1_657' title='bbox 584 4168 744 4223; x_wconf 87' lang='lat' dir='ltr'><strong>citius</strong></span> <span class='ocrx_word' id='word_1_658' title='bbox 783 4168 1028 4239; x_wconf 86' lang='lat' dir='ltr'><strong>solvitur,</strong></span> <span class='ocrx_word' id='word_1_659' title='bbox 1058 4180 1260 4241; x_wconf 85' lang='lat' dir='ltr'><strong>quanto</strong></span> <span class='ocrx_word' id='word_1_660' title='bbox 1288 4172 1361 4228; x_wconf 85' lang='lat' dir='ltr'><strong>ad</strong></span> <span class='ocrx_word' id='word_1_661' title='bbox 1410 4156 1658 4229; x_wconf 74' lang='lat' dir='ltr'><strong>effectum</strong></span> <span class='ocrx_word' id='word_1_662' title='bbox 1698 4175 1875 4249; x_wconf 86' lang='lat' dir='ltr'><strong>operis</strong></span> <span class='ocrx_word' id='word_1_663' title='bbox 1906 4176 1983 4231; x_wconf 85' lang='lat' dir='ltr'><strong>di-</strong></span> <span class='ocrx_word' id='word_1_664' title='bbox 2082 4187 2173 4225; x_wconf 88' lang='lat' dir='ltr'><strong>cor</strong></span> <span class='ocrx_word' id='word_1_665' title='bbox 2190 4187 2365 4236; x_wconf 88' lang='lat' dir='ltr'><strong>suum,</strong></span> <span class='ocrx_word' id='word_1_666' title='bbox 2396 4170 2555 4242; x_wconf 84' lang='lat' dir='ltr'><strong>hujus</strong></span> <span class='ocrx_word' id='word_1_667' title='bbox 2578 4187 2713 4233; x_wconf 85' lang='lat' dir='ltr'><strong>vana</strong></span> <span class='ocrx_word' id='word_1_668' title='bbox 2738 4180 2813 4226; x_wconf 89' lang='lat' dir='ltr'><strong>est</strong></span> <span class='ocrx_word' id='word_1_669' title='bbox 2848 4170 3028 4243; x_wconf 81' lang='lat' dir='ltr'><strong>religio</strong></span> <span class='ocrx_word' id='word_1_670' title='bbox 3055 4170 3262 4245; x_wconf 87' lang='lat' dir='ltr'><strong>(Jacob.</strong></span> <span class='ocrx_word' id='word_1_671' title='bbox 3297 4170 3357 4237; x_wconf 89' lang='grc' dir='ltr'><strong>ι).</strong></span> <span class='ocrx_word' id='word_1_672' title='bbox 3384 4172 3520 4231; x_wconf 82' lang='lat' dir='ltr'><strong>Iliuc</strong></span> <span class='ocrx_word' id='word_1_673' title='bbox 3539 4189 3662 4226; x_wconf 86' lang='lat' dir='ltr'><strong>rur-</strong></span> 
     </span>
    </p>
   </div>
   <div class='ocr_carea' id='block_1_74' title="bbox 411 4242 3655 4336">
    <p class='ocr_par' dir='ltr' id='par_1_74' title="bbox 411 4242 3655 4336">
     <span class='ocr_line' id='line_1_74' title="bbox 411 4242 3655 4336; baseline 0 -21"><span class='ocrx_word' id='word_1_674' title='bbox 411 4271 455 4315; x_wconf 86' lang='lat' dir='ltr'><strong>st</strong></span> <span class='ocrx_word' id='word_1_675' title='bbox 468 4242 653 4316; x_wconf 75' lang='lat' dir='ltr'><strong>rictitts</strong></span> <span class='ocrx_word' id='word_1_676' title='bbox 681 4278 785 4317; x_wconf 91' lang='lat' dir='ltr'><strong>non</strong></span> <span class='ocrx_word' id='word_1_677' title='bbox 816 4260 1029 4333; x_wconf 80' lang='lat' dir='ltr'><strong>ligatur.</strong></span> <span class='ocrx_word' id='word_1_678' title='bbox 1070 4263 1135 4319; x_wconf 83' lang='lat' dir='ltr'><strong>Et</strong></span> <span class='ocrx_word' id='word_1_679' title='bbox 1181 4280 1340 4336; x_wconf 87' lang='lat' dir='ltr'><strong>quam</strong></span> <span class='ocrx_word' id='word_1_680' title='bbox 1372 4282 1534 4336; x_wconf 87' lang='lat' dir='ltr'><strong>super</strong></span> <span class='ocrx_word' id='word_1_681' title='bbox 1564 4267 1682 4324; x_wconf 66' lang='lat' dir='ltr'><strong>haec</strong></span> <span class='ocrx_word' id='word_1_682' title='bbox 1707 4242 1780 4324; x_wconf 83' lang='lat' dir='ltr'><strong>sit</strong></span> <span class='ocrx_word' id='word_1_683' title='bbox 1808 4269 1983 4327; x_wconf 75' lang='lat' dir='ltr'><strong>facilis</strong></span> <span class='ocrx_word' id='word_1_684' title='bbox 2083 4275 2175 4329; x_wconf 86' lang='lat' dir='ltr'><strong>sus</strong></span> <span class='ocrx_word' id='word_1_685' title='bbox 2200 4260 2276 4315; x_wconf 90' lang='lat' dir='ltr'><strong>ait</strong></span> <span class='ocrx_word' id='word_1_686' title='bbox 2301 4279 2313 4316; x_wconf 96' lang='lat'><strong>:</strong></span> <span class='ocrx_word' id='word_1_687' title='bbox 2344 4258 2421 4316; x_wconf 87' lang='lat' dir='ltr'><strong>Sit</strong></span> <span class='ocrx_word' id='word_1_688' title='bbox 2453 4269 2624 4315; x_wconf 85' lang='lat' dir='ltr'><strong>autem</strong></span> <span class='ocrx_word' id='word_1_689' title='bbox 2647 4262 2813 4317; x_wconf 83' lang='lat' dir='ltr'><strong>omnis</strong></span> <span class='ocrx_word' id='word_1_690' title='bbox 2840 4261 2993 4317; x_wconf 81' lang='lat' dir='ltr'><strong>homo</strong></span> <span class='ocrx_word' id='word_1_691' title='bbox 3033 4262 3180 4321; x_wconf 71' lang='lat' dir='ltr'><strong>velox</strong></span> <span class='ocrx_word' id='word_1_692' title='bbox 3200 4262 3266 4315; x_wconf 85' lang='lat' dir='ltr'><strong>ad</strong></span> <span class='ocrx_word' id='word_1_693' title='bbox 3299 4262 3614 4316; x_wconf 81' lang='lat' dir='ltr'><strong>audiendum</strong></span> <span class='ocrx_word' id='word_1_694' title='bbox 3639 4303 3655 4325; x_wconf 89' lang='lat'><strong>,</strong></span> 
     </span>
    </p>
   </div>
   <div class='ocr_carea' id='block_1_75' title="bbox 412 4351 1981 4432">
    <p class='ocr_par' dir='ltr' id='par_1_75' title="bbox 412 4351 1981 4432">
     <span class='ocr_line' id='line_1_75' title="bbox 412 4351 1981 4432; baseline 0.008 -28"><span class='ocrx_word' id='word_1_695' title='bbox 412 4351 566 4405; x_wconf 79' lang='lat' dir='ltr'><strong>venia</strong></span> <span class='ocrx_word' id='word_1_696' title='bbox 590 4351 843 4407; x_wconf 89' lang='lat' dir='ltr'><strong>ostendit.</strong></span> <span class='ocrx_word' id='word_1_697' title='bbox 891 4351 991 4421; x_wconf 88' lang='lat' dir='ltr'><strong>Qui</strong></span> <span class='ocrx_word' id='word_1_698' title='bbox 1021 4353 1147 4409; x_wconf 89' lang='lat' dir='ltr'><strong>dum</strong></span> <span class='ocrx_word' id='word_1_699' title='bbox 1189 4370 1246 4411; x_wconf 90' lang='lat' dir='ltr'><strong>se</strong></span> <span class='ocrx_word' id='word_1_700' title='bbox 1271 4359 1536 4428; x_wconf 84' lang='lat' dir='ltr'><strong>promittit</strong></span> <span class='ocrx_word' id='word_1_701' title='bbox 1558 4360 1733 4416; x_wconf 85' lang='lat' dir='ltr'><strong>adhuc</strong></span> <span class='ocrx_word' id='word_1_702' title='bbox 1768 4370 1981 4432; x_wconf 79' lang='lat' dir='ltr'><strong>petere,</strong></span> 
     </span>
    </p>
   </div>
   <div class='ocr_carea' id='block_1_76' title="bbox 411 4434 1982 4521">
    <p class='ocr_par' dir='ltr' id='par_1_76' title="bbox 411 4434 1982 4521">
     <span class='ocr_line' id='line_1_76' title="bbox 411 4434 1982 4521; baseline 0.007 -24"><span class='ocrx_word' id='word_1_703' title='bbox 411 4441 515 4498; x_wconf 90' lang='lat' dir='ltr'><strong>hoc</strong></span> <span class='ocrx_word' id='word_1_704' title='bbox 544 4443 685 4514; x_wconf 80' lang='lat' dir='ltr'><strong>quod</strong></span> <span class='ocrx_word' id='word_1_705' title='bbox 717 4457 774 4497; x_wconf 86' lang='lat' dir='ltr'><strong>se</strong></span> <span class='ocrx_word' id='word_1_706' title='bbox 805 4434 987 4513; x_wconf 86' lang='lat' dir='ltr'><strong>petere</strong></span> <span class='ocrx_word' id='word_1_707' title='bbox 1049 4447 1393 4519; x_wconf 84' lang='lat' dir='ltr'><strong>promittebat</strong></span> <span class='ocrx_word' id='word_1_708' title='bbox 1428 4449 1685 4516; x_wconf 78' lang='lat' dir='ltr'><strong>obtinuit,</strong></span> <span class='ocrx_word' id='word_1_709' title='bbox 1715 4459 1982 4521; x_wconf 80' lang='lat' dir='ltr'><strong>quatenus</strong></span> 
     </span>
    </p>
   </div>
   <div class='ocr_carea' id='block_1_77' title="bbox 411 4526 1982 4610">
    <p class='ocr_par' dir='ltr' id='par_1_77' title="bbox 411 4526 1982 4610">
     <span class='ocr_line' id='line_1_77' title="bbox 411 4526 1982 4610; baseline 0.006 -23"><span class='ocrx_word' id='word_1_710' title='bbox 411 4534 537 4607; x_wconf 85' lang='lat' dir='ltr'><strong>quia</strong></span> <span class='ocrx_word' id='word_1_711' title='bbox 578 4549 748 4604; x_wconf 88' lang='lat' dir='ltr'><strong>usque</strong></span> <span class='ocrx_word' id='word_1_712' title='bbox 790 4533 856 4588; x_wconf 88' lang='lat' dir='ltr'><strong>ad</strong></span> <span class='ocrx_word' id='word_1_713' title='bbox 890 4548 1025 4606; x_wconf 89' lang='lat' dir='ltr'><strong>opus</strong></span> <span class='ocrx_word' id='word_1_714' title='bbox 1073 4551 1181 4590; x_wconf 88' lang='lat' dir='ltr'><strong>non</strong></span> <span class='ocrx_word' id='word_1_715' title='bbox 1218 4548 1441 4594; x_wconf 88' lang='lat' dir='ltr'><strong>venerat</strong></span> <span class='ocrx_word' id='word_1_716' title='bbox 1472 4530 1625 4610; x_wconf 88' lang='lat' dir='ltr'><strong>culpa</strong></span> <span class='ocrx_word' id='word_1_717' title='bbox 1644 4526 1672 4607; x_wconf 31' lang='lat'><strong>,&#39;</strong></span> <span class='ocrx_word' id='word_1_718' title='bbox 1702 4556 1871 4610; x_wconf 84' lang='lat' dir='ltr'><strong>usque</strong></span> <span class='ocrx_word' id='word_1_719' title='bbox 1915 4541 1982 4597; x_wconf 88' lang='lat' dir='ltr'><strong>ad</strong></span> 
     </span>
    </p>
   </div>
   <div class='ocr_carea' id='block_1_78' title="bbox 411 4626 1982 4703">
    <p class='ocr_par' dir='ltr' id='par_1_78' title="bbox 411 4626 1982 4703">
     <span class='ocr_line' id='line_1_78' title="bbox 411 4626 1982 4703; baseline 0.006 -24"><span class='ocrx_word' id='word_1_720' title='bbox 411 4626 708 4680; x_wconf 82' lang='lat' dir='ltr'><strong>crueiatum</strong></span> <span class='ocrx_word' id='word_1_721' title='bbox 758 4641 865 4687; x_wconf 89' lang='lat' dir='ltr'><strong>non</strong></span> <span class='ocrx_word' id='word_1_722' title='bbox 908 4626 1214 4698; x_wconf 89' lang='lat' dir='ltr'><strong>perveniret</strong></span> <span class='ocrx_word' id='word_1_723' title='bbox 1258 4631 1600 4701; x_wconf 67' lang='lat' dir='ltr'><strong>poenitentia,</strong></span> <span class='ocrx_word' id='word_1_724' title='bbox 1630 4632 1727 4688; x_wconf 86' lang='lat' dir='ltr'><strong>sed</strong></span> <span class='ocrx_word' id='word_1_725' title='bbox 1750 4632 1982 4703; x_wconf 81' lang='lat' dir='ltr'><strong>cogitata</strong></span> 
     </span>
    </p>
   </div>
   <div class='ocr_carea' id='block_1_79' title="bbox 414 4713 1982 4793">
    <p class='ocr_par' dir='ltr' id='par_1_79' title="bbox 414 4713 1982 4793">
     <span class='ocr_line' id='line_1_79' title="bbox 414 4713 1982 4793; baseline 0.006 -25"><span class='ocrx_word' id='word_1_726' title='bbox 414 4713 630 4770; x_wconf 74' lang='lat' dir='ltr'><strong>alnict‘io</strong></span> <span class='ocrx_word' id='word_1_727' title='bbox 676 4725 911 4772; x_wconf 87' lang='lat' dir='ltr'><strong>mentem</strong></span> <span class='ocrx_word' id='word_1_728' title='bbox 951 4726 1199 4790; x_wconf 78' lang='lat' dir='ltr'><strong>tergeret,</strong></span> <span class='ocrx_word' id='word_1_729' title='bbox 1239 4727 1498 4790; x_wconf 85' lang='lat' dir='ltr'><strong>quantum</strong></span> <span class='ocrx_word' id='word_1_730' title='bbox 1550 4721 1712 4777; x_wconf 89' lang='lat' dir='ltr'><strong>modo</strong></span> <span class='ocrx_word' id='word_1_731' title='bbox 1753 4723 1982 4793; x_wconf 81' lang='lat' dir='ltr'><strong>cogitata</strong></span> 
     </span>
    </p>
   </div>
   <div class='ocr_carea' id='block_1_80' title="bbox 416 4802 1076 4879">
    <p class='ocr_par' dir='ltr' id='par_1_80' title="bbox 416 4802 1076 4879">
     <span class='ocr_line' id='line_1_80' title="bbox 416 4802 1076 4879; baseline 0.015 -21"><span class='ocrx_word' id='word_1_732' title='bbox 416 4802 670 4874; x_wconf 86' lang='lat' dir='ltr'><strong>iniquitas</strong></span> <span class='ocrx_word' id='word_1_733' title='bbox 708 4808 1039 4879; x_wconf 81' lang='lat' dir='ltr'><strong>inquinaret.</strong></span> <span class='ocrx_word' id='word_1_734' title='bbox 1070 4856 1076 4861; x_wconf 81' lang='lat'><strong>.</strong></span> 
     </span>
    </p>
   </div>
   <div class='ocr_carea' id='block_1_81' title="bbox 484 4893 1983 4975">
    <p class='ocr_par' dir='ltr' id='par_1_81' title="bbox 484 4893 1983 4975">
     <span class='ocr_line' id='line_1_81' title="bbox 484 4893 1983 4975; baseline 0.007 -27"><span class='ocrx_word' id='word_1_735' title='bbox 484 4893 572 4949; x_wconf 73' lang='lat'><strong>5&#39;2.</strong></span> <span class='ocrx_word' id='word_1_736' title='bbox 614 4895 686 4951; x_wconf 88' lang='lat' dir='ltr'><strong>0s</strong></span> <span class='ocrx_word' id='word_1_737' title='bbox 710 4915 863 4954; x_wconf 85' lang='lat' dir='ltr'><strong>suum</strong></span> <span class='ocrx_word' id='word_1_738' title='bbox 892 4918 924 4954; x_wconf 80' lang='grc' dir='ltr'><strong>α</strong></span> <span class='ocrx_word' id='word_1_739' title='bbox 960 4901 1100 4954; x_wconf 84' lang='lat' dir='ltr'><strong>malo</strong></span> <span class='ocrx_word' id='word_1_740' title='bbox 1130 4899 1205 4956; x_wconf 85' lang='lat' dir='ltr'><strong>vel</strong></span> <span class='ocrx_word' id='word_1_741' title='bbox 1253 4916 1412 4975; x_wconf 80' lang='lat' dir='ltr'><strong>pravo</strong></span> <span class='ocrx_word' id='word_1_742' title='bbox 1461 4899 1661 4971; x_wconf 85' lang='lat' dir='ltr'><strong>eloquio</strong></span> <span class='ocrx_word' id='word_1_743' title='bbox 1703 4902 1983 4958; x_wconf 81' lang='lat' dir='ltr'><strong>custodire.</strong></span> 
     </span>
    </p>
   </div>
   <div class='ocr_carea' id='block_1_82' title="bbox 418 4985 1985 5047">
    <p class='ocr_par' dir='ltr' id='par_1_82' title="bbox 418 4985 1985 5047">
     <span class='ocr_line' id='line_1_82' title="bbox 418 4985 1985 5047; baseline 0.004 -7"><span class='ocrx_word' id='word_1_744' title='bbox 418 4985 553 5042; x_wconf 85' lang='lat' dir='ltr'><strong>llinc</strong></span> <span class='ocrx_word' id='word_1_745' title='bbox 582 5004 678 5044; x_wconf 89' lang='lat' dir='ltr'><strong>nos</strong></span> <span class='ocrx_word' id='word_1_746' title='bbox 703 4989 952 5046; x_wconf 89' lang='lat' dir='ltr'><strong>Salomon</strong></span> <span class='ocrx_word' id='word_1_747' title='bbox 991 4991 1245 5046; x_wconf 86' lang='lat' dir='ltr'><strong>admonet</strong></span> <span class='ocrx_word' id='word_1_748' title='bbox 1267 4991 1451 5046; x_wconf 85' lang='lat' dir='ltr'><strong>dicens</strong></span> <span class='ocrx_word' id='word_1_749' title='bbox 1479 5010 1491 5045; x_wconf 91' lang='lat'><strong>:</strong></span> <span class='ocrx_word' id='word_1_750' title='bbox 1535 4990 1757 5046; x_wconf 78' lang='lat' dir='ltr'><strong>Remove</strong></span> <span class='ocrx_word' id='word_1_751' title='bbox 1780 5010 1811 5045; x_wconf 87' lang='lat' dir='ltr'><strong>a</strong></span> <span class='ocrx_word' id='word_1_752' title='bbox 1855 5001 1903 5047; x_wconf 89' lang='lat' dir='ltr'><strong>te</strong></span> <span class='ocrx_word' id='word_1_753' title='bbox 1928 5009 1985 5047; x_wconf 87' lang='lat' dir='ltr'><strong>os</strong></span> 
     </span>
    </p>
   </div>
   <div class='ocr_carea' id='block_1_83' title="bbox 417 5079 1982 5157">
    <p class='ocr_par' dir='ltr' id='par_1_83' title="bbox 417 5079 1982 5157">
     <span class='ocr_line' id='line_1_83' title="bbox 417 5079 1982 5157; baseline 0.006 -27"><span class='ocrx_word' id='word_1_754' title='bbox 417 5093 652 5148; x_wconf 78' lang='lat' dir='ltr'><strong>pravum,</strong></span> <span class='ocrx_word' id='word_1_755' title='bbox 676 5089 723 5132; x_wconf 89' lang='lat' dir='ltr'><strong>et</strong></span> <span class='ocrx_word' id='word_1_756' title='bbox 749 5079 1073 5135; x_wconf 82' lang='lat' dir='ltr'><strong>detrahentia</strong></span> <span class='ocrx_word' id='word_1_757' title='bbox 1109 5081 1250 5136; x_wconf 85' lang='lat' dir='ltr'><strong>labia</strong></span> <span class='ocrx_word' id='word_1_758' title='bbox 1287 5082 1391 5136; x_wconf 82' lang='lat' dir='ltr'><strong>sint</strong></span> <span class='ocrx_word' id='word_1_759' title='bbox 1418 5081 1602 5152; x_wconf 82' lang='lat' dir='ltr'><strong>procul</strong></span> <span class='ocrx_word' id='word_1_760' title='bbox 1636 5100 1669 5136; x_wconf 92' lang='lat' dir='ltr'><strong>a</strong></span> <span class='ocrx_word' id='word_1_761' title='bbox 1705 5092 1753 5137; x_wconf 89' lang='lat' dir='ltr'><strong>te</strong></span> <span class='ocrx_word' id='word_1_762' title='bbox 1799 5081 1982 5157; x_wconf 84' lang='lat' dir='ltr'><strong>(Prov.</strong></span> 
     </span>
    </p>
   </div>
   <div class='ocr_carea' id='block_1_84' title="bbox 420 5166 1987 5235">
    <p class='ocr_par' dir='ltr' id='par_1_84' title="bbox 420 5166 1987 5235">
     <span class='ocr_line' id='line_1_84' title="bbox 420 5166 1987 5235; baseline 0.006 -14"><span class='ocrx_word' id='word_1_763' title='bbox 420 5166 517 5235; x_wconf 79' lang='lat' dir='ltr'><strong>Iv).</strong></span> <span class='ocrx_word' id='word_1_764' title='bbox 542 5167 678 5227; x_wconf 78' lang='lat' dir='ltr'><strong>Hinc</strong></span> <span class='ocrx_word' id='word_1_765' title='bbox 703 5169 903 5226; x_wconf 87' lang='lat' dir='ltr'><strong>Paulus</strong></span> <span class='ocrx_word' id='word_1_766' title='bbox 955 5172 1031 5226; x_wconf 88' lang='lat' dir='ltr'><strong>ait</strong></span> <span class='ocrx_word' id='word_1_767' title='bbox 1056 5191 1069 5227; x_wconf 87' lang='lat'><strong>:</strong></span> <span class='ocrx_word' id='word_1_768' title='bbox 1101 5171 1284 5227; x_wconf 87' lang='lat' dir='ltr'><strong>Omnis</strong></span> <span class='ocrx_word' id='word_1_769' title='bbox 1310 5190 1477 5228; x_wconf 86' lang='lat' dir='ltr'><strong>sermo</strong></span> <span class='ocrx_word' id='word_1_770' title='bbox 1509 5174 1679 5229; x_wconf 87' lang='lat' dir='ltr'><strong>malus</strong></span> <span class='ocrx_word' id='word_1_771' title='bbox 1702 5193 1765 5230; x_wconf 75' lang='lat' dir='ltr'><strong>ex</strong></span> <span class='ocrx_word' id='word_1_772' title='bbox 1793 5194 1881 5231; x_wconf 90' lang='lat' dir='ltr'><strong>ore</strong></span> <span class='ocrx_word' id='word_1_773' title='bbox 1901 5193 1987 5231; x_wconf 85' lang='lat' dir='ltr'><strong>ve-</strong></span> 
     </span>
    </p>
   </div>
   <div class='ocr_carea' id='block_1_85' title="bbox 417 5259 1987 5344">
    <p class='ocr_par' dir='ltr' id='par_1_85' title="bbox 417 5259 1987 5344">
     <span class='ocr_line' id='line_1_85' title="bbox 417 5259 1987 5344; baseline 0.005 -33"><span class='ocrx_word' id='word_1_774' title='bbox 417 5266 525 5311; x_wconf 89' lang='lat' dir='ltr'><strong>stro</strong></span> <span class='ocrx_word' id='word_1_775' title='bbox 555 5274 655 5312; x_wconf 77' lang='lat' dir='ltr'><strong>non</strong></span> <span class='ocrx_word' id='word_1_776' title='bbox 676 5259 939 5329; x_wconf 80' lang='lat' dir='ltr'><strong>procedat,</strong></span> <span class='ocrx_word' id='word_1_777' title='bbox 968 5261 1057 5344; x_wconf 69' lang='lat' dir='ltr'><strong>sed</strong></span> <span class='ocrx_word' id='word_1_778' title='bbox 1093 5263 1137 5315; x_wconf 90' lang='lat' dir='ltr'><strong>si</strong></span> <span class='ocrx_word' id='word_1_779' title='bbox 1164 5262 1279 5334; x_wconf 84' lang='lat' dir='ltr'><strong>quis</strong></span> <span class='ocrx_word' id='word_1_780' title='bbox 1307 5261 1470 5316; x_wconf 86' lang='lat' dir='ltr'><strong>bonus</strong></span> <span class='ocrx_word' id='word_1_781' title='bbox 1501 5262 1570 5316; x_wconf 91' lang='lat' dir='ltr'><strong>ad</strong></span> <span class='ocrx_word' id='word_1_782' title='bbox 1590 5263 1987 5331; x_wconf 69' lang='lat' dir='ltr'><strong>aedificationem</strong></span> 
     </span>
    </p>
   </div>
   <div class='ocr_carea' id='block_1_86' title="bbox 402 5351 1985 5429">
    <p class='ocr_par' dir='ltr' id='par_1_86' title="bbox 402 5351 1985 5429">
     <span class='ocr_line' id='line_1_86' title="bbox 402 5351 1985 5429; baseline 0.005 -26"><span class='ocrx_word' id='word_1_783' title='bbox 402 5351 838 5421; x_wconf 3' lang='lat' dir='ltr'><strong>(opportunitatis,</strong></span> <span class='ocrx_word' id='word_1_784' title='bbox 864 5362 920 5409; x_wconf 89' lang='lat' dir='ltr'><strong>ut</strong></span> <span class='ocrx_word' id='word_1_785' title='bbox 939 5354 1021 5408; x_wconf 89' lang='lat' dir='ltr'><strong>det</strong></span> <span class='ocrx_word' id='word_1_786' title='bbox 1043 5354 1267 5424; x_wconf 87' lang='lat' dir='ltr'><strong>gratiam</strong></span> <span class='ocrx_word' id='word_1_787' title='bbox 1295 5354 1627 5409; x_wconf 85' lang='lat' dir='ltr'><strong>audientibus</strong></span> <span class='ocrx_word' id='word_1_788' title='bbox 1655 5354 1869 5427; x_wconf 73' lang='lat' dir='ltr'><strong>(Epiros.</strong></span> <span class='ocrx_word' id='word_1_789' title='bbox 1889 5354 1985 5429; x_wconf 81' lang='lat' dir='ltr'><strong>tv).</strong></span> 
     </span>
    </p>
   </div>
   <div class='ocr_carea' id='block_1_87' title="bbox 420 5442 1991 5520">
    <p class='ocr_par' dir='ltr' id='par_1_87' title="bbox 420 5442 1991 5520">
     <span class='ocr_line' id='line_1_87' title="bbox 420 5442 1991 5520; baseline 0.004 -22"><span class='ocrx_word' id='word_1_790' title='bbox 420 5442 496 5499; x_wconf 86' lang='lat' dir='ltr'><strong>De</strong></span> <span class='ocrx_word' id='word_1_791' title='bbox 530 5458 624 5500; x_wconf 91' lang='lat' dir='ltr'><strong>ore</strong></span> <span class='ocrx_word' id='word_1_792' title='bbox 651 5444 794 5502; x_wconf 86' lang='lat' dir='ltr'><strong>enim</strong></span> <span class='ocrx_word' id='word_1_793' title='bbox 816 5448 1063 5503; x_wconf 84' lang='lat' dir='ltr'><strong>monachi</strong></span> <span class='ocrx_word' id='word_1_794' title='bbox 1095 5465 1199 5504; x_wconf 90' lang='lat' dir='ltr'><strong>non</strong></span> <span class='ocrx_word' id='word_1_795' title='bbox 1219 5451 1389 5505; x_wconf 89' lang='lat' dir='ltr'><strong>malus</strong></span> <span class='ocrx_word' id='word_1_796' title='bbox 1407 5450 1491 5506; x_wconf 83' lang='lat' dir='ltr'><strong>vel</strong></span> <span class='ocrx_word' id='word_1_797' title='bbox 1512 5464 1730 5520; x_wconf 85' lang='lat' dir='ltr'><strong>pravus,</strong></span> <span class='ocrx_word' id='word_1_798' title='bbox 1755 5450 1849 5505; x_wconf 85' lang='lat' dir='ltr'><strong>scd</strong></span> <span class='ocrx_word' id='word_1_799' title='bbox 1864 5451 1991 5505; x_wconf 74' lang='lat' dir='ltr'><strong>aedi-</strong></span> 
     </span>
    </p>
   </div>
   <div class='ocr_carea' id='block_1_88' title="bbox 421 5532 1994 5609">
    <p class='ocr_par' dir='ltr' id='par_1_88' title="bbox 421 5532 1994 5609">
     <span class='ocr_line' id='line_1_88' title="bbox 421 5532 1994 5609; baseline 0.006 -21"><span class='ocrx_word' id='word_1_800' title='bbox 421 5532 689 5590; x_wconf 85' lang='lat' dir='ltr'><strong>ﬁcationis</strong></span> <span class='ocrx_word' id='word_1_801' title='bbox 711 5545 767 5592; x_wconf 87' lang='lat' dir='ltr'><strong>et</strong></span> <span class='ocrx_word' id='word_1_802' title='bbox 799 5538 986 5609; x_wconf 75' lang='lat' dir='ltr'><strong>gratim</strong></span> <span class='ocrx_word' id='word_1_803' title='bbox 1014 5538 1171 5594; x_wconf 82' lang='lat' dir='ltr'><strong>debet</strong></span> <span class='ocrx_word' id='word_1_804' title='bbox 1203 5541 1495 5608; x_wconf 83' lang='lat' dir='ltr'><strong>procedere</strong></span> <span class='ocrx_word' id='word_1_805' title='bbox 1538 5555 1738 5594; x_wconf 89' lang='lat' dir='ltr'><strong>sermo.</strong></span> <span class='ocrx_word' id='word_1_806' title='bbox 1768 5540 1994 5597; x_wconf 77' lang='lat' dir='ltr'><strong>Domino</strong></span> 
     </span>
    </p>
   </div>
   <div class='ocr_carea' id='block_1_89' title="bbox 420 5623 1997 5700">
    <p class='ocr_par' dir='ltr' id='par_1_89' title="bbox 420 5623 1997 5700">
     <span class='ocr_line' id='line_1_89' title="bbox 420 5623 1997 5700; baseline 0.005 -22"><span class='ocrx_word' id='word_1_807' title='bbox 420 5623 565 5678; x_wconf 88' lang='lat' dir='ltr'><strong>enim</strong></span> <span class='ocrx_word' id='word_1_808' title='bbox 592 5627 841 5682; x_wconf 88' lang='lat' dir='ltr'><strong>trahente</strong></span> <span class='ocrx_word' id='word_1_809' title='bbox 863 5636 981 5698; x_wconf 84' lang='lat' dir='ltr'><strong>post</strong></span> <span class='ocrx_word' id='word_1_810' title='bbox 1009 5629 1181 5700; x_wconf 89' lang='lat' dir='ltr'><strong>ipsum</strong></span> <span class='ocrx_word' id='word_1_811' title='bbox 1203 5630 1375 5685; x_wconf 88' lang='lat' dir='ltr'><strong>bonus</strong></span> <span class='ocrx_word' id='word_1_812' title='bbox 1405 5631 1703 5687; x_wconf 83' lang='lat' dir='ltr'><strong>monachus</strong></span> <span class='ocrx_word' id='word_1_813' title='bbox 1725 5631 1914 5695; x_wconf 88' lang='lat' dir='ltr'><strong>currit,</strong></span> <span class='ocrx_word' id='word_1_814' title='bbox 1940 5638 1997 5686; x_wconf 88' lang='lat' dir='ltr'><strong>et</strong></span> 
     </span>
    </p>
   </div>
   <div class='ocr_carea' id='block_1_90' title="bbox 422 5711 2031 5805">
    <p class='ocr_par' dir='ltr' id='par_1_90' title="bbox 422 5711 2031 5805">
     <span class='ocr_line' id='line_1_90' title="bbox 422 5711 2031 5805; baseline 0.006 -39"><span class='ocrx_word' id='word_1_815' title='bbox 422 5711 567 5781; x_wconf 70' lang='lat' dir='ltr'><strong>ideo,</strong></span> <span class='ocrx_word' id='word_1_816' title='bbox 594 5723 649 5771; x_wconf 88' lang='lat' dir='ltr'><strong>ut</strong></span> <span class='ocrx_word' id='word_1_817' title='bbox 680 5724 732 5772; x_wconf 87' lang='lat' dir='ltr'><strong>et</strong></span> <span class='ocrx_word' id='word_1_818' title='bbox 759 5717 847 5771; x_wconf 89' lang='lat' dir='ltr'><strong>alii</strong></span> <span class='ocrx_word' id='word_1_819' title='bbox 899 5728 1212 5789; x_wconf 72' lang='lat' dir='ltr'><strong>sequantur,</strong></span> <span class='ocrx_word' id='word_1_820' title='bbox 1236 5721 1684 5788; x_wconf 75' lang='lat' dir='ltr'><strong>exhortatoriam,</strong></span> <span class='ocrx_word' id='word_1_821' title='bbox 1707 5737 1811 5777; x_wconf 90' lang='lat' dir='ltr'><strong>non</strong></span> <span class='ocrx_word' id='word_1_822' title='bbox 1844 5720 2031 5805; x_wconf 32' lang='lat' dir='ltr'><strong>mali-1</strong></span> 
     </span>
    </p>
   </div>
   <div class='ocr_carea' id='block_1_91' title="bbox 2084 4351 3663 4424">
    <p class='ocr_par' dir='ltr' id='par_1_91' title="bbox 2084 4351 3663 4424">
     <span class='ocr_line' id='line_1_91' title="bbox 2084 4351 3663 4424; baseline 0.001 -18"><span class='ocrx_word' id='word_1_823' title='bbox 2084 4351 2267 4407; x_wconf 86' lang='lat' dir='ltr'><strong>tardus</strong></span> <span class='ocrx_word' id='word_1_824' title='bbox 2300 4352 2369 4406; x_wconf 85' lang='lat' dir='ltr'><strong>ad</strong></span> <span class='ocrx_word' id='word_1_825' title='bbox 2394 4351 2709 4424; x_wconf 78' lang='lat' dir='ltr'><strong>loquendum</strong></span> <span class='ocrx_word' id='word_1_826' title='bbox 2750 4351 2958 4424; x_wconf 83' lang='lat' dir='ltr'><strong>(Ibid.).</strong></span> <span class='ocrx_word' id='word_1_827' title='bbox 3007 4353 3344 4409; x_wconf 81' lang='lat' dir='ltr'><strong>Admonendi</strong></span> <span class='ocrx_word' id='word_1_828' title='bbox 3381 4360 3541 4419; x_wconf 89' lang='lat' dir='ltr'><strong>sunt,</strong></span> <span class='ocrx_word' id='word_1_829' title='bbox 3597 4363 3663 4408; x_wconf 89' lang='lat' dir='ltr'><strong>ut</strong></span> 
     </span>
    </p>
   </div>
   <div class='ocr_carea' id='block_1_92' title="bbox 2084 4441 3663 4517">
    <p class='ocr_par' dir='ltr' id='par_1_92' title="bbox 2084 4441 3663 4517">
     <span class='ocr_line' id='line_1_92' title="bbox 2084 4441 3663 4517; baseline 0.001 -19"><span class='ocrx_word' id='word_1_830' title='bbox 2084 4443 2275 4499; x_wconf 88' lang='lat' dir='ltr'><strong>beatus</strong></span> <span class='ocrx_word' id='word_1_831' title='bbox 2306 4442 2382 4498; x_wconf 88' lang='lat' dir='ltr'><strong>ait</strong></span> <span class='ocrx_word' id='word_1_832' title='bbox 2404 4441 2719 4515; x_wconf 79' lang='lat' dir='ltr'><strong>Gregorius,</strong></span> <span class='ocrx_word' id='word_1_833' title='bbox 2749 4443 3088 4514; x_wconf 85' lang='lat' dir='ltr'><strong>multiloquio</strong></span> <span class='ocrx_word' id='word_1_834' title='bbox 3117 4453 3402 4510; x_wconf 86' lang='lat' dir='ltr'><strong>vacantes,</strong></span> <span class='ocrx_word' id='word_1_835' title='bbox 3445 4452 3501 4501; x_wconf 90' lang='lat' dir='ltr'><strong>et</strong></span> <span class='ocrx_word' id='word_1_836' title='bbox 3527 4446 3663 4517; x_wconf 79' lang='lat' dir='ltr'><strong>vigi-</strong></span> 
     </span>
    </p>
   </div>
   <div class='ocr_carea' id='block_1_93' title="bbox 2086 4532 3659 4606">
    <p class='ocr_par' dir='ltr' id='par_1_93' title="bbox 2086 4532 3659 4606">
     <span class='ocr_line' id='line_1_93' title="bbox 2086 4532 3659 4606; baseline 0.003 -19"><span class='ocrx_word' id='word_1_837' title='bbox 2086 4533 2259 4589; x_wconf 90' lang='lat' dir='ltr'><strong>lantes</strong></span> <span class='ocrx_word' id='word_1_838' title='bbox 2286 4532 2553 4604; x_wconf 86' lang='lat' dir='ltr'><strong>aspiciant</strong></span> <span class='ocrx_word' id='word_1_839' title='bbox 2580 4549 2609 4587; x_wconf 91' lang='lat' dir='ltr'><strong>a</strong></span> <span class='ocrx_word' id='word_1_840' title='bbox 2641 4549 2745 4603; x_wconf 89' lang='lat' dir='ltr'><strong>quo</strong></span> <span class='ocrx_word' id='word_1_841' title='bbox 2770 4534 3109 4589; x_wconf 86' lang='lat' dir='ltr'><strong>rectitudinis</strong></span> <span class='ocrx_word' id='word_1_842' title='bbox 3132 4542 3277 4588; x_wconf 87' lang='lat' dir='ltr'><strong>statu</strong></span> <span class='ocrx_word' id='word_1_843' title='bbox 3323 4535 3620 4606; x_wconf 83' lang='lat' dir='ltr'><strong>depereunt</strong></span> <span class='ocrx_word' id='word_1_844' title='bbox 3645 4581 3659 4602; x_wconf 93' lang='lat'><strong>,</strong></span> 
     </span>
    </p>
   </div>
   <div class='ocr_carea' id='block_1_94' title="bbox 2087 4624 3661 4699">
    <p class='ocr_par' dir='ltr' id='par_1_94' title="bbox 2087 4624 3661 4699">
     <span class='ocr_line' id='line_1_94' title="bbox 2087 4624 3661 4699; baseline 0.001 -16"><span class='ocrx_word' id='word_1_845' title='bbox 2087 4624 2212 4683; x_wconf 85' lang='lat' dir='ltr'><strong>dum</strong></span> <span class='ocrx_word' id='word_1_846' title='bbox 2273 4641 2373 4696; x_wconf 90' lang='lat' dir='ltr'><strong>per</strong></span> <span class='ocrx_word' id='word_1_847' title='bbox 2420 4625 2736 4699; x_wconf 86' lang='lat' dir='ltr'><strong>multiplicia</strong></span> <span class='ocrx_word' id='word_1_848' title='bbox 2794 4626 2958 4681; x_wconf 83' lang='lat' dir='ltr'><strong>verba</strong></span> <span class='ocrx_word' id='word_1_849' title='bbox 3020 4626 3343 4682; x_wconf 88' lang='lat' dir='ltr'><strong>dilabuntur.</strong></span> <span class='ocrx_word' id='word_1_850' title='bbox 3413 4626 3661 4685; x_wconf 78' lang='lat' dir='ltr'><strong>Humana</strong></span> 
     </span>
    </p>
   </div>
   <div class='ocr_carea' id='block_1_95' title="bbox 2087 4716 3665 4791">
    <p class='ocr_par' dir='ltr' id='par_1_95' title="bbox 2087 4716 3665 4791">
     <span class='ocr_line' id='line_1_95' title="bbox 2087 4716 3665 4791; baseline 0.001 -19"><span class='ocrx_word' id='word_1_851' title='bbox 2087 4716 2288 4772; x_wconf 83' lang='lat' dir='ltr'><strong>ctenim</strong></span> <span class='ocrx_word' id='word_1_852' title='bbox 2322 4732 2475 4772; x_wconf 87' lang='lat' dir='ltr'><strong>mens</strong></span> <span class='ocrx_word' id='word_1_853' title='bbox 2501 4732 2654 4787; x_wconf 73' lang='lat' dir='ltr'><strong>aquze</strong></span> <span class='ocrx_word' id='word_1_854' title='bbox 2689 4731 2858 4783; x_wconf 86' lang='lat' dir='ltr'><strong>more,</strong></span> <span class='ocrx_word' id='word_1_855' title='bbox 2888 4725 2943 4772; x_wconf 89' lang='lat' dir='ltr'><strong>et</strong></span> <span class='ocrx_word' id='word_1_856' title='bbox 2969 4716 3356 4773; x_wconf 85' lang='lat' dir='ltr'><strong>circumclausa</strong></span> <span class='ocrx_word' id='word_1_857' title='bbox 3391 4719 3459 4773; x_wconf 87' lang='lat' dir='ltr'><strong>ad</strong></span> <span class='ocrx_word' id='word_1_858' title='bbox 3504 4734 3665 4791; x_wconf 88' lang='lat' dir='ltr'><strong>supe-</strong></span> 
     </span>
    </p>
   </div>
   <div class='ocr_carea' id='block_1_96' title="bbox 2087 4805 3664 4876">
    <p class='ocr_par' dir='ltr' id='par_1_96' title="bbox 2087 4805 3664 4876">
     <span class='ocr_line' id='line_1_96' title="bbox 2087 4805 3664 4876; baseline -0.001 -15"><span class='ocrx_word' id='word_1_859' title='bbox 2087 4806 2234 4862; x_wconf 87' lang='lat' dir='ltr'><strong>riora</strong></span> <span class='ocrx_word' id='word_1_860' title='bbox 2264 4805 2550 4875; x_wconf 76' lang='lat' dir='ltr'><strong>colligitur,</strong></span> <span class='ocrx_word' id='word_1_861' title='bbox 2583 4814 2638 4860; x_wconf 87' lang='lat' dir='ltr'><strong>et</strong></span> <span class='ocrx_word' id='word_1_862' title='bbox 2661 4805 2902 4860; x_wconf 81' lang='lat' dir='ltr'><strong>relaxata</strong></span> <span class='ocrx_word' id='word_1_863' title='bbox 2929 4805 3157 4874; x_wconf 87' lang='lat' dir='ltr'><strong>deperit,</strong></span> <span class='ocrx_word' id='word_1_864' title='bbox 3190 4806 3313 4874; x_wconf 89' lang='lat' dir='ltr'><strong>quia</strong></span> <span class='ocrx_word' id='word_1_865' title='bbox 3338 4822 3395 4862; x_wconf 88' lang='lat' dir='ltr'><strong>se</strong></span> <span class='ocrx_word' id='word_1_866' title='bbox 3424 4821 3520 4876; x_wconf 89' lang='lat' dir='ltr'><strong>per</strong></span> <span class='ocrx_word' id='word_1_867' title='bbox 3547 4808 3664 4861; x_wconf 75' lang='lat' dir='ltr'><strong>infi-</strong></span> 
     </span>
    </p>
   </div>
   <div class='ocr_carea' id='block_1_97' title="bbox 2088 4895 3661 4968">
    <p class='ocr_par' dir='ltr' id='par_1_97' title="bbox 2088 4895 3661 4968">
     <span class='ocr_line' id='line_1_97' title="bbox 2088 4895 3661 4968; baseline 0.001 -17"><span class='ocrx_word' id='word_1_868' title='bbox 2088 4897 2197 4951; x_wconf 80' lang='lat' dir='ltr'><strong>nita</strong></span> <span class='ocrx_word' id='word_1_869' title='bbox 2238 4895 2498 4951; x_wconf 85' lang='lat' dir='ltr'><strong>inutiliter</strong></span> <span class='ocrx_word' id='word_1_870' title='bbox 2518 4897 2742 4968; x_wconf 81' lang='lat' dir='ltr'><strong>spargit.</strong></span> <span class='ocrx_word' id='word_1_871' title='bbox 2791 4896 2907 4963; x_wconf 85' lang='lat' dir='ltr'><strong>Quo</strong></span> <span class='ocrx_word' id='word_1_872' title='bbox 2932 4896 3074 4953; x_wconf 88' lang='lat' dir='ltr'><strong>cnim</strong></span> <span class='ocrx_word' id='word_1_873' title='bbox 3109 4899 3455 4966; x_wconf 81' lang='lat' dir='ltr'><strong>supervacuis</strong></span> <span class='ocrx_word' id='word_1_874' title='bbox 3482 4899 3661 4953; x_wconf 84' lang='lat' dir='ltr'><strong>verbis</strong></span> 
     </span>
    </p>
   </div>
   <div class='ocr_carea' id='block_1_98' title="bbox 2090 4986 3662 5062">
    <p class='ocr_par' dir='ltr' id='par_1_98' title="bbox 2090 4986 3662 5062">
     <span class='ocr_line' id='line_1_98' title="bbox 2090 4986 3662 5062; baseline -0.001 -18"><span class='ocrx_word' id='word_1_875' title='bbox 2090 5004 2121 5044; x_wconf 86' lang='lat' dir='ltr'><strong>a</strong></span> <span class='ocrx_word' id='word_1_876' title='bbox 2147 4986 2344 5062; x_wconf 81' lang='lat' dir='ltr'><strong>silentii</strong></span> <span class='ocrx_word' id='word_1_877' title='bbox 2372 4988 2452 5042; x_wconf 86' lang='lat' dir='ltr'><strong>sui</strong></span> <span class='ocrx_word' id='word_1_878' title='bbox 2480 5003 2711 5043; x_wconf 85' lang='lat' dir='ltr'><strong>censura</strong></span> <span class='ocrx_word' id='word_1_879' title='bbox 2741 4987 3047 5058; x_wconf 85' lang='lat' dir='ltr'><strong>dissipatur,</strong></span> <span class='ocrx_word' id='word_1_880' title='bbox 3072 4989 3223 5058; x_wconf 88' lang='lat' dir='ltr'><strong>quasi</strong></span> <span class='ocrx_word' id='word_1_881' title='bbox 3246 4997 3324 5044; x_wconf 89' lang='lat' dir='ltr'><strong>tot</strong></span> <span class='ocrx_word' id='word_1_882' title='bbox 3348 4989 3478 5044; x_wconf 84' lang='lat' dir='ltr'><strong>rivis</strong></span> <span class='ocrx_word' id='word_1_883' title='bbox 3505 5000 3662 5044; x_wconf 77' lang='lat' dir='ltr'><strong>extra</strong></span> 
     </span>
    </p>
   </div>
   <div class='ocr_carea' id='block_1_99' title="bbox 2091 5079 3660 5146">
    <p class='ocr_par' dir='ltr' id='par_1_99' title="bbox 2091 5079 3660 5146">
     <span class='ocr_line' id='line_1_99' title="bbox 2091 5079 3660 5146; baseline 0 -8"><span class='ocrx_word' id='word_1_884' title='bbox 2091 5082 2384 5138; x_wconf 89' lang='lat' dir='ltr'><strong>seducitur.</strong></span> <span class='ocrx_word' id='word_1_885' title='bbox 2413 5081 2567 5138; x_wconf 70' lang='lat' dir='ltr'><strong>Unde</strong></span> <span class='ocrx_word' id='word_1_886' title='bbox 2600 5090 2654 5136; x_wconf 90' lang='lat' dir='ltr'><strong>et</strong></span> <span class='ocrx_word' id='word_1_887' title='bbox 2682 5089 2826 5137; x_wconf 89' lang='lat' dir='ltr'><strong>recte</strong></span> <span class='ocrx_word' id='word_1_888' title='bbox 2861 5081 3087 5136; x_wconf 89' lang='lat' dir='ltr'><strong>interius</strong></span> <span class='ocrx_word' id='word_1_889' title='bbox 3112 5079 3178 5135; x_wconf 90' lang='lat' dir='ltr'><strong>ad</strong></span> <span class='ocrx_word' id='word_1_890' title='bbox 3206 5097 3266 5138; x_wconf 88' lang='lat' dir='ltr'><strong>se</strong></span> <span class='ocrx_word' id='word_1_891' title='bbox 3293 5097 3400 5138; x_wconf 92' lang='lat' dir='ltr'><strong>non</strong></span> <span class='ocrx_word' id='word_1_892' title='bbox 3428 5084 3626 5138; x_wconf 79' lang='lat' dir='ltr'><strong>sufﬁcit</strong></span> <span class='ocrx_word' id='word_1_893' title='bbox 3646 5125 3660 5146; x_wconf 89' lang='lat'><strong>,</strong></span> 
     </span>
    </p>
   </div>
   <div class='ocr_carea' id='block_1_100' title="bbox 2092 5173 3662 5244">
    <p class='ocr_par' dir='ltr' id='par_1_100' title="bbox 2092 5173 3662 5244">
     <span class='ocr_line' id='line_1_100' title="bbox 2092 5173 3662 5244; baseline 0 -16"><span class='ocrx_word' id='word_1_894' title='bbox 2092 5174 2218 5243; x_wconf 87' lang='lat' dir='ltr'><strong>quia</strong></span> <span class='ocrx_word' id='word_1_895' title='bbox 2246 5188 2343 5243; x_wconf 86' lang='lat' dir='ltr'><strong>per</strong></span> <span class='ocrx_word' id='word_1_896' title='bbox 2366 5173 2760 5244; x_wconf 87' lang='lat' dir='ltr'><strong>multiloquium</strong></span> <span class='ocrx_word' id='word_1_897' title='bbox 2788 5188 2977 5243; x_wconf 88' lang='lat' dir='ltr'><strong>sparsa</strong></span> <span class='ocrx_word' id='word_1_898' title='bbox 3018 5188 3048 5227; x_wconf 87' lang='lat' dir='ltr'><strong>a</strong></span> <span class='ocrx_word' id='word_1_899' title='bbox 3096 5180 3306 5230; x_wconf 85' lang='lat' dir='ltr'><strong>secreto</strong></span> <span class='ocrx_word' id='word_1_900' title='bbox 3354 5190 3411 5230; x_wconf 88' lang='lat' dir='ltr'><strong>se</strong></span> <span class='ocrx_word' id='word_1_901' title='bbox 3459 5176 3662 5229; x_wconf 76' lang='lat' dir='ltr'><strong>intima:</strong></span> 
     </span>
    </p>
   </div>
   <div class='ocr_carea' id='block_1_101' title="bbox 2092 5262 2913 5333">
    <p class='ocr_par' dir='ltr' id='par_1_101' title="bbox 2092 5262 2913 5333">
     <span class='ocr_line' id='line_1_101' title="bbox 2092 5262 2913 5333; baseline 0 -15"><span class='ocrx_word' id='word_1_902' title='bbox 2092 5263 2540 5319; x_wconf 86' lang='lat' dir='ltr'><strong>considerationis</strong></span> <span class='ocrx_word' id='word_1_903' title='bbox 2564 5262 2819 5318; x_wconf 80' lang='lat' dir='ltr'><strong>excludit.</strong></span> <span class='ocrx_word' id='word_1_904' title='bbox 2910 5330 2913 5333; x_wconf 18' lang='grc' dir='ltr'><em>Α</em></span> 
     </span>
    </p>
   </div>
   <div class='ocr_carea' id='block_1_102' title="bbox 2162 5348 3659 5425">
    <p class='ocr_par' dir='ltr' id='par_1_102' title="bbox 2162 5348 3659 5425">
     <span class='ocr_line' id='line_1_102' title="bbox 2162 5348 3659 5425; baseline -0.003 -18"><span class='ocrx_word' id='word_1_905' title='bbox 2162 5352 2252 5407; x_wconf 66' lang='grc'><strong>54.</strong></span> <span class='ocrx_word' id='word_1_906' title='bbox 2302 5349 2471 5406; x_wconf 86' lang='lat' dir='ltr'><strong>Verba</strong></span> <span class='ocrx_word' id='word_1_907' title='bbox 2508 5368 2643 5406; x_wconf 84' lang='lat' dir='ltr'><strong>vana</strong></span> <span class='ocrx_word' id='word_1_908' title='bbox 2673 5361 2762 5407; x_wconf 89' lang='lat' dir='ltr'><strong>aut</strong></span> <span class='ocrx_word' id='word_1_909' title='bbox 2814 5353 2945 5408; x_wconf 86' lang='lat' dir='ltr'><strong>risui</strong></span> <span class='ocrx_word' id='word_1_910' title='bbox 2985 5364 3108 5425; x_wconf 86' lang='lat' dir='ltr'><strong>apta</strong></span> <span class='ocrx_word' id='word_1_911' title='bbox 3152 5369 3259 5409; x_wconf 84' lang='lat' dir='ltr'><strong>non</strong></span> <span class='ocrx_word' id='word_1_912' title='bbox 3284 5351 3425 5421; x_wconf 86' lang='lat' dir='ltr'><strong>loqui</strong></span> <span class='ocrx_word' id='word_1_913' title='bbox 3446 5348 3659 5419; x_wconf 71' lang='lat' dir='ltr'><strong>(Matt/2.</strong></span> 
     </span>
    </p>
   </div>
   <div class='ocr_carea' id='block_1_103' title="bbox 2093 5442 3663 5515">
    <p class='ocr_par' dir='ltr' id='par_1_103' title="bbox 2093 5442 3663 5515">
     <span class='ocr_line' id='line_1_103' title="bbox 2093 5442 3663 5515; baseline -0.004 -16"><span class='ocrx_word' id='word_1_914' title='bbox 2093 5444 2212 5515; x_wconf 82' lang='lat' dir='ltr'><strong>xu).</strong></span> <span class='ocrx_word' id='word_1_915' title='bbox 2242 5444 2390 5500; x_wconf 77' lang='lat' dir='ltr'><strong>Vana</strong></span> <span class='ocrx_word' id='word_1_916' title='bbox 2420 5445 2564 5500; x_wconf 89' lang='lat' dir='ltr'><strong>enim</strong></span> <span class='ocrx_word' id='word_1_917' title='bbox 2593 5446 2752 5500; x_wconf 87' lang='lat' dir='ltr'><strong>verba</strong></span> <span class='ocrx_word' id='word_1_918' title='bbox 2780 5453 2906 5500; x_wconf 89' lang='lat' dir='ltr'><strong>sunt</strong></span> <span class='ocrx_word' id='word_1_919' title='bbox 2933 5446 3019 5499; x_wconf 90' lang='lat' dir='ltr'><strong>illa</strong></span> <span class='ocrx_word' id='word_1_920' title='bbox 3045 5459 3164 5515; x_wconf 71' lang='lat' dir='ltr'><strong>qua:</strong></span> <span class='ocrx_word' id='word_1_921' title='bbox 3185 5452 3239 5496; x_wconf 87' lang='lat' dir='ltr'><strong>et</strong></span> <span class='ocrx_word' id='word_1_922' title='bbox 3262 5442 3433 5496; x_wconf 88' lang='lat' dir='ltr'><strong>otiosa</strong></span> <span class='ocrx_word' id='word_1_923' title='bbox 3466 5456 3663 5493; x_wconf 86' lang='lat' dir='ltr'><strong>vocan-</strong></span> 
     </span>
    </p>
   </div>
   <div class='ocr_carea' id='block_1_104' title="bbox 2072 5518 3665 5605">
    <p class='ocr_par' dir='ltr' id='par_1_104' title="bbox 2072 5518 3665 5605">
     <span class='ocr_line' id='line_1_104' title="bbox 2072 5518 3665 5605; baseline -0.004 -16"><span class='ocrx_word' id='word_1_924' title='bbox 2072 5518 2203 5601; x_wconf 26' lang='lat' dir='ltr'><strong>Itur,</strong></span> <span class='ocrx_word' id='word_1_925' title='bbox 2220 5534 2423 5589; x_wconf 87' lang='lat' dir='ltr'><strong>scilicet</strong></span> <span class='ocrx_word' id='word_1_926' title='bbox 2439 5550 2558 5605; x_wconf 70' lang='lat' dir='ltr'><strong>qua:</strong></span> <span class='ocrx_word' id='word_1_927' title='bbox 2582 5543 2674 5588; x_wconf 89' lang='lat' dir='ltr'><strong>aut</strong></span> <span class='ocrx_word' id='word_1_928' title='bbox 2699 5534 2910 5590; x_wconf 90' lang='lat' dir='ltr'><strong>ratione</strong></span> <span class='ocrx_word' id='word_1_929' title='bbox 2929 5536 3087 5603; x_wconf 65' lang='lat' dir='ltr'><strong>justas</strong></span> <span class='ocrx_word' id='word_1_930' title='bbox 3108 5529 3446 5583; x_wconf 88' lang='lat' dir='ltr'><strong>necessitatis</strong></span> <span class='ocrx_word' id='word_1_931' title='bbox 3470 5536 3563 5581; x_wconf 87' lang='lat' dir='ltr'><strong>aut</strong></span> <span class='ocrx_word' id='word_1_932' title='bbox 3580 5528 3665 5582; x_wconf 84' lang='lat' dir='ltr'><strong>iu-</strong></span> 
     </span>
    </p>
   </div>
   <div class='ocr_carea' id='block_1_105' title="bbox 2095 5619 3657 5695">
    <p class='ocr_par' dir='ltr' id='par_1_105' title="bbox 2095 5619 3657 5695">
     <span class='ocr_line' id='line_1_105' title="bbox 2095 5619 3657 5695; baseline -0.006 -15"><span class='ocrx_word' id='word_1_933' title='bbox 2095 5624 2331 5680; x_wconf 85' lang='lat' dir='ltr'><strong>tentione</strong></span> <span class='ocrx_word' id='word_1_934' title='bbox 2353 5626 2453 5695; x_wconf 63' lang='lat' dir='ltr'><strong>pia:</strong></span> <span class='ocrx_word' id='word_1_935' title='bbox 2464 5625 2716 5681; x_wconf 86' lang='lat' dir='ltr'><strong>utilitatis</strong></span> <span class='ocrx_word' id='word_1_936' title='bbox 2737 5632 2942 5679; x_wconf 88' lang='lat' dir='ltr'><strong>carent.</strong></span> <span class='ocrx_word' id='word_1_937' title='bbox 2959 5619 3171 5677; x_wconf 86' lang='lat' dir='ltr'><strong>Grande</strong></span> <span class='ocrx_word' id='word_1_938' title='bbox 3193 5620 3335 5673; x_wconf 90' lang='lat' dir='ltr'><strong>enim</strong></span> <span class='ocrx_word' id='word_1_939' title='bbox 3351 5620 3538 5673; x_wconf 84' lang='lat' dir='ltr'><strong>vitium</strong></span> <span class='ocrx_word' id='word_1_940' title='bbox 3554 5629 3657 5683; x_wconf 83' lang='lat' dir='ltr'><strong>est,</strong></span> 
     </span>
    </p>
   </div>
   <div class='ocr_carea' id='block_1_106' title="bbox 2096 5709 3646 5807">
    <p class='ocr_par' dir='ltr' id='par_1_106' title="bbox 2096 5709 3646 5807">
     <span class='ocr_line' id='line_1_106' title="bbox 2096 5709 3646 5807; baseline -0.008 -33"><span class='ocrx_word' id='word_1_941' title='bbox 2096 5727 2151 5774; x_wconf 91' lang='lat' dir='ltr'><strong>et</strong></span> <span class='ocrx_word' id='word_1_942' title='bbox 2179 5717 2432 5774; x_wconf 82' lang='lat' dir='ltr'><strong>omnibus</strong></span> <span class='ocrx_word' id='word_1_943' title='bbox 2487 5717 2661 5772; x_wconf 84' lang='lat' dir='ltr'><strong>modis</strong></span> <span class='ocrx_word' id='word_1_944' title='bbox 2715 5715 3007 5770; x_wconf 81' lang='lat' dir='ltr'><strong>cavendum</strong></span> <span class='ocrx_word' id='word_1_945' title='bbox 3038 5728 3067 5766; x_wconf 92' lang='lat' dir='ltr'><strong>a</strong></span> <span class='ocrx_word' id='word_1_946' title='bbox 3120 5710 3421 5777; x_wconf 88' lang='lat' dir='ltr'><strong>monachis,</strong></span> <span class='ocrx_word' id='word_1_947' title='bbox 3455 5709 3646 5807; x_wconf 43' lang='lat' dir='ltr'><strong>vary</strong></span> 
     </span>
    </p>
   </div>
  </div>
