3992 6206
327 347 431 402 783

1605 338 1956 397 SMARAGDI
1996 337 2286 396 ABBATIS

3491 345 3597 401 785

324 459 532 528 quium,
559 455 703 524 quod
744 469 774 508 a
807 453 1061 507 vanitatis
1100 451 1341 522 procedit
1388 449 1601 516 fomite,
1643 460 1699 505 et
1756 451 1909 522 quasi
1939 460 2105 521 Acer
2128 451 2410 505 stultorum
2461 454 2546 505 ubi
2575 452 2759 507 la’titia
2801 452 3027 525 (Ercles.
3071 453 3187 526 vn).
3223 452 3360 509 Hinc
3405 455 3637 511 iterum.

324 547 601 602 suadendo
624 555 680 599 et
704 544 1082 598 leniterlevem
1111 542 1310 611 decipit
1340 542 1630 596 hominem.
1659 542 1909 596 Estenim

323 640 535 694 vanitas
570 637 761 692 levitas
786 635 955 690 animi
1000 634 1347 706 loquacitatis
1383 634 1669 704 superﬂuae
1691 642 1747 689 et
1772 635 1911 688 otio-

322 730 501 785 sitatis
528 742 743 796 semper
772 727 827 781 in
855 726 1020 781 corde
1056 733 1283 796 portans
1319 727 1560 782 fomitem
1585 767 1600 792 ,
1645 736 1701 782 et
1735 727 1788 781 in
1815 741 1915 782 ore

247 802 255 827 ⁵
323 835 519 874 vanum
544 832 755 887 semper
793 816 1004 888 profert
1030 831 1360 871 sermonem.
1390 816 1487 871 Est
1511 815 1656 870 enim
1681 816 1909 871 simula-

251 902 258 920 '
322 911 397 965 tio
420 909 667 980 quaedam
719 907 1003 973 virtutum,
1032 906 1292 977 appetitio
1329 906 1682 977 dignitatum,
1732 921 1865 961 cava
1890 948 1911 974 ,

276 986 282 1002 ³
319 1000 565 1057 morbida
589 1009 645 1056 et
671 1000 1003 1065 turbulenta,
1032 999 1206 1053 dulcis
1241 999 1492 1063 miseris,
1542 1013 1729 1054 amara
1787 1015 1911 1069 per-

320 1093 494 1156 fectis,
523 1090 823 1162 periculosa
857 1088 1010 1145 duris
1033 1130 1048 1155 ,
1097 1089 1388 1160 imperiosa
1442 1087 1730 1157 subjectis;
1760 1088 1908 1144 leves

317 1184 577 1252 captivat,
601 1182 901 1250 captivatos
926 1179 1163 1237 oblectat
1191 1218 1206 1244 ,
1258 1178 1574 1234 ambitiosos
1599 1186 1780 1244 vexat,
1807 1192 1907 1235 an-

318 1282 506 1347 gustos
542 1272 726 1339 inllat,
773 1271 945 1326 elatos
984 1270 1279 1326 bumiliat:
1319 1270 1405 1325 cui
1448 1269 1691 1335 serviunt
1748 1269 1910 1323 tumi-

320 1373 393 1437 di,
423 1372 523 1426 sub
545 1386 652 1440 qua
677 1369 862 1441 jacent
888 1368 1041 1433 elati,
1079 1383 1241 1438 quam
1281 1366 1563 1422 inveniunt
1594 1366 1814 1437 perditi,
1840 1365 1908 1420 ad

319 1478 482 1533 quam
515 1469 745 1516 currunt
771 1460 994 1530 lapsuri.
1025 1458 1150 1513 llaec
1178 1465 1264 1513 est
1282 1458 1493 1512 vanitas
1520 1472 1641 1527 quae
1678 1472 1784 1512 non
1811 1456 1909 1510 ali-

319 1572 458 1626 quas
478 1555 728 1619 virtutes,
770 1560 833 1607 ut
866 1559 1108 1621 putatur,
1141 1550 1454 1621 exangulat,
1486 1550 1583 1604 sed
1628 1548 1906 1604 licentiam

321 1647 579 1703 vitiorum
607 1660 729 1700 cum
745 1642 908 1698 fuerit
928 1646 1163 1713 recepta,
1182 1642 1520 1699 corroborat.
1544 1640 1679 1696 Nam
1694 1648 1906 1695 mentes

318 1737 612 1792 virtutibus
644 1735 831 1805 plenas
858 1733 1078 1788 omnino
1135 1748 1240 1787 non
1270 1740 1538 1803 penetrat,
1566 1746 1768 1787 vacuos
1794 1731 1906 1786 vir-

318 1828 525 1882 tutibus
579 1832 774 1889 tentat,
808 1814 1095 1878 dilectores
1130 1837 1256 1877 suos
1290 1822 1613 1892 praecipitat,
1637 1836 1732 1877 eos
1758 1821 1906 1877 Vid&

322 1918 449 1972 licet
482 1915 571 1986 qui
604 1931 661 1970 se
684 1914 917 1984 turpiter
929 1911 1142 1981 iactant
1162 1921 1219 1967 et
1241 1929 1300 1968 se
1336 1913 1406 1968 ab
1432 1912 1686 1967 omnibus
1707 1911 1905 1984 przedi-

318 1990 429 2062 t-ari
473 2023 570 2077 per
597 2004 748 2061 nefas
775 2003 1064 2059 delectant.
1106 2002 1209 2070 Qui
1240 2002 1660 2058 salutationibus
1717 2015 1907 2057 occur.

317 2099 551 2154 rentium
585 2096 842 2168 gaudent,
872 2094 985 2149 suis
1014 2093 1387 2149 adulatoribus
1416 2091 1620 2158 favent,
1655 2090 1903 2161 volupta-

313 2194 457 2247 tibus
478 2196 691 2262 parent,
734 2187 1044 2244 hominibus
1074 2188 1320 2257 turpibus
1348 2186 1602 2258 placent,
1657 2186 1900 2257 gestiunt

313 2287 507 2341 docere
540 2284 684 2355 quod
731 2281 1004 2348 nesciunt,
1036 2281 1329 2337 credidisse
1373 2281 1622 2337 sublimia
1676 2281 1862 2336 volunt
1887 2321 1903 2343 ,

312 2372 727 2429 delectabilibus
756 2372 1017 2445 gaudent,
1051 2371 1439 2443 appellationes
1464 2372 1727 2442 virtutum
1756 2371 1905 2427 vitiis

313 2467 427 2521 suis
463 2466 764 2535 imponunt,
804 2464 1013 2534 seipsos
1059 2462 1282 2531 fallunt,
1330 2462 1573 2518 faventes
1624 2462 1726 2518 sibi
1757 2462 1903 2518 deci-

311 2558 466 2627 piunt
495 2575 508 2612 :
543 2557 595 2612 in
630 2556 988 2627 promissione
1032 2554 1267 2623 veloces,
1296 2554 1353 2611 in
1377 2555 1715 2611 exhibitione
1752 2571 1903 2611 men-

311 2652 495 2715 daces,
524 2650 579 2705 in
605 2649 770 2705 verbo
794 2663 1007 2719 graves,
1034 2648 1088 2702 in
1119 2647 1303 2705 animo
1324 2656 1535 2718 turpes,
1564 2647 1765 2718 ubique
1799 2647 1900 2703 fal-

310 2740 475 2805 laces,
505 2739 613 2795 Iusti
641 2739 707 2794 ad
755 2754 1039 2809 prospera,
1070 2735 1290 2810 fragiles
1328 2740 1405 2795 ad
1434 2738 1694 2805 adversa,
1731 2738 1899 2794 inflati

264 2818 269 2825 ’
309 2832 377 2886 ad
406 2831 706 2902 obsequia,
754 2830 901 2884 anxii
958 2830 1024 2886 ad
1047 2829 1372 2902 opprobria,
1434 2828 1778 2885 immoderati
1831 2829 1901 2884 ad

308 2925 524 2995 gaudia.
554 2923 670 2980 lloc
723 2932 807 2979 est
834 2924 1021 2978 vitium
1068 2922 1345 2991 vanitatis,
1372 2922 1516 2994 quod
1545 2924 1765 2979 omnino
1792 2939 1900 2980 non

307 3019 508 3072 debent
528 3018 729 3072 habere
754 3015 1029 3080 monachi,
1055 3015 1150 3071 sed
1180 3015 1467 3085 diligentes
1490 3022 1546 3069 et
1560 3029 1627 3070 ex
1656 3016 1819 3071 corde
1843 3024 1900 3071 et

304 3123 400 3163 ore
426 3105 764 3177 proferentes
787 3106 1076 3160 veritatem
1125 3102 1399 3159 Christum
1426 3103 1717 3158 Dominum
1743 3102 1896 3174 sequi

306 3197 507 3251 debent
557 3203 612 3249 et
640 3193 889 3257 imitari,
928 3201 989 3246 ut
1018 3207 1141 3247 cum
1177 3192 1269 3248 illo
1316 3192 1546 3247 feliciter
1583 3192 1797 3263 possint
1841 3193 1897 3248 in

1933 1800 1980 1859 B

2012 545 2275 614 scriptum
2311 552 2425 599 est:
2458 543 2646 597 Melior
2662 554 2739 599 est
2765 547 2850 600 ira
2870 547 3003 613 risu,
3026 548 3147 618 quia
3194 563 3289 618 per
3329 549 3604 604 tristitiam

2010 638 2183 693 uultus
2234 638 2517 709 corrigitur
2555 638 2765 693 animus
2806 639 3156 711 delinquentis
3205 638 3434 711 (Eccles.
3476 640 3600 713 vn).

2011 727 2147 783 Hinc
2176 744 2274 783 nos
2299 726 2532 785 Jacobus
2571 730 2852 800 apostolus
2887 730 3211 786 terribiliter
3237 731 3495 786 admonet
3523 733 3608 786 di-

2010 835 2176 875 cens:
2215 819 2398 874 Miseri
2419 829 2603 885 estote,
2626 820 2797 892 lugete
2823 830 2872 876 et
2919 820 3140 890 plorata.
3172 821 3333 877 Risus
3356 832 3529 877 vester
3548 825 3607 877 in

2008 910 2206 965 luctum
2234 920 2579 978 convertatur,
2607 922 2657 966 et
2698 911 2953 984 gaudium
3000 913 3057 967 in
3084 928 3356 968 minorem
3391 911 3600 986 (Iacob.

2009 1000 2105 1073 rv).
2126 1000 2261 1056 Hinc
2276 1002 2536 1056 Dominus
2566 1002 2645 1056 ait
2669 1020 2682 1055 :
2722 999 2813 1056 Va:
2833 1002 2976 1056 vobis
3002 1002 3093 1073 qui
3118 1002 3323 1068 ridetis,
3349 1002 3604 1074 quoniam

2006 1091 2280 1163 plorabitis
2298 1101 2348 1146 et
2374 1091 2566 1163 ﬂebitis
2600 1092 2751 1165 (Luc.
2783 1094 2884 1164 vt).
2915 1092 3033 1148 Non
3061 1092 3293 1148 multum
3328 1094 3489 1149 debet
3530 1094 3605 1146 ri-

2006 1183 2137 1240 dere
2159 1183 2482 1249 monachus,
2512 1184 2605 1254 qui
2655 1183 2819 1239 corde
2843 1183 3081 1239 contrito
3107 1192 3164 1240 et
3195 1182 3481 1239 bumiliato
3510 1184 3605 1239 de-

2006 1275 2099 1330 bet
2124 1274 2330 1330 servire
2354 1273 2603 1330 Domino.
2624 1273 2739 1328 Non
2761 1289 3052 1331 excussum
3078 1274 3274 1341 risum,
3303 1274 3357 1330 id
3382 1282 3485 1340 est,
3507 1277 3605 1344 qui

2006 1364 2117 1421 alta
2138 1381 2271 1422 voce
2292 1367 2567 1422 excutitur
2590 1374 2651 1423 et
2683 1367 3048 1423 excutientem
3076 1382 3136 1423 se
3181 1368 3414 1433 excutit,
3440 1367 3606 1423 debet

2006 1470 2190 1511 amare
2215 1456 2537 1521 monachus,
2572 1470 2641 1510 ne
2667 1455 2865 1511 stultus
2890 1463 3109 1511 notetur
3149 1456 3220 1511 ab
3246 1457 3557 1512 hominibus
3582 1499 3599 1523 ,

2005 1548 2130 1615 quia
2157 1554 2423 1615 scriptum
2445 1555 2529 1602 est
2553 1564 2567 1600 :
2598 1545 2807 1603 Stultus
2831 1547 2887 1601 in
2908 1549 3020 1603 risu
3036 1547 3421 1604 exaltatoocem
3447 1567 3604 1604 suam

2006 1635 2352 1712 (‘Eccli.xxt).
2382 1638 2469 1704 Et,
2491 1638 2629 1693 sicut
2662 1638 2867 1693 sonitus
2894 1639 3173 1710 spinarum
3220 1641 3318 1694 sub
3363 1640 3490 1707 olla,
3522 1644 3601 1697 sic

2006 1728 2144 1783 risus
2165 1729 2219 1784 iu
2253 1745 2343 1783 ore
2370 1729 2517 1783 stulti
2548 1727 2775 1801 (Eccles.
2818 1729 2939 1800 vn).
2978 1728 3315 1786 Naturaliter
3337 1741 3423 1788 est
3448 1734 3597 1788 enim

2008 1821 2187 1877 ridere
2214 1821 2438 1885 homini,
2470 1830 2527 1877 et
2554 1821 2686 1885 ideo
2711 1837 2818 1878 non
2842 1827 3021 1893 potest
3059 1821 3223 1878 homo
3279 1822 3353 1878 illi
3381 1825 3602 1894 penitus

2006 1913 2317 1981 prohibere,
2342 1913 2436 1968 sed
2463 1920 2524 1968 ut
2548 1927 2853 1984 suppressa,
2884 1926 3044 1968 caute
3077 1912 3173 1968 ﬁat
3194 1923 3249 1969 et
3275 1915 3502 1969 honeste
3528 1916 3599 1972 li-

2006 2010 2095 2058 cet
2116 2003 2191 2058 illi
2226 2004 2545 2068 concedere,
2574 2005 2718 2074 qnod
2742 2013 2799 2059 et
2833 2012 3027 2060 natura
3056 2003 3413 2075 compellente
3442 2007 3599 2077 petii-

2008 2104 2096 2151 tus
2120 2110 2228 2150 non
2255 2102 2434 2165 potest
2468 2095 2632 2151 homo
2658 2095 2986 2166 relinquere.

2076 2183 2165 2240 56.
2209 2184 2475 2240 Lectiones
2519 2195 2731 2241 sanctas
2779 2184 3000 2241 libenter
3050 2186 3236 2242 audire
3280 2185 3434 2260 (Luc.
3491 2190 3597 2260 ιι).

2006 2274 2278 2332 Lectionis
2310 2277 2457 2332 enim
2490 2291 2665 2333 sacra:
2708 2277 2945 2349 cognitio
2979 2277 3281 2335 cultoribus
3331 2280 3445 2336 suis
3473 2295 3601 2336 seti-

2005 2382 2100 2423 sus
2124 2382 2351 2423 acumen
2393 2367 2697 2433 ministrat,
2747 2368 3085 2425 intellectum
3112 2369 3459 2441 multiplicat,
3485 2380 3601 2427 tor-

2003 2471 2190 2527 porem
2238 2458 2475 2525 excutit,
2521 2460 2694 2515 otium
2745 2469 2993 2526 amovet,
3050 2462 3217 2516 vitam
3277 2465 3596 2535 componit,

2004 2568 2187 2610 mores
2215 2555 2461 2627 corrigit,
2488 2554 2763 2611 salubrem
2789 2556 3053 2628 gemitum
3077 2555 3208 2613 facit
3231 2566 3288 2614 et
3322 2557 3601 2631 lacrymas

2002 2654 2327 2714 compuncto
2355 2645 2519 2701 corde
2564 2645 2840 2717 producit;
2878 2644 3130 2717 loquendi
3174 2648 3366 2704 tribuit
3405 2648 3600 2705 facun-

2004 2732 2148 2807 diam
2174 2742 2230 2789 et
2249 2742 2455 2789 atterua
2502 2734 2874 2791 laborantibus
2898 2735 3172 2808 promittit
3199 2739 3454 2808 prtemia;
3485 2741 3599 2810 spi-

2003 2825 2192 2882 ritales
2218 2826 2434 2883 divitias
2450 2835 2630 2899 auget,
2656 2827 3027 2898 vaniloquium
3048 2829 3422 2899 vanitatesque
3441 2846 3598 2886 com-

2001 2918 2192 2990 poscit,
2217 2927 2273 2973 et
2299 2918 2626 2973 desiderium
2658 2918 2862 2974 Christi
2888 2919 3187 2990 patriasque
3217 2921 3459 2978 caelestis
3500 2939 3598 2980 ac-

2001 3008 2203 3074 cendit,
2230 3025 2352 3079 qua:
2410 3023 2628 3078 semper
2664 3009 2899 3065 orationi
2932 3010 3078 3066 socia
3123 3027 3447 3087 semperque
3470 3000 3597 3070 ora-

2003 3097 2136 3152 tioni
2159 3099 2320 3153 debet
2344 3109 2467 3154 esse
2523 3113 2786 3155 connexa.
2820 3098 3169 3158 Orationibus
3193 3103 3338 3159 enim
3364 3106 3599 3161 munda-

2001 3204 2146 3255 mur,
2167 3189 2489 3246 lectionibus
2517 3200 2698 3255 autem
2727 3191 3067 3249 instruimur.
3108 3194 3177 3251 Et
3205 3194 3327 3252 ideo
3356 3198 3446 3269 qui
3474 3199 3597 3255 vult

305 3295 568 3341 aeternum
595 3300 842 3356 regnare.
887 3283 1013 3339 llaec
1035 3292 1216 3340 autem
1253 3284 1564 3355 supradicta
1593 3285 1807 3340 vanitas
1842 3285 1898 3340 in
2000 3293 2125 3334 cum
2150 3279 2263 3336 Deo
2284 3296 2500 3352 semper
2522 3296 2666 3351 esse,
2693 3282 3009 3355 frequenter
3041 3285 3203 3342 debet
3225 3303 3384 3344 orare
3406 3296 3465 3345 et
3484 3290 3597 3346 frc-

306 3367 447 3432 vano
467 3377 654 3442 corde,
682 3376 738 3431 in
781 3391 924 3431 vano
955 3382 1200 3430 moratur
1246 3383 1302 3430 et
1334 3383 1639 3446 peccatore.
1671 3372 1899 3446 Semper

301 3470 451 3524 enim
474 3468 609 3524 alios
639 3467 838 3532 ridere,
878 3479 1094 3536 semper
1147 3465 1375 3520 aliorum
1425 3465 1721 3521 cachinnos
1767 3465 1899 3522 facit

303 3552 579 3615 excutere.
633 3556 801 3629 Cujus
836 3555 1094 3613 indicium
1141 3563 1198 3611 et
1246 3554 1302 3610 in
1329 3555 1680 3625 vaniloquio,
1733 3564 1788 3610 et
1840 3556 1895 3612 in

302 3651 474 3706 multo
491 3661 547 3707 et
569 3666 801 3707 excusso
818 3663 960 3722 saepe
983 3646 1409 3721 deprehenditur
1430 3662 1552 3704 esse
1575 3648 1708 3704 risu.
1739 3647 1901 3705 Unde

303 3748 362 3794 et
393 3739 646 3794 subditur
675 3753 693 3793 :

371 3828 461 3884 55.
503 3827 690 3883 Risum
721 3827 945 3883 multum
960 3837 1054 3883 aut
1084 3843 1361 3883 excussum
1377 3843 1483 3883 non
1503 3813 1704 3883 amare.
1720 3826 1895 3899 Opor-

303 3930 379 3976 tet
409 3921 555 3976 enim
590 3921 889 3976 monachos
918 3918 1151 3990 amplius
1186 3917 1324 3977 ﬂere
1346 3934 1510 3990 quam
1537 3918 1734 3985 ridere,
1766 3919 1894 3990 quia

300 4014 566 4085 scriptum
602 4020 689 4068 est
716 4030 730 4067 :
757 4010 916 4067 Risus
965 4010 1146 4066 dolore
1189 4011 1522 4076 miscebitur,
1561 4019 1609 4065 et
1660 4020 1892 4066 extrema

297 4106 478 4175 gaudii
504 4103 675 4158 luctus
706 4112 923 4175 occupat
949 4099 1131 4175 (Prov.
1156 4102 1327 4174 xxiv).
1371 4100 1430 4156 ln
1464 4099 1762 4172 Evangelio
1790 4115 1893 4155 au-

300 4208 409 4251 tem
438 4180 699 4251 Dominus
723 4196 842 4251 ait:
889 4193 1044 4250 Beati
1083 4193 1176 4265 qui
1217 4192 1436 4264 lugent,
1484 4192 1734 4264 quoniam
1790 4191 1892 4263 ipsi

297 4287 711 4343 wusolubuntur
745 4272 963 4358 (Matth.
987 4286 1065 4359 v).
1089 4285 1147 4341 In
1169 4284 1307 4340 valle
1331 4284 1476 4339 enim
1527 4284 1889 4356 lacrymarum

299 4395 507 4447 sumus,
533 4388 588 4435 et
618 4380 739 4435 ideo
765 4394 873 4434 non
921 4377 1122 4443 ridere,
1143 4375 1238 4432 sed
1267 4375 1449 4446 lugere
1475 4373 1755 4430 debemus.
1785 4372 1891 4427 La-

297 4484 514 4540 crymas
544 4469 687 4524 enim
718 4483 818 4539 pro
852 4466 1091 4538 peccatis
1114 4465 1339 4533 nostris,
1358 4465 1626 4536 lacrymas
1647 4478 1748 4534 pro
1776 4462 1885 4519 dis-

297 4556 563 4614 solutione
609 4558 886 4629 corporis,
931 4557 1201 4628 lacrymas
1236 4570 1337 4625 pro
1386 4553 1655 4610 desiderio
1707 4552 1880 4608 nostri

298 4646 713 4717 Redemptoris,
755 4656 811 4704 et
851 4647 1112 4703 societate
1158 4646 1400 4701 omnium
1445 4643 1787 4715 angelorum,
1828 4652 1885 4699 et

295 4738 540 4793 omnium
572 4737 771 4794 habere
798 4737 1058 4793 debemus
1110 4743 1445 4799 sanctorum,
1472 4733 1740 4805 lacrymas
1764 4742 1880 4787 uta

295 4825 474 4896 pomis
522 4826 719 4881 inferni
768 4836 824 4884 et
867 4843 899 4882 a
943 4826 1154 4898 laqueis
1191 4824 1486 4902 liberemur
1516 4822 1736 4879 diaboli.
1778 4822 1883 4889 Qui

297 4918 462 4984 enim,
495 4919 571 4972 ait
590 4917 899 4985 Psalmista,
924 4920 979 4974 in
1007 4918 1257 4990 lacrymis
1297 4917 1579 4982 seminaut,
1613 4916 1670 4970 in
1689 4915 1882 4987 gaudio

294 5015 485 5059 nictent
506 5004 681 5079 (Psal.
716 5007 902 5079 cxxv),
929 5008 984 5063 id
1008 5018 1114 5075 est,
1141 5008 1232 5078 qui
1260 5007 1534 5063 orationes
1553 5021 1676 5060 cum
1709 5003 1881 5075 lacry-

298 5096 399 5150 mis
423 5104 478 5151 et
502 5095 730 5168 gemitu,
755 5098 883 5153 dum
920 5099 975 5152 in
1001 5099 1215 5154 mortali
1240 5115 1467 5169 corpore
1509 5097 1712 5160 vivunt,
1761 5094 1880 5149 fun-

292 5187 428 5241 dunt
447 5186 515 5241 ad
536 5186 841 5254 Dominum,
869 5198 995 5258 post
1021 5190 1227 5245 obitum
1254 5189 1460 5245 laboris
1480 5188 1563 5243 sui
1596 5186 1880 5258 prtemium

295 5280 351 5332 in
371 5280 568 5350 gaudio
595 5288 800 5335 mctcnt
828 5289 1066 5336 aeterno:
1094 5283 1147 5337 in
1180 5282 1377 5352 gaudio
1407 5281 1656 5337 videlicet
1677 5280 1790 5346 illo,
1813 5280 1881 5336 de

293 5388 401 5441 quo
430 5372 706 5444 discipulis
732 5373 844 5429 suis
870 5373 1130 5430 Dominus
1169 5376 1246 5429 ait
1274 5394 1288 5429 :
1330 5372 1531 5429 lterum
1558 5375 1738 5429 videbo
1771 5392 1877 5441 vos,

292 5472 340 5516 et
368 5462 611 5534 gaudebit
663 5481 756 5518 cor
795 5460 1042 5529 vestrum,
1070 5473 1120 5518 et
1167 5465 1420 5536 gaudium
1476 5474 1695 5520 vestrum
1730 5481 1880 5519 nemo

293 5538 435 5608 tollet
456 5574 488 5610 a
514 5557 653 5611 vobis
676 5555 857 5629 (Joan.
897 5555 1043 5629 xw).
1062 5556 1190 5612 Plus
1220 5573 1351 5629 ergo
1380 5559 1646 5613 monacho
1675 5558 1879 5613 saluta-

298 5658 408 5695 rem
425 5644 697 5701 tt‘istitiam
723 5664 884 5718 quam
912 5648 1586 5703 vanamconvenithabere
1608 5648 1873 5703 lsetitiam.

296 5733 569 5804 Scriptum
594 5740 838 5794 estcnim
867 5759 879 5794 :
912 5739 1012 5795 Cor
1039 5742 1353 5812 sapientium
1400 5740 1485 5795 ubi
1528 5741 1742 5797 tristitia
1762 5782 1781 5809 ,
1826 5752 1873 5796 et

1906 4515 1961 4576 D

1997 3377 2229 3440 quenter
2257 3370 2459 3444 legere.
2488 3370 2625 3427 Nam
2668 3388 2792 3429 eum
2814 3389 3035 3430 oramus
3060 3374 3181 3445 ipsi,
3207 3391 3331 3432 cum
3374 3378 3429 3433 D.
3450 3394 3489 3434 ο
3517 3380 3596 3435 lo-

1995 3460 2248 3532 quimur;
2278 3477 2402 3518 cum
2422 3477 2562 3519 vero
2583 3463 2834 3536 legimus,
2852 3464 2995 3532 Deus
3016 3465 3299 3521 nobiscum
3326 3466 3591 3539 loquitur.

1996 3553 2187 3612 Omnis
2221 3555 2366 3611 enim
2392 3555 2668 3627 perfectus
2688 3558 2743 3612 in
2772 3557 3004 3614 lectione
3020 3597 3038 3625 ,
3073 3561 3321 3616 oratione
3341 3571 3397 3619 et
3417 3564 3594 3618 medi-

1983 3644 2204 3709 tatione
2232 3646 2495 3717 procedit.
2528 3646 2659 3715 Quae
2685 3648 2828 3702 enim
2847 3649 3140 3717 nescimus,
3167 3650 3399 3707 lectione
3424 3653 3589 3709 disci-

1997 3748 2147 3803 mus;
2187 3751 2308 3806 qute
2349 3745 2530 3791 autem
2559 3737 2934 3806 didicerimus,
2977 3740 3424 3799 meditationibus
3453 3758 3591 3800 con-

1993 3839 2292 3894 servamus,
2320 3837 2377 3882 et
2404 3836 2464 3882 ut
2481 3838 2801 3885 conservata
2826 3844 2858 3885 a
2888 3831 3044 3887 nobis
3081 3831 3434 3902 impleantur,
3457 3852 3587 3890 ora-

1993 3914 2141 3971 tione
2165 3916 2537 3987 adipiscimur.
2595 3917 2885 3976 Ceminum
2922 3923 3069 3978 enim
3124 3922 3337 3989 confert
3381 3925 3589 3983 donum

1992 4015 2305 4063 sanctarum
2332 4007 2491 4065 lectio
2513 4007 2938 4081 Scripturarum,
2961 4012 3075 4069 sive
3100 4014 3228 4084 quia
3253 4014 3587 4071 intellectum

1992 4096 2192 4150 mentis
2217 4097 2415 4164 erudit,
2442 4113 2539 4153 seu
2580 4099 2722 4169 quod
2752 4114 2783 4155 a
2810 4102 2996 4156 mundi
3018 4102 3349 4159 vanitatibus
3373 4106 3589 4160 abstra-

1992 4194 2139 4241 ctum
2167 4187 2441 4243 hominem
2486 4189 2556 4244 ad
2597 4205 2838 4246 amorem
2863 4190 2961 4247 Dei
2988 4193 3257 4264 perducit.
3284 4192 3423 4250 llinc
3446 4195 3587 4252 Pau-

1991 4276 2076 4333 lus
2102 4278 2446 4335 Timotheum
2475 4281 2731 4337 admonet
2758 4282 2942 4340 dicens
2972 4304 2985 4338 :
3026 4283 3163 4339 Dum
3192 4288 3585 4354 uenio,attemle

1990 4368 2201 4424 lectioni
2233 4370 2513 4439 doctrinm,
2546 4373 2658 4427 lucc
2686 4374 2976 4441 meditare,
3032 4383 3083 4430 et
3134 4377 3187 4430 in
3209 4377 3291 4431 his
3317 4389 3426 4451 esto
3453 4420 3470 4444 ,
3525 4391 3585 4437 ut

1989 4463 2253 4535 profectus
2297 4474 2419 4520 tuus
2451 4467 2760 4538 manifestus
2789 4471 2855 4524 sit
2909 4471 3149 4527 omnibus
3190 4471 3246 4544 (I
3294 4472 3431 4530 Tim.
3479 4476 3581 4551 tv).

1986 4557 2155 4613 Nemo
2186 4559 2332 4614 enim
2355 4576 2576 4616 sensum
2602 4561 2899 4634 Scriptum
2924 4580 3093 4621 sacrae
3121 4565 3355 4639 plcniter
3386 4585 3580 4643 cogno-

1988 4663 2141 4704 scere
2164 4650 2386 4720 poterit,
2403 4652 2505 4707 nisi
2528 4653 2742 4710 assidue
2767 4655 3019 4731 lugendo,
3036 4666 3132 4714 aut
3153 4658 3445 4726 audiendo,
3462 4662 3583 4731 eius

1988 4737 2408 4795 familiaritatem
2470 4743 2750 4811 habuerit,
2804 4727 2946 4803 sicut
2993 4749 3254 4822 scriptum
3277 4759 3365 4807 est
3397 4772 3411 4807 :
3443 4727 3582 4810 Aiua

1987 4830 2162 4908 illum,
2180 4843 2227 4887 et
2256 4834 2508 4889 exaltabit
2550 4845 2622 4902 te,
2642 4836 3023 4908 glorificaberis
3068 4841 3133 4896 ab
3161 4858 3223 4896 ea
3247 4882 3262 4908 ,
3313 4860 3436 4900 cum
3459 4862 3577 4901 eam

1988 4906 2164 4992 fueris.
2181 4923 2510 4995 amplexatus
2536 4906 2720 4998 (Prov.
2753 4906 2848 5001 tv).

2054 5016 2142 5070 57.
2184 5017 2428 5073 Orationi
2451 4998 3057 5090 frequenteriucumbcre
3079 5024 3293 5097 (Matth.
3324 5043 3413 5093 v1;
3442 5028 3582 5087 Luc.

1987 5103 2085 5175 x1).
2113 5105 2428 5164 lncumbcre
2456 5110 2613 5174 dicit,
2647 5112 2869 5177 instare,
2901 5113 2986 5169 vel
3024 5115 3299 5172 incubare.
3354 5118 3423 5174 Et
3449 5136 3581 5175 con-

1987 5213 2118 5269 grue
2165 5214 2264 5254 nos
2319 5210 2442 5270 post
2480 5201 2725 5259 lectionis
2758 5205 3089 5263 auditionem
3135 5208 3367 5266 orationi
3414 5209 3582 5280 iussit

1987 5286 2300 5358 frequenter
2324 5291 2658 5348 incumbere.
2688 5293 2803 5350 Non
2824 5296 2969 5352 enim
3008 5313 3039 5352 a
3058 5297 3289 5365 lectione
3321 5301 3579 5357 dissentit

1987 5376 2185 5445 oratio,
2212 5396 2315 5436 nec
2341 5382 2410 5437 ab
2453 5384 2701 5439 oratione
2731 5384 2904 5442 aliena
2930 5397 3013 5442 est
3051 5387 3233 5445 lectio.
3272 5388 3581 5461 Aliquotics

1986 5478 2164 5523 autem
2187 5470 2467 5539 proferunt
2494 5489 2680 5540 unum,
2703 5475 2989 5547 aliquoties
3005 5493 3134 5533 vero
3156 5478 3452 5536 diversum.
3468 5479 3581 5537 Sed

1986 5559 2110 5627 quia
2137 5560 2313 5615 oratio
2335 5561 2534 5618 dicitur
2546 5564 2661 5619 oris
2691 5567 2854 5632 ratio,
2879 5576 3070 5622 neutra
3088 5569 3299 5625 illarum
3311 5570 3584 5627 orationis

1985 5651 2202 5704 nomine
2236 5661 2403 5716 caret,
2432 5661 2665 5725 utroque
2696 5658 3087 5714 rationabiliter
3129 5671 3327 5727 cattus,
3346 5670 3587 5733 utroun

1955 5754 2112 5794 .vero
2141 5741 2535 5801 rationabiliter
2575 5754 2702 5802 sunt
2729 5749 2962 5804 dictatze.
2989 5750 3214 5807 Multum
3240 5752 3385 5808 enim
3433 5749 3586 5823 apud
