  <div class='ocr_page' id='page_1' title='image "/cluster/home/n/w/nwhite01/storage/ocr_20150623/102/hvd.32044052820032/398.png"; bbox 0 0 3992 6206; ppageno 0'>
   <div class='ocr_carea' id='block_1_1' title="bbox 421 311 527 369">
    <p class='ocr_par' dir='ltr' id='par_1_1' title="bbox 421 311 527 369">
     <span class='ocr_line' id='line_1_1' title="bbox 421 311 527 369; baseline 0.047 -4"><span class='ocrx_word' id='word_1_1' title='bbox 421 311 527 369; x_wconf 74' lang='lat'><strong>785</strong></span> 
     </span>
    </p>
   </div>
   <div class='ocr_carea' id='block_1_2' title="bbox 1451 316 2632 384">
    <p class='ocr_par' dir='ltr' id='par_1_2' title="bbox 1451 316 2632 384">
     <span class='ocr_line' id='line_1_2' title="bbox 1451 316 2632 384; baseline 0.008 -10"><span class='ocrx_word' id='word_1_2' title='bbox 1451 316 1807 375; x_wconf 66' lang='lat' dir='ltr'><strong>COMMENT.</strong></span> <span class='ocrx_word' id='word_1_3' title='bbox 1848 320 1914 374; x_wconf 69' lang='lat' dir='ltr'><strong>IN</strong></span> <span class='ocrx_word' id='word_1_4' title='bbox 1956 320 2115 377; x_wconf 72' lang='lat' dir='ltr'><strong>RBG.</strong></span> <span class='ocrx_word' id='word_1_5' title='bbox 2158 322 2215 377; x_wconf 88' lang='lat' dir='ltr'><strong>S.</strong></span> <span class='ocrx_word' id='word_1_6' title='bbox 2258 318 2632 384; x_wconf 75' lang='lat' dir='ltr'><strong>BENEDICTL</strong></span> 
     </span>
    </p>
   </div>
   <div class='ocr_carea' id='block_1_3' title="bbox 3588 333 3697 390">
    <p class='ocr_par' dir='ltr' id='par_1_3' title="bbox 3588 333 3697 390">
     <span class='ocr_line' id='line_1_3' title="bbox 3588 333 3697 390; baseline 0.046 -4"><span class='ocrx_word' id='word_1_7' title='bbox 3588 333 3697 390; x_wconf 64' lang='grc' dir='ltr'><strong>ἠδ</strong></span> 
     </span>
    </p>
   </div>
   <div class='ocr_carea' id='block_1_4' title="bbox 420 427 1995 512">
    <p class='ocr_par' dir='ltr' id='par_1_4' title="bbox 420 427 1995 499">
     <span class='ocr_line' id='line_1_4' title="bbox 420 427 1995 499; baseline -0.001 -15"><span class='ocrx_word' id='word_1_8' title='bbox 420 429 709 484; x_wconf 71' lang='grc' dir='ltr'><strong>υίηιιὶυιιω</strong></span> <span class='ocrx_word' id='word_1_9' title='bbox 735 430 967 499; x_wconf 77' lang='lat' dir='ltr'><strong>utraque</strong></span> <span class='ocrx_word' id='word_1_10' title='bbox 989 427 1093 484; x_wconf 86' lang='lat' dir='ltr'><strong>sibi</strong></span> <span class='ocrx_word' id='word_1_11' title='bbox 1125 443 1433 486; x_wconf 79' lang='lat' dir='ltr'><strong>necessario</strong></span> <span class='ocrx_word' id='word_1_12' title='bbox 1453 433 1861 488; x_wconf 77' lang='lat' dir='ltr'><strong>commendatur</strong></span> <span class='ocrx_word' id='word_1_13' title='bbox 1883 472 1898 497; x_wconf 95' lang='lat'><strong>,</strong></span> <span class='ocrx_word' id='word_1_14' title='bbox 1950 442 1995 484; x_wconf 85' lang='lat' dir='ltr'><strong>ul</strong></span> 
     </span>
    </p>
   </div>
   <div class='ocr_carea' id='block_1_5' title="bbox 2100 427 3696 512">
    <p class='ocr_par' dir='ltr' id='par_1_5' title="bbox 2109 430 3696 512">
     <span class='ocr_line' id='line_1_5' title="bbox 2109 430 3696 512; baseline 0.006 -26"><span class='ocrx_word' id='word_1_15' title='bbox 2109 430 2257 487; x_wconf 72' lang='lat' dir='ltr'><strong>tiaris</strong></span> <span class='ocrx_word' id='word_1_16' title='bbox 2283 432 2509 488; x_wconf 86' lang='lat' dir='ltr'><strong>Domino</strong></span> <span class='ocrx_word' id='word_1_17' title='bbox 2535 435 2779 504; x_wconf 83' lang='lat' dir='ltr'><strong>conﬁteri</strong></span> <span class='ocrx_word' id='word_1_18' title='bbox 2797 444 3011 505; x_wconf 80' lang='lat' dir='ltr'><strong>peccata</strong></span> <span class='ocrx_word' id='word_1_19' title='bbox 3037 444 3129 491; x_wconf 87' lang='lat' dir='ltr'><strong>tua</strong></span> <span class='ocrx_word' id='word_1_20' title='bbox 3158 437 3461 512; x_wconf 81' lang='lat' dir='ltr'><strong>(Eccli_|v).</strong></span> <span class='ocrx_word' id='word_1_21' title='bbox 3498 442 3696 500; x_wconf 79' lang='lat' dir='ltr'><strong>Certus</strong></span> 
     </span>
    </p>
   </div>
   <div class='ocr_carea' id='block_1_6' title="bbox 417 517 2012 589">
    <p class='ocr_par' dir='ltr' id='par_1_6' title="bbox 417 517 2012 589">
     <span class='ocr_line' id='line_1_6' title="bbox 417 517 2012 589; baseline 0.002 -17"><span class='ocrx_word' id='word_1_22' title='bbox 417 517 670 572; x_wconf 83' lang='lat' dir='ltr'><strong>oratione</strong></span> <span class='ocrx_word' id='word_1_23' title='bbox 690 518 958 586; x_wconf 88' lang='lat' dir='ltr'><strong>operatio,</strong></span> <span class='ocrx_word' id='word_1_24' title='bbox 980 526 1038 573; x_wconf 88' lang='lat' dir='ltr'><strong>et</strong></span> <span class='ocrx_word' id='word_1_25' title='bbox 1069 534 1233 589; x_wconf 90' lang='lat' dir='ltr'><strong>opere</strong></span> <span class='ocrx_word' id='word_1_26' title='bbox 1261 519 1515 575; x_wconf 89' lang='lat' dir='ltr'><strong>fulciatur</strong></span> <span class='ocrx_word' id='word_1_27' title='bbox 1534 522 1729 577; x_wconf 88' lang='lat' dir='ltr'><strong>oratio.</strong></span> <span class='ocrx_word' id='word_1_28' title='bbox 1764 522 1917 578; x_wconf 84' lang='lat' dir='ltr'><strong>Unde</strong></span> <span class='ocrx_word' id='word_1_29' title='bbox 1955 529 2012 578; x_wconf 90' lang='lat' dir='ltr'><strong>et</strong></span> 
     </span>
    </p>
   </div>
   <div class='ocr_carea' id='block_1_7' title="bbox 417 604 2011 664">
    <p class='ocr_par' dir='ltr' id='par_1_7' title="bbox 417 604 2011 664">
     <span class='ocr_line' id='line_1_7' title="bbox 417 604 2011 664; baseline 0.001 -2"><span class='ocrx_word' id='word_1_30' title='bbox 417 606 686 662; x_wconf 73' lang='lat' dir='ltr'><strong>Jeremias</strong></span> <span class='ocrx_word' id='word_1_31' title='bbox 716 605 795 661; x_wconf 87' lang='lat' dir='ltr'><strong>ait</strong></span> <span class='ocrx_word' id='word_1_32' title='bbox 818 620 835 658; x_wconf 91' lang='lat'><strong>:</strong></span> <span class='ocrx_word' id='word_1_33' title='bbox 866 604 1116 661; x_wconf 82' lang='lat' dir='ltr'><strong>Leventus</strong></span> <span class='ocrx_word' id='word_1_34' title='bbox 1146 608 1306 661; x_wconf 79' lang='lat' dir='ltr'><strong>condo</strong></span> <span class='ocrx_word' id='word_1_35' title='bbox 1317 619 1509 664; x_wconf 59' lang='lat' dir='ltr'><strong>nostra</strong></span> <span class='ocrx_word' id='word_1_36' title='bbox 1533 627 1650 664; x_wconf 81' lang='lat' dir='ltr'><strong>cum</strong></span> <span class='ocrx_word' id='word_1_37' title='bbox 1675 610 1916 664; x_wconf 80' lang='lat' dir='ltr'><strong>manibus</strong></span> <span class='ocrx_word' id='word_1_38' title='bbox 1940 612 2011 664; x_wconf 88' lang='lat' dir='ltr'><strong>ad</strong></span> 
     </span>
    </p>
   </div>
   <div class='ocr_carea' id='block_1_8' title="bbox 419 694 2010 769">
    <p class='ocr_par' dir='ltr' id='par_1_8' title="bbox 419 694 2010 769">
     <span class='ocr_line' id='line_1_8' title="bbox 419 694 2010 769; baseline 0.003 -17"><span class='ocrx_word' id='word_1_39' title='bbox 419 697 706 752; x_wconf 71' lang='lat' dir='ltr'><strong>Dominum</strong></span> <span class='ocrx_word' id='word_1_40' title='bbox 729 694 947 768; x_wconf 77' lang='lat' dir='ltr'><strong>(Thren.</strong></span> <span class='ocrx_word' id='word_1_41' title='bbox 966 696 1074 769; x_wconf 80' lang='lat' dir='ltr'><strong>tu).</strong></span> <span class='ocrx_word' id='word_1_42' title='bbox 1107 697 1216 754; x_wconf 87' lang='lat' dir='ltr'><strong>Cor</strong></span> <span class='ocrx_word' id='word_1_43' title='bbox 1238 699 1382 754; x_wconf 90' lang='lat' dir='ltr'><strong>enim</strong></span> <span class='ocrx_word' id='word_1_44' title='bbox 1422 716 1548 756; x_wconf 90' lang='lat' dir='ltr'><strong>cum</strong></span> <span class='ocrx_word' id='word_1_45' title='bbox 1577 702 1825 757; x_wconf 89' lang='lat' dir='ltr'><strong>manibus</strong></span> <span class='ocrx_word' id='word_1_46' title='bbox 1844 701 2010 768; x_wconf 85' lang='lat' dir='ltr'><strong>levat,</strong></span> 
     </span>
    </p>
   </div>
   <div class='ocr_carea' id='block_1_9' title="bbox 420 786 2013 858">
    <p class='ocr_par' dir='ltr' id='par_1_9' title="bbox 420 786 2013 858">
     <span class='ocr_line' id='line_1_9' title="bbox 420 786 2013 858; baseline 0.004 -18"><span class='ocrx_word' id='word_1_47' title='bbox 420 786 513 858; x_wconf 85' lang='lat' dir='ltr'><strong>qui</strong></span> <span class='ocrx_word' id='word_1_48' title='bbox 558 786 862 849; x_wconf 79' lang='lat' dir='ltr'><strong>orationem</strong></span> <span class='ocrx_word' id='word_1_49' title='bbox 914 802 1039 842; x_wconf 92' lang='lat' dir='ltr'><strong>cum</strong></span> <span class='ocrx_word' id='word_1_50' title='bbox 1086 803 1249 858; x_wconf 89' lang='lat' dir='ltr'><strong>opere</strong></span> <span class='ocrx_word' id='word_1_51' title='bbox 1302 789 1565 845; x_wconf 73' lang='lat' dir='ltr'><strong>sublevat.</strong></span> <span class='ocrx_word' id='word_1_52' title='bbox 1633 790 1712 846; x_wconf 89' lang='lat' dir='ltr'><strong>De</strong></span> <span class='ocrx_word' id='word_1_53' title='bbox 1752 791 2013 847; x_wconf 79' lang='lat' dir='ltr'><strong>instantia</strong></span> 
     </span>
    </p>
   </div>
   <div class='ocr_carea' id='block_1_10' title="bbox 417 874 2014 937">
    <p class='ocr_par' dir='ltr' id='par_1_10' title="bbox 417 874 2014 937">
     <span class='ocr_line' id='line_1_10' title="bbox 417 874 2014 937; baseline 0.005 -8"><span class='ocrx_word' id='word_1_54' title='bbox 417 874 565 929; x_wconf 87' lang='lat' dir='ltr'><strong>enim</strong></span> <span class='ocrx_word' id='word_1_55' title='bbox 583 874 848 931; x_wconf 84' lang='lat' dir='ltr'><strong>orationis</strong></span> <span class='ocrx_word' id='word_1_56' title='bbox 872 890 974 931; x_wconf 90' lang='lat' dir='ltr'><strong>nos</strong></span> <span class='ocrx_word' id='word_1_57' title='bbox 1009 874 1208 933; x_wconf 83' lang='lat' dir='ltr'><strong>Paulus</strong></span> <span class='ocrx_word' id='word_1_58' title='bbox 1233 879 1491 936; x_wconf 89' lang='lat' dir='ltr'><strong>admonet</strong></span> <span class='ocrx_word' id='word_1_59' title='bbox 1510 880 1697 936; x_wconf 86' lang='lat' dir='ltr'><strong>dicens</strong></span> <span class='ocrx_word' id='word_1_60' title='bbox 1722 895 1737 935; x_wconf 89' lang='lat'><strong>:</strong></span> <span class='ocrx_word' id='word_1_61' title='bbox 1769 879 2014 937; x_wconf 74' lang='lat' dir='ltr'><strong>Orationi</strong></span> 
     </span>
    </p>
   </div>
   <div class='ocr_carea' id='block_1_11' title="bbox 423 1013 2021 1135">
    <p class='ocr_par' dir='ltr' id='par_1_11' title="bbox 423 1013 2021 1135">
     <span class='ocr_line' id='line_1_11' title="bbox 423 1013 2021 1135; baseline 0.008 -26"><span class='ocrx_word' id='word_1_62' title='bbox 639 1013 737 1127; x_wconf 62' lang='lat' dir='ltr'><strong>vi).</strong></span> <span class='ocrx_word' id='word_1_63' title='bbox 754 1057 893 1125; x_wconf 81' lang='lat' dir='ltr'><strong>Quia</strong></span> <span class='ocrx_word' id='word_1_64' title='bbox 904 1060 1053 1116; x_wconf 89' lang='lat' dir='ltr'><strong>enim</strong></span> <span class='ocrx_word' id='word_1_65' title='bbox 1067 1066 1218 1120; x_wconf 89' lang='lat' dir='ltr'><strong>omni</strong></span> <span class='ocrx_word' id='word_1_66' title='bbox 1238 1013 1343 1119; x_wconf 59' lang='lat' dir='ltr'><strong>tein</strong></span> <span class='ocrx_word' id='word_1_67' title='bbox 1352 1081 1483 1135; x_wconf 88' lang='lat' dir='ltr'><strong>pore</strong></span> <span class='ocrx_word' id='word_1_68' title='bbox 1497 1013 1854 1134; x_wconf 58' lang='lat' dir='ltr'><strong>o&#39;ﬁ‘endiinus,</strong></span> <span class='ocrx_word' id='word_1_69' title='bbox 1871 1013 2021 1121; x_wconf 69' lang='grc' dir='ltr'><strong>εἰσιιὲ</strong></span> 
     </span>
    </p>
   </div>
   <div class='ocr_carea' id='block_1_12' title="bbox 416 1147 2017 1227">
    <p class='ocr_par' dir='ltr' id='par_1_12' title="bbox 416 1147 2017 1227">
     <span class='ocr_line' id='line_1_12' title="bbox 416 1147 2017 1227; baseline 0.006 -26"><span class='ocrx_word' id='word_1_70' title='bbox 416 1150 586 1216; x_wconf 81' lang='lat' dir='ltr'><strong>script</strong></span> <span class='ocrx_word' id='word_1_71' title='bbox 600 1159 817 1206; x_wconf 82' lang='lat' dir='ltr'><strong>umest:</strong></span> <span class='ocrx_word' id='word_1_72' title='bbox 840 1147 908 1205; x_wconf 87' lang='lat' dir='ltr'><strong>In</strong></span> <span class='ocrx_word' id='word_1_73' title='bbox 927 1152 1109 1207; x_wconf 83' lang='lat' dir='ltr'><strong>multis</strong></span> <span class='ocrx_word' id='word_1_74' title='bbox 1129 1154 1445 1224; x_wconf 74' lang='lat' dir='ltr'><strong>oﬂ&#39;endimus</strong></span> <span class='ocrx_word' id='word_1_75' title='bbox 1460 1175 1639 1213; x_wconf 81' lang='lat' dir='ltr'><strong>omnes</strong></span> <span class='ocrx_word' id='word_1_76' title='bbox 1657 1158 1870 1227; x_wconf 79' lang='lat' dir='ltr'><strong>(Jacob.</strong></span> <span class='ocrx_word' id='word_1_77' title='bbox 1894 1159 1980 1227; x_wconf 87' lang='lat' dir='ltr'><strong>tu)</strong></span> <span class='ocrx_word' id='word_1_78' title='bbox 2001 1161 2017 1211; x_wconf 72' lang='grc' dir='ltr'><strong>ἰ</strong></span> 
     </span>
    </p>
   </div>
   <div class='ocr_carea' id='block_1_13' title="bbox 418 963 1984 1043">
    <p class='ocr_par' dir='ltr' id='par_1_13' title="bbox 418 963 1984 1043">
     <span class='ocr_line' id='line_1_13' title="bbox 418 963 1984 1043; baseline 0.007 -27"><span class='ocrx_word' id='word_1_79' title='bbox 418 963 700 1028; x_wconf 76' lang='lat' dir='ltr'><strong>instantes,</strong></span> <span class='ocrx_word' id='word_1_80' title='bbox 718 973 769 1018; x_wconf 91' lang='lat' dir='ltr'><strong>et</strong></span> <span class='ocrx_word' id='word_1_81' title='bbox 786 974 1001 1020; x_wconf 83' lang='lat' dir='ltr'><strong>orantes</strong></span> <span class='ocrx_word' id='word_1_82' title='bbox 1020 967 1166 1022; x_wconf 89' lang='lat' dir='ltr'><strong>omni</strong></span> <span class='ocrx_word' id='word_1_83' title='bbox 1183 977 1411 1040; x_wconf 78' lang='lat' dir='ltr'><strong>tempore</strong></span> <span class='ocrx_word' id='word_1_84' title='bbox 1427 971 1481 1024; x_wconf 87' lang='lat' dir='ltr'><strong>in</strong></span> <span class='ocrx_word' id='word_1_85' title='bbox 1497 972 1687 1039; x_wconf 75' lang='lat' dir='ltr'><strong>spiritu</strong></span> <span class='ocrx_word' id='word_1_86' title='bbox 1709 970 1890 1043; x_wconf 86' lang='lat' dir='ltr'><strong>(Rom.</strong></span> <span class='ocrx_word' id='word_1_87' title='bbox 1908 986 1984 1027; x_wconf 78' lang='lat' dir='ltr'><strong>xu</strong></span> 
     </span>
    </p>
   </div>
   <div class='ocr_carea' id='block_1_14' title="bbox 418 1231 2011 1303">
    <p class='ocr_par' dir='ltr' id='par_1_14' title="bbox 418 1231 2011 1303">
     <span class='ocr_line' id='line_1_14' title="bbox 418 1231 2011 1303; baseline 0.009 -18"><span class='ocrx_word' id='word_1_88' title='bbox 418 1231 567 1286; x_wconf 91' lang='lat' dir='ltr'><strong>omni</strong></span> <span class='ocrx_word' id='word_1_89' title='bbox 596 1239 842 1302; x_wconf 87' lang='lat' dir='ltr'><strong>tempore</strong></span> <span class='ocrx_word' id='word_1_90' title='bbox 866 1247 969 1303; x_wconf 90' lang='lat' dir='ltr'><strong>pro</strong></span> <span class='ocrx_word' id='word_1_91' title='bbox 992 1233 1217 1290; x_wconf 82' lang='lat' dir='ltr'><strong>oﬁ‘ensis</strong></span> <span class='ocrx_word' id='word_1_92' title='bbox 1235 1252 1395 1294; x_wconf 88' lang='lat' dir='ltr'><strong>orare</strong></span> <span class='ocrx_word' id='word_1_93' title='bbox 1421 1239 1698 1297; x_wconf 75' lang='lat' dir='ltr'><strong>debemus.</strong></span> <span class='ocrx_word' id='word_1_94' title='bbox 1739 1241 1877 1297; x_wconf 85' lang='lat' dir='ltr'><strong>Hinc</strong></span> <span class='ocrx_word' id='word_1_95' title='bbox 1911 1244 2011 1300; x_wconf 85' lang='lat' dir='ltr'><strong>ite-</strong></span> 
     </span>
    </p>
   </div>
   <div class='ocr_carea' id='block_1_15' title="bbox 418 1321 2005 1408">
    <p class='ocr_par' dir='ltr' id='par_1_15' title="bbox 418 1321 2005 1408">
     <span class='ocr_line' id='line_1_15' title="bbox 418 1321 2005 1408; baseline 0.007 -30"><span class='ocrx_word' id='word_1_96' title='bbox 418 1336 539 1378; x_wconf 82' lang='lat' dir='ltr'><strong>rum</strong></span> <span class='ocrx_word' id='word_1_97' title='bbox 568 1321 766 1378; x_wconf 84' lang='lat' dir='ltr'><strong>Paulus</strong></span> <span class='ocrx_word' id='word_1_98' title='bbox 795 1324 908 1380; x_wconf 85' lang='lat' dir='ltr'><strong>ait:</strong></span> <span class='ocrx_word' id='word_1_99' title='bbox 941 1324 1070 1382; x_wconf 86' lang='lat' dir='ltr'><strong>Sine</strong></span> <span class='ocrx_word' id='word_1_100' title='bbox 1082 1327 1467 1386; x_wconf 84' lang='lat' dir='ltr'><strong>intermissione</strong></span> <span class='ocrx_word' id='word_1_101' title='bbox 1492 1343 1639 1387; x_wconf 90' lang='lat' dir='ltr'><strong>orate</strong></span> <span class='ocrx_word' id='word_1_102' title='bbox 1662 1333 1714 1405; x_wconf 88' lang='grc'><strong>(1</strong></span> <span class='ocrx_word' id='word_1_103' title='bbox 1734 1333 2005 1408; x_wconf 83' lang='lat' dir='ltr'><strong>Thess.v).</strong></span> 
     </span>
    </p>
   </div>
   <div class='ocr_carea' id='block_1_16' title="bbox 417 1410 2009 1494">
    <p class='ocr_par' dir='ltr' id='par_1_16' title="bbox 417 1410 2009 1494">
     <span class='ocr_line' id='line_1_16' title="bbox 417 1410 2009 1494; baseline 0.009 -29"><span class='ocrx_word' id='word_1_104' title='bbox 417 1410 558 1466; x_wconf 74' lang='lat' dir='ltr'><strong>Hinc</strong></span> <span class='ocrx_word' id='word_1_105' title='bbox 583 1410 778 1467; x_wconf 79' lang='lat' dir='ltr'><strong>Petrus</strong></span> <span class='ocrx_word' id='word_1_106' title='bbox 805 1413 975 1474; x_wconf 84' lang='lat' dir='ltr'><strong>dicit:</strong></span> <span class='ocrx_word' id='word_1_107' title='bbox 1006 1413 1190 1471; x_wconf 82' lang='lat' dir='ltr'><strong>Estote</strong></span> <span class='ocrx_word' id='word_1_108' title='bbox 1215 1418 1392 1488; x_wconf 84' lang='lat' dir='ltr'><strong>itaque</strong></span> <span class='ocrx_word' id='word_1_109' title='bbox 1413 1421 1695 1491; x_wconf 80' lang='lat' dir='ltr'><strong>prudentes</strong></span> <span class='ocrx_word' id='word_1_110' title='bbox 1723 1432 1770 1478; x_wconf 81' lang='lat' dir='ltr'><strong>et</strong></span> <span class='ocrx_word' id='word_1_111' title='bbox 1795 1424 2009 1494; x_wconf 82' lang='lat' dir='ltr'><strong>vigilate</strong></span> 
     </span>
    </p>
   </div>
   <div class='ocr_carea' id='block_1_17' title="bbox 415 1500 2010 1582">
    <p class='ocr_par' dir='ltr' id='par_1_17' title="bbox 415 1500 2010 1582">
     <span class='ocr_line' id='line_1_17' title="bbox 415 1500 2010 1582; baseline 0.009 -29"><span class='ocrx_word' id='word_1_112' title='bbox 415 1501 475 1554; x_wconf 82' lang='lat' dir='ltr'><strong>in</strong></span> <span class='ocrx_word' id='word_1_113' title='bbox 506 1500 834 1556; x_wconf 74' lang='lat' dir='ltr'><strong>orationibus</strong></span> <span class='ocrx_word' id='word_1_114' title='bbox 863 1501 919 1576; x_wconf 87' lang='lat' dir='ltr'><strong>(I</strong></span> <span class='ocrx_word' id='word_1_115' title='bbox 951 1502 1097 1558; x_wconf 83' lang='lat' dir='ltr'><strong>Petr.</strong></span> <span class='ocrx_word' id='word_1_116' title='bbox 1128 1504 1225 1578; x_wconf 82' lang='lat' dir='ltr'><strong>tv).</strong></span> <span class='ocrx_word' id='word_1_117' title='bbox 1266 1505 1492 1574; x_wconf 83' lang='lat' dir='ltr'><strong>Quoties</strong></span> <span class='ocrx_word' id='word_1_118' title='bbox 1515 1510 1661 1565; x_wconf 91' lang='lat' dir='ltr'><strong>enim</strong></span> <span class='ocrx_word' id='word_1_119' title='bbox 1685 1527 1902 1582; x_wconf 90' lang='lat' dir='ltr'><strong>cunque</strong></span> <span class='ocrx_word' id='word_1_120' title='bbox 1930 1513 2010 1567; x_wconf 93' lang='lat' dir='ltr'><strong>vi-</strong></span> 
     </span>
    </p>
   </div>
   <div class='ocr_carea' id='block_1_18' title="bbox 418 1589 2009 1663">
    <p class='ocr_par' dir='ltr' id='par_1_18' title="bbox 418 1589 2009 1663">
     <span class='ocr_line' id='line_1_18' title="bbox 418 1589 2009 1663; baseline 0.009 -21"><span class='ocrx_word' id='word_1_121' title='bbox 418 1589 496 1645; x_wconf 90' lang='lat' dir='ltr'><strong>tio</strong></span> <span class='ocrx_word' id='word_1_122' title='bbox 516 1589 760 1660; x_wconf 88' lang='lat' dir='ltr'><strong>quolibet</strong></span> <span class='ocrx_word' id='word_1_123' title='bbox 790 1592 1063 1663; x_wconf 83' lang='lat' dir='ltr'><strong>tangimur</strong></span> <span class='ocrx_word' id='word_1_124' title='bbox 1078 1633 1094 1660; x_wconf 90' lang='lat'><strong>,</strong></span> <span class='ocrx_word' id='word_1_125' title='bbox 1122 1594 1192 1649; x_wconf 86' lang='lat' dir='ltr'><strong>ad</strong></span> <span class='ocrx_word' id='word_1_126' title='bbox 1219 1597 1526 1654; x_wconf 89' lang='lat' dir='ltr'><strong>orationem</strong></span> <span class='ocrx_word' id='word_1_127' title='bbox 1546 1616 1646 1656; x_wconf 92' lang='lat' dir='ltr'><strong>nos</strong></span> <span class='ocrx_word' id='word_1_128' title='bbox 1669 1600 1903 1658; x_wconf 84' lang='lat' dir='ltr'><strong>subdere</strong></span> <span class='ocrx_word' id='word_1_129' title='bbox 1923 1600 2009 1657; x_wconf 86' lang='lat' dir='ltr'><strong>de-</strong></span> 
     </span>
    </p>
   </div>
   <div class='ocr_carea' id='block_1_19' title="bbox 416 1680 2009 1764">
    <p class='ocr_par' dir='ltr' id='par_1_19' title="bbox 416 1680 2009 1764">
     <span class='ocr_line' id='line_1_19' title="bbox 416 1680 2009 1764; baseline 0.007 -27"><span class='ocrx_word' id='word_1_130' title='bbox 416 1680 630 1747; x_wconf 87' lang='lat' dir='ltr'><strong>bemus,</strong></span> <span class='ocrx_word' id='word_1_131' title='bbox 654 1683 781 1752; x_wconf 89' lang='lat' dir='ltr'><strong>quia</strong></span> <span class='ocrx_word' id='word_1_132' title='bbox 810 1682 1066 1754; x_wconf 79' lang='lat' dir='ltr'><strong>frequens</strong></span> <span class='ocrx_word' id='word_1_133' title='bbox 1093 1687 1271 1743; x_wconf 88' lang='lat' dir='ltr'><strong>oratio</strong></span> <span class='ocrx_word' id='word_1_134' title='bbox 1313 1688 1572 1745; x_wconf 88' lang='lat' dir='ltr'><strong>vitiorum</strong></span> <span class='ocrx_word' id='word_1_135' title='bbox 1611 1699 1696 1747; x_wconf 90' lang='lat' dir='ltr'><strong>est</strong></span> <span class='ocrx_word' id='word_1_136' title='bbox 1728 1692 2009 1764; x_wconf 89' lang='lat' dir='ltr'><strong>impugna-</strong></span> 
     </span>
    </p>
   </div>
   <div class='ocr_carea' id='block_1_20' title="bbox 418 1771 2079 1841">
    <p class='ocr_par' dir='ltr' id='par_1_20' title="bbox 418 1771 2079 1841">
     <span class='ocr_line' id='line_1_20' title="bbox 418 1771 2079 1841; baseline 0.008 -14"><span class='ocrx_word' id='word_1_137' title='bbox 418 1771 513 1827; x_wconf 89' lang='lat' dir='ltr'><strong>tio.</strong></span> <span class='ocrx_word' id='word_1_138' title='bbox 544 1771 732 1839; x_wconf 86' lang='lat' dir='ltr'><strong>Oratio</strong></span> <span class='ocrx_word' id='word_1_139' title='bbox 756 1783 938 1830; x_wconf 88' lang='lat' dir='ltr'><strong>autem</strong></span> <span class='ocrx_word' id='word_1_140' title='bbox 964 1791 1071 1833; x_wconf 91' lang='lat' dir='ltr'><strong>non</strong></span> <span class='ocrx_word' id='word_1_141' title='bbox 1117 1778 1382 1834; x_wconf 89' lang='lat' dir='ltr'><strong>lahiorum</strong></span> <span class='ocrx_word' id='word_1_142' title='bbox 1418 1783 1797 1839; x_wconf 86' lang='lat' dir='ltr'><strong>tantummodo</strong></span> <span class='ocrx_word' id='word_1_143' title='bbox 1845 1784 2006 1841; x_wconf 88' lang='lat' dir='ltr'><strong>debet</strong></span> <span class='ocrx_word' id='word_1_144' title='bbox 2033 1775 2079 1834; x_wconf 83' lang='grc' dir='ltr'><strong>Β</strong></span> 
     </span>
    </p>
   </div>
   <div class='ocr_carea' id='block_1_21' title="bbox 409 1864 2001 1943">
    <p class='ocr_par' dir='ltr' id='par_1_21' title="bbox 409 1864 2001 1943">
     <span class='ocr_line' id='line_1_21' title="bbox 409 1864 2001 1943; baseline 0.009 -25"><span class='ocrx_word' id='word_1_145' title='bbox 409 1875 554 1929; x_wconf 86' lang='lat' dir='ltr'><strong>esse,</strong></span> <span class='ocrx_word' id='word_1_146' title='bbox 584 1864 681 1920; x_wconf 86' lang='lat' dir='ltr'><strong>sed</strong></span> <span class='ocrx_word' id='word_1_147' title='bbox 725 1873 781 1921; x_wconf 89' lang='lat' dir='ltr'><strong>et</strong></span> <span class='ocrx_word' id='word_1_148' title='bbox 805 1866 1071 1922; x_wconf 86' lang='lat' dir='ltr'><strong>cordium.</strong></span> <span class='ocrx_word' id='word_1_149' title='bbox 1131 1868 1248 1925; x_wconf 83' lang='lat' dir='ltr'><strong>Non</strong></span> <span class='ocrx_word' id='word_1_150' title='bbox 1277 1870 1425 1926; x_wconf 89' lang='lat' dir='ltr'><strong>enim</strong></span> <span class='ocrx_word' id='word_1_151' title='bbox 1473 1873 1791 1943; x_wconf 85' lang='lat' dir='ltr'><strong>multiplicia</strong></span> <span class='ocrx_word' id='word_1_152' title='bbox 1836 1876 2001 1931; x_wconf 90' lang='lat' dir='ltr'><strong>verba</strong></span> 
     </span>
    </p>
   </div>
   <div class='ocr_carea' id='block_1_22' title="bbox 412 1952 2003 2035">
    <p class='ocr_par' dir='ltr' id='par_1_22' title="bbox 412 1952 2003 2035">
     <span class='ocr_line' id='line_1_22' title="bbox 412 1952 2003 2035; baseline 0.009 -28"><span class='ocrx_word' id='word_1_153' title='bbox 412 1952 558 2009; x_wconf 87' lang='lat' dir='ltr'><strong>Deus</strong></span> <span class='ocrx_word' id='word_1_154' title='bbox 581 1956 832 2021; x_wconf 89' lang='lat' dir='ltr'><strong>attendit,</strong></span> <span class='ocrx_word' id='word_1_155' title='bbox 872 1956 967 2012; x_wconf 89' lang='lat' dir='ltr'><strong>sed</strong></span> <span class='ocrx_word' id='word_1_156' title='bbox 1001 1959 1209 2014; x_wconf 90' lang='lat' dir='ltr'><strong>orantis</strong></span> <span class='ocrx_word' id='word_1_157' title='bbox 1236 1975 1334 2015; x_wconf 91' lang='lat' dir='ltr'><strong>cor</strong></span> <span class='ocrx_word' id='word_1_158' title='bbox 1368 1962 1584 2032; x_wconf 84' lang='lat' dir='ltr'><strong>aspicit.</strong></span> <span class='ocrx_word' id='word_1_159' title='bbox 1610 1963 1895 2035; x_wconf 83' lang='lat' dir='ltr'><strong>Nunquam</strong></span> <span class='ocrx_word' id='word_1_160' title='bbox 1919 1973 2003 2022; x_wconf 89' lang='lat' dir='ltr'><strong>est</strong></span> 
     </span>
    </p>
   </div>
   <div class='ocr_carea' id='block_1_23' title="bbox 412 2040 2002 2123">
    <p class='ocr_par' dir='ltr' id='par_1_23' title="bbox 412 2040 2002 2123">
     <span class='ocr_line' id='line_1_23' title="bbox 412 2040 2002 2123; baseline 0.008 -25"><span class='ocrx_word' id='word_1_161' title='bbox 412 2040 535 2098; x_wconf 85' lang='lat' dir='ltr'><strong>sine</strong></span> <span class='ocrx_word' id='word_1_162' title='bbox 561 2044 763 2115; x_wconf 78' lang='lat' dir='ltr'><strong>gemitu</strong></span> <span class='ocrx_word' id='word_1_163' title='bbox 810 2049 1096 2115; x_wconf 88' lang='lat' dir='ltr'><strong>orandum,</strong></span> <span class='ocrx_word' id='word_1_164' title='bbox 1124 2064 1251 2104; x_wconf 90' lang='lat' dir='ltr'><strong>nam</strong></span> <span class='ocrx_word' id='word_1_165' title='bbox 1291 2061 1640 2123; x_wconf 80' lang='lat' dir='ltr'><strong>peccatorum</strong></span> <span class='ocrx_word' id='word_1_166' title='bbox 1697 2058 2002 2112; x_wconf 77' lang='lat' dir='ltr'><strong>recordatio</strong></span> 
     </span>
    </p>
   </div>
   <div class='ocr_carea' id='block_1_24' title="bbox 405 2136 1999 2209">
    <p class='ocr_par' dir='ltr' id='par_1_24' title="bbox 405 2136 1999 2209">
     <span class='ocr_line' id='line_1_24' title="bbox 405 2136 1999 2209; baseline 0.01 -22"><span class='ocrx_word' id='word_1_167' title='bbox 405 2147 704 2190; x_wconf 11' lang='lat' dir='ltr'><strong>iniceret-em</strong></span> <span class='ocrx_word' id='word_1_168' title='bbox 734 2136 923 2208; x_wconf 87' lang='lat' dir='ltr'><strong>gignit.</strong></span> <span class='ocrx_word' id='word_1_169' title='bbox 951 2139 1089 2194; x_wconf 90' lang='lat' dir='ltr'><strong>Dum</strong></span> <span class='ocrx_word' id='word_1_170' title='bbox 1115 2141 1260 2197; x_wconf 91' lang='lat' dir='ltr'><strong>enim</strong></span> <span class='ocrx_word' id='word_1_171' title='bbox 1297 2157 1537 2209; x_wconf 88' lang='lat' dir='ltr'><strong>oramus,</strong></span> <span class='ocrx_word' id='word_1_172' title='bbox 1558 2145 1632 2200; x_wconf 90' lang='lat' dir='ltr'><strong>ad</strong></span> <span class='ocrx_word' id='word_1_173' title='bbox 1682 2148 1999 2203; x_wconf 86' lang='lat' dir='ltr'><strong>memoriam</strong></span> 
     </span>
    </p>
   </div>
   <div class='ocr_carea' id='block_1_25' title="bbox 410 2223 2002 2303">
    <p class='ocr_par' dir='ltr' id='par_1_25' title="bbox 410 2223 2002 2303">
     <span class='ocr_line' id='line_1_25' title="bbox 410 2223 2002 2303; baseline 0.011 -25"><span class='ocrx_word' id='word_1_174' title='bbox 410 2223 723 2279; x_wconf 84' lang='lat' dir='ltr'><strong>reducimus</strong></span> <span class='ocrx_word' id='word_1_175' title='bbox 746 2226 983 2297; x_wconf 89' lang='lat' dir='ltr'><strong>culpam,</strong></span> <span class='ocrx_word' id='word_1_176' title='bbox 1015 2236 1072 2285; x_wconf 90' lang='lat' dir='ltr'><strong>et</strong></span> <span class='ocrx_word' id='word_1_177' title='bbox 1100 2232 1274 2303; x_wconf 89' lang='lat' dir='ltr'><strong>magis</strong></span> <span class='ocrx_word' id='word_1_178' title='bbox 1329 2247 1453 2289; x_wconf 79' lang='lat' dir='ltr'><strong>reos</strong></span> <span class='ocrx_word' id='word_1_179' title='bbox 1485 2242 1614 2290; x_wconf 90' lang='lat' dir='ltr'><strong>tunc</strong></span> <span class='ocrx_word' id='word_1_180' title='bbox 1641 2251 1742 2291; x_wconf 91' lang='lat' dir='ltr'><strong>nos</strong></span> <span class='ocrx_word' id='word_1_181' title='bbox 1765 2251 1887 2293; x_wconf 89' lang='lat' dir='ltr'><strong>esse</strong></span> <span class='ocrx_word' id='word_1_182' title='bbox 1910 2254 2002 2295; x_wconf 89' lang='lat' dir='ltr'><strong>co-</strong></span> 
     </span>
    </p>
   </div>
   <div class='ocr_carea' id='block_1_26' title="bbox 411 2304 2004 2399">
    <p class='ocr_par' dir='ltr' id='par_1_26' title="bbox 411 2304 2004 2399">
     <span class='ocr_line' id='line_1_26' title="bbox 411 2304 2004 2399; baseline 0.011 -31"><span class='ocrx_word' id='word_1_183' title='bbox 411 2304 743 2383; x_wconf 77' lang='lat' dir='ltr'><strong>gnoscimus.</strong></span> <span class='ocrx_word' id='word_1_184' title='bbox 774 2317 1008 2389; x_wconf 84' lang='lat' dir='ltr'><strong>Ideoque</strong></span> <span class='ocrx_word' id='word_1_185' title='bbox 1028 2335 1152 2377; x_wconf 90' lang='lat' dir='ltr'><strong>cum</strong></span> <span class='ocrx_word' id='word_1_186' title='bbox 1178 2322 1293 2379; x_wconf 90' lang='lat' dir='ltr'><strong>Deo</strong></span> <span class='ocrx_word' id='word_1_187' title='bbox 1337 2324 1663 2393; x_wconf 88' lang='lat' dir='ltr'><strong>assistimus,</strong></span> <span class='ocrx_word' id='word_1_188' title='bbox 1686 2343 1906 2399; x_wconf 85' lang='lat' dir='ltr'><strong>gemere</strong></span> <span class='ocrx_word' id='word_1_189' title='bbox 1946 2338 2004 2385; x_wconf 93' lang='lat' dir='ltr'><strong>et</strong></span> 
     </span>
    </p>
   </div>
   <div class='ocr_carea' id='block_1_27' title="bbox 411 2403 1997 2487">
    <p class='ocr_par' dir='ltr' id='par_1_27' title="bbox 411 2403 1997 2487">
     <span class='ocr_line' id='line_1_27' title="bbox 411 2403 1997 2487; baseline 0.012 -30"><span class='ocrx_word' id='word_1_190' title='bbox 411 2403 543 2460; x_wconf 83' lang='lat' dir='ltr'><strong>ﬁere</strong></span> <span class='ocrx_word' id='word_1_191' title='bbox 576 2404 850 2472; x_wconf 86' lang='lat' dir='ltr'><strong>debemus,</strong></span> <span class='ocrx_word' id='word_1_192' title='bbox 875 2409 1286 2467; x_wconf 85' lang='lat' dir='ltr'><strong>reminiscentes</strong></span> <span class='ocrx_word' id='word_1_193' title='bbox 1304 2428 1467 2485; x_wconf 90' lang='lat' dir='ltr'><strong>quam</strong></span> <span class='ocrx_word' id='word_1_194' title='bbox 1501 2416 1688 2487; x_wconf 80' lang='lat' dir='ltr'><strong>gravia</strong></span> <span class='ocrx_word' id='word_1_195' title='bbox 1733 2428 1858 2475; x_wconf 90' lang='lat' dir='ltr'><strong>sunt</strong></span> <span class='ocrx_word' id='word_1_196' title='bbox 1882 2435 1997 2476; x_wconf 86' lang='lat' dir='ltr'><strong>sce-</strong></span> 
     </span>
    </p>
   </div>
   <div class='ocr_carea' id='block_1_28' title="bbox 412 2493 2001 2583">
    <p class='ocr_par' dir='ltr' id='par_1_28' title="bbox 412 2493 2001 2583">
     <span class='ocr_line' id='line_1_28' title="bbox 412 2493 2001 2583; baseline 0.012 -35"><span class='ocrx_word' id='word_1_197' title='bbox 412 2493 526 2549; x_wconf 91' lang='lat' dir='ltr'><strong>lera</strong></span> <span class='ocrx_word' id='word_1_198' title='bbox 576 2511 698 2566; x_wconf 70' lang='lat' dir='ltr'><strong>qua:</strong></span> <span class='ocrx_word' id='word_1_199' title='bbox 744 2498 1137 2567; x_wconf 88' lang='lat' dir='ltr'><strong>commisimus,</strong></span> <span class='ocrx_word' id='word_1_200' title='bbox 1173 2518 1443 2575; x_wconf 84' lang='lat' dir='ltr'><strong>quamque</strong></span> <span class='ocrx_word' id='word_1_201' title='bbox 1474 2506 1591 2562; x_wconf 90' lang='lat' dir='ltr'><strong>dira</strong></span> <span class='ocrx_word' id='word_1_202' title='bbox 1620 2506 1823 2564; x_wconf 81' lang='lat' dir='ltr'><strong>inferni</strong></span> <span class='ocrx_word' id='word_1_203' title='bbox 1872 2525 2001 2583; x_wconf 86' lang='lat' dir='ltr'><strong>sup-</strong></span> 
     </span>
    </p>
   </div>
   <div class='ocr_carea' id='block_1_29' title="bbox 411 2582 2001 2661">
    <p class='ocr_par' dir='ltr' id='par_1_29' title="bbox 411 2582 2001 2661">
     <span class='ocr_line' id='line_1_29' title="bbox 411 2582 2001 2661; baseline 0.012 -26"><span class='ocrx_word' id='word_1_204' title='bbox 411 2582 573 2651; x_wconf 88' lang='lat' dir='ltr'><strong>plicia</strong></span> <span class='ocrx_word' id='word_1_205' title='bbox 601 2599 723 2653; x_wconf 76' lang='lat' dir='ltr'><strong>quae</strong></span> <span class='ocrx_word' id='word_1_206' title='bbox 743 2585 1019 2644; x_wconf 87' lang='lat' dir='ltr'><strong>timemus.</strong></span> <span class='ocrx_word' id='word_1_207' title='bbox 1050 2588 1199 2646; x_wconf 75' lang='lat' dir='ltr'><strong>Mens</strong></span> <span class='ocrx_word' id='word_1_208' title='bbox 1235 2591 1448 2661; x_wconf 85' lang='lat' dir='ltr'><strong>qualem</strong></span> <span class='ocrx_word' id='word_1_209' title='bbox 1493 2609 1553 2650; x_wconf 90' lang='lat' dir='ltr'><strong>se</strong></span> <span class='ocrx_word' id='word_1_210' title='bbox 1580 2596 1635 2651; x_wconf 92' lang='lat' dir='ltr'><strong>in</strong></span> <span class='ocrx_word' id='word_1_211' title='bbox 1659 2598 1906 2656; x_wconf 85' lang='lat' dir='ltr'><strong>oratione</strong></span> <span class='ocrx_word' id='word_1_212' title='bbox 1924 2582 2001 2655; x_wconf 76' lang='lat' dir='ltr'><strong>ei-</strong></span> 
     </span>
    </p>
   </div>
   <div class='ocr_carea' id='block_1_30' title="bbox 412 2670 1999 2746">
    <p class='ocr_par' dir='ltr' id='par_1_30' title="bbox 412 2670 1999 2746">
     <span class='ocr_line' id='line_1_30' title="bbox 412 2670 1999 2746; baseline 0.012 -21"><span class='ocrx_word' id='word_1_213' title='bbox 412 2670 541 2737; x_wconf 88' lang='lat' dir='ltr'><strong>fert,</strong></span> <span class='ocrx_word' id='word_1_214' title='bbox 570 2673 731 2729; x_wconf 89' lang='lat' dir='ltr'><strong>talem</strong></span> <span class='ocrx_word' id='word_1_215' title='bbox 756 2690 814 2731; x_wconf 93' lang='lat' dir='ltr'><strong>se</strong></span> <span class='ocrx_word' id='word_1_216' title='bbox 855 2686 978 2746; x_wconf 89' lang='lat' dir='ltr'><strong>post</strong></span> <span class='ocrx_word' id='word_1_217' title='bbox 1005 2679 1306 2735; x_wconf 86' lang='lat' dir='ltr'><strong>orationem</strong></span> <span class='ocrx_word' id='word_1_218' title='bbox 1333 2694 1638 2740; x_wconf 80' lang='lat' dir='ltr'><strong>conservet.</strong></span> <span class='ocrx_word' id='word_1_219' title='bbox 1688 2687 1826 2743; x_wconf 89' lang='lat' dir='ltr'><strong>Nam</strong></span> <span class='ocrx_word' id='word_1_220' title='bbox 1864 2689 1999 2746; x_wconf 84' lang='lat' dir='ltr'><strong>nihil</strong></span> 
     </span>
    </p>
   </div>
   <div class='ocr_carea' id='block_1_31' title="bbox 413 2762 1999 2847">
    <p class='ocr_par' dir='ltr' id='par_1_31' title="bbox 413 2762 1999 2847">
     <span class='ocr_line' id='line_1_31' title="bbox 413 2762 1999 2847; baseline 0.013 -33"><span class='ocrx_word' id='word_1_221' title='bbox 413 2762 628 2831; x_wconf 85' lang='lat' dir='ltr'><strong>prolicit</strong></span> <span class='ocrx_word' id='word_1_222' title='bbox 652 2765 847 2832; x_wconf 82' lang='lat' dir='ltr'><strong>oratio,</strong></span> <span class='ocrx_word' id='word_1_223' title='bbox 901 2768 946 2822; x_wconf 89' lang='lat' dir='ltr'><strong>si</strong></span> <span class='ocrx_word' id='word_1_224' title='bbox 985 2767 1161 2825; x_wconf 89' lang='lat' dir='ltr'><strong>denuo</strong></span> <span class='ocrx_word' id='word_1_225' title='bbox 1203 2772 1562 2829; x_wconf 79' lang='lat' dir='ltr'><strong>committitur</strong></span> <span class='ocrx_word' id='word_1_226' title='bbox 1603 2777 1750 2832; x_wconf 89' lang='lat' dir='ltr'><strong>unde</strong></span> <span class='ocrx_word' id='word_1_227' title='bbox 1785 2776 1900 2847; x_wconf 88' lang='lat' dir='ltr'><strong>jam</strong></span> <span class='ocrx_word' id='word_1_228' title='bbox 1942 2780 1999 2835; x_wconf 88' lang='lat' dir='ltr'><strong>in</strong></span> 
     </span>
    </p>
   </div>
   <div class='ocr_carea' id='block_1_32' title="bbox 413 2854 1997 2938">
    <p class='ocr_par' dir='ltr' id='par_1_32' title="bbox 413 2854 1997 2938">
     <span class='ocr_line' id='line_1_32' title="bbox 413 2854 1997 2938; baseline 0.015 -31"><span class='ocrx_word' id='word_1_229' title='bbox 413 2854 570 2908; x_wconf 82' lang='lat' dir='ltr'><strong>venia</strong></span> <span class='ocrx_word' id='word_1_230' title='bbox 598 2858 918 2927; x_wconf 82' lang='lat' dir='ltr'><strong>postulatur.</strong></span> <span class='ocrx_word' id='word_1_231' title='bbox 951 2861 1042 2921; x_wconf 78' lang='lat' dir='ltr'><strong>ille</strong></span> <span class='ocrx_word' id='word_1_232' title='bbox 1080 2864 1226 2923; x_wconf 88' lang='lat' dir='ltr'><strong>enim</strong></span> <span class='ocrx_word' id='word_1_233' title='bbox 1264 2865 1318 2922; x_wconf 89' lang='lat' dir='ltr'><strong>in</strong></span> <span class='ocrx_word' id='word_1_234' title='bbox 1354 2860 1997 2938; x_wconf 41' lang='lat' dir='ltr'><strong>precibus‘desideratum</strong></span> 
     </span>
    </p>
   </div>
   <div class='ocr_carea' id='block_1_33' title="bbox 411 2943 1998 3037">
    <p class='ocr_par' dir='ltr' id='par_1_33' title="bbox 411 2943 1998 3037">
     <span class='ocr_line' id='line_1_33' title="bbox 411 2943 1998 3037; baseline 0.016 -39"><span class='ocrx_word' id='word_1_235' title='bbox 411 2943 662 3002; x_wconf 84' lang='lat' dir='ltr'><strong>eﬁ‘ectum</strong></span> <span class='ocrx_word' id='word_1_236' title='bbox 685 2949 806 3004; x_wconf 90' lang='lat' dir='ltr'><strong>sine</strong></span> <span class='ocrx_word' id='word_1_237' title='bbox 831 2951 995 3009; x_wconf 91' lang='lat' dir='ltr'><strong>dubio</strong></span> <span class='ocrx_word' id='word_1_238' title='bbox 1021 2957 1276 3028; x_wconf 82' lang='lat' dir='ltr'><strong>percipit,</strong></span> <span class='ocrx_word' id='word_1_239' title='bbox 1302 2960 1449 3031; x_wconf 86' lang='lat' dir='ltr'><strong>quod</strong></span> <span class='ocrx_word' id='word_1_240' title='bbox 1474 2962 1684 3019; x_wconf 88' lang='lat' dir='ltr'><strong>orando</strong></span> <span class='ocrx_word' id='word_1_241' title='bbox 1710 2964 1855 3021; x_wconf 80' lang='lat' dir='ltr'><strong>ablui</strong></span> <span class='ocrx_word' id='word_1_242' title='bbox 1900 2981 1998 3037; x_wconf 90' lang='lat' dir='ltr'><strong>po-</strong></span> 
     </span>
    </p>
   </div>
   <div class='ocr_carea' id='block_1_34' title="bbox 411 3036 1320 3112">
    <p class='ocr_par' dir='ltr' id='par_1_34' title="bbox 411 3036 1320 3112">
     <span class='ocr_line' id='line_1_34' title="bbox 411 3036 1320 3112; baseline 0.015 -20"><span class='ocrx_word' id='word_1_243' title='bbox 411 3036 597 3103; x_wconf 86' lang='lat' dir='ltr'><strong>stulat,</strong></span> <span class='ocrx_word' id='word_1_244' title='bbox 625 3039 987 3112; x_wconf 87' lang='lat' dir='ltr'><strong>delinquendo</strong></span> <span class='ocrx_word' id='word_1_245' title='bbox 1005 3062 1115 3102; x_wconf 89' lang='lat' dir='ltr'><strong>non</strong></span> <span class='ocrx_word' id='word_1_246' title='bbox 1140 3048 1320 3106; x_wconf 91' lang='lat' dir='ltr'><strong>iterat.</strong></span> 
     </span>
    </p>
   </div>
   <div class='ocr_carea' id='block_1_35' title="bbox 480 3126 1995 3218">
    <p class='ocr_par' dir='ltr' id='par_1_35' title="bbox 480 3126 1995 3218">
     <span class='ocr_line' id='line_1_35' title="bbox 480 3126 1995 3218; baseline 0.017 -37"><span class='ocrx_word' id='word_1_247' title='bbox 480 3126 570 3182; x_wconf 83' lang='lat'><strong>58.</strong></span> <span class='ocrx_word' id='word_1_248' title='bbox 612 3128 760 3185; x_wconf 75' lang='lat' dir='ltr'><strong>Mala</strong></span> <span class='ocrx_word' id='word_1_249' title='bbox 793 3150 892 3189; x_wconf 82' lang='lat' dir='ltr'><strong>sua</strong></span> <span class='ocrx_word' id='word_1_250' title='bbox 927 3151 1047 3191; x_wconf 87' lang='lat' dir='ltr'><strong>cum</strong></span> <span class='ocrx_word' id='word_1_251' title='bbox 1083 3137 1330 3211; x_wconf 80' lang='lat' dir='ltr'><strong>lacrgmis</strong></span> <span class='ocrx_word' id='word_1_252' title='bbox 1356 3143 1434 3199; x_wconf 82' lang='lat' dir='ltr'><strong>vel</strong></span> <span class='ocrx_word' id='word_1_253' title='bbox 1456 3150 1651 3214; x_wconf 83' lang='lat' dir='ltr'><strong>gemitu</strong></span> <span class='ocrx_word' id='word_1_254' title='bbox 1670 3150 1907 3218; x_wconf 82' lang='lat' dir='ltr'><strong>quotidie</strong></span> <span class='ocrx_word' id='word_1_255' title='bbox 1936 3153 1995 3206; x_wconf 87' lang='lat' dir='ltr'><strong>in</strong></span> 
     </span>
    </p>
   </div>
   <div class='ocr_carea' id='block_1_36' title="bbox 412 3219 1993 3305">
    <p class='ocr_par' dir='ltr' id='par_1_36' title="bbox 412 3219 1993 3305">
     <span class='ocr_line' id='line_1_36' title="bbox 412 3219 1993 3305; baseline 0.02 -35"><span class='ocrx_word' id='word_1_256' title='bbox 412 3219 653 3277; x_wconf 84' lang='lat' dir='ltr'><strong>oratione</strong></span> <span class='ocrx_word' id='word_1_257' title='bbox 686 3220 795 3278; x_wconf 88' lang='lat' dir='ltr'><strong>Deo</strong></span> <span class='ocrx_word' id='word_1_258' title='bbox 823 3225 1061 3296; x_wconf 81' lang='lat' dir='ltr'><strong>conﬁteri</strong></span> <span class='ocrx_word' id='word_1_259' title='bbox 1089 3226 1265 3301; x_wconf 87' lang='lat' dir='ltr'><strong>(Psal.</strong></span> <span class='ocrx_word' id='word_1_260' title='bbox 1307 3234 1405 3305; x_wconf 78' lang='lat' dir='ltr'><strong>vi).</strong></span> <span class='ocrx_word' id='word_1_261' title='bbox 1450 3235 1736 3296; x_wconf 81' lang='lat' dir='ltr'><strong>Confessio</strong></span> <span class='ocrx_word' id='word_1_262' title='bbox 1783 3243 1993 3301; x_wconf 88' lang='lat' dir='ltr'><strong>duobus</strong></span> 
     </span>
    </p>
   </div>
   <div class='ocr_carea' id='block_1_37' title="bbox 413 3308 1996 3392">
    <p class='ocr_par' dir='ltr' id='par_1_37' title="bbox 413 3308 1996 3392">
     <span class='ocr_line' id='line_1_37' title="bbox 413 3308 1996 3392; baseline 0.018 -30"><span class='ocrx_word' id='word_1_263' title='bbox 413 3308 592 3366; x_wconf 90' lang='lat' dir='ltr'><strong>modis</strong></span> <span class='ocrx_word' id='word_1_264' title='bbox 647 3312 966 3386; x_wconf 85' lang='lat' dir='ltr'><strong>intelligitur</strong></span> <span class='ocrx_word' id='word_1_265' title='bbox 1002 3335 1016 3372; x_wconf 91' lang='lat'><strong>:</strong></span> <span class='ocrx_word' id='word_1_266' title='bbox 1047 3327 1143 3375; x_wconf 90' lang='lat' dir='ltr'><strong>aut</strong></span> <span class='ocrx_word' id='word_1_267' title='bbox 1169 3321 1226 3376; x_wconf 92' lang='lat' dir='ltr'><strong>in</strong></span> <span class='ocrx_word' id='word_1_268' title='bbox 1267 3324 1446 3392; x_wconf 89' lang='lat' dir='ltr'><strong>laude,</strong></span> <span class='ocrx_word' id='word_1_269' title='bbox 1474 3336 1534 3383; x_wconf 88' lang='lat' dir='ltr'><strong>ut</strong></span> <span class='ocrx_word' id='word_1_270' title='bbox 1555 3329 1704 3385; x_wconf 87' lang='lat' dir='ltr'><strong>Patri</strong></span> <span class='ocrx_word' id='word_1_271' title='bbox 1735 3333 1996 3392; x_wconf 88' lang='lat' dir='ltr'><strong>Dominus</strong></span> 
     </span>
    </p>
   </div>
   <div class='ocr_carea' id='block_1_38' title="bbox 413 3399 1991 3497">
    <p class='ocr_par' dir='ltr' id='par_1_38' title="bbox 413 3399 1991 3497">
     <span class='ocr_line' id='line_1_38' title="bbox 413 3399 1991 3497; baseline 0.019 -44"><span class='ocrx_word' id='word_1_272' title='bbox 413 3399 495 3454; x_wconf 85' lang='lat' dir='ltr'><strong>ait</strong></span> <span class='ocrx_word' id='word_1_273' title='bbox 520 3402 709 3459; x_wconf 81' lang='lat' dir='ltr'><strong>dicens</strong></span> <span class='ocrx_word' id='word_1_274' title='bbox 732 3421 746 3459; x_wconf 88' lang='lat'><strong>:</strong></span> <span class='ocrx_word' id='word_1_275' title='bbox 775 3403 1044 3477; x_wconf 72' lang='lat' dir='ltr'><strong>Confiteor</strong></span> <span class='ocrx_word' id='word_1_276' title='bbox 1070 3411 1188 3480; x_wconf 85' lang='lat' dir='ltr'><strong>tibi,</strong></span> <span class='ocrx_word' id='word_1_277' title='bbox 1205 3412 1369 3470; x_wconf 88' lang='lat' dir='ltr'><strong>Pater</strong></span> <span class='ocrx_word' id='word_1_278' title='bbox 1391 3417 1506 3473; x_wconf 75' lang='lat' dir='ltr'><strong>caeli</strong></span> <span class='ocrx_word' id='word_1_279' title='bbox 1531 3431 1579 3476; x_wconf 91' lang='lat' dir='ltr'><strong>et</strong></span> <span class='ocrx_word' id='word_1_280' title='bbox 1603 3431 1758 3478; x_wconf 75' lang='lat' dir='ltr'><strong>terra:</strong></span> <span class='ocrx_word' id='word_1_281' title='bbox 1774 3422 1991 3497; x_wconf 77' lang='lat' dir='ltr'><strong>(Matth.</strong></span> 
     </span>
    </p>
   </div>
   <div class='ocr_carea' id='block_1_39' title="bbox 412 3490 1995 3582">
    <p class='ocr_par' dir='ltr' id='par_1_39' title="bbox 412 3490 1995 3582">
     <span class='ocr_line' id='line_1_39' title="bbox 412 3490 1995 3582; baseline 0.018 -39"><span class='ocrx_word' id='word_1_282' title='bbox 412 3504 501 3556; x_wconf 75' lang='lat' dir='ltr'><strong>x1;</strong></span> <span class='ocrx_word' id='word_1_283' title='bbox 546 3490 676 3582; x_wconf 76' lang='lat' dir='ltr'><strong>Luc.</strong></span> <span class='ocrx_word' id='word_1_284' title='bbox 706 3494 762 3564; x_wconf 73' lang='grc' dir='ltr'><strong>ι)</strong></span> <span class='ocrx_word' id='word_1_285' title='bbox 781 3536 796 3560; x_wconf 86' lang='grc'><em>,</em></span> <span class='ocrx_word' id='word_1_286' title='bbox 827 3504 922 3570; x_wconf 71' lang='lat' dir='ltr'><strong>aut</strong></span> <span class='ocrx_word' id='word_1_287' title='bbox 947 3498 1073 3554; x_wconf 88' lang='lat' dir='ltr'><strong>dum</strong></span> <span class='ocrx_word' id='word_1_288' title='bbox 1100 3501 1224 3571; x_wconf 88' lang='lat' dir='ltr'><strong>quis</strong></span> <span class='ocrx_word' id='word_1_289' title='bbox 1249 3507 1540 3564; x_wconf 89' lang='lat' dir='ltr'><strong>conﬁtetur</strong></span> <span class='ocrx_word' id='word_1_290' title='bbox 1554 3524 1652 3566; x_wconf 90' lang='lat' dir='ltr'><strong>sua</strong></span> <span class='ocrx_word' id='word_1_291' title='bbox 1676 3490 1902 3582; x_wconf 75' lang='lat' dir='ltr'><strong>peccata</strong></span> <span class='ocrx_word' id='word_1_292' title='bbox 1925 3518 1995 3572; x_wconf 87' lang='lat' dir='ltr'><strong>ab</strong></span> 
     </span>
    </p>
   </div>
   <div class='ocr_carea' id='block_1_40' title="bbox 412 3579 1992 3660">
    <p class='ocr_par' dir='ltr' id='par_1_40' title="bbox 412 3579 1992 3660">
     <span class='ocr_line' id='line_1_40' title="bbox 412 3579 1992 3660; baseline 0.016 -25"><span class='ocrx_word' id='word_1_293' title='bbox 412 3593 482 3636; x_wconf 83' lang='lat' dir='ltr'><strong>eo</strong></span> <span class='ocrx_word' id='word_1_294' title='bbox 508 3579 866 3654; x_wconf 88' lang='lat' dir='ltr'><strong>indulgenda,</strong></span> <span class='ocrx_word' id='word_1_295' title='bbox 922 3588 1075 3659; x_wconf 86' lang='lat' dir='ltr'><strong>cujus</strong></span> <span class='ocrx_word' id='word_1_296' title='bbox 1117 3600 1203 3648; x_wconf 87' lang='lat' dir='ltr'><strong>est</strong></span> <span class='ocrx_word' id='word_1_297' title='bbox 1250 3593 1565 3653; x_wconf 88' lang='lat' dir='ltr'><strong>indeﬁciens</strong></span> <span class='ocrx_word' id='word_1_298' title='bbox 1597 3579 1992 3660; x_wconf 77' lang='lat' dir='ltr'><strong>misericordia.</strong></span> 
     </span>
    </p>
   </div>
   <div class='ocr_carea' id='block_1_41' title="bbox 410 3673 1993 3761">
    <p class='ocr_par' dir='ltr' id='par_1_41' title="bbox 410 3673 1993 3761">
     <span class='ocr_line' id='line_1_41' title="bbox 410 3673 1993 3761; baseline 0.016 -31"><span class='ocrx_word' id='word_1_299' title='bbox 410 3673 603 3732; x_wconf 83' lang='lat' dir='ltr'><strong>Adhuc</strong></span> <span class='ocrx_word' id='word_1_300' title='bbox 653 3679 798 3761; x_wconf 83' lang='lat' dir='ltr'><strong>enim</strong></span> <span class='ocrx_word' id='word_1_301' title='bbox 839 3682 943 3738; x_wconf 88' lang='lat' dir='ltr'><strong>hoc</strong></span> <span class='ocrx_word' id='word_1_302' title='bbox 990 3686 1187 3742; x_wconf 69' lang='lat' dir='ltr'><strong>saeculo</strong></span> <span class='ocrx_word' id='word_1_303' title='bbox 1242 3690 1437 3761; x_wconf 88' lang='lat' dir='ltr'><strong>positis</strong></span> <span class='ocrx_word' id='word_1_304' title='bbox 1487 3694 1871 3754; x_wconf 89' lang='lat' dir='ltr'><strong>conﬁtentibus</strong></span> <span class='ocrx_word' id='word_1_305' title='bbox 1897 3699 1993 3757; x_wconf 91' lang='lat' dir='ltr'><strong>Dei</strong></span> 
     </span>
    </p>
   </div>
   <div class='ocr_carea' id='block_1_42' title="bbox 412 3756 1995 3863">
    <p class='ocr_par' dir='ltr' id='par_1_42' title="bbox 412 3756 1995 3863">
     <span class='ocr_line' id='line_1_42' title="bbox 412 3756 1995 3863; baseline 0.018 -43"><span class='ocrx_word' id='word_1_306' title='bbox 412 3756 787 3825; x_wconf 84' lang='lat' dir='ltr'><strong>misericordia</strong></span> <span class='ocrx_word' id='word_1_307' title='bbox 835 3773 1124 3843; x_wconf 79' lang='lat' dir='ltr'><strong>subvenit;</strong></span> <span class='ocrx_word' id='word_1_308' title='bbox 1165 3756 1291 3848; x_wconf 79' lang='lat' dir='ltr'><strong>post</strong></span> <span class='ocrx_word' id='word_1_309' title='bbox 1324 3791 1555 3839; x_wconf 90' lang='lat' dir='ltr'><strong>mortem</strong></span> <span class='ocrx_word' id='word_1_310' title='bbox 1593 3795 1777 3845; x_wconf 88' lang='lat' dir='ltr'><strong>autem</strong></span> <span class='ocrx_word' id='word_1_311' title='bbox 1820 3793 1995 3863; x_wconf 71' lang='lat' dir='ltr'><strong>poeni—</strong></span> 
     </span>
    </p>
   </div>
   <div class='ocr_carea' id='block_1_43' title="bbox 413 3859 1992 3950">
    <p class='ocr_par' dir='ltr' id='par_1_43' title="bbox 413 3859 1992 3950">
     <span class='ocr_line' id='line_1_43' title="bbox 413 3859 1992 3950; baseline 0.021 -39"><span class='ocrx_word' id='word_1_312' title='bbox 413 3859 582 3914; x_wconf 89' lang='lat' dir='ltr'><strong>tentia</strong></span> <span class='ocrx_word' id='word_1_313' title='bbox 606 3902 622 3927; x_wconf 87' lang='lat'><strong>,</strong></span> <span class='ocrx_word' id='word_1_314' title='bbox 677 3863 832 3920; x_wconf 90' lang='lat' dir='ltr'><strong>dolor</strong></span> <span class='ocrx_word' id='word_1_315' title='bbox 872 3876 936 3933; x_wconf 79' lang='lat' dir='ltr'><strong>et</strong></span> <span class='ocrx_word' id='word_1_316' title='bbox 965 3873 1198 3942; x_wconf 88' lang='lat' dir='ltr'><strong>gemitus</strong></span> <span class='ocrx_word' id='word_1_317' title='bbox 1225 3876 1435 3933; x_wconf 90' lang='lat' dir='ltr'><strong>animas</strong></span> <span class='ocrx_word' id='word_1_318' title='bbox 1480 3881 1760 3950; x_wconf 85' lang='lat' dir='ltr'><strong>cruciant,</strong></span> <span class='ocrx_word' id='word_1_319' title='bbox 1961 3904 1992 3944; x_wconf 91' lang='lat' dir='ltr'><strong>a</strong></span> 
     </span>
    </p>
   </div>
   <div class='ocr_carea' id='block_1_44' title="bbox 409 3951 1995 4035">
    <p class='ocr_par' dir='ltr' id='par_1_44' title="bbox 409 3951 1995 4035">
     <span class='ocr_line' id='line_1_44' title="bbox 409 3951 1995 4035; baseline 0.022 -34"><span class='ocrx_word' id='word_1_320' title='bbox 409 3951 617 4017; x_wconf 79' lang='lat' dir='ltr'><strong>peccati</strong></span> <span class='ocrx_word' id='word_1_321' title='bbox 662 3955 926 4026; x_wconf 89' lang='lat' dir='ltr'><strong>supplicio</strong></span> <span class='ocrx_word' id='word_1_322' title='bbox 949 3976 1055 4017; x_wconf 91' lang='lat' dir='ltr'><strong>non</strong></span> <span class='ocrx_word' id='word_1_323' title='bbox 1081 3962 1333 4020; x_wconf 81' lang='lat' dir='ltr'><strong>liberant.</strong></span> <span class='ocrx_word' id='word_1_324' title='bbox 1358 3967 1474 4025; x_wconf 87' lang='lat' dir='ltr'><strong>Non</strong></span> <span class='ocrx_word' id='word_1_325' title='bbox 1490 3972 1634 4027; x_wconf 89' lang='lat' dir='ltr'><strong>enim</strong></span> <span class='ocrx_word' id='word_1_326' title='bbox 1659 3975 1883 4033; x_wconf 84' lang='lat' dir='ltr'><strong>celanda</strong></span> <span class='ocrx_word' id='word_1_327' title='bbox 1910 3987 1995 4035; x_wconf 85' lang='lat' dir='ltr'><strong>est</strong></span> 
     </span>
    </p>
   </div>
   <div class='ocr_carea' id='block_1_45' title="bbox 409 4036 1993 4138">
    <p class='ocr_par' dir='ltr' id='par_1_45' title="bbox 409 4036 1993 4138">
     <span class='ocr_line' id='line_1_45' title="bbox 409 4036 1993 4138; baseline 0.021 -48"><span class='ocrx_word' id='word_1_328' title='bbox 409 4036 589 4126; x_wconf 57' lang='lat' dir='ltr'><strong>culpa,</strong></span> <span class='ocrx_word' id='word_1_329' title='bbox 617 4057 737 4113; x_wconf 75' lang='lat' dir='ltr'><strong>qua:</strong></span> <span class='ocrx_word' id='word_1_330' title='bbox 758 4046 952 4103; x_wconf 76' lang='lat' dir='ltr'><strong>animae</strong></span> <span class='ocrx_word' id='word_1_331' title='bbox 972 4059 1095 4119; x_wconf 88' lang='lat' dir='ltr'><strong>post</strong></span> <span class='ocrx_word' id='word_1_332' title='bbox 1118 4063 1348 4110; x_wconf 88' lang='lat' dir='ltr'><strong>mortem</strong></span> <span class='ocrx_word' id='word_1_333' title='bbox 1370 4065 1629 4115; x_wconf 74' lang='lat' dir='ltr'><strong>mternam</strong></span> <span class='ocrx_word' id='word_1_334' title='bbox 1656 4063 1855 4135; x_wconf 83' lang='lat' dir='ltr'><strong>ingerit</strong></span> <span class='ocrx_word' id='word_1_335' title='bbox 1878 4082 1993 4138; x_wconf 74' lang='lat' dir='ltr'><strong>pce-</strong></span> 
     </span>
    </p>
   </div>
   <div class='ocr_carea' id='block_1_46' title="bbox 408 4130 1992 4222">
    <p class='ocr_par' dir='ltr' id='par_1_46' title="bbox 408 4130 1992 4222">
     <span class='ocr_line' id='line_1_46' title="bbox 408 4130 1992 4222; baseline 0.021 -40"><span class='ocrx_word' id='word_1_336' title='bbox 408 4145 556 4185; x_wconf 88' lang='lat' dir='ltr'><strong>nam.</strong></span> <span class='ocrx_word' id='word_1_337' title='bbox 587 4130 745 4201; x_wconf 87' lang='lat' dir='ltr'><strong>Nam,</strong></span> <span class='ocrx_word' id='word_1_338' title='bbox 777 4136 918 4193; x_wconf 90' lang='lat' dir='ltr'><strong>sicut</strong></span> <span class='ocrx_word' id='word_1_339' title='bbox 946 4139 1237 4201; x_wconf 82' lang='lat' dir='ltr'><strong>Cassianus</strong></span> <span class='ocrx_word' id='word_1_340' title='bbox 1265 4146 1361 4213; x_wconf 87' lang='lat' dir='ltr'><strong>ait,</strong></span> <span class='ocrx_word' id='word_1_341' title='bbox 1386 4165 1492 4204; x_wconf 92' lang='lat' dir='ltr'><strong>non</strong></span> <span class='ocrx_word' id='word_1_342' title='bbox 1518 4130 1992 4222; x_wconf 46' lang='lat' dir='ltr'><strong>poterit‘diaholus</strong></span> 
     </span>
    </p>
   </div>
   <div class='ocr_carea' id='block_1_47' title="bbox 409 4223 1991 4316">
    <p class='ocr_par' dir='ltr' id='par_1_47' title="bbox 409 4223 1991 4316">
     <span class='ocr_line' id='line_1_47' title="bbox 409 4223 1991 4316; baseline 0.02 -39"><span class='ocrx_word' id='word_1_343' title='bbox 409 4223 802 4284; x_wconf 86' lang='lat' dir='ltr'><strong>circumvenire</strong></span> <span class='ocrx_word' id='word_1_344' title='bbox 826 4230 907 4285; x_wconf 87' lang='lat' dir='ltr'><strong>vel</strong></span> <span class='ocrx_word' id='word_1_345' title='bbox 939 4232 1175 4302; x_wconf 85' lang='lat' dir='ltr'><strong>dejicere</strong></span> <span class='ocrx_word' id='word_1_346' title='bbox 1209 4235 1463 4305; x_wconf 86' lang='lat' dir='ltr'><strong>juvenem</strong></span> <span class='ocrx_word' id='word_1_347' title='bbox 1496 4249 1845 4316; x_wconf 88' lang='lat' dir='ltr'><strong>monachum,</strong></span> <span class='ocrx_word' id='word_1_348' title='bbox 1885 4250 1991 4307; x_wconf 86' lang='lat' dir='ltr'><strong>nisi</strong></span> 
     </span>
    </p>
   </div>
   <div class='ocr_carea' id='block_1_48' title="bbox 406 4322 1991 4412">
    <p class='ocr_par' dir='ltr' id='par_1_48' title="bbox 406 4322 1991 4412">
     <span class='ocr_line' id='line_1_48' title="bbox 406 4322 1991 4412; baseline 0.019 -41"><span class='ocrx_word' id='word_1_349' title='bbox 406 4331 531 4371; x_wconf 90' lang='lat' dir='ltr'><strong>eum</strong></span> <span class='ocrx_word' id='word_1_350' title='bbox 554 4334 716 4389; x_wconf 91' lang='lat' dir='ltr'><strong>quem</strong></span> <span class='ocrx_word' id='word_1_351' title='bbox 742 4322 939 4379; x_wconf 82' lang='lat' dir='ltr'><strong>viderit</strong></span> <span class='ocrx_word' id='word_1_352' title='bbox 961 4335 1055 4381; x_wconf 89' lang='lat' dir='ltr'><strong>aut</strong></span> <span class='ocrx_word' id='word_1_353' title='bbox 1079 4344 1177 4399; x_wconf 91' lang='lat' dir='ltr'><strong>per</strong></span> <span class='ocrx_word' id='word_1_354' title='bbox 1203 4335 1514 4404; x_wconf 85' lang='lat' dir='ltr'><strong>superbiam</strong></span> <span class='ocrx_word' id='word_1_355' title='bbox 1540 4379 1556 4403; x_wconf 94' lang='lat'><strong>,</strong></span> <span class='ocrx_word' id='word_1_356' title='bbox 1596 4348 1691 4396; x_wconf 91' lang='lat' dir='ltr'><strong>aut</strong></span> <span class='ocrx_word' id='word_1_357' title='bbox 1718 4357 1816 4412; x_wconf 89' lang='lat' dir='ltr'><strong>per</strong></span> <span class='ocrx_word' id='word_1_358' title='bbox 1836 4359 1991 4401; x_wconf 88' lang='lat' dir='ltr'><strong>vere-</strong></span> 
     </span>
    </p>
   </div>
   <div class='ocr_carea' id='block_1_49' title="bbox 405 4409 1992 4492">
    <p class='ocr_par' dir='ltr' id='par_1_49' title="bbox 405 4409 1992 4492">
     <span class='ocr_line' id='line_1_49' title="bbox 405 4409 1992 4492; baseline 0.02 -31"><span class='ocrx_word' id='word_1_359' title='bbox 405 4409 660 4466; x_wconf 88' lang='lat' dir='ltr'><strong>cundiam</strong></span> <span class='ocrx_word' id='word_1_360' title='bbox 706 4427 832 4471; x_wconf 90' lang='lat' dir='ltr'><strong>suas</strong></span> <span class='ocrx_word' id='word_1_361' title='bbox 882 4417 1238 4488; x_wconf 82' lang='lat' dir='ltr'><strong>cogitationes</strong></span> <span class='ocrx_word' id='word_1_362' title='bbox 1288 4426 1484 4483; x_wconf 86' lang='lat' dir='ltr'><strong>celare.</strong></span> <span class='ocrx_word' id='word_1_363' title='bbox 1537 4429 1671 4485; x_wconf 86' lang='lat' dir='ltr'><strong>Nam</strong></span> <span class='ocrx_word' id='word_1_364' title='bbox 1711 4409 1992 4492; x_wconf 78' lang='lat' dir='ltr'><strong>evidenter</strong></span> 
     </span>
    </p>
   </div>
   <div class='ocr_carea' id='block_1_50' title="bbox 404 4498 1988 4594">
    <p class='ocr_par' dir='ltr' id='par_1_50' title="bbox 404 4498 1988 4594">
     <span class='ocr_line' id='line_1_50' title="bbox 404 4498 1988 4594; baseline 0.018 -43"><span class='ocrx_word' id='word_1_365' title='bbox 404 4498 726 4556; x_wconf 88' lang='lat' dir='ltr'><strong>diabolicam</strong></span> <span class='ocrx_word' id='word_1_366' title='bbox 755 4505 1134 4576; x_wconf 86' lang='lat' dir='ltr'><strong>cogitationem</strong></span> <span class='ocrx_word' id='word_1_367' title='bbox 1176 4509 1368 4570; x_wconf 88' lang='lat' dir='ltr'><strong>Patres</strong></span> <span class='ocrx_word' id='word_1_368' title='bbox 1389 4529 1507 4571; x_wconf 90' lang='lat' dir='ltr'><strong>eam</strong></span> <span class='ocrx_word' id='word_1_369' title='bbox 1531 4518 1792 4589; x_wconf 74' lang='lat' dir='ltr'><strong>dixerint,</strong></span> <span class='ocrx_word' id='word_1_370' title='bbox 1826 4540 1988 4594; x_wconf 87' lang='lat' dir='ltr'><strong>quam</strong></span> 
     </span>
    </p>
   </div>
   <div class='ocr_carea' id='block_1_51' title="bbox 398 4587 1985 4674">
    <p class='ocr_par' dir='ltr' id='par_1_51' title="bbox 398 4587 1985 4674">
     <span class='ocr_line' id='line_1_51' title="bbox 398 4587 1985 4674; baseline 0.02 -33"><span class='ocrx_word' id='word_1_371' title='bbox 398 4587 585 4659; x_wconf 70' lang='lat' dir='ltr'><strong>iunior</strong></span> <span class='ocrx_word' id='word_1_372' title='bbox 612 4594 814 4650; x_wconf 88' lang='lat' dir='ltr'><strong>seniori</strong></span> <span class='ocrx_word' id='word_1_373' title='bbox 843 4596 1191 4656; x_wconf 89' lang='lat' dir='ltr'><strong>confunditur</strong></span> <span class='ocrx_word' id='word_1_374' title='bbox 1219 4606 1452 4674; x_wconf 90' lang='lat' dir='ltr'><strong>aperire.</strong></span> <span class='ocrx_word' id='word_1_375' title='bbox 1504 4609 1696 4667; x_wconf 81' lang='lat' dir='ltr'><strong>Melius</strong></span> <span class='ocrx_word' id='word_1_376' title='bbox 1733 4587 1819 4669; x_wconf 82' lang='lat' dir='ltr'><strong>est</strong></span> <span class='ocrx_word' id='word_1_377' title='bbox 1839 4587 1985 4671; x_wconf 75' lang='lat' dir='ltr'><strong>enim</strong></span> 
     </span>
    </p>
   </div>
   <div class='ocr_carea' id='block_1_52' title="bbox 403 4678 1989 4778">
    <p class='ocr_par' dir='ltr' id='par_1_52' title="bbox 403 4678 1989 4778">
     <span class='ocr_line' id='line_1_52' title="bbox 403 4678 1989 4778; baseline 0.02 -45"><span class='ocrx_word' id='word_1_378' title='bbox 403 4678 634 4738; x_wconf 87' lang='lat' dir='ltr'><strong>Domino</strong></span> <span class='ocrx_word' id='word_1_379' title='bbox 686 4687 933 4743; x_wconf 86' lang='lat' dir='ltr'><strong>conﬁteri</strong></span> <span class='ocrx_word' id='word_1_380' title='bbox 984 4701 1226 4763; x_wconf 73' lang='lat' dir='ltr'><strong>peccata,</strong></span> <span class='ocrx_word' id='word_1_381' title='bbox 1256 4705 1312 4751; x_wconf 90' lang='lat' dir='ltr'><strong>et</strong></span> <span class='ocrx_word' id='word_1_382' title='bbox 1353 4697 1421 4754; x_wconf 89' lang='lat' dir='ltr'><strong>de</strong></span> <span class='ocrx_word' id='word_1_383' title='bbox 1471 4702 1843 4762; x_wconf 87' lang='lat' dir='ltr'><strong>misericordia</strong></span> <span class='ocrx_word' id='word_1_384' title='bbox 1871 4706 1989 4778; x_wconf 87' lang='lat' dir='ltr'><strong>ejus</strong></span> 
     </span>
    </p>
   </div>
   <div class='ocr_carea' id='block_1_53' title="bbox 404 4770 1985 4857">
    <p class='ocr_par' dir='ltr' id='par_1_53' title="bbox 404 4770 1985 4857">
     <span class='ocr_line' id='line_1_53' title="bbox 404 4770 1985 4857; baseline 0.019 -31"><span class='ocrx_word' id='word_1_385' title='bbox 404 4770 728 4832; x_wconf 87' lang='lat' dir='ltr'><strong>ﬁducialiter</strong></span> <span class='ocrx_word' id='word_1_386' title='bbox 764 4793 982 4849; x_wconf 90' lang='lat' dir='ltr'><strong>sperare</strong></span> <span class='ocrx_word' id='word_1_387' title='bbox 1013 4784 1225 4839; x_wconf 85' lang='lat' dir='ltr'><strong>veniam</strong></span> <span class='ocrx_word' id='word_1_388' title='bbox 1258 4826 1273 4852; x_wconf 91' lang='lat'><strong>,</strong></span> <span class='ocrx_word' id='word_1_389' title='bbox 1312 4804 1473 4857; x_wconf 82' lang='lat' dir='ltr'><strong>quam</strong></span> <span class='ocrx_word' id='word_1_390' title='bbox 1506 4792 1561 4846; x_wconf 90' lang='lat' dir='ltr'><strong>in</strong></span> <span class='ocrx_word' id='word_1_391' title='bbox 1608 4795 1818 4853; x_wconf 88' lang='lat' dir='ltr'><strong>modico</strong></span> <span class='ocrx_word' id='word_1_392' title='bbox 1846 4770 1985 4855; x_wconf 67' lang='lat' dir='ltr'><strong>tein-</strong></span> 
     </span>
    </p>
   </div>
   <div class='ocr_carea' id='block_1_54' title="bbox 400 4863 1982 4960">
    <p class='ocr_par' dir='ltr' id='par_1_54' title="bbox 400 4863 1982 4960">
     <span class='ocr_line' id='line_1_54' title="bbox 400 4863 1982 4960; baseline 0.02 -44"><span class='ocrx_word' id='word_1_393' title='bbox 400 4863 551 4933; x_wconf 87' lang='lat' dir='ltr'><strong>poris</strong></span> <span class='ocrx_word' id='word_1_394' title='bbox 574 4866 754 4923; x_wconf 88' lang='lat' dir='ltr'><strong>celare</strong></span> <span class='ocrx_word' id='word_1_395' title='bbox 783 4870 1060 4939; x_wconf 86' lang='lat' dir='ltr'><strong>delictum,</strong></span> <span class='ocrx_word' id='word_1_396' title='bbox 1093 4884 1150 4930; x_wconf 90' lang='lat' dir='ltr'><strong>et</strong></span> <span class='ocrx_word' id='word_1_397' title='bbox 1191 4886 1453 4935; x_wconf 65' lang='lat' dir='ltr'><strong>(eternium</strong></span> <span class='ocrx_word' id='word_1_398' title='bbox 1507 4885 1702 4941; x_wconf 70' lang='lat' dir='ltr'><strong>animae</strong></span> <span class='ocrx_word' id='word_1_399' title='bbox 1737 4890 1982 4960; x_wconf 89' lang='lat' dir='ltr'><strong>recipere</strong></span> 
     </span>
    </p>
   </div>
   <div class='ocr_carea' id='block_1_55' title="bbox 400 4952 1981 5038">
    <p class='ocr_par' dir='ltr' id='par_1_55' title="bbox 400 4952 1981 5038">
     <span class='ocr_line' id='line_1_55' title="bbox 400 4952 1981 5038; baseline 0.019 -31"><span class='ocrx_word' id='word_1_400' title='bbox 400 4952 807 5014; x_wconf 82' lang='lat' dir='ltr'><strong>detrimentum.</strong></span> <span class='ocrx_word' id='word_1_401' title='bbox 840 4957 978 5018; x_wconf 79' lang='lat' dir='ltr'><strong>[line</strong></span> <span class='ocrx_word' id='word_1_402' title='bbox 1004 4962 1265 5023; x_wconf 88' lang='lat' dir='ltr'><strong>Salomon</strong></span> <span class='ocrx_word' id='word_1_403' title='bbox 1295 4970 1370 5024; x_wconf 89' lang='lat' dir='ltr'><strong>ait</strong></span> <span class='ocrx_word' id='word_1_404' title='bbox 1394 4991 1407 5025; x_wconf 89' lang='lat'><strong>:</strong></span> <span class='ocrx_word' id='word_1_405' title='bbox 1435 4971 1538 5038; x_wconf 84' lang='lat' dir='ltr'><strong>Qui</strong></span> <span class='ocrx_word' id='word_1_406' title='bbox 1562 4975 1832 5034; x_wconf 82' lang='lat' dir='ltr'><strong>abscondit</strong></span> <span class='ocrx_word' id='word_1_407' title='bbox 1854 4952 1981 5037; x_wconf 61' lang='grc' dir='ltr'><strong>ἐσε-</strong></span> 
     </span>
    </p>
   </div>
   <div class='ocr_carea' id='block_1_56' title="bbox 400 5042 1980 5141">
    <p class='ocr_par' dir='ltr' id='par_1_56' title="bbox 400 5042 1980 5141">
     <span class='ocr_line' id='line_1_56' title="bbox 400 5042 1980 5141; baseline 0.018 -42"><span class='ocrx_word' id='word_1_408' title='bbox 400 5042 513 5102; x_wconf 75' lang='lat' dir='ltr'><strong>(era</strong></span> <span class='ocrx_word' id='word_1_409' title='bbox 540 5065 663 5116; x_wconf 82' lang='lat' dir='ltr'><strong>sua,</strong></span> <span class='ocrx_word' id='word_1_410' title='bbox 696 5066 800 5106; x_wconf 85' lang='lat' dir='ltr'><strong>non</strong></span> <span class='ocrx_word' id='word_1_411' title='bbox 825 5053 1083 5127; x_wconf 84' lang='lat' dir='ltr'><strong>dirigetur</strong></span> <span class='ocrx_word' id='word_1_412' title='bbox 1106 5072 1125 5111; x_wconf 89' lang='lat'><strong><em>:</em></strong></span> <span class='ocrx_word' id='word_1_413' title='bbox 1156 5061 1246 5133; x_wconf 87' lang='lat' dir='ltr'><strong>qui</strong></span> <span class='ocrx_word' id='word_1_414' title='bbox 1291 5073 1465 5117; x_wconf 86' lang='lat' dir='ltr'><strong>autem</strong></span> <span class='ocrx_word' id='word_1_415' title='bbox 1511 5067 1778 5137; x_wconf 79' lang='lat' dir='ltr'><strong>confessus</strong></span> <span class='ocrx_word' id='word_1_416' title='bbox 1822 5071 1980 5141; x_wconf 83' lang='lat' dir='ltr'><strong>fuerit</strong></span> 
     </span>
    </p>
   </div>
   <div class='ocr_carea' id='block_1_57' title="bbox 398 5139 1974 5234">
    <p class='ocr_par' dir='ltr' id='par_1_57' title="bbox 398 5139 1974 5234">
     <span class='ocr_line' id='line_1_57' title="bbox 398 5139 1974 5234; baseline 0.018 -44"><span class='ocrx_word' id='word_1_417' title='bbox 398 5147 451 5192; x_wconf 87' lang='lat' dir='ltr'><strong>et</strong></span> <span class='ocrx_word' id='word_1_418' title='bbox 484 5139 749 5212; x_wconf 79' lang='lat' dir='ltr'><strong>reliquerit</strong></span> <span class='ocrx_word' id='word_1_419' title='bbox 797 5162 881 5211; x_wconf 87' lang='lat' dir='ltr'><strong>ea,</strong></span> <span class='ocrx_word' id='word_1_420' title='bbox 921 5148 1337 5206; x_wconf 86' lang='lat' dir='ltr'><strong>misericordiam</strong></span> <span class='ocrx_word' id='word_1_421' title='bbox 1393 5169 1736 5229; x_wconf 83' lang='lat' dir='ltr'><strong>consequetur</strong></span> <span class='ocrx_word' id='word_1_422' title='bbox 1781 5139 1974 5234; x_wconf 78' lang='lat' dir='ltr'><strong>(Prov.</strong></span> 
     </span>
    </p>
   </div>
   <div class='ocr_carea' id='block_1_58' title="bbox 399 5232 1975 5324">
    <p class='ocr_par' dir='ltr' id='par_1_58' title="bbox 399 5232 1975 5324">
     <span class='ocr_line' id='line_1_58' title="bbox 399 5232 1975 5324; baseline 0.018 -41"><span class='ocrx_word' id='word_1_423' title='bbox 399 5232 615 5306; x_wconf 68' lang='grc' dir='ltr'><strong>χχι-ιιι).</strong></span> <span class='ocrx_word' id='word_1_424' title='bbox 646 5233 880 5293; x_wconf 84' lang='lat' dir='ltr'><strong>Facilius</strong></span> <span class='ocrx_word' id='word_1_425' title='bbox 906 5241 1049 5295; x_wconf 90' lang='lat' dir='ltr'><strong>enim</strong></span> <span class='ocrx_word' id='word_1_426' title='bbox 1102 5242 1207 5298; x_wconf 85' lang='lat' dir='ltr'><strong>sibi</strong></span> <span class='ocrx_word' id='word_1_427' title='bbox 1258 5244 1425 5302; x_wconf 89' lang='lat' dir='ltr'><strong>Deum</strong></span> <span class='ocrx_word' id='word_1_428' title='bbox 1473 5249 1653 5318; x_wconf 87' lang='lat' dir='ltr'><strong>placat</strong></span> <span class='ocrx_word' id='word_1_429' title='bbox 1680 5292 1695 5317; x_wconf 96' lang='lat'><strong>,</strong></span> <span class='ocrx_word' id='word_1_430' title='bbox 1744 5232 1835 5324; x_wconf 84' lang='lat' dir='ltr'><strong>qui</strong></span> <span class='ocrx_word' id='word_1_431' title='bbox 1866 5270 1975 5312; x_wconf 90' lang='lat' dir='ltr'><strong>non</strong></span> 
     </span>
    </p>
   </div>
   <div class='ocr_carea' id='block_1_59' title="bbox 396 5323 1979 5417">
    <p class='ocr_par' dir='ltr' id='par_1_59' title="bbox 396 5323 1979 5417">
     <span class='ocr_line' id='line_1_59' title="bbox 396 5323 1979 5417; baseline 0.02 -40"><span class='ocrx_word' id='word_1_432' title='bbox 396 5323 638 5381; x_wconf 89' lang='lat' dir='ltr'><strong>humano</strong></span> <span class='ocrx_word' id='word_1_433' title='bbox 665 5335 750 5382; x_wconf 90' lang='lat' dir='ltr'><strong>est</strong></span> <span class='ocrx_word' id='word_1_434' title='bbox 779 5329 953 5386; x_wconf 84' lang='lat' dir='ltr'><strong>victus</strong></span> <span class='ocrx_word' id='word_1_435' title='bbox 971 5332 1210 5403; x_wconf 88' lang='lat' dir='ltr'><strong>judicio,</strong></span> <span class='ocrx_word' id='word_1_436' title='bbox 1242 5339 1336 5394; x_wconf 88' lang='lat' dir='ltr'><strong>sed</strong></span> <span class='ocrx_word' id='word_1_437' title='bbox 1364 5340 1518 5398; x_wconf 79' lang='lat' dir='ltr'><strong>ultro</strong></span> <span class='ocrx_word' id='word_1_438' title='bbox 1547 5323 1979 5417; x_wconf 15' lang='lat' dir='ltr'><strong>erimcnicogno-</strong></span> 
     </span>
    </p>
   </div>
   <div class='ocr_carea' id='block_1_60' title="bbox 338 5410 1978 5505">
    <p class='ocr_par' dir='ltr' id='par_1_60' title="bbox 338 5410 1978 5505">
     <span class='ocr_line' id='line_1_60' title="bbox 338 5410 1978 5505; baseline 0.018 -38"><span class='ocrx_word' id='word_1_439' title='bbox 338 5410 363 5419; x_wconf 78' lang='grc'><em>“</em></span> <span class='ocrx_word' id='word_1_440' title='bbox 398 5414 503 5469; x_wconf 86' lang='lat' dir='ltr'><strong>scit</strong></span> <span class='ocrx_word' id='word_1_441' title='bbox 540 5416 860 5501; x_wconf 82' lang='lat' dir='ltr'><strong>admissum,</strong></span> <span class='ocrx_word' id='word_1_442' title='bbox 889 5431 944 5479; x_wconf 94' lang='lat' dir='ltr'><strong>et</strong></span> <span class='ocrx_word' id='word_1_443' title='bbox 982 5422 1159 5483; x_wconf 87' lang='lat' dir='ltr'><strong>factus</strong></span> <span class='ocrx_word' id='word_1_444' title='bbox 1193 5428 1513 5503; x_wconf 83' lang='lat' dir='ltr'><strong>sibimetipsi</strong></span> <span class='ocrx_word' id='word_1_445' title='bbox 1553 5435 1719 5505; x_wconf 81' lang='lat' dir='ltr'><strong>judex</strong></span> <span class='ocrx_word' id='word_1_446' title='bbox 1750 5449 1806 5493; x_wconf 91' lang='lat' dir='ltr'><strong>et</strong></span> <span class='ocrx_word' id='word_1_447' title='bbox 1834 5410 1978 5496; x_wconf 68' lang='lat' dir='ltr'><strong>ultor</strong></span> 
     </span>
    </p>
   </div>
   <div class='ocr_carea' id='block_1_61' title="bbox 393 5512 1972 5604">
    <p class='ocr_par' dir='ltr' id='par_1_61' title="bbox 393 5512 1972 5604">
     <span class='ocr_line' id='line_1_61' title="bbox 393 5512 1972 5604; baseline 0.02 -39"><span class='ocrx_word' id='word_1_448' title='bbox 393 5512 550 5604; x_wconf 81' lang='lat' dir='ltr'><strong>punit</strong></span> <span class='ocrx_word' id='word_1_449' title='bbox 574 5514 829 5588; x_wconf 79' lang='lat' dir='ltr'><strong>lacryntis</strong></span> <span class='ocrx_word' id='word_1_450' title='bbox 852 5522 994 5592; x_wconf 88' lang='lat' dir='ltr'><strong>quod</strong></span> <span class='ocrx_word' id='word_1_451' title='bbox 1015 5525 1166 5594; x_wconf 86' lang='lat' dir='ltr'><strong>prius</strong></span> <span class='ocrx_word' id='word_1_452' title='bbox 1194 5532 1466 5586; x_wconf 86' lang='lat' dir='ltr'><strong>commisit</strong></span> <span class='ocrx_word' id='word_1_453' title='bbox 1494 5536 1772 5604; x_wconf 87' lang='lat' dir='ltr'><strong>operibus,</strong></span> <span class='ocrx_word' id='word_1_454' title='bbox 1789 5548 1972 5595; x_wconf 89' lang='lat' dir='ltr'><strong>etnon</strong></span> 
     </span>
    </p>
   </div>
   <div class='ocr_carea' id='block_1_62' title="bbox 387 5602 1974 5692">
    <p class='ocr_par' dir='ltr' id='par_1_62' title="bbox 387 5602 1974 5692">
     <span class='ocr_line' id='line_1_62' title="bbox 387 5602 1974 5692; baseline 0.021 -37"><span class='ocrx_word' id='word_1_455' title='bbox 387 5602 668 5660; x_wconf 85' lang='lat' dir='ltr'><strong>erubescit</strong></span> <span class='ocrx_word' id='word_1_456' title='bbox 692 5608 906 5668; x_wconf 83' lang='lat' dir='ltr'><strong>ﬂetibus</strong></span> <span class='ocrx_word' id='word_1_457' title='bbox 929 5614 1065 5671; x_wconf 89' lang='lat' dir='ltr'><strong>bene</strong></span> <span class='ocrx_word' id='word_1_458' title='bbox 1080 5618 1269 5687; x_wconf 86' lang='lat' dir='ltr'><strong>punire</strong></span> <span class='ocrx_word' id='word_1_459' title='bbox 1294 5624 1437 5692; x_wconf 85' lang='lat' dir='ltr'><strong>quod</strong></span> <span class='ocrx_word' id='word_1_460' title='bbox 1464 5602 1572 5680; x_wconf 78' lang='lat' dir='ltr'><strong>non</strong></span> <span class='ocrx_word' id='word_1_461' title='bbox 1596 5602 1812 5685; x_wconf 85' lang='lat' dir='ltr'><strong>erubuit</strong></span> <span class='ocrx_word' id='word_1_462' title='bbox 1834 5634 1974 5690; x_wconf 82' lang='lat' dir='ltr'><strong>male</strong></span> 
     </span>
    </p>
   </div>
   <div class='ocr_carea' id='block_1_63' title="bbox 390 5696 1972 5797">
    <p class='ocr_par' dir='ltr' id='par_1_63' title="bbox 390 5696 1972 5797">
     <span class='ocr_line' id='line_1_63' title="bbox 390 5696 1972 5797; baseline 0.023 -50"><span class='ocrx_word' id='word_1_463' title='bbox 390 5696 750 5756; x_wconf 79' lang='lat' dir='ltr'><strong>committere.</strong></span> <span class='ocrx_word' id='word_1_464' title='bbox 780 5701 915 5761; x_wconf 77' lang='lat' dir='ltr'><strong>Hinc</strong></span> <span class='ocrx_word' id='word_1_465' title='bbox 945 5704 1140 5765; x_wconf 84' lang='lat' dir='ltr'><strong>iterum</strong></span> <span class='ocrx_word' id='word_1_466' title='bbox 1162 5711 1433 5797; x_wconf 58' lang='lat' dir='ltr'><strong>scriptum</strong></span> <span class='ocrx_word' id='word_1_467' title='bbox 1459 5726 1574 5774; x_wconf 87' lang='lat' dir='ltr'><strong>est;</strong></span> <span class='ocrx_word' id='word_1_468' title='bbox 1601 5718 1724 5776; x_wconf 80' lang='lat' dir='ltr'><strong>Non</strong></span> <span class='ocrx_word' id='word_1_469' title='bbox 1748 5723 1972 5796; x_wconf 77' lang='lat' dir='ltr'><strong>confun-</strong></span> 
     </span>
    </p>
   </div>
   <div class='ocr_carea' id='block_1_64' title="bbox 2111 525 3691 599">
    <p class='ocr_par' dir='ltr' id='par_1_64' title="bbox 2111 525 3691 599">
     <span class='ocr_line' id='line_1_64' title="bbox 2111 525 3691 599; baseline 0.008 -22"><span class='ocrx_word' id='word_1_470' title='bbox 2111 525 2483 594; x_wconf 78' lang='lat' dir='ltr'><strong>unusquisque</strong></span> <span class='ocrx_word' id='word_1_471' title='bbox 2512 534 2759 580; x_wconf 90' lang='lat' dir='ltr'><strong>nostrum</strong></span> <span class='ocrx_word' id='word_1_472' title='bbox 2810 526 3136 583; x_wconf 88' lang='lat' dir='ltr'><strong>conﬁteatur</strong></span> <span class='ocrx_word' id='word_1_473' title='bbox 3179 541 3402 599; x_wconf 89' lang='lat' dir='ltr'><strong>peccata</strong></span> <span class='ocrx_word' id='word_1_474' title='bbox 3427 550 3525 590; x_wconf 88' lang='lat' dir='ltr'><strong>sua</strong></span> <span class='ocrx_word' id='word_1_475' title='bbox 3582 535 3691 588; x_wconf 82' lang='lat' dir='ltr'><strong>Do—</strong></span> 
     </span>
    </p>
   </div>
   <div class='ocr_carea' id='block_1_65' title="bbox 2111 614 3694 690">
    <p class='ocr_par' dir='ltr' id='par_1_65' title="bbox 2111 614 3694 690">
     <span class='ocr_line' id='line_1_65' title="bbox 2111 614 3694 690; baseline 0.009 -22"><span class='ocrx_word' id='word_1_476' title='bbox 2111 614 2259 669; x_wconf 89' lang='lat' dir='ltr'><strong>mino</strong></span> <span class='ocrx_word' id='word_1_477' title='bbox 2295 654 2311 680; x_wconf 93' lang='lat'><strong>,</strong></span> <span class='ocrx_word' id='word_1_478' title='bbox 2371 615 2499 686; x_wconf 90' lang='lat' dir='ltr'><strong>quia</strong></span> <span class='ocrx_word' id='word_1_479' title='bbox 2551 617 2598 672; x_wconf 91' lang='lat' dir='ltr'><strong>si</strong></span> <span class='ocrx_word' id='word_1_480' title='bbox 2656 617 2711 670; x_wconf 89' lang='lat' dir='ltr'><strong>in</strong></span> <span class='ocrx_word' id='word_1_481' title='bbox 2764 618 3087 687; x_wconf 67' lang='lat' dir='ltr'><strong>paenitentia</strong></span> <span class='ocrx_word' id='word_1_482' title='bbox 3146 627 3577 690; x_wconf 79' lang='lat' dir='ltr'><strong>perseveraverit</strong></span> <span class='ocrx_word' id='word_1_483' title='bbox 3639 636 3694 683; x_wconf 84' lang='lat' dir='ltr'><strong>et</strong></span> 
     </span>
    </p>
   </div>
   <div class='ocr_carea' id='block_1_66' title="bbox 2111 703 3691 779">
    <p class='ocr_par' dir='ltr' id='par_1_66' title="bbox 2111 703 3691 779">
     <span class='ocr_line' id='line_1_66' title="bbox 2111 703 3691 779; baseline 0.008 -22"><span class='ocrx_word' id='word_1_484' title='bbox 2111 703 2391 759; x_wconf 86' lang='lat' dir='ltr'><strong>confessus</strong></span> <span class='ocrx_word' id='word_1_485' title='bbox 2430 703 2638 760; x_wconf 82' lang='lat' dir='ltr'><strong>fructus</strong></span> <span class='ocrx_word' id='word_1_486' title='bbox 2676 705 2868 775; x_wconf 87' lang='lat' dir='ltr'><strong>dignos</strong></span> <span class='ocrx_word' id='word_1_487' title='bbox 2915 708 3247 777; x_wconf 68' lang='lat' dir='ltr'><strong>poenitentiae</strong></span> <span class='ocrx_word' id='word_1_488' title='bbox 3285 711 3477 767; x_wconf 86' lang='lat' dir='ltr'><strong>fecerit</strong></span> <span class='ocrx_word' id='word_1_489' title='bbox 3509 754 3524 779; x_wconf 92' lang='lat'><strong>,</strong></span> <span class='ocrx_word' id='word_1_490' title='bbox 3583 731 3691 771; x_wconf 90' lang='lat' dir='ltr'><strong>non</strong></span> 
     </span>
    </p>
   </div>
   <div class='ocr_carea' id='block_1_67' title="bbox 2112 791 3690 862">
    <p class='ocr_par' dir='ltr' id='par_1_67' title="bbox 2112 791 3690 862">
     <span class='ocr_line' id='line_1_67' title="bbox 2112 791 3690 862; baseline 0.009 -15"><span class='ocrx_word' id='word_1_491' title='bbox 2112 791 2286 847; x_wconf 86' lang='lat' dir='ltr'><strong>solum</strong></span> <span class='ocrx_word' id='word_1_492' title='bbox 2320 801 2667 862; x_wconf 89' lang='lat' dir='ltr'><strong>peccatorum</strong></span> <span class='ocrx_word' id='word_1_493' title='bbox 2720 792 2968 862; x_wconf 76' lang='lat' dir='ltr'><strong>veniam,</strong></span> <span class='ocrx_word' id='word_1_494' title='bbox 3035 799 3130 854; x_wconf 86' lang='lat' dir='ltr'><strong>sed</strong></span> <span class='ocrx_word' id='word_1_495' title='bbox 3190 801 3354 857; x_wconf 90' lang='lat' dir='ltr'><strong>etiam</strong></span> <span class='ocrx_word' id='word_1_496' title='bbox 3412 805 3548 862; x_wconf 85' lang='lat' dir='ltr'><strong>civis</strong></span> <span class='ocrx_word' id='word_1_497' title='bbox 3602 822 3690 862; x_wconf 87' lang='lat' dir='ltr'><strong>su—</strong></span> 
     </span>
    </p>
   </div>
   <div class='ocr_carea' id='block_1_68' title="bbox 2110 881 3697 964">
    <p class='ocr_par' dir='ltr' id='par_1_68' title="bbox 2110 881 3697 964">
     <span class='ocr_line' id='line_1_68' title="bbox 2110 881 3697 964; baseline 0.009 -31"><span class='ocrx_word' id='word_1_498' title='bbox 2110 895 2292 950; x_wconf 79' lang='lat' dir='ltr'><strong>perna:</strong></span> <span class='ocrx_word' id='word_1_499' title='bbox 2329 882 2567 938; x_wconf 86' lang='lat' dir='ltr'><strong>civitatis</strong></span> <span class='ocrx_word' id='word_1_500' title='bbox 2622 881 2848 940; x_wconf 76' lang='lat' dir='ltr'><strong>eﬁ‘ectus</strong></span> <span class='ocrx_word' id='word_1_501' title='bbox 2874 925 2889 950; x_wconf 94' lang='lat'><strong>,</strong></span> <span class='ocrx_word' id='word_1_502' title='bbox 2944 887 3168 956; x_wconf 60' lang='lat' dir='ltr'><strong>praemia</strong></span> <span class='ocrx_word' id='word_1_503' title='bbox 3224 890 3448 961; x_wconf 87' lang='lat' dir='ltr'><strong>recipiet</strong></span> <span class='ocrx_word' id='word_1_504' title='bbox 3500 895 3697 964; x_wconf 84' lang='lat' dir='ltr'><strong>sempi-</strong></span> 
     </span>
    </p>
   </div>
   <div class='ocr_carea' id='block_1_69' title="bbox 2113 978 2294 1027">
    <p class='ocr_par' dir='ltr' id='par_1_69' title="bbox 2113 978 2294 1027">
     <span class='ocr_line' id='line_1_69' title="bbox 2113 978 2294 1027; baseline 0.006 -1"><span class='ocrx_word' id='word_1_505' title='bbox 2113 978 2294 1027; x_wconf 84' lang='lat' dir='ltr'><strong>terna.</strong></span> 
     </span>
    </p>
   </div>
   <div class='ocr_carea' id='block_1_70' title="bbox 2184 1080 3699 1172">
    <p class='ocr_par' dir='ltr' id='par_1_70' title="bbox 2184 1080 3699 1172">
     <span class='ocr_line' id='line_1_70' title="bbox 2184 1080 3699 1172; baseline 0.014 -37"><span class='ocrx_word' id='word_1_506' title='bbox 2184 1080 2253 1136; x_wconf 79' lang='lat' dir='ltr'><strong>Et</strong></span> <span class='ocrx_word' id='word_1_507' title='bbox 2306 1083 2371 1138; x_wconf 75' lang='lat' dir='ltr'><strong>de</strong></span> <span class='ocrx_word' id='word_1_508' title='bbox 2419 1086 2547 1155; x_wconf 81' lang='lat' dir='ltr'><strong>ipsis</strong></span> <span class='ocrx_word' id='word_1_509' title='bbox 2575 1086 2734 1142; x_wconf 73' lang='lat' dir='ltr'><strong>malis</strong></span> <span class='ocrx_word' id='word_1_510' title='bbox 2785 1089 2851 1143; x_wconf 92' lang='lat' dir='ltr'><strong>de</strong></span> <span class='ocrx_word' id='word_1_511' title='bbox 2873 1103 3064 1147; x_wconf 68' lang='lat' dir='ltr'><strong>carere</strong></span> <span class='ocrx_word' id='word_1_512' title='bbox 3098 1096 3395 1151; x_wconf 85' lang='lat' dir='ltr'><strong>emendare.</strong></span> <span class='ocrx_word' id='word_1_513' title='bbox 3446 1097 3540 1153; x_wconf 81' lang='lat' dir='ltr'><strong>ille</strong></span> <span class='ocrx_word' id='word_1_514' title='bbox 3565 1114 3699 1172; x_wconf 83' lang='lat' dir='ltr'><strong>ergo</strong></span> 
     </span>
    </p>
   </div>
   <div class='ocr_carea' id='block_1_71' title="bbox 2111 1173 3695 1252">
    <p class='ocr_par' dir='ltr' id='par_1_71' title="bbox 2111 1173 3695 1252">
     <span class='ocr_line' id='line_1_71' title="bbox 2111 1173 3695 1252; baseline 0.012 -27"><span class='ocrx_word' id='word_1_515' title='bbox 2111 1173 2490 1240; x_wconf 61' lang='lat' dir='ltr'><strong>paenitentiam</strong></span> <span class='ocrx_word' id='word_1_516' title='bbox 2512 1175 2673 1248; x_wconf 90' lang='lat' dir='ltr'><strong>digne</strong></span> <span class='ocrx_word' id='word_1_517' title='bbox 2698 1178 2843 1248; x_wconf 85' lang='lat' dir='ltr'><strong>agit,</strong></span> <span class='ocrx_word' id='word_1_518' title='bbox 2876 1180 2970 1249; x_wconf 90' lang='lat' dir='ltr'><strong>qui</strong></span> <span class='ocrx_word' id='word_1_519' title='bbox 3002 1181 3084 1238; x_wconf 90' lang='lat' dir='ltr'><strong>sic</strong></span> <span class='ocrx_word' id='word_1_520' title='bbox 3125 1186 3399 1252; x_wconf 56' lang='lat' dir='ltr'><strong>praeterita</strong></span> <span class='ocrx_word' id='word_1_521' title='bbox 3430 1186 3570 1242; x_wconf 91' lang='lat' dir='ltr'><strong>mala</strong></span> <span class='ocrx_word' id='word_1_522' title='bbox 3600 1189 3695 1244; x_wconf 83' lang='lat' dir='ltr'><strong>de-</strong></span> 
     </span>
    </p>
   </div>
   <div class='ocr_carea' id='block_1_72' title="bbox 2110 1260 3696 1350">
    <p class='ocr_par' dir='ltr' id='par_1_72' title="bbox 2110 1260 3696 1350">
     <span class='ocr_line' id='line_1_72' title="bbox 2110 1260 3696 1350; baseline 0.013 -36"><span class='ocrx_word' id='word_1_523' title='bbox 2110 1260 2321 1330; x_wconf 75' lang='lat' dir='ltr'><strong>plorat,</strong></span> <span class='ocrx_word' id='word_1_524' title='bbox 2382 1272 2442 1319; x_wconf 91' lang='lat' dir='ltr'><strong>ut</strong></span> <span class='ocrx_word' id='word_1_525' title='bbox 2496 1264 2677 1322; x_wconf 86' lang='lat' dir='ltr'><strong>futura</strong></span> <span class='ocrx_word' id='word_1_526' title='bbox 2706 1269 2903 1345; x_wconf 73' lang='lat' dir='ltr'><strong>iterum</strong></span> <span class='ocrx_word' id='word_1_527' title='bbox 2931 1287 3039 1329; x_wconf 88' lang='lat' dir='ltr'><strong>non</strong></span> <span class='ocrx_word' id='word_1_528' title='bbox 3065 1276 3391 1332; x_wconf 86' lang='lat' dir='ltr'><strong>committat.</strong></span> <span class='ocrx_word' id='word_1_529' title='bbox 3423 1277 3558 1333; x_wconf 88' lang='lat' dir='ltr'><strong>Nam</strong></span> <span class='ocrx_word' id='word_1_530' title='bbox 3602 1280 3696 1350; x_wconf 85' lang='lat' dir='ltr'><strong>qui</strong></span> 
     </span>
    </p>
   </div>
   <div class='ocr_carea' id='block_1_73' title="bbox 2110 1350 3694 1436">
    <p class='ocr_par' dir='ltr' id='par_1_73' title="bbox 2110 1350 3694 1436">
     <span class='ocr_line' id='line_1_73' title="bbox 2110 1350 3694 1436; baseline 0.015 -33"><span class='ocrx_word' id='word_1_531' title='bbox 2110 1350 2319 1423; x_wconf 84' lang='lat' dir='ltr'><strong>plangit</strong></span> <span class='ocrx_word' id='word_1_532' title='bbox 2358 1365 2676 1425; x_wconf 85' lang='lat' dir='ltr'><strong>peccatum,</strong></span> <span class='ocrx_word' id='word_1_533' title='bbox 2708 1370 2764 1415; x_wconf 88' lang='lat' dir='ltr'><strong>et</strong></span> <span class='ocrx_word' id='word_1_534' title='bbox 2823 1360 3019 1416; x_wconf 83' lang='lat' dir='ltr'><strong>iterum</strong></span> <span class='ocrx_word' id='word_1_535' title='bbox 3077 1364 3315 1420; x_wconf 86' lang='lat' dir='ltr'><strong>admittit</strong></span> <span class='ocrx_word' id='word_1_536' title='bbox 3378 1378 3694 1436; x_wconf 86' lang='lat' dir='ltr'><strong>peceatum,</strong></span> 
     </span>
    </p>
   </div>
   <div class='ocr_carea' id='block_1_74' title="bbox 2111 1445 3693 1531">
    <p class='ocr_par' dir='ltr' id='par_1_74' title="bbox 2111 1445 3693 1531">
     <span class='ocr_line' id='line_1_74' title="bbox 2111 1445 3693 1531; baseline 0.015 -35"><span class='ocrx_word' id='word_1_537' title='bbox 2111 1445 2269 1511; x_wconf 88' lang='lat' dir='ltr'><strong>quasi</strong></span> <span class='ocrx_word' id='word_1_538' title='bbox 2303 1446 2350 1501; x_wconf 88' lang='lat' dir='ltr'><strong>si</strong></span> <span class='ocrx_word' id='word_1_539' title='bbox 2384 1447 2508 1516; x_wconf 86' lang='lat' dir='ltr'><strong>quis</strong></span> <span class='ocrx_word' id='word_1_540' title='bbox 2553 1448 2697 1507; x_wconf 88' lang='lat' dir='ltr'><strong>lavet</strong></span> <span class='ocrx_word' id='word_1_541' title='bbox 2740 1451 2968 1509; x_wconf 84' lang='lat' dir='ltr'><strong>laterem</strong></span> <span class='ocrx_word' id='word_1_542' title='bbox 3017 1456 3264 1522; x_wconf 85' lang='lat' dir='ltr'><strong>crudum,</strong></span> <span class='ocrx_word' id='word_1_543' title='bbox 3297 1472 3458 1526; x_wconf 87' lang='lat' dir='ltr'><strong>quem</strong></span> <span class='ocrx_word' id='word_1_544' title='bbox 3488 1472 3693 1531; x_wconf 88' lang='lat' dir='ltr'><strong>quanto</strong></span> 
     </span>
    </p>
   </div>
   <div class='ocr_carea' id='block_1_75' title="bbox 2111 1534 3691 1624">
    <p class='ocr_par' dir='ltr' id='par_1_75' title="bbox 2111 1534 3691 1624">
     <span class='ocr_line' id='line_1_75' title="bbox 2111 1534 3691 1624; baseline 0.013 -37"><span class='ocrx_word' id='word_1_545' title='bbox 2111 1534 2285 1605; x_wconf 85' lang='lat' dir='ltr'><strong>magis</strong></span> <span class='ocrx_word' id='word_1_546' title='bbox 2325 1536 2563 1605; x_wconf 85' lang='lat' dir='ltr'><strong>laverit,</strong></span> <span class='ocrx_word' id='word_1_547' title='bbox 2605 1544 2757 1596; x_wconf 75' lang='lat' dir='ltr'><strong>tanto</strong></span> <span class='ocrx_word' id='word_1_548' title='bbox 2787 1543 3020 1613; x_wconf 86' lang='lat' dir='ltr'><strong>amplius</strong></span> <span class='ocrx_word' id='word_1_549' title='bbox 3058 1545 3231 1600; x_wconf 90' lang='lat' dir='ltr'><strong>lutum</strong></span> <span class='ocrx_word' id='word_1_550' title='bbox 3250 1547 3402 1604; x_wconf 83' lang='lat' dir='ltr'><strong>facit.</strong></span> <span class='ocrx_word' id='word_1_551' title='bbox 3439 1550 3535 1607; x_wconf 84' lang='lat' dir='ltr'><strong>Ille</strong></span> <span class='ocrx_word' id='word_1_552' title='bbox 3559 1568 3691 1624; x_wconf 85' lang='lat' dir='ltr'><strong>ergo</strong></span> 
     </span>
    </p>
   </div>
   <div class='ocr_carea' id='block_1_76' title="bbox 2110 1625 3690 1714">
    <p class='ocr_par' dir='ltr' id='par_1_76' title="bbox 2110 1625 3690 1714">
     <span class='ocr_line' id='line_1_76' title="bbox 2110 1625 3690 1714; baseline 0.014 -37"><span class='ocrx_word' id='word_1_553' title='bbox 2110 1625 2488 1693; x_wconf 54' lang='lat' dir='ltr'><strong>paenitentiam</strong></span> <span class='ocrx_word' id='word_1_554' title='bbox 2521 1628 2682 1699; x_wconf 88' lang='lat' dir='ltr'><strong>digne</strong></span> <span class='ocrx_word' id='word_1_555' title='bbox 2718 1631 2863 1702; x_wconf 89' lang='lat' dir='ltr'><strong>agit,</strong></span> <span class='ocrx_word' id='word_1_556' title='bbox 2901 1633 3026 1702; x_wconf 91' lang='lat' dir='ltr'><strong>qui,</strong></span> <span class='ocrx_word' id='word_1_557' title='bbox 3068 1650 3190 1705; x_wconf 74' lang='lat' dir='ltr'><strong>qua:</strong></span> <span class='ocrx_word' id='word_1_558' title='bbox 3226 1640 3543 1707; x_wconf 88' lang='lat' dir='ltr'><strong>commisit,</strong></span> <span class='ocrx_word' id='word_1_559' title='bbox 3575 1642 3690 1714; x_wconf 85' lang='lat' dir='ltr'><strong>jam</strong></span> 
     </span>
    </p>
   </div>
   <div class='ocr_carea' id='block_1_77' title="bbox 2110 1717 3694 1802">
    <p class='ocr_par' dir='ltr' id='par_1_77' title="bbox 2110 1717 3694 1802">
     <span class='ocr_line' id='line_1_77' title="bbox 2110 1717 3694 1802; baseline 0.013 -34"><span class='ocrx_word' id='word_1_560' title='bbox 2110 1728 2217 1770; x_wconf 92' lang='lat' dir='ltr'><strong>non</strong></span> <span class='ocrx_word' id='word_1_561' title='bbox 2255 1717 2572 1784; x_wconf 89' lang='lat' dir='ltr'><strong>committit,</strong></span> <span class='ocrx_word' id='word_1_562' title='bbox 2615 1720 2711 1776; x_wconf 89' lang='lat' dir='ltr'><strong>sed</strong></span> <span class='ocrx_word' id='word_1_563' title='bbox 2747 1736 2870 1777; x_wconf 89' lang='lat' dir='ltr'><strong>cum</strong></span> <span class='ocrx_word' id='word_1_564' title='bbox 2909 1724 3287 1783; x_wconf 88' lang='lat' dir='ltr'><strong>satisfactione</strong></span> <span class='ocrx_word' id='word_1_565' title='bbox 3333 1729 3402 1785; x_wconf 90' lang='lat' dir='ltr'><strong>de</strong></span> <span class='ocrx_word' id='word_1_566' title='bbox 3447 1731 3535 1787; x_wconf 89' lang='lat' dir='ltr'><strong>his</strong></span> <span class='ocrx_word' id='word_1_567' title='bbox 3572 1748 3694 1802; x_wconf 83' lang='lat' dir='ltr'><strong>quae</strong></span> 
     </span>
    </p>
   </div>
   <div class='ocr_carea' id='block_1_78' title="bbox 2106 1805 3693 1884">
    <p class='ocr_par' dir='ltr' id='par_1_78' title="bbox 2106 1805 3693 1884">
     <span class='ocr_line' id='line_1_78' title="bbox 2106 1805 3693 1884; baseline 0.013 -26"><span class='ocrx_word' id='word_1_568' title='bbox 2106 1805 2309 1874; x_wconf 87' lang='lat' dir='ltr'><strong>gessit,</strong></span> <span class='ocrx_word' id='word_1_569' title='bbox 2348 1808 2785 1866; x_wconf 89' lang='lat' dir='ltr'><strong>emendationem</strong></span> <span class='ocrx_word' id='word_1_570' title='bbox 2844 1815 3132 1884; x_wconf 90' lang='lat' dir='ltr'><strong>promittit.</strong></span> <span class='ocrx_word' id='word_1_571' title='bbox 3204 1817 3487 1876; x_wconf 86' lang='lat' dir='ltr'><strong>Festinare</strong></span> <span class='ocrx_word' id='word_1_572' title='bbox 3548 1824 3693 1879; x_wconf 86' lang='lat' dir='ltr'><strong>enim</strong></span> 
     </span>
    </p>
   </div>
   <div class='ocr_carea' id='block_1_79' title="bbox 2104 1894 3691 1980">
    <p class='ocr_par' dir='ltr' id='par_1_79' title="bbox 2104 1894 3691 1980">
     <span class='ocr_line' id='line_1_79' title="bbox 2104 1894 3691 1980; baseline 0.011 -30"><span class='ocrx_word' id='word_1_573' title='bbox 2104 1894 2265 1951; x_wconf 85' lang='lat' dir='ltr'><strong>debet</strong></span> <span class='ocrx_word' id='word_1_574' title='bbox 2308 1897 2379 1953; x_wconf 91' lang='lat' dir='ltr'><strong>ad</strong></span> <span class='ocrx_word' id='word_1_575' title='bbox 2426 1898 2715 1955; x_wconf 89' lang='lat' dir='ltr'><strong>Dominum</strong></span> <span class='ocrx_word' id='word_1_576' title='bbox 2780 1905 3094 1972; x_wconf 62' lang='lat' dir='ltr'><strong>paenitendo</strong></span> <span class='ocrx_word' id='word_1_577' title='bbox 3138 1910 3513 1980; x_wconf 83' lang='lat' dir='ltr'><strong>unusquisque</strong></span> <span class='ocrx_word' id='word_1_578' title='bbox 3566 1915 3691 1968; x_wconf 84' lang='lat' dir='ltr'><strong>dum</strong></span> 
     </span>
    </p>
   </div>
   <div class='ocr_carea' id='block_1_80' title="bbox 2100 1987 3692 2064">
    <p class='ocr_par' dir='ltr' id='par_1_80' title="bbox 2100 1987 3692 2064">
     <span class='ocr_line' id='line_1_80' title="bbox 2100 1987 3692 2064; baseline 0.013 -27"><span class='ocrx_word' id='word_1_579' title='bbox 2100 1991 2327 2051; x_wconf 90' lang='lat' dir='ltr'><strong>potest,</strong></span> <span class='ocrx_word' id='word_1_580' title='bbox 2392 2002 2463 2041; x_wconf 90' lang='lat' dir='ltr'><strong>ne</strong></span> <span class='ocrx_word' id='word_1_581' title='bbox 2519 1987 2610 2054; x_wconf 90' lang='lat' dir='ltr'><strong>si,</strong></span> <span class='ocrx_word' id='word_1_582' title='bbox 2647 1988 2777 2044; x_wconf 89' lang='lat' dir='ltr'><strong>dum</strong></span> <span class='ocrx_word' id='word_1_583' title='bbox 2822 1999 3002 2062; x_wconf 90' lang='lat' dir='ltr'><strong>potest</strong></span> <span class='ocrx_word' id='word_1_584' title='bbox 3029 2034 3044 2056; x_wconf 84' lang='lat'><strong>.</strong></span> <span class='ocrx_word' id='word_1_585' title='bbox 3083 1994 3346 2064; x_wconf 88' lang='lat' dir='ltr'><strong>noluerit,</strong></span> <span class='ocrx_word' id='word_1_586' title='bbox 3386 2014 3509 2055; x_wconf 91' lang='lat' dir='ltr'><strong>cum</strong></span> <span class='ocrx_word' id='word_1_587' title='bbox 3537 2003 3692 2058; x_wconf 84' lang='lat' dir='ltr'><strong>tarde</strong></span> 
     </span>
    </p>
   </div>
   <div class='ocr_carea' id='block_1_81' title="bbox 2103 2072 3689 2161">
    <p class='ocr_par' dir='ltr' id='par_1_81' title="bbox 2103 2072 3689 2161">
     <span class='ocr_line' id='line_1_81' title="bbox 2103 2072 3689 2161; baseline 0.011 -34"><span class='ocrx_word' id='word_1_588' title='bbox 2103 2072 2354 2141; x_wconf 84' lang='lat' dir='ltr'><strong>voluerit,</strong></span> <span class='ocrx_word' id='word_1_589' title='bbox 2405 2078 2629 2135; x_wconf 89' lang='lat' dir='ltr'><strong>omnino</strong></span> <span class='ocrx_word' id='word_1_590' title='bbox 2658 2095 2768 2135; x_wconf 90' lang='lat' dir='ltr'><strong>non</strong></span> <span class='ocrx_word' id='word_1_591' title='bbox 2825 2083 3018 2152; x_wconf 89' lang='lat' dir='ltr'><strong>possit.</strong></span> <span class='ocrx_word' id='word_1_592' title='bbox 3055 2084 3194 2142; x_wconf 81' lang='lat' dir='ltr'><strong>Hinc</strong></span> <span class='ocrx_word' id='word_1_593' title='bbox 3245 2089 3511 2161; x_wconf 87' lang='lat' dir='ltr'><strong>propheta</strong></span> <span class='ocrx_word' id='word_1_594' title='bbox 3565 2093 3689 2148; x_wconf 85' lang='lat' dir='ltr'><strong>ait:</strong></span> 
     </span>
    </p>
   </div>
   <div class='ocr_carea' id='block_1_82' title="bbox 2104 2164 3692 2248">
    <p class='ocr_par' dir='ltr' id='par_1_82' title="bbox 2104 2164 3692 2248">
     <span class='ocr_line' id='line_1_82' title="bbox 2104 2164 3692 2248; baseline 0.013 -31"><span class='ocrx_word' id='word_1_595' title='bbox 2104 2164 2337 2230; x_wconf 65' lang='lat' dir='ltr'><strong>Quaerite</strong></span> <span class='ocrx_word' id='word_1_596' title='bbox 2388 2167 2696 2236; x_wconf 87' lang='lat' dir='ltr'><strong>Dominum,</strong></span> <span class='ocrx_word' id='word_1_597' title='bbox 2742 2171 2870 2226; x_wconf 74' lang='lat' dir='ltr'><strong>dum</strong></span> <span class='ocrx_word' id='word_1_598' title='bbox 2915 2174 3140 2233; x_wconf 79' lang='lat' dir='ltr'><strong>inveniri</strong></span> <span class='ocrx_word' id='word_1_599' title='bbox 3183 2188 3392 2248; x_wconf 77' lang='lat' dir='ltr'><strong>potest;</strong></span> <span class='ocrx_word' id='word_1_600' title='bbox 3452 2183 3692 2237; x_wconf 85' lang='lat' dir='ltr'><strong>invocate</strong></span> 
     </span>
    </p>
   </div>
   <div class='ocr_carea' id='block_1_83' title="bbox 2101 2254 3691 2340">
    <p class='ocr_par' dir='ltr' id='par_1_83' title="bbox 2101 2254 3691 2340">
     <span class='ocr_line' id='line_1_83' title="bbox 2101 2254 3691 2340; baseline 0.013 -34"><span class='ocrx_word' id='word_1_601' title='bbox 2101 2268 2241 2320; x_wconf 80' lang='lat' dir='ltr'><strong>eum,</strong></span> <span class='ocrx_word' id='word_1_602' title='bbox 2266 2254 2397 2308; x_wconf 76' lang='lat' dir='ltr'><strong>dum</strong></span> <span class='ocrx_word' id='word_1_603' title='bbox 2423 2272 2582 2327; x_wconf 76' lang='lat' dir='ltr'><strong>prope</strong></span> <span class='ocrx_word' id='word_1_604' title='bbox 2605 2267 2680 2313; x_wconf 90' lang='lat' dir='ltr'><strong>est</strong></span> <span class='ocrx_word' id='word_1_605' title='bbox 2694 2258 2834 2328; x_wconf 83' lang='lat' dir='ltr'><strong>(lsa.</strong></span> <span class='ocrx_word' id='word_1_606' title='bbox 2853 2260 2962 2332; x_wconf 75' lang='grc' dir='ltr'><strong>ιν).</strong></span> <span class='ocrx_word' id='word_1_607' title='bbox 2977 2261 3097 2318; x_wconf 81' lang='lat' dir='ltr'><strong>Non</strong></span> <span class='ocrx_word' id='word_1_608' title='bbox 3117 2265 3268 2321; x_wconf 88' lang='lat' dir='ltr'><strong>enim</strong></span> <span class='ocrx_word' id='word_1_609' title='bbox 3288 2276 3501 2338; x_wconf 88' lang='lat' dir='ltr'><strong>oportet</strong></span> <span class='ocrx_word' id='word_1_610' title='bbox 3516 2273 3691 2340; x_wconf 65' lang='lat' dir='ltr'><strong>pinni-</strong></span> 
     </span>
    </p>
   </div>
   <div class='ocr_carea' id='block_1_84' title="bbox 2102 2345 3680 2419">
    <p class='ocr_par' dir='ltr' id='par_1_84' title="bbox 2102 2345 3680 2419">
     <span class='ocr_line' id='line_1_84' title="bbox 2102 2345 3680 2419; baseline 0.015 -23"><span class='ocrx_word' id='word_1_611' title='bbox 2102 2350 2306 2401; x_wconf 81' lang='lat' dir='ltr'><strong>teutem</strong></span> <span class='ocrx_word' id='word_1_612' title='bbox 2326 2345 2392 2400; x_wconf 89' lang='lat' dir='ltr'><strong>de</strong></span> <span class='ocrx_word' id='word_1_613' title='bbox 2410 2348 2650 2416; x_wconf 88' lang='lat' dir='ltr'><strong>peccatis</strong></span> <span class='ocrx_word' id='word_1_614' title='bbox 2674 2350 2790 2405; x_wconf 88' lang='lat' dir='ltr'><strong>suis</strong></span> <span class='ocrx_word' id='word_1_615' title='bbox 2809 2350 3012 2409; x_wconf 87' lang='lat' dir='ltr'><strong>habere</strong></span> <span class='ocrx_word' id='word_1_616' title='bbox 3032 2356 3403 2415; x_wconf 87' lang='lat' dir='ltr'><strong>securitatem.</strong></span> <span class='ocrx_word' id='word_1_617' title='bbox 3425 2359 3562 2416; x_wconf 81' lang='lat' dir='ltr'><strong>Nam</strong></span> <span class='ocrx_word' id='word_1_618' title='bbox 3592 2380 3680 2419; x_wconf 78' lang='lat' dir='ltr'><strong>se-</strong></span> 
     </span>
    </p>
   </div>
   <div class='ocr_carea' id='block_1_85' title="bbox 2098 2436 3685 2519">
    <p class='ocr_par' dir='ltr' id='par_1_85' title="bbox 2098 2436 3685 2519">
     <span class='ocr_line' id='line_1_85' title="bbox 2098 2436 3685 2519; baseline 0.014 -30"><span class='ocrx_word' id='word_1_619' title='bbox 2098 2436 2308 2492; x_wconf 86' lang='lat' dir='ltr'><strong>curitas</strong></span> <span class='ocrx_word' id='word_1_620' title='bbox 2326 2437 2711 2509; x_wconf 82' lang='lat' dir='ltr'><strong>negligentiam</strong></span> <span class='ocrx_word' id='word_1_621' title='bbox 2737 2444 2902 2513; x_wconf 88' lang='lat' dir='ltr'><strong>parit,</strong></span> <span class='ocrx_word' id='word_1_622' title='bbox 2920 2446 3250 2519; x_wconf 87' lang='lat' dir='ltr'><strong>negligentia</strong></span> <span class='ocrx_word' id='word_1_623' title='bbox 3269 2459 3453 2508; x_wconf 89' lang='lat' dir='ltr'><strong>autem</strong></span> <span class='ocrx_word' id='word_1_624' title='bbox 3472 2454 3541 2508; x_wconf 88' lang='lat' dir='ltr'><strong>ad</strong></span> <span class='ocrx_word' id='word_1_625' title='bbox 3557 2456 3685 2511; x_wconf 83' lang='lat' dir='ltr'><strong>vitia</strong></span> 
     </span>
    </p>
   </div>
   <div class='ocr_carea' id='block_1_86' title="bbox 2101 2525 3688 2613">
    <p class='ocr_par' dir='ltr' id='par_1_86' title="bbox 2101 2525 3688 2613">
     <span class='ocr_line' id='line_1_86' title="bbox 2101 2525 3688 2613; baseline 0.016 -35"><span class='ocrx_word' id='word_1_626' title='bbox 2101 2525 2334 2596; x_wconf 86' lang='lat' dir='ltr'><strong>pristina</strong></span> <span class='ocrx_word' id='word_1_627' title='bbox 2359 2528 2634 2585; x_wconf 90' lang='lat' dir='ltr'><strong>hominem</strong></span> <span class='ocrx_word' id='word_1_628' title='bbox 2659 2533 2843 2588; x_wconf 88' lang='lat' dir='ltr'><strong>trahit.</strong></span> <span class='ocrx_word' id='word_1_629' title='bbox 2862 2532 2969 2591; x_wconf 88' lang='lat' dir='ltr'><strong>Sed</strong></span> <span class='ocrx_word' id='word_1_630' title='bbox 2988 2539 3261 2607; x_wconf 72' lang='lat' dir='ltr'><strong>pmnitens</strong></span> <span class='ocrx_word' id='word_1_631' title='bbox 3279 2545 3578 2613; x_wconf 55' lang='lat' dir='ltr'><strong>praevidere</strong></span> <span class='ocrx_word' id='word_1_632' title='bbox 3597 2548 3688 2603; x_wconf 86' lang='lat' dir='ltr'><strong>de-</strong></span> 
     </span>
    </p>
   </div>
   <div class='ocr_carea' id='block_1_87' title="bbox 2100 2616 3690 2698">
    <p class='ocr_par' dir='ltr' id='par_1_87' title="bbox 2100 2616 3690 2698">
     <span class='ocr_line' id='line_1_87' title="bbox 2100 2616 3690 2698; baseline 0.018 -29"><span class='ocrx_word' id='word_1_633' title='bbox 2100 2616 2191 2671; x_wconf 89' lang='lat' dir='ltr'><strong>bet</strong></span> <span class='ocrx_word' id='word_1_634' title='bbox 2213 2617 2437 2675; x_wconf 86' lang='lat' dir='ltr'><strong>callidas</strong></span> <span class='ocrx_word' id='word_1_635' title='bbox 2453 2630 2645 2676; x_wconf 74' lang='lat' dir='ltr'><strong>contra</strong></span> <span class='ocrx_word' id='word_1_636' title='bbox 2666 2629 2726 2679; x_wconf 87' lang='lat' dir='ltr'><strong>se</strong></span> <span class='ocrx_word' id='word_1_637' title='bbox 2751 2624 2928 2683; x_wconf 90' lang='lat' dir='ltr'><strong>hostis</strong></span> <span class='ocrx_word' id='word_1_638' title='bbox 2951 2628 3202 2698; x_wconf 88' lang='lat' dir='ltr'><strong>insidias,</strong></span> <span class='ocrx_word' id='word_1_639' title='bbox 3217 2641 3278 2689; x_wconf 90' lang='lat' dir='ltr'><strong>ut</strong></span> <span class='ocrx_word' id='word_1_640' title='bbox 3297 2648 3397 2692; x_wconf 87' lang='lat' dir='ltr'><strong>nec</strong></span> <span class='ocrx_word' id='word_1_641' title='bbox 3419 2638 3488 2693; x_wconf 90' lang='lat' dir='ltr'><strong>ad</strong></span> <span class='ocrx_word' id='word_1_642' title='bbox 3512 2647 3690 2696; x_wconf 76' lang='lat' dir='ltr'><strong>trans-</strong></span> 
     </span>
    </p>
   </div>
   <div class='ocr_carea' id='block_1_88' title="bbox 2100 2706 3684 2792">
    <p class='ocr_par' dir='ltr' id='par_1_88' title="bbox 2100 2706 3684 2792">
     <span class='ocr_line' id='line_1_88' title="bbox 2100 2706 3684 2792; baseline 0.019 -34"><span class='ocrx_word' id='word_1_643' title='bbox 2100 2712 2222 2759; x_wconf 91' lang='lat' dir='ltr'><strong>acta</strong></span> <span class='ocrx_word' id='word_1_644' title='bbox 2242 2706 2374 2762; x_wconf 88' lang='lat' dir='ltr'><strong>vitia</strong></span> <span class='ocrx_word' id='word_1_645' title='bbox 2399 2709 2622 2778; x_wconf 80' lang='lat' dir='ltr'><strong>reverti,</strong></span> <span class='ocrx_word' id='word_1_646' title='bbox 2652 2727 2756 2769; x_wconf 87' lang='lat' dir='ltr'><strong>nee</strong></span> <span class='ocrx_word' id='word_1_647' title='bbox 2775 2716 3010 2786; x_wconf 85' lang='lat' dir='ltr'><strong>amplius</strong></span> <span class='ocrx_word' id='word_1_648' title='bbox 3034 2723 3179 2792; x_wconf 85' lang='lat' dir='ltr'><strong>quod</strong></span> <span class='ocrx_word' id='word_1_649' title='bbox 3206 2724 3409 2781; x_wconf 87' lang='lat' dir='ltr'><strong>malum</strong></span> <span class='ocrx_word' id='word_1_650' title='bbox 3435 2737 3522 2785; x_wconf 90' lang='lat' dir='ltr'><strong>est</strong></span> <span class='ocrx_word' id='word_1_651' title='bbox 3541 2730 3684 2787; x_wconf 83' lang='lat' dir='ltr'><strong>ulte—</strong></span> 
     </span>
    </p>
   </div>
   <div class='ocr_carea' id='block_1_89' title="bbox 2100 2799 2637 2872">
    <p class='ocr_par' dir='ltr' id='par_1_89' title="bbox 2100 2799 2637 2872">
     <span class='ocr_line' id='line_1_89' title="bbox 2100 2799 2637 2872; baseline 0.017 -19"><span class='ocrx_word' id='word_1_652' title='bbox 2100 2799 2216 2855; x_wconf 90' lang='lat' dir='ltr'><strong>rius</strong></span> <span class='ocrx_word' id='word_1_653' title='bbox 2240 2799 2436 2857; x_wconf 86' lang='lat' dir='ltr'><strong>debeat</strong></span> <span class='ocrx_word' id='word_1_654' title='bbox 2455 2817 2637 2872; x_wconf 78' lang='lat' dir='ltr'><strong>agere.</strong></span> 
     </span>
    </p>
   </div>
   <div class='ocr_carea' id='block_1_90' title="bbox 2169 2912 3671 3006">
    <p class='ocr_par' dir='ltr' id='par_1_90' title="bbox 2169 2912 3671 3006">
     <span class='ocr_line' id='line_1_90' title="bbox 2169 2912 3671 3006; baseline 0.015 -38"><span class='ocrx_word' id='word_1_655' title='bbox 2169 2912 2259 2970; x_wconf 84' lang='lat'><strong>59.</strong></span> <span class='ocrx_word' id='word_1_656' title='bbox 2295 2914 2573 2972; x_wconf 83' lang='lat' dir='ltr'><strong>Desideria</strong></span> <span class='ocrx_word' id='word_1_657' title='bbox 2594 2920 2775 2975; x_wconf 87' lang='lat' dir='ltr'><strong>carnis</strong></span> <span class='ocrx_word' id='word_1_658' title='bbox 2799 2938 2903 2976; x_wconf 89' lang='lat' dir='ltr'><strong>non</strong></span> <span class='ocrx_word' id='word_1_659' title='bbox 2923 2925 3186 2995; x_wconf 76' lang='lat' dir='ltr'><strong>perﬁeere</strong></span> <span class='ocrx_word' id='word_1_660' title='bbox 3199 2925 3404 3000; x_wconf 78' lang='lat' dir='ltr'><strong>(Galat.</strong></span> <span class='ocrx_word' id='word_1_661' title='bbox 3438 2932 3516 3006; x_wconf 87' lang='lat' dir='ltr'><strong>v).</strong></span> <span class='ocrx_word' id='word_1_662' title='bbox 3570 2935 3671 2991; x_wconf 85' lang='lat' dir='ltr'><strong>De-</strong></span> 
     </span>
    </p>
   </div>
   <div class='ocr_carea' id='block_1_91' title="bbox 2098 3003 3665 3098">
    <p class='ocr_par' dir='ltr' id='par_1_91' title="bbox 2098 3003 3665 3098">
     <span class='ocr_line' id='line_1_91' title="bbox 2098 3003 3665 3098; baseline 0.017 -40"><span class='ocrx_word' id='word_1_663' title='bbox 2098 3003 2300 3060; x_wconf 89' lang='lat' dir='ltr'><strong>sideria</strong></span> <span class='ocrx_word' id='word_1_664' title='bbox 2325 3007 2513 3063; x_wconf 90' lang='lat' dir='ltr'><strong>carnis</strong></span> <span class='ocrx_word' id='word_1_665' title='bbox 2535 3009 2668 3066; x_wconf 89' lang='lat' dir='ltr'><strong>dicit</strong></span> <span class='ocrx_word' id='word_1_666' title='bbox 2701 3012 3014 3084; x_wconf 89' lang='lat' dir='ltr'><strong>voluptates</strong></span> <span class='ocrx_word' id='word_1_667' title='bbox 3039 3018 3124 3074; x_wconf 87' lang='lat' dir='ltr'><strong>vel</strong></span> <span class='ocrx_word' id='word_1_668' title='bbox 3149 3003 3483 3092; x_wconf 21' lang='lat' dir='ltr'><strong>cupiditates.</strong></span> <span class='ocrx_word' id='word_1_669' title='bbox 3498 3042 3665 3098; x_wconf 87' lang='lat' dir='ltr'><strong>corpo</strong></span> 
     </span>
    </p>
   </div>
   <div class='ocr_carea' id='block_1_92' title="bbox 2019 3097 3679 3185">
    <p class='ocr_par' dir='ltr' id='par_1_92' title="bbox 2019 3097 3679 3185">
     <span class='ocr_line' id='line_1_92' title="bbox 2019 3097 3679 3185; baseline 0.014 -33"><span class='ocrx_word' id='word_1_670' title='bbox 2019 3119 2067 3183; x_wconf 67' lang='grc' dir='ltr'>ρ</span> <span class='ocrx_word' id='word_1_671' title='bbox 2099 3098 2199 3154; x_wconf 91' lang='lat' dir='ltr'><strong>ris.</strong></span> <span class='ocrx_word' id='word_1_672' title='bbox 2228 3097 2353 3154; x_wconf 88' lang='lat' dir='ltr'><strong>Non</strong></span> <span class='ocrx_word' id='word_1_673' title='bbox 2377 3101 2626 3172; x_wconf 76' lang='lat' dir='ltr'><strong>perﬁcere</strong></span> <span class='ocrx_word' id='word_1_674' title='bbox 2657 3104 2792 3161; x_wconf 85' lang='lat' dir='ltr'><strong>dicit</strong></span> <span class='ocrx_word' id='word_1_675' title='bbox 2824 3107 2899 3162; x_wconf 88' lang='lat' dir='ltr'><strong>ad</strong></span> <span class='ocrx_word' id='word_1_676' title='bbox 2913 3108 3165 3166; x_wconf 81' lang='lat' dir='ltr'><strong>eﬁ’eetum</strong></span> <span class='ocrx_word' id='word_1_677' title='bbox 3205 3128 3314 3169; x_wconf 88' lang='lat' dir='ltr'><strong>non</strong></span> <span class='ocrx_word' id='word_1_678' title='bbox 3344 3097 3645 3185; x_wconf 81' lang='lat' dir='ltr'><strong>perducere</strong></span> <span class='ocrx_word' id='word_1_679' title='bbox 3664 3161 3679 3184; x_wconf 88' lang='lat'><em>.</em></span> 
     </span>
    </p>
   </div>
   <div class='ocr_carea' id='block_1_93' title="bbox 2096 3190 3683 3281">
    <p class='ocr_par' dir='ltr' id='par_1_93' title="bbox 2096 3190 3683 3281">
     <span class='ocr_line' id='line_1_93' title="bbox 2096 3190 3683 3281; baseline 0.012 -34"><span class='ocrx_word' id='word_1_680' title='bbox 2096 3190 2150 3247; x_wconf 91' lang='lat' dir='ltr'><strong>id</strong></span> <span class='ocrx_word' id='word_1_681' title='bbox 2179 3198 2283 3257; x_wconf 85' lang='lat' dir='ltr'><strong>est,</strong></span> <span class='ocrx_word' id='word_1_682' title='bbox 2328 3192 2585 3263; x_wconf 85' lang='lat' dir='ltr'><strong>operibus</strong></span> <span class='ocrx_word' id='word_1_683' title='bbox 2621 3210 2729 3251; x_wconf 90' lang='lat' dir='ltr'><strong>non</strong></span> <span class='ocrx_word' id='word_1_684' title='bbox 2754 3196 2999 3268; x_wconf 91' lang='lat' dir='ltr'><strong>implere.</strong></span> <span class='ocrx_word' id='word_1_685' title='bbox 3027 3198 3167 3281; x_wconf 80' lang='lat' dir='ltr'><strong>Hinc</strong></span> <span class='ocrx_word' id='word_1_686' title='bbox 3190 3202 3389 3262; x_wconf 87' lang='lat' dir='ltr'><strong>Paulus</strong></span> <span class='ocrx_word' id='word_1_687' title='bbox 3416 3208 3532 3262; x_wconf 89' lang='lat' dir='ltr'><strong>ait:</strong></span> <span class='ocrx_word' id='word_1_688' title='bbox 3562 3210 3683 3281; x_wconf 79' lang='lat' dir='ltr'><strong>Spi-</strong></span> 
     </span>
    </p>
   </div>
   <div class='ocr_carea' id='block_1_94' title="bbox 2096 3281 3685 3371">
    <p class='ocr_par' dir='ltr' id='par_1_94' title="bbox 2096 3281 3685 3371">
     <span class='ocr_line' id='line_1_94' title="bbox 2096 3281 3685 3371; baseline 0.015 -38"><span class='ocrx_word' id='word_1_689' title='bbox 2096 3281 2204 3335; x_wconf 87' lang='lat' dir='ltr'><strong>ritu</strong></span> <span class='ocrx_word' id='word_1_690' title='bbox 2256 3281 2559 3351; x_wconf 77' lang='lat' dir='ltr'><strong>ambulate,</strong></span> <span class='ocrx_word' id='word_1_691' title='bbox 2614 3294 2665 3340; x_wconf 91' lang='lat' dir='ltr'><strong>et</strong></span> <span class='ocrx_word' id='word_1_692' title='bbox 2720 3286 2985 3345; x_wconf 82' lang='lat' dir='ltr'><strong>desideria</strong></span> <span class='ocrx_word' id='word_1_693' title='bbox 3022 3294 3200 3349; x_wconf 79' lang='lat' dir='ltr'><strong>carnis</strong></span> <span class='ocrx_word' id='word_1_694' title='bbox 3252 3312 3357 3350; x_wconf 87' lang='lat' dir='ltr'><strong>non</strong></span> <span class='ocrx_word' id='word_1_695' title='bbox 3405 3301 3685 3371; x_wconf 79' lang='lat' dir='ltr'><strong>perﬁcietts</strong></span> 
     </span>
    </p>
   </div>
   <div class='ocr_carea' id='block_1_95' title="bbox 2095 3371 3683 3452">
    <p class='ocr_par' dir='ltr' id='par_1_95' title="bbox 2095 3371 3683 3452">
     <span class='ocr_line' id='line_1_95' title="bbox 2095 3371 3683 3452; baseline 0.014 -27"><span class='ocrx_word' id='word_1_696' title='bbox 2095 3371 2307 3446; x_wconf 83' lang='lat' dir='ltr'><strong>(Ibid.).</strong></span> <span class='ocrx_word' id='word_1_697' title='bbox 2348 3375 2625 3431; x_wconf 89' lang='lat' dir='ltr'><strong>Desideria</strong></span> <span class='ocrx_word' id='word_1_698' title='bbox 2671 3382 2855 3435; x_wconf 87' lang='lat' dir='ltr'><strong>carnis</strong></span> <span class='ocrx_word' id='word_1_699' title='bbox 2895 3381 3163 3452; x_wconf 87' lang='lat' dir='ltr'><strong>perﬁcere</strong></span> <span class='ocrx_word' id='word_1_700' title='bbox 3211 3396 3296 3444; x_wconf 90' lang='lat' dir='ltr'><strong>est</strong></span> <span class='ocrx_word' id='word_1_701' title='bbox 3328 3391 3510 3446; x_wconf 84' lang='lat' dir='ltr'><strong>carnis</strong></span> <span class='ocrx_word' id='word_1_702' title='bbox 3553 3408 3683 3448; x_wconf 92' lang='lat' dir='ltr'><strong>con-</strong></span> 
     </span>
    </p>
   </div>
   <div class='ocr_carea' id='block_1_96' title="bbox 2094 3462 3686 3546">
    <p class='ocr_par' dir='ltr' id='par_1_96' title="bbox 2094 3462 3686 3546">
     <span class='ocr_line' id='line_1_96' title="bbox 2094 3462 3686 3546; baseline 0.012 -27"><span class='ocrx_word' id='word_1_703' title='bbox 2094 3462 2458 3533; x_wconf 85' lang='lat' dir='ltr'><strong>cupiscentias</strong></span> <span class='ocrx_word' id='word_1_704' title='bbox 2487 3472 2544 3521; x_wconf 87' lang='lat' dir='ltr'><strong>et</strong></span> <span class='ocrx_word' id='word_1_705' title='bbox 2573 3477 2755 3522; x_wconf 87' lang='lat' dir='ltr'><strong>motus</strong></span> <span class='ocrx_word' id='word_1_706' title='bbox 2798 3473 3047 3539; x_wconf 87' lang='lat' dir='ltr'><strong>corporis</strong></span> <span class='ocrx_word' id='word_1_707' title='bbox 3101 3478 3424 3546; x_wconf 84' lang='lat' dir='ltr'><strong>temporales</strong></span> <span class='ocrx_word' id='word_1_708' title='bbox 3461 3481 3530 3535; x_wconf 85' lang='lat' dir='ltr'><strong>ad</strong></span> <span class='ocrx_word' id='word_1_709' title='bbox 3557 3481 3686 3539; x_wconf 76' lang='lat' dir='ltr'><strong>eﬁ‘e-</strong></span> 
     </span>
    </p>
   </div>
   <div class='ocr_carea' id='block_1_97' title="bbox 2095 3553 3679 3638">
    <p class='ocr_par' dir='ltr' id='par_1_97' title="bbox 2095 3553 3679 3638">
     <span class='ocr_line' id='line_1_97' title="bbox 2095 3553 3679 3638; baseline 0.012 -30"><span class='ocrx_word' id='word_1_710' title='bbox 2095 3559 2243 3608; x_wconf 89' lang='lat' dir='ltr'><strong>ctum</strong></span> <span class='ocrx_word' id='word_1_711' title='bbox 2269 3553 2451 3622; x_wconf 84' lang='lat' dir='ltr'><strong>operis</strong></span> <span class='ocrx_word' id='word_1_712' title='bbox 2462 3555 2781 3623; x_wconf 80' lang='lat' dir='ltr'><strong>perducere.</strong></span> <span class='ocrx_word' id='word_1_713' title='bbox 2813 3557 2952 3614; x_wconf 76' lang='lat' dir='ltr'><strong>Hinc</strong></span> <span class='ocrx_word' id='word_1_714' title='bbox 2978 3559 3173 3620; x_wconf 88' lang='lat' dir='ltr'><strong>Petrus</strong></span> <span class='ocrx_word' id='word_1_715' title='bbox 3195 3565 3272 3619; x_wconf 84' lang='lat' dir='ltr'><strong>ait</strong></span> <span class='ocrx_word' id='word_1_716' title='bbox 3302 3583 3319 3618; x_wconf 85' lang='lat'><strong>:</strong></span> <span class='ocrx_word' id='word_1_717' title='bbox 3345 3566 3679 3638; x_wconf 71' lang='lat' dir='ltr'><strong>Charissimi,</strong></span> 
     </span>
    </p>
   </div>
   <div class='ocr_carea' id='block_1_98' title="bbox 2095 3642 3783 3727">
    <p class='ocr_par' dir='ltr' id='par_1_98' title="bbox 2095 3642 3783 3727">
     <span class='ocr_line' id='line_1_98' title="bbox 2095 3642 3783 3727; baseline 0.014 -32"><span class='ocrx_word' id='word_1_718' title='bbox 2095 3642 2307 3697; x_wconf 80' lang='lat' dir='ltr'><strong>obsecro</strong></span> <span class='ocrx_word' id='word_1_719' title='bbox 2335 3659 2445 3710; x_wconf 80' lang='lat' dir='ltr'><strong>vos,</strong></span> <span class='ocrx_word' id='word_1_720' title='bbox 2469 3653 2722 3717; x_wconf 78' lang='lat' dir='ltr'><strong>tanquam</strong></span> <span class='ocrx_word' id='word_1_721' title='bbox 2744 3648 2975 3706; x_wconf 84' lang='lat' dir='ltr'><strong>advenas</strong></span> <span class='ocrx_word' id='word_1_722' title='bbox 3003 3662 3051 3708; x_wconf 91' lang='lat' dir='ltr'><strong>et</strong></span> <span class='ocrx_word' id='word_1_723' title='bbox 3075 3657 3400 3727; x_wconf 82' lang='lat' dir='ltr'><strong>peregrinos,</strong></span> <span class='ocrx_word' id='word_1_724' title='bbox 3425 3660 3683 3719; x_wconf 81' lang='lat' dir='ltr'><strong>abstinere</strong></span> <span class='ocrx_word' id='word_1_725' title='bbox 3782 3702 3783 3705; x_wconf 60' lang='grc' dir='ltr'><strong>η</strong></span> 
     </span>
    </p>
   </div>
   <div class='ocr_carea' id='block_1_99' title="bbox 2094 3735 3681 3816">
    <p class='ocr_par' dir='ltr' id='par_1_99' title="bbox 2094 3735 3681 3816">
     <span class='ocr_line' id='line_1_99' title="bbox 2094 3735 3681 3816; baseline 0.014 -29"><span class='ocrx_word' id='word_1_726' title='bbox 2094 3749 2182 3788; x_wconf 84' lang='lat' dir='ltr'><strong>vos</strong></span> <span class='ocrx_word' id='word_1_727' title='bbox 2219 3750 2253 3787; x_wconf 94' lang='lat' dir='ltr'><strong>a</strong></span> <span class='ocrx_word' id='word_1_728' title='bbox 2299 3735 2602 3792; x_wconf 84' lang='lat' dir='ltr'><strong>carnalibus</strong></span> <span class='ocrx_word' id='word_1_729' title='bbox 2636 3738 2954 3810; x_wconf 85' lang='lat' dir='ltr'><strong>desideriis,</strong></span> <span class='ocrx_word' id='word_1_730' title='bbox 3015 3761 3134 3816; x_wconf 79' lang='lat' dir='ltr'><strong>qute</strong></span> <span class='ocrx_word' id='word_1_731' title='bbox 3173 3747 3402 3805; x_wconf 85' lang='lat' dir='ltr'><strong>militant</strong></span> <span class='ocrx_word' id='word_1_732' title='bbox 3432 3753 3681 3810; x_wconf 81' lang='lat' dir='ltr'><strong>adversus</strong></span> 
     </span>
    </p>
   </div>
   <div class='ocr_carea' id='block_1_100' title="bbox 2094 3822 3682 3908">
    <p class='ocr_par' dir='ltr' id='par_1_100' title="bbox 2094 3822 3682 3908">
     <span class='ocr_line' id='line_1_100' title="bbox 2094 3822 3682 3908; baseline 0.016 -33"><span class='ocrx_word' id='word_1_733' title='bbox 2094 3822 2326 3876; x_wconf 81' lang='lat' dir='ltr'><strong>animant</strong></span> <span class='ocrx_word' id='word_1_734' title='bbox 2350 3823 2405 3894; x_wconf 85' lang='grc' dir='ltr'><strong>(Ι</strong></span> <span class='ocrx_word' id='word_1_735' title='bbox 2425 3824 2575 3882; x_wconf 89' lang='lat' dir='ltr'><strong>Petr.</strong></span> <span class='ocrx_word' id='word_1_736' title='bbox 2603 3827 2686 3900; x_wconf 85' lang='grc' dir='ltr'><strong>ιι).</strong></span> <span class='ocrx_word' id='word_1_737' title='bbox 2712 3829 2851 3886; x_wconf 84' lang='lat' dir='ltr'><strong>Dum</strong></span> <span class='ocrx_word' id='word_1_738' title='bbox 2880 3831 3025 3888; x_wconf 90' lang='lat' dir='ltr'><strong>enim</strong></span> <span class='ocrx_word' id='word_1_739' title='bbox 3051 3838 3509 3908; x_wconf 86' lang='lat' dir='ltr'><strong>concupiscentiis</strong></span> <span class='ocrx_word' id='word_1_740' title='bbox 3529 3843 3682 3900; x_wconf 89' lang='lat' dir='ltr'><strong>blan-</strong></span> 
     </span>
    </p>
   </div>
   <div class='ocr_carea' id='block_1_101' title="bbox 2093 3912 3682 3995">
    <p class='ocr_par' dir='ltr' id='par_1_101' title="bbox 2093 3912 3682 3995">
     <span class='ocr_line' id='line_1_101' title="bbox 2093 3912 3682 3995; baseline 0.013 -28"><span class='ocrx_word' id='word_1_741' title='bbox 2093 3912 2365 3970; x_wconf 85' lang='lat' dir='ltr'><strong>dientibus</strong></span> <span class='ocrx_word' id='word_1_742' title='bbox 2385 3929 2515 3971; x_wconf 88' lang='lat' dir='ltr'><strong>caro</strong></span> <span class='ocrx_word' id='word_1_743' title='bbox 2536 3919 2820 3976; x_wconf 83' lang='lat' dir='ltr'><strong>enerviter</strong></span> <span class='ocrx_word' id='word_1_744' title='bbox 2850 3921 3192 3995; x_wconf 84' lang='lat' dir='ltr'><strong>objurgatur,</strong></span> <span class='ocrx_word' id='word_1_745' title='bbox 3241 3928 3498 3985; x_wconf 87' lang='lat' dir='ltr'><strong>vitiorum</strong></span> <span class='ocrx_word' id='word_1_746' title='bbox 3525 3947 3682 3988; x_wconf 76' lang='lat' dir='ltr'><strong>exer-</strong></span> 
     </span>
    </p>
   </div>
   <div class='ocr_carea' id='block_1_102' title="bbox 2091 4004 3680 4078">
    <p class='ocr_par' dir='ltr' id='par_1_102' title="bbox 2091 4004 3680 4078">
     <span class='ocr_line' id='line_1_102' title="bbox 2091 4004 3680 4078; baseline 0.011 -18"><span class='ocrx_word' id='word_1_747' title='bbox 2091 4004 2235 4060; x_wconf 87' lang='lat' dir='ltr'><strong>citus</strong></span> <span class='ocrx_word' id='word_1_748' title='bbox 2255 4005 2487 4061; x_wconf 89' lang='lat' dir='ltr'><strong>ﬁrmiter</strong></span> <span class='ocrx_word' id='word_1_749' title='bbox 2515 4009 2780 4067; x_wconf 86' lang='lat' dir='ltr'><strong>adversus</strong></span> <span class='ocrx_word' id='word_1_750' title='bbox 2814 4014 3050 4068; x_wconf 86' lang='lat' dir='ltr'><strong>animam</strong></span> <span class='ocrx_word' id='word_1_751' title='bbox 3077 4024 3344 4072; x_wconf 88' lang='lat' dir='ltr'><strong>armatur.</strong></span> <span class='ocrx_word' id='word_1_752' title='bbox 3403 4020 3680 4078; x_wconf 88' lang='lat' dir='ltr'><strong>Desideria</strong></span> 
     </span>
    </p>
   </div>
   <div class='ocr_carea' id='block_1_103' title="bbox 2092 4093 3683 4167">
    <p class='ocr_par' dir='ltr' id='par_1_103' title="bbox 2092 4093 3683 4167">
     <span class='ocr_line' id='line_1_103' title="bbox 2092 4093 3683 4167; baseline 0.013 -19"><span class='ocrx_word' id='word_1_753' title='bbox 2092 4093 2238 4148; x_wconf 85' lang='lat' dir='ltr'><strong>enim</strong></span> <span class='ocrx_word' id='word_1_754' title='bbox 2263 4096 2507 4152; x_wconf 86' lang='lat' dir='ltr'><strong>carnalia</strong></span> <span class='ocrx_word' id='word_1_755' title='bbox 2533 4106 2662 4153; x_wconf 84' lang='lat' dir='ltr'><strong>sunt</strong></span> <span class='ocrx_word' id='word_1_756' title='bbox 2702 4098 2929 4157; x_wconf 79' lang='lat' dir='ltr'><strong>effectus</strong></span> <span class='ocrx_word' id='word_1_757' title='bbox 2955 4104 3187 4159; x_wconf 75' lang='lat' dir='ltr'><strong>sordida:</strong></span> <span class='ocrx_word' id='word_1_758' title='bbox 3226 4107 3598 4166; x_wconf 86' lang='lat' dir='ltr'><strong>delectationis</strong></span> <span class='ocrx_word' id='word_1_759' title='bbox 3625 4121 3683 4167; x_wconf 88' lang='lat' dir='ltr'><strong>et</strong></span> 
     </span>
    </p>
   </div>
   <div class='ocr_carea' id='block_1_104' title="bbox 2093 4183 3677 4266">
    <p class='ocr_par' dir='ltr' id='par_1_104' title="bbox 2093 4183 3677 4266">
     <span class='ocr_line' id='line_1_104' title="bbox 2093 4183 3677 4266; baseline 0.014 -27"><span class='ocrx_word' id='word_1_760' title='bbox 2093 4183 2362 4242; x_wconf 61' lang='lat' dir='ltr'><strong>illecebrae</strong></span> <span class='ocrx_word' id='word_1_761' title='bbox 2388 4190 2688 4246; x_wconf 89' lang='lat' dir='ltr'><strong>carnalium</strong></span> <span class='ocrx_word' id='word_1_762' title='bbox 2737 4193 3026 4262; x_wconf 90' lang='lat' dir='ltr'><strong>vitiorum,</strong></span> <span class='ocrx_word' id='word_1_763' title='bbox 3081 4198 3279 4266; x_wconf 88' lang='lat' dir='ltr'><strong>quibus</strong></span> <span class='ocrx_word' id='word_1_764' title='bbox 3320 4201 3529 4259; x_wconf 87' lang='lat' dir='ltr'><strong>illectus</strong></span> <span class='ocrx_word' id='word_1_765' title='bbox 3558 4212 3677 4261; x_wconf 85' lang='lat' dir='ltr'><strong>mo-</strong></span> 
     </span>
    </p>
   </div>
   <div class='ocr_carea' id='block_1_105' title="bbox 2092 4278 3676 4367">
    <p class='ocr_par' dir='ltr' id='par_1_105' title="bbox 2092 4278 3676 4367">
     <span class='ocr_line' id='line_1_105' title="bbox 2092 4278 3676 4367; baseline 0.015 -37"><span class='ocrx_word' id='word_1_766' title='bbox 2092 4278 2334 4346; x_wconf 83' lang='lat' dir='ltr'><strong>nachus,</strong></span> <span class='ocrx_word' id='word_1_767' title='bbox 2384 4282 2541 4337; x_wconf 87' lang='lat' dir='ltr'><strong>vanis</strong></span> <span class='ocrx_word' id='word_1_768' title='bbox 2568 4281 2766 4341; x_wconf 86' lang='lat' dir='ltr'><strong>fabulis</strong></span> <span class='ocrx_word' id='word_1_769' title='bbox 2789 4294 2846 4342; x_wconf 89' lang='lat' dir='ltr'><strong>et</strong></span> <span class='ocrx_word' id='word_1_770' title='bbox 2871 4289 3053 4344; x_wconf 88' lang='lat' dir='ltr'><strong>verbis</strong></span> <span class='ocrx_word' id='word_1_771' title='bbox 3092 4290 3395 4348; x_wconf 87' lang='lat' dir='ltr'><strong>delectatur</strong></span> <span class='ocrx_word' id='word_1_772' title='bbox 3422 4311 3676 4367; x_wconf 88' lang='lat' dir='ltr'><strong>superva-</strong></span> 
     </span>
    </p>
   </div>
   <div class='ocr_carea' id='block_1_106' title="bbox 2092 4367 3677 4444">
    <p class='ocr_par' dir='ltr' id='par_1_106' title="bbox 2092 4367 3677 4444">
     <span class='ocr_line' id='line_1_106' title="bbox 2092 4367 3677 4444; baseline 0.015 -24"><span class='ocrx_word' id='word_1_773' title='bbox 2092 4367 2245 4434; x_wconf 89' lang='lat' dir='ltr'><strong>cuis,</strong></span> <span class='ocrx_word' id='word_1_774' title='bbox 2286 4380 2344 4425; x_wconf 92' lang='lat' dir='ltr'><strong>et</strong></span> <span class='ocrx_word' id='word_1_775' title='bbox 2369 4374 2696 4441; x_wconf 88' lang='lat' dir='ltr'><strong>spectaculis</strong></span> <span class='ocrx_word' id='word_1_776' title='bbox 2740 4391 2924 4432; x_wconf 87' lang='lat' dir='ltr'><strong>rerum</strong></span> <span class='ocrx_word' id='word_1_777' title='bbox 2974 4382 3318 4438; x_wconf 88' lang='lat' dir='ltr'><strong>terrestrium</strong></span> <span class='ocrx_word' id='word_1_778' title='bbox 3357 4392 3414 4441; x_wconf 93' lang='lat' dir='ltr'><strong>et</strong></span> <span class='ocrx_word' id='word_1_779' title='bbox 3444 4388 3677 4444; x_wconf 86' lang='lat' dir='ltr'><strong>terrenis</strong></span> 
     </span>
    </p>
   </div>
   <div class='ocr_carea' id='block_1_107' title="bbox 2015 4460 3673 4539">
    <p class='ocr_par' dir='ltr' id='par_1_107' title="bbox 2015 4460 3673 4539">
     <span class='ocr_line' id='line_1_107' title="bbox 2015 4460 3673 4539; baseline 0.011 -27"><span class='ocrx_word' id='word_1_780' title='bbox 2015 4464 2069 4524; x_wconf 89' lang='lat' dir='ltr'><strong>D</strong></span> <span class='ocrx_word' id='word_1_781' title='bbox 2093 4460 2305 4530; x_wconf 84' lang='lat' dir='ltr'><strong>gaudiis</strong></span> <span class='ocrx_word' id='word_1_782' title='bbox 2352 4462 2699 4533; x_wconf 89' lang='lat' dir='ltr'><strong>delectatur;</strong></span> <span class='ocrx_word' id='word_1_783' title='bbox 2740 4466 2974 4539; x_wconf 87' lang='lat' dir='ltr'><strong>ingluvie</strong></span> <span class='ocrx_word' id='word_1_784' title='bbox 3020 4473 3231 4529; x_wconf 84' lang='lat' dir='ltr'><strong>ventris</strong></span> <span class='ocrx_word' id='word_1_785' title='bbox 3283 4484 3341 4530; x_wconf 91' lang='lat' dir='ltr'><strong>et</strong></span> <span class='ocrx_word' id='word_1_786' title='bbox 3402 4476 3673 4533; x_wconf 84' lang='lat' dir='ltr'><strong>desiderio</strong></span> 
     </span>
    </p>
   </div>
   <div class='ocr_carea' id='block_1_108' title="bbox 2093 4551 3674 4631">
    <p class='ocr_par' dir='ltr' id='par_1_108' title="bbox 2093 4551 3674 4631">
     <span class='ocr_line' id='line_1_108' title="bbox 2093 4551 3674 4631; baseline 0.011 -28"><span class='ocrx_word' id='word_1_787' title='bbox 2093 4551 2330 4620; x_wconf 86' lang='lat' dir='ltr'><strong>gutturis</strong></span> <span class='ocrx_word' id='word_1_788' title='bbox 2358 4562 2644 4622; x_wconf 80' lang='lat' dir='ltr'><strong>exaestuat,</strong></span> <span class='ocrx_word' id='word_1_789' title='bbox 2695 4558 2993 4616; x_wconf 83' lang='lat' dir='ltr'><strong>ambitione</strong></span> <span class='ocrx_word' id='word_1_790' title='bbox 3044 4561 3313 4619; x_wconf 90' lang='lat' dir='ltr'><strong>honorum</strong></span> <span class='ocrx_word' id='word_1_791' title='bbox 3367 4566 3674 4631; x_wconf 88' lang='lat' dir='ltr'><strong>conﬁcitur,</strong></span> 
     </span>
    </p>
   </div>
   <div class='ocr_carea' id='block_1_109' title="bbox 2092 4640 3801 4726">
    <p class='ocr_par' dir='ltr' id='par_1_109' title="bbox 2092 4640 3801 4726">
     <span class='ocr_line' id='line_1_109' title="bbox 2092 4640 3801 4726; baseline 0.013 -34"><span class='ocrx_word' id='word_1_792' title='bbox 2092 4647 2149 4693; x_wconf 92' lang='lat' dir='ltr'><strong>et</strong></span> <span class='ocrx_word' id='word_1_793' title='bbox 2172 4640 2425 4701; x_wconf 87' lang='lat' dir='ltr'><strong>humanis</strong></span> <span class='ocrx_word' id='word_1_794' title='bbox 2449 4644 2698 4704; x_wconf 89' lang='lat' dir='ltr'><strong>laudibus</strong></span> <span class='ocrx_word' id='word_1_795' title='bbox 2723 4649 2810 4705; x_wconf 91' lang='lat' dir='ltr'><strong>vel</strong></span> <span class='ocrx_word' id='word_1_796' title='bbox 2838 4649 3108 4709; x_wconf 86' lang='lat' dir='ltr'><strong>illecebris</strong></span> <span class='ocrx_word' id='word_1_797' title='bbox 3149 4671 3301 4711; x_wconf 82' lang='lat' dir='ltr'><strong>vanae</strong></span> <span class='ocrx_word' id='word_1_798' title='bbox 3329 4656 3515 4726; x_wconf 69' lang='lat' dir='ltr'><strong>gloria:</strong></span> <span class='ocrx_word' id='word_1_799' title='bbox 3540 4658 3674 4714; x_wconf 88' lang='lat' dir='ltr'><strong>dcli-</strong></span> <span class='ocrx_word' id='word_1_800' title='bbox 3782 4654 3801 4675; x_wconf 79' lang='lat'>‘</span> 
     </span>
    </p>
   </div>
   <div class='ocr_carea' id='block_1_110' title="bbox 2088 4732 3672 4827">
    <p class='ocr_par' dir='ltr' id='par_1_110' title="bbox 2088 4732 3672 4827">
     <span class='ocr_line' id='line_1_110' title="bbox 2088 4732 3672 4827; baseline 0.015 -40"><span class='ocrx_word' id='word_1_801' title='bbox 2088 4732 2270 4800; x_wconf 88' lang='lat' dir='ltr'><strong>nitur;</strong></span> <span class='ocrx_word' id='word_1_802' title='bbox 2311 4750 2408 4791; x_wconf 90' lang='lat' dir='ltr'><strong>eor</strong></span> <span class='ocrx_word' id='word_1_803' title='bbox 2445 4738 2707 4796; x_wconf 85' lang='lat' dir='ltr'><strong>miserum</strong></span> <span class='ocrx_word' id='word_1_804' title='bbox 2733 4742 2786 4796; x_wconf 90' lang='lat' dir='ltr'><strong>in</strong></span> <span class='ocrx_word' id='word_1_805' title='bbox 2834 4747 3085 4815; x_wconf 88' lang='lat' dir='ltr'><strong>superbia</strong></span> <span class='ocrx_word' id='word_1_806' title='bbox 3113 4747 3325 4817; x_wconf 89' lang='lat' dir='ltr'><strong>elevat,</strong></span> <span class='ocrx_word' id='word_1_807' title='bbox 3362 4761 3429 4827; x_wconf 54' lang='lat' dir='ltr'><strong>et</strong></span> <span class='ocrx_word' id='word_1_808' title='bbox 3452 4751 3506 4807; x_wconf 92' lang='lat' dir='ltr'><strong>in</strong></span> <span class='ocrx_word' id='word_1_809' title='bbox 3556 4768 3672 4809; x_wconf 85' lang='lat' dir='ltr'><strong>om-</strong></span> 
     </span>
    </p>
   </div>
   <div class='ocr_carea' id='block_1_111' title="bbox 2088 4822 3672 4916">
    <p class='ocr_par' dir='ltr' id='par_1_111' title="bbox 2088 4822 3672 4916">
     <span class='ocr_line' id='line_1_111' title="bbox 2088 4822 3672 4916; baseline 0.016 -41"><span class='ocrx_word' id='word_1_810' title='bbox 2088 4822 2241 4877; x_wconf 89' lang='lat' dir='ltr'><strong>nium</strong></span> <span class='ocrx_word' id='word_1_811' title='bbox 2280 4825 2534 4882; x_wconf 87' lang='lat' dir='ltr'><strong>vitiorum</strong></span> <span class='ocrx_word' id='word_1_812' title='bbox 2590 4831 2990 4891; x_wconf 89' lang='lat' dir='ltr'><strong>multitudinem</strong></span> <span class='ocrx_word' id='word_1_813' title='bbox 3040 4837 3372 4896; x_wconf 86' lang='lat' dir='ltr'><strong>malesanum</strong></span> <span class='ocrx_word' id='word_1_814' title='bbox 3422 4822 3672 4916; x_wconf 59' lang='lat' dir='ltr'><strong>praecipi-</strong></span> 
     </span>
    </p>
   </div>
   <div class='ocr_carea' id='block_1_112' title="bbox 2090 4910 3670 4990">
    <p class='ocr_par' dir='ltr' id='par_1_112' title="bbox 2090 4910 3670 4990">
     <span class='ocr_line' id='line_1_112' title="bbox 2090 4910 3670 4990; baseline 0.016 -26"><span class='ocrx_word' id='word_1_815' title='bbox 2090 4917 2188 4965; x_wconf 88' lang='lat' dir='ltr'><strong>tat.</strong></span> <span class='ocrx_word' id='word_1_816' title='bbox 2229 4910 2303 4966; x_wconf 82' lang='lat' dir='ltr'><strong>A-t</strong></span> <span class='ocrx_word' id='word_1_817' title='bbox 2349 4924 2540 4970; x_wconf 91' lang='lat' dir='ltr'><strong>contra</strong></span> <span class='ocrx_word' id='word_1_818' title='bbox 2593 4922 2891 4978; x_wconf 89' lang='lat' dir='ltr'><strong>monachus</strong></span> <span class='ocrx_word' id='word_1_819' title='bbox 2921 4964 2936 4989; x_wconf 90' lang='lat'><strong>,</strong></span> <span class='ocrx_word' id='word_1_820' title='bbox 3000 4926 3089 4982; x_wconf 92' lang='lat' dir='ltr'><strong>cui</strong></span> <span class='ocrx_word' id='word_1_821' title='bbox 3153 4910 3441 4988; x_wconf 68' lang='lat' dir='ltr'><strong>desideria</strong></span> <span class='ocrx_word' id='word_1_822' title='bbox 3489 4910 3670 4990; x_wconf 78' lang='lat' dir='ltr'><strong>carnis</strong></span> 
     </span>
    </p>
   </div>
   <div class='ocr_carea' id='block_1_113' title="bbox 2086 5000 3665 5080">
    <p class='ocr_par' dir='ltr' id='par_1_113' title="bbox 2086 5000 3665 5080">
     <span class='ocr_line' id='line_1_113' title="bbox 2086 5000 3665 5080; baseline 0.018 -26"><span class='ocrx_word' id='word_1_823' title='bbox 2086 5000 2309 5072; x_wconf 90' lang='lat' dir='ltr'><strong>implere</strong></span> <span class='ocrx_word' id='word_1_824' title='bbox 2349 5005 2575 5063; x_wconf 90' lang='lat' dir='ltr'><strong>minime</strong></span> <span class='ocrx_word' id='word_1_825' title='bbox 2612 5010 2879 5077; x_wconf 90' lang='lat' dir='ltr'><strong>delectat,</strong></span> <span class='ocrx_word' id='word_1_826' title='bbox 2923 5015 3217 5077; x_wconf 88' lang='lat' dir='ltr'><strong>virtutibus</strong></span> <span class='ocrx_word' id='word_1_827' title='bbox 3271 5025 3445 5080; x_wconf 88' lang='lat' dir='ltr'><strong>sacris</strong></span> <span class='ocrx_word' id='word_1_828' title='bbox 3484 5041 3665 5080; x_wconf 84' lang='lat' dir='ltr'><strong>arma—</strong></span> 
     </span>
    </p>
   </div>
   <div class='ocr_carea' id='block_1_114' title="bbox 2084 5097 3661 5188">
    <p class='ocr_par' dir='ltr' id='par_1_114' title="bbox 2084 5097 3661 5188">
     <span class='ocr_line' id='line_1_114' title="bbox 2084 5097 3661 5188; baseline 0.016 -43"><span class='ocrx_word' id='word_1_829' title='bbox 2084 5099 2206 5159; x_wconf 89' lang='lat' dir='ltr'><strong>tus,</strong></span> <span class='ocrx_word' id='word_1_830' title='bbox 2245 5103 2438 5151; x_wconf 88' lang='lat' dir='ltr'><strong>contra</strong></span> <span class='ocrx_word' id='word_1_831' title='bbox 2484 5097 2757 5158; x_wconf 88' lang='lat' dir='ltr'><strong>desideria</strong></span> <span class='ocrx_word' id='word_1_832' title='bbox 2793 5105 2878 5160; x_wconf 87' lang='lat' dir='ltr'><strong>vel</strong></span> <span class='ocrx_word' id='word_1_833' title='bbox 2917 5108 3051 5164; x_wconf 88' lang='lat' dir='ltr'><strong>vitia</strong></span> <span class='ocrx_word' id='word_1_834' title='bbox 3088 5115 3272 5170; x_wconf 87' lang='lat' dir='ltr'><strong>carnis</strong></span> <span class='ocrx_word' id='word_1_835' title='bbox 3316 5115 3530 5173; x_wconf 81' lang='lat' dir='ltr'><strong>fortiter</strong></span> <span class='ocrx_word' id='word_1_836' title='bbox 3566 5135 3661 5188; x_wconf 86' lang='lat' dir='ltr'><strong>pn-</strong></span> 
     </span>
    </p>
   </div>
   <div class='ocr_carea' id='block_1_115' title="bbox 2081 5189 3665 5264">
    <p class='ocr_par' dir='ltr' id='par_1_115' title="bbox 2081 5189 3665 5264">
     <span class='ocr_line' id='line_1_115' title="bbox 2081 5189 3665 5264; baseline 0.018 -28"><span class='ocrx_word' id='word_1_837' title='bbox 2081 5193 2243 5254; x_wconf 87' lang='lat' dir='ltr'><strong>gnat,</strong></span> <span class='ocrx_word' id='word_1_838' title='bbox 2280 5194 2338 5241; x_wconf 87' lang='lat' dir='ltr'><strong>et</strong></span> <span class='ocrx_word' id='word_1_839' title='bbox 2374 5189 2637 5246; x_wconf 87' lang='lat' dir='ltr'><strong>adversus</strong></span> <span class='ocrx_word' id='word_1_840' title='bbox 2666 5193 2900 5264; x_wconf 91' lang='lat' dir='ltr'><strong>impetus</strong></span> <span class='ocrx_word' id='word_1_841' title='bbox 2924 5199 3181 5259; x_wconf 89' lang='lat' dir='ltr'><strong>vitiorum</strong></span> <span class='ocrx_word' id='word_1_842' title='bbox 3226 5209 3518 5264; x_wconf 89' lang='lat' dir='ltr'><strong>contrariis</strong></span> <span class='ocrx_word' id='word_1_843' title='bbox 3554 5210 3665 5263; x_wconf 84' lang='lat' dir='ltr'><strong>vir-</strong></span> 
     </span>
    </p>
   </div>
   <div class='ocr_carea' id='block_1_116' title="bbox 2083 5459 3658 5551">
    <p class='ocr_par' dir='ltr' id='par_1_116' title="bbox 2083 5459 3658 5551">
     <span class='ocr_line' id='line_1_116' title="bbox 2083 5459 3658 5551; baseline 0.015 -40"><span class='ocrx_word' id='word_1_844' title='bbox 2083 5465 2166 5512; x_wconf 90' lang='lat' dir='ltr'><strong>tra</strong></span> <span class='ocrx_word' id='word_1_845' title='bbox 2204 5459 2386 5515; x_wconf 90' lang='lat' dir='ltr'><strong>odium</strong></span> <span class='ocrx_word' id='word_1_846' title='bbox 2417 5463 2757 5524; x_wconf 87' lang='lat' dir='ltr'><strong>dilectionem</strong></span> <span class='ocrx_word' id='word_1_847' title='bbox 2803 5484 3089 5545; x_wconf 73' lang='lat' dir='ltr'><strong>prmparat,</strong></span> <span class='ocrx_word' id='word_1_848' title='bbox 3152 5486 3336 5532; x_wconf 90' lang='lat' dir='ltr'><strong>contra</strong></span> <span class='ocrx_word' id='word_1_849' title='bbox 3382 5480 3517 5533; x_wconf 85' lang='lat' dir='ltr'><strong>iram</strong></span> <span class='ocrx_word' id='word_1_850' title='bbox 3562 5497 3658 5551; x_wconf 77' lang='lat' dir='ltr'><strong>op-</strong></span> 
     </span>
    </p>
   </div>
   <div class='ocr_carea' id='block_1_117' title="bbox 2079 5548 3654 5641">
    <p class='ocr_par' dir='ltr' id='par_1_117' title="bbox 2079 5548 3654 5641">
     <span class='ocr_line' id='line_1_117' title="bbox 2079 5548 3654 5641; baseline 0.015 -41"><span class='ocrx_word' id='word_1_851' title='bbox 2079 5548 2233 5616; x_wconf 89' lang='lat' dir='ltr'><strong>ponit</strong></span> <span class='ocrx_word' id='word_1_852' title='bbox 2261 5550 2574 5619; x_wconf 85' lang='lat' dir='ltr'><strong>patientiam</strong></span> <span class='ocrx_word' id='word_1_853' title='bbox 2600 5596 2614 5621; x_wconf 94' lang='lat'><strong>,</strong></span> <span class='ocrx_word' id='word_1_854' title='bbox 2656 5569 2846 5617; x_wconf 90' lang='lat' dir='ltr'><strong>contra</strong></span> <span class='ocrx_word' id='word_1_855' title='bbox 2879 5565 3123 5619; x_wconf 83' lang='lat' dir='ltr'><strong>timorem</strong></span> <span class='ocrx_word' id='word_1_856' title='bbox 3157 5565 3425 5631; x_wconf 85' lang='lat' dir='ltr'><strong>fiduciam,</strong></span> <span class='ocrx_word' id='word_1_857' title='bbox 3492 5548 3654 5641; x_wconf 65' lang='lat' dir='ltr'><strong>largi-</strong></span> 
     </span>
    </p>
   </div>
   <div class='ocr_carea' id='block_1_118' title="bbox 2080 5648 3654 5733">
    <p class='ocr_par' dir='ltr' id='par_1_118' title="bbox 2080 5648 3654 5733">
     <span class='ocr_line' id='line_1_118' title="bbox 2080 5648 3654 5733; baseline 0.015 -40"><span class='ocrx_word' id='word_1_858' title='bbox 2080 5648 2246 5695; x_wconf 87' lang='lat' dir='ltr'><strong>tatem</strong></span> <span class='ocrx_word' id='word_1_859' title='bbox 2270 5653 2456 5700; x_wconf 89' lang='lat' dir='ltr'><strong>contra</strong></span> <span class='ocrx_word' id='word_1_860' title='bbox 2484 5650 2770 5705; x_wconf 84' lang='lat' dir='ltr'><strong>avaritiam</strong></span> <span class='ocrx_word' id='word_1_861' title='bbox 2794 5693 2808 5718; x_wconf 90' lang='lat'><strong>,</strong></span> <span class='ocrx_word' id='word_1_862' title='bbox 2853 5654 3208 5710; x_wconf 87' lang='lat' dir='ltr'><strong>humilitatem</strong></span> <span class='ocrx_word' id='word_1_863' title='bbox 3248 5666 3435 5713; x_wconf 85' lang='lat' dir='ltr'><strong>contra</strong></span> <span class='ocrx_word' id='word_1_864' title='bbox 3465 5676 3654 5733; x_wconf 83' lang='lat' dir='ltr'><strong>supcr-</strong></span> 
     </span>
    </p>
   </div>
   <div class='ocr_carea' id='block_1_119' title="bbox 2076 5731 3650 5863">
    <p class='ocr_par' dir='ltr' id='par_1_119' title="bbox 2076 5731 3650 5863">
     <span class='ocr_line' id='line_1_119' title="bbox 2076 5731 3650 5863; baseline 0.013 -74"><span class='ocrx_word' id='word_1_865' title='bbox 2076 5731 2243 5789; x_wconf 83' lang='lat' dir='ltr'><strong>biam.</strong></span> <span class='ocrx_word' id='word_1_866' title='bbox 2269 5734 2337 5791; x_wconf 79' lang='lat' dir='ltr'><strong>Et</strong></span> <span class='ocrx_word' id='word_1_867' title='bbox 2361 5736 2437 5793; x_wconf 80' lang='lat' dir='ltr'><strong>sic</strong></span> <span class='ocrx_word' id='word_1_868' title='bbox 2462 5738 2688 5810; x_wconf 79' lang='lat' dir='ltr'><strong>singulis</strong></span> <span class='ocrx_word' id='word_1_869' title='bbox 2712 5742 2855 5797; x_wconf 86' lang='lat' dir='ltr'><strong>vitiis</strong></span> <span class='ocrx_word' id='word_1_870' title='bbox 2887 5744 3123 5815; x_wconf 79' lang='lat' dir='ltr'><strong>singulas</strong></span> <span class='ocrx_word' id='word_1_871' title='bbox 3150 5750 3375 5820; x_wconf 85' lang='lat' dir='ltr'><strong>opponit</strong></span> <span class='ocrx_word' id='word_1_872' title='bbox 3400 5753 3650 5863; x_wconf 55' lang='lat' dir='ltr'><strong>virtutes,</strong></span> 
     </span>
    </p>
   </div>
  </div>
