3992 6206
329 327 426 395 787

1608 316 1958 376 SMAR.-\Gl)l
1996 315 2284 371 ABBATIS

3475 303 3584 360 788

330 463 392 508 ut
418 465 526 508 non
554 447 635 507 eis
660 457 947 520 superatus
971 443 1306 506 succumbat,
1334 440 1449 505 sed,
1476 438 1581 492 illis
1607 432 1898 506 superatis,
1931 433 1979 493 Α
2007 426 2313 485 sanctitatis
2340 425 2524 480 volunt
2551 424 2750 478 habere
2775 463 2788 485 ,
2831 420 2924 520 sed
2965 416 3272 520 Sanctitatis
3305 430 3444 487 opus
3470 431 3579 520 non

333 543 511 598 victor
538 540 754 598 existat.

410 633 744 689 Voluntatem
783 630 1050 700 propriam
1094 625 1260 680 odire.
1309 623 1594 692 Propriam
1649 619 1815 682 dicit,
1850 616 1905 671 id

334 733 420 782 est
460 721 726 794 privatam
755 762 770 788 ,
806 719 891 774 vel
941 717 1286 790 singulariter
1312 731 1497 779 suam,
1535 727 1697 784 quam
1726 709 1905 764 nullus

335 818 472 872 alius
503 816 793 887 approbat,
847 811 1024 868 nullus
1041 813 1245 882 justam
1275 824 1394 865 esse
1423 806 1746 878 proclamat,
1778 803 1905 872 quia

335 906 437 961 etsi
465 905 606 959 bona
630 903 704 958 illi
732 903 942 958 videtur
969 902 1059 972 qui
1090 915 1208 956 eam
1254 907 1481 954 conatur
1513 893 1754 963 implere,
1783 893 1905 947 ideo

333 1013 442 1053 non
465 1005 550 1052 est
577 999 714 1053 bona
737 1038 753 1062 ,
793 994 918 1065 quia
945 994 1161 1063 propria
1177 1023 1198 1056 -,
1238 999 1290 1046 et
1340 991 1465 1059 quia
1495 988 1695 1043 nullius
1725 984 1904 1039 Patris
1985 1031 1989 1035 .

334 1085 560 1142 consilio
585 1085 895 1156 approbata.
927 1083 1065 1137 Hinc
1103 1080 1244 1136 enim
1290 1080 1552 1148 scriptum
1587 1084 1672 1131 est
1711 1093 1725 1129 :
1776 1072 1907 1128 Post

335 1175 778 1245 concupiscentias
827 1180 948 1226 tuas
991 1187 1098 1224 non
1156 1181 1279 1235 eas,
1326 1177 1374 1222 et
1422 1168 1455 1220 α
1510 1163 1774 1220 voluntate
1815 1169 1908 1214 tua

333 1273 563 1318 avertere
585 1261 961 1335 (Eccliavm).
996 1260 1138 1318 Hinc
1163 1258 1422 1314 Dominus
1453 1255 1529 1310 alt
1567 1271 1580 1307 :
1645 1252 1768 1306 Non
1792 1250 1908 1305 veni

336 1352 510 1420 facere
570 1351 884 1406 voluntatem
941 1367 1108 1404 meam
1139 1390 1156 1415 ,
1217 1349 1309 1402 sed
1347 1347 1463 1418 ejus
1511 1345 1602 1418 qui
1641 1359 1722 1397 me
1768 1340 1909 1396 misit

336 1443 521 1517 (Joan.
551 1443 650 1515 vr).
677 1441 863 1496 Sancti
906 1443 1048 1506 viri,
1087 1440 1336 1511 proprias
1380 1437 1689 1492 voluntates
1715 1447 1911 1487 renun-

339 1537 574 1599 tiantes,
632 1534 712 1589 sic
763 1534 891 1588 huic
947 1533 1145 1587 mundo
1193 1531 1518 1592 moriuntur,
1559 1536 1619 1580 ut
1662 1525 1763 1581 soli
1799 1524 1911 1578 Deo

339 1637 525 1690 vivere
552 1634 906 1690 delectentur.
941 1634 1008 1688 Et
1036 1639 1240 1702 quanto
1265 1645 1324 1686 se
1350 1630 1420 1685 ab
1436 1625 1598 1696 huius
1622 1625 1913 1697 voluptati-

335 1727 440 1780 bus
455 1725 796 1789 subtrahunt,
827 1732 977 1780 tanto
991 1723 1335 1792 prazsentiam
1355 1720 1450 1775 Dei
1472 1726 1526 1773 et
1543 1717 1802 1787 angelica:
1823 1727 1913 1771 so-

2006 518 2232 588 cupiunt
2282 529 2556 572 exercere.
2614 513 2754 584 Ergo
2779 511 2870 580 qui
2917 507 3223 564 sanctitatis
3254 523 3450 563 nomen
3484 508 3588 563 ha-

1995 609 2135 663 bere
2159 604 2468 668 desiderat,
2506 616 2728 657 necesse
2753 609 2915 655 estut
2937 599 3090 669 prius
3116 597 3425 653 sanctitatis
3447 611 3586 669 opus

2005 694 2168 769 agere
2203 695 2310 752 non
2339 697 2588 751 desistat.
2627 693 2889 747 Dominus
2923 697 3102 744 autem
3134 688 3258 743 ﬁliis
3280 688 3449 744 Israel
3474 705 3583 744 non

2005 786 2144 843 dixit
2177 805 2189 840 :
2218 785 2473 840 Dicimini
2519 782 2713 846 sancti,
2770 782 2897 851 quia
2927 787 2982 833 et
3033 794 3132 848 ego
3159 786 3380 834 sanctus
3409 777 3587 844 dicor,

2006 873 2100 932 sed
2119 918 2134 942 ,
2166 873 2364 938 Estote,
2395 875 2610 945 inquit,
2642 873 2812 927 sancti
2835 912 2850 937 ,
2890 869 3015 942 quia
3035 879 3086 924 et
3114 871 3207 940 ego
3234 879 3448 924 sanctus
3469 886 3587 924 sunt

2007 967 2262 1022 Dominus
2305 965 2446 1019 Dens
2473 974 2639 1018 vester
2689 961 2875 1035 (Leuit.
2904 975 2985 1023 xl,
3029 975 3122 1014 xxx
3166 967 3222 1014 et
3250 958 3367 1031 xx).
3427 958 3586 1014 Unde

2007 1072 2229 1113 necesse
2255 1061 2339 1110 est
2362 1066 2421 1110 ut
2439 1055 2532 1125 qui
2557 1053 2673 1109 vult
2704 1053 2810 1108 dici
2845 1055 3084 1116 sanctus,
3113 1050 3417 1106 sanctitatis
3431 1051 3585 1120 prius

2009 1147 2230 1204 festinet
2281 1151 2442 1218 agere
2465 1161 2618 1216 opus,
2653 1152 2708 1198 et
2735 1142 3010 1214 spiritales
3055 1142 3323 1210 sagaciter
3350 1154 3597 1211 quaerere

2007 1237 2254 1302 fructus,
2303 1237 2500 1306 quibus
2541 1235 2774 1290 refertus
2823 1233 2970 1302 juste
3017 1233 3189 1302 possit
3233 1231 3340 1287 dici
3390 1241 3598 1286 etesse

2012 1339 2252 1386 sanctus.
2291 1327 2464 1383 Nemo
2493 1326 2596 1383 rite
2636 1323 2837 1396 poterit
2896 1323 3002 1380 dici
3031 1331 3257 1379 sanctus
3285 1363 3300 1389 ,
3351 1319 3456 1378 nisi
3500 1323 3596 1393 qui

2013 1420 2250 1491 Spiritus
2278 1418 2453 1474 sancti
2495 1416 2759 1472 meruerit
2799 1416 3048 1484 accipere
3095 1410 3327 1469 fructus.
3361 1409 3595 1468 Fructus

2013 1519 2186 1565 autem
2233 1510 2450 1581 spiritus
2478 1516 2576 1573 est,
2621 1516 2683 1561 ut
2709 1507 2785 1561 ait
2811 1499 3141 1577 Apostolus,
3181 1507 3436 1568 charitas,
3467 1521 3600 1575 gau-

2016 1603 2160 1657 dium
2180 1643 2195 1669 ,
2233 1613 2370 1672 pax,
2402 1601 2797 1672 longanimitas,
2850 1599 3075 1664 bonitas,
3107 1600 3417 1670 benignitas,
3441 1599 3598 1667 ﬁdes,

2015 1695 2292 1760 modestia,
2323 1693 2670 1748 mansuetudo
2705 1689 2906 1764 (Galat.
2941 1691 3015 1764 v).
3053 1700 3109 1746 et
3136 1689 3455 1746 obterarum
3482 1705 3602 1745 om-

336 1817 551 1872 cietatis
573 1815 934 1884 frequentiam
963 1814 1161 1868 mentis
1201 1812 1318 1866 acie
1345 1808 1796 1877 eontemplantur.
1829 1805 1910 1860 Ad

2022 1787 2161 1840 nium
2191 1785 2540 1858 congregatio
2563 1787 2847 1848 virtutum,
2897 1785 3092 1855 quibus
3117 1785 3391 1847 omnibus,
3424 1794 3486 1836 ut
3519 1783 3597 1838 di-

338 1902 640 1973 perfectum
665 1903 829 1967 enim,
863 1902 1070 1972 negatis
1095 1900 1346 1956 omnibus
1374 1911 1495 1967 qua:
1515 1897 1777 1967 possidet,
1805 1909 1913 1948 non

340 2002 523 2064 potest
547 1993 856 2062 pervenire,
876 1993 980 2046 nisi
1002 1999 1055 2046 et
1081 1989 1329 2061 proprias
1353 1986 1706 2057 abnegaverit
1723 1977 1915 2039 volun—

337 2095 502 2142 tates.
527 2084 665 2153 Quid
689 2093 774 2140 est
793 2084 938 2138 enim
965 2082 1234 2152 abnegare
1260 2081 1633 2150 semetipsum,
1661 2077 1764 2132 nisi
1787 2083 1915 2146 pro-

337 2180 485 2248 prias
512 2176 818 2231 voluntates
848 2172 1194 2243 relinquere?

412 2267 499 2322 60.
533 2264 817 2336 Prasceptis
855 2263 1056 2317 abbatis
1078 2262 1134 2316 in
1169 2261 1409 2317 omnibus
1464 2259 1672 2314 obedire
1719 2255 1910 2329 (Hebr.

337 2360 484 2431 xm).
509 2357 732 2414 Abhatis
756 2363 1024 2425 praecepta
1053 2367 1276 2422 semper
1297 2351 1494 2405 debent
1523 2363 1645 2404 esse
1678 2349 1822 2418 iusta
1862 2356 1917 2402 et

339 2458 550 2506 sancta.
591 2448 658 2502 Et
684 2447 806 2501 ideo
837 2461 868 2500 a
911 2438 1189 2513 discipulis
1218 2455 1434 2510 semper
1460 2448 1516 2494 et
1567 2438 1622 2492 in
1661 2437 1916 2491 omnibus

342 2541 502 2598 debet
524 2539 605 2595 eis
631 2538 861 2595 obediri.
902 2536 1035 2591 Nam
1066 2536 1111 2590 si
1156 2534 1314 2588 aliter
1344 2545 1504 2602 quam
1531 2534 1744 2599 oportet
1778 2542 1917 2598 pras-

341 2630 488 2700 eepit
537 2627 854 2697 discipulis,
911 2622 1350 2695 respondendum
1389 2626 1472 2674 est
1527 2617 1603 2672 illi
1638 2615 1783 2686 quod
1831 2630 1918 2671 re-

342 2721 675 2791 sponderunt
701 2725 755 2771 et
781 2715 1011 2786 apostoli
1037 2728 1052 2767 :
1082 2712 1298 2784 Oportet
1331 2709 1540 2765 obedire
1588 2707 1758 2778 magis
1811 2705 1918 2760 Deo

341 2830 500 2883 quam
527 2810 824 2866 hominibus
857 2808 994 2880 (Act.
1024 2805 1100 2879 v).
1157 2804 1386 2859 Abbatis
1426 2815 1556 2872 ergo
1586 2806 1918 2871 prmoeptum

345 2919 623 2974 wriqaam
653 2918 684 2957 a
712 2901 928 2958 Domini
951 2901 1113 2956 debet
1139 2897 1453 2954 discordare
1488 2893 1764 2957 mandato,
1813 2904 1882 2946 ne
1901 2931 1915 2954 ,

344 2997 472 3052 dum
495 3000 766 3065 prmeepto
795 2992 1007 3048 abbatis
1032 2989 1308 3055 obeditur,
1337 3004 1369 3042 a
1397 2983 1681 3057 praeceptis
1703 2980 1918 3038 Domini

341 3087 702 3143 discordetur.
726 3085 1020 3141 Obediatur
1041 3097 1170 3151 ergo
1204 3094 1424 3136 necesse
1461 3085 1546 3134 est
1591 3075 1805 3141 abbati,
1851 3081 1916 3128 ut

343 3176 486 3229 idem
512 3175 584 3228 sit
623 3181 678 3228 et
705 3171 1006 3228 obedientia
1029 3169 1252 3225 Christi.
1290 3168 1409 3238 ipse
1453 3166 1600 3228 enim
1625 3161 1916 3233 discipulis

341 3265 420 3318 ait
446 3278 461 3316 :
489 3261 594 3328 Qui
614 3278 700 3316 vos
727 3261 900 3326 audit,
937 3276 1019 3314 me
1042 3259 1224 3325 audit,
1259 3268 1307 3313 et
1331 3258 1419 3328 qui
1465 3272 1552 3311 vos
1576 3254 1798 3325 spernit,
1837 3268 1920 3307 me

341 3351 541 3422 spernit
567 3349 719 3422 (Luc.
749 3349 828 3423 ι).
861 3349 999 3405 Hinc
1024 3348 1223 3404 Paulus
1244 3347 1522 3418 apostolus
1551 3346 1628 3400 ait
1655 3365 1667 3399 :
1704 3341 1921 3400 Obedite

341 3439 636 3512 prwpositis
661 3440 863 3502 vestris,
903 3448 951 3493 et
989 3437 1251 3509 subjacete
1290 3437 1385 3492 eis.
1417 3435 1530 3507 Ipsi
1574 3435 1711 3490 enim
1750 3433 1921 3504 pervi-

342 3530 508 3602 gilant
534 3531 686 3604 quasi
717 3531 972 3585 rationem
993 3545 1087 3600 pro
1117 3528 1394 3584 animabus
1422 3527 1603 3584 vestris
1631 3525 1917 3591 reddituri,

339 3633 399 3678 ut
429 3639 547 3678 cum
578 3622 771 3693 gaudio
803 3621 900 3675 hoc
940 3621 1160 3690 faciant,
1210 3628 1259 3675 et
1286 3637 1390 3675 non
1429 3626 1691 3690 gementes
1729 3616 1916 3690 (Hebr.

343 3713 487 3786 xm).
520 3713 658 3769 Hinc
684 3712 942 3770 Salomon
964 3713 1040 3766 ait
1069 3729 1082 3766 :
1119 3711 1309 3766 Melior
1346 3720 1422 3766 est
1450 3710 1744 3765 obedientia
1760 3725 1919 3782 quam

341 3806 554 3862 victima
581 3803 890 3877 (Eccle.tv).
947 3801 1088 3858 Hinc
1127 3801 1325 3858 Paulus
1371 3802 1566 3857 iterum
1595 3801 1725 3858 dicit
1756 3819 1770 3855 :
1816 3799 1924 3854 Ro-

343 3913 530 3968 gamus
567 3911 658 3951 vos
686 3934 704 3961 ,
739 3893 931 3964 fratres
958 3933 974 3960 ,
1013 3901 1069 3948 ut
1116 3892 1364 3948 noveritis
1409 3907 1496 3947 eos
1543 3891 1632 3962 qui
1677 3889 1923 3945 laborant

344 3986 484 4040 inter
521 3998 609 4038 vos
641 4023 658 4051 ,
705 3993 754 4038 et
794 3991 1024 4053 praesunt
1092 3981 1236 4036 vobis
1277 3981 1334 4035 in
1393 3980 1658 4045 Domino,
1725 3988 1775 4034 et
1812 3995 1924 4032 mo-

343 4082 469 4129 nent
517 4089 603 4130 vos
627 4112 646 4142 ,
704 4081 762 4127 ut
807 4071 1043 4128 habeatis
1079 4071 1201 4128 illos
1260 4071 1616 4128 abundantius
1653 4072 1708 4128 in
1752 4071 1926 4146 chari-

343 4173 452 4220 tate
473 4205 489 4232 ,
525 4173 574 4232 et
611 4173 821 4236 propter
857 4180 986 4235 opus
1016 4161 1231 4217 illorum
1267 4179 1446 4234 pacem
1475 4163 1663 4217 habere
1689 4179 1809 4216 cum
1848 4163 1922 4216 cis

348 4256 400 4326 (I
428 4255 604 4310 Thess.
641 4253 718 4327 v).
761 4254 960 4310 Christi
984 4253 1129 4309 enim
1153 4254 1300 4308 vices
1328 4253 1543 4308 videtur
1568 4253 1735 4308 abbas
1766 4267 1926 4322 agere

346 4349 403 4403 in
443 4348 802 4412 monasterio,
857 4356 912 4403 et
964 4346 1086 4402 ideo
1121 4345 1486 4402 exhibendum
1537 4351 1623 4402 cst
1671 4345 1747 4400 illi
1793 4346 1925 4401 obe-

347 4439 568 4494 dientia:
594 4438 816 4494 bonum.
859 4435 919 4493 Si
963 4437 1109 4492 enim
1133 4477 1150 4503 ,
1189 4445 1250 4508 pt
1272 4436 1452 4502 decet,
1490 4451 1626 4507 Opus
1662 4437 1773 4509 agit
1801 4453 1926 4507 per-

347 4531 568 4598 fectum,
617 4547 846 4589 necesse
877 4539 961 4588 est
1006 4539 1066 4587 ut
1105 4547 1135 4587 a
1183 4531 1411 4588 subditis
1459 4533 1721 4587 imitetur.
1777 4532 1927 4586 Atta-

347 4636 472 4677 men
493 4623 569 4689 si,
610 4639 709 4695 pro
745 4622 1036 4694 fragilitate
1077 4622 1323 4693 corporis
1364 4631 1458 4677 aut
1485 4623 1654 4678 animi
1683 4621 1923 4680 imbecil-

347 4713 531 4782 litate,
571 4715 712 4785 quod
745 4713 924 4770 verbis
957 4715 1217 4784 praedicat
1240 4755 1254 4777 ,
1295 4715 1551 4783 operibus
1587 4713 1811 4783 implere
1837 4728 1924 4768 rc-

346 4811 524 4871 cusat,
563 4806 762 4861 subditi
797 4805 941 4876 quod
968 4805 1213 4874 sequitur
1239 4806 1482 4872 audiant,
1509 4813 1567 4860 et
1591 4813 1924 4876 praeceptum

348 4897 563 4954 Domini
589 4898 759 4953 nostri
806 4895 932 4953 Jesu
977 4895 1178 4953 Christi
1230 4895 1392 4951 factis
1447 4895 1814 4964 adimplcant,
1869 4896 1923 4951 id

349 4995 432 5042 est
463 5005 476 5038 :

420 5075 508 5128 61.
552 5074 777 5131 Etiamsi
811 5077 917 5146 ipse
948 5077 1104 5133 aliter
1123 5078 1284 5151 (quod
1309 5078 1465 5148 absit)
1491 5088 1636 5149 agat,
1667 5095 1921 5134 memores

344 5166 492 5219 illius
517 5164 774 5220 Dominici
797 5169 1044 5238 pra’cepti
1059 5186 1076 5223 .'
1097 5169 1227 5236 Qua:
1252 5171 1430 5225 dicunt
1459 5171 1640 5241 facile,
1686 5187 1802 5242 qua!
1829 5188 1925 5224 au-

345 5267 449 5309 tem
495 5253 739 5324 faciunt,
775 5255 949 5324 facere
1002 5257 1161 5312 nolite
1191 5256 1744 5330 (Matth.xxm).Non
1797 5259 1924 5314 velle

347 5346 452 5400 diei
485 5353 723 5400 sanctum
751 5355 1028 5416 antequam
1055 5349 1145 5414 sit,
1174 5350 1264 5403 sed
1299 5351 1444 5420 prius
1471 5368 1600 5416 esse,
1623 5368 1724 5422 quo
1753 5353 1920 5407 verius

350 5437 559 5492 dicatur
579 5454 596 5491 :
619 5437 752 5493 Cum
780 5438 972 5493 beatus
1005 5438 1210 5496 diceret
1253 5441 1577 5508 Benedictus
1606 5460 1675 5500 ne
1708 5443 1920 5514 jactan-

353 5525 440 5582 tia:
471 5527 600 5584 vitio
622 5544 682 5585 se
712 5530 1032 5586 succumbat
1055 5533 1376 5599 monachus,
1402 5536 1696 5604 prudenter
1720 5552 1842 5592 eum
1870 5547 1924 5593 et

353 5617 589 5674 breviter
617 5620 845 5694 castigat
883 5629 939 5679 et
963 5623 1235 5678 admonet.
1271 5623 1411 5680 Sunt
1437 5627 1581 5681 cnim
1609 5627 1774 5696 aliqui
1811 5644 1924 5684 mo-

355 5709 511 5763 nachi
539 5710 626 5779 qui
652 5727 759 5769 non
797 5728 950 5780 esse,
990 5715 1083 5772 sed
1111 5704 1215 5771 dici
1241 5716 1462 5783 cupiunt
1488 5719 1680 5774 sancti.
1716 5717 1919 5775 Nomen

1940 3123 1988 3189 C

2018 1879 2167 1926 ctum
2211 1880 2316 1936 est,
2349 1869 2646 1925 menacbus
2667 1868 2928 1938 repletus,
2951 1877 3009 1922 et
3043 1867 3148 1924 dici
3181 1868 3285 1923 rite
3310 1866 3508 1938 poterit
3545 1875 3603 1921 et

2019 1977 2142 2025 esse
2175 1977 2415 2024 sanctus.

2091 2075 2180 2130 6‘2.
2223 2074 2494 2144 Praecepta
2533 2073 2631 2128 Dei
2671 2071 2826 2143 factis
2864 2070 3095 2142 quotidie
3121 2070 3424 2139 adimplere.
3455 2067 3596 2125 Hinc

2019 2165 2252 2222 Iacobus
2271 2165 2346 2219 ait
2371 2182 2384 2220 :
2419 2163 2598 2219 Estote
2627 2173 2798 2218 autem
2831 2163 3055 2232 factores
3084 2161 3242 2224 verbi,
3286 2171 3333 2216 et
3369 2178 3472 2216 non
3497 2178 3602 2215 au-

2021 2259 2213 2313 ditores
2241 2265 2447 2312 tantum
2477 2241 2684 2329 (Iacob.
2717 2255 2781 2327 ι).
2816 2254 2954 2310 lli'nc
2977 2251 3179 2308 Paulus
3204 2253 3281 2307 ait
3311 2271 3324 2306 :
3358 2253 3480 2308 Non
3507 2270 3608 2306 au—

2001 2352 2212 2405 ‘ditores
2241 2349 2366 2420 legis
2406 2349 2543 2420 justi
2591 2357 2712 2404 sunt
2772 2347 2914 2418 apud
2970 2346 3170 2411 Deam,
3230 2343 3322 2400 sed
3379 2345 3606 2416 factores

2003 2441 2146 2511 legis
2177 2441 2614 2511 justiﬁcabuntur
2659 2438 2837 2511 (Rom.
2868 2437 2952 2511 ιι).
2985 2435 3043 2493 in
3073 2433 3393 2508 Apocalypsi
3417 2444 3603 2491 autem

2021 2545 2118 2588 sua
2150 2545 2272 2586 cum
2299 2531 2526 2586 dixisset
2549 2529 2785 2585 Joannes
2811 2543 2825 2583 :
2856 2527 3050 2584 Beatus
3069 2528 3157 2599 qui
3182 2525 3303 2598 legit
3328 2535 3377 2580 et
3397 2525 3488 2596 qui
3508 2541 3610 2580 au-

2021 2625 2150 2678 divit
2185 2624 2340 2678 verba
2381 2624 2664 2695 prophetia:
2708 2623 2868 2694 hujus
2906 2621 3027 2676 libri
3077 2620 3260 2693 (Apoc.
3293 2637 3310 2673 ι
3347 2628 3401 2675 et
3440 2619 3605 2690 χχιι),

2019 2712 2268 2784 pretinus
2298 2712 2542 2782 adiunxit
2579 2728 2591 2764 :
2631 2719 2677 2765 et
2711 2720 2882 2766 servat
2931 2727 2990 2765 ea
3025 2725 3142 2780 gate
3178 2709 3236 2774 in
3273 2706 3368 2762 illa
3408 2709 3609 2779 scripta

2022 2811 2142 2860 sunt
2175 2802 2390 2874 (Ibid).
2426 2801 2565 2857 Hinc
2607 2802 2659 2855 in
2709 2801 3001 2872 Evangelia
3040 2800 3302 2855 Dominus
3341 2799 3512 2854 dicit:
3546 2797 3609 2854 Si

2024 2892 2242 2964 diligitis
2264 2907 2363 2959 me,
2396 2891 2650 2945 mandata
2677 2901 2794 2947 mea
2831 2901 3030 2946 servate
3065 2888 3248 2964 (Joan.
3299 2887 3435 2959 xxv).
3469 2887 3610 2944 Hinc

2023 2987 2219 3042 iterum
2267 2985 2346 3041 ait
2377 3004 2390 3039 :
2433 2985 2536 3052 Qui
2570 2985 2722 3040 habet
2769 2984 3022 3038 mandata
3051 3000 3166 3037 mea
3188 3023 3203 3050 ,
3242 2991 3291 3038 ct
3323 2992 3494 3038 servat
3522 2999 3608 3047 ea,

2025 3076 2115 3132 ille
2161 3086 2236 3131 est
2263 3077 2352 3147 qui
2397 3075 2569 3146 diligit
2606 3089 2686 3130 me
2727 3073 2916 3148 (Ibid)
2944 3091 2957 3136 ;
3017 3073 3070 3128 id
3101 3082 3206 3139 est,
3238 3073 3330 3144 qui
3359 3072 3524 3128 habet
3554 3072 3610 3126 in

2024 3167 2285 3222 memoria
2309 3174 2364 3222 et
2389 3175 2571 3222 servat
2591 3167 2646 3222 in
2669 3165 2777 3221 vita
2797 3209 2810 3231 ,
2845 3165 2938 3237 qui
2975 3165 3138 3220 habet
3188 3165 3239 3219 in
3265 3162 3607 3221 sermonibus

2022 3268 2078 3314 et
2105 3269 2284 3314 servat
2311 3259 2364 3314 in
2388 3258 2631 3314 moribus
2654 3300 2667 3323 ,
2700 3259 2792 3329 qui
2831 3259 2997 3313 habet
3027 3255 3295 3312 audiendo
3320 3263 3377 3312 et
3424 3264 3609 3311 servat

2022 3349 2273 3408 faciendo
2300 3392 2314 3416 ,
2357 3358 2450 3404 aut
2485 3349 2577 3420 qui
2617 3349 2783 3405 habet
2825 3348 3073 3404 faciendo
3109 3355 3162 3403 et
3208 3353 3391 3403 servat
3429 3361 3612 3417 perse-

2022 3439 2280 3500 verando.
2319 3441 2458 3498 Hinc
2483 3442 2677 3497 iterum
2711 3440 2971 3496 Deminus
2997 3439 3071 3494 ait
3103 3458 3116 3491 :
3151 3437 3258 3505 Qui
3277 3439 3424 3493 audit
3452 3436 3611 3492 verba

2023 3553 2176 3601 mea,
2223 3546 2272 3590 et
2313 3535 2439 3606 facit
2480 3549 2562 3599 ea,
2609 3531 2993 3588 assimilabitur
3047 3531 3157 3587 viro
3213 3530 3476 3603 sapienti,
3518 3529 3612 3601 qui

2025 3629 2252 3698 wdiﬁcat
2295 3630 2508 3683 domum
2563 3643 2714 3681 suam
2771 3643 2932 3701 supra
2982 3635 3216 3698 petram,
3245 3633 3354 3680 etc.
3390 3621 3610 3694 (Matth.

2023 3719 2145 3791 vn).
2183 3719 2324 3775 Hinc
2350 3719 2546 3774 iterum
2570 3726 2624 3774 et
2650 3717 2763 3788 ipse
2791 3717 3051 3772 Dominus
3079 3716 3210 3772 dicit
3246 3732 3260 3770 :
3290 3701 3419 3769 Non.
3443 3715 3616 3769 omnis

2025 3811 2115 3884 qui
2141 3811 2268 3865 dicit
2298 3811 2448 3876 mihi,
2481 3809 2726 3874 Domine,
2758 3806 3001 3874 Domine,
3027 3807 3245 3862 intrabit
3290 3807 3346 3861 in
3397 3821 3616 3876 regnum

2025 3901 2291 3965 caelorum,
2323 3900 2414 3955 sed
2440 3901 2528 3972 qui
2562 3900 2686 3970 facit
2712 3900 3032 3956 voluntatem
3067 3896 3246 3952 Patris
3288 3897 3410 3964 mei,
3439 3897 3530 3967 qui
3559 3897 3611 3950 in

2025 3989 2167 4046 caelis
2204 3999 2302 4055 est,
2331 3991 2437 4061 ipse
2466 3989 2683 4044 intrabit
2729 3991 2784 4045 in
2825 4005 3039 4060 regnant
3091 3987 3340 4042 caelorum
3397 3984 3610 4057 (Ibid).

2025 4079 2095 4135 Et
2129 4098 2140 4134 :
2183 4079 2349 4134 Amen
2373 4070 2489 4134 dico
2520 4079 2690 4146 vobis,
2742 4079 2788 4135 si
2813 4080 2928 4150 quis
2963 4094 3252 4133 sermonem
3282 4092 3453 4131 meum
3502 4093 3610 4130 ser-

2025 4172 2220 4226 vaverit
2241 4211 2255 4238 ,
2281 4180 2498 4226 mortem
2526 4188 2630 4226 non
2661 4171 2846 4226 videbit
2884 4171 2938 4224 in
2977 4178 3228 4225 a’ternum
3253 4166 3434 4240 (Joan.
3466 4167 3611 4239 vni).

2027 4261 2164 4318 Hinc
2189 4277 2286 4318 nos
2312 4278 2411 4334 per
2433 4261 2775 4334 Salomonem
2804 4263 3064 4319 Dominus
3091 4261 3346 4316 admonet
3370 4259 3560 4314 dicens
3595 4277 3610 4314 :

2028 4351 2139 4407 Fili
2162 4355 2254 4420 mi,
2284 4370 2348 4408 ne
2376 4353 2698 4408 obliviscaris
2747 4353 2874 4424 legis
2909 4369 3060 4418 mete,
3091 4361 3140 4406 et
3185 4359 3444 4422 pratcepla
3494 4367 3615 4404 mea

2029 4443 2291 4498 custodiat
2338 4459 2429 4497 cor
2482 4452 2650 4497 tuum.
2687 4441 3093 4515 Longitudinem
3131 4441 3267 4496 enim
3299 4439 3525 4503 dierum,
3564 4448 3616 4493 et

2027 4551 2192 4588 annos
2217 4533 2336 4588 vitta
2357 4575 2373 4599 ,
2423 4543 2470 4588 et
2497 4549 2675 4605 pacem
2703 4543 2961 4605 apponant
2999 4533 3092 4588 tibi
3119 4531 3304 4604 (Prov.
3333 4530 3440 4602 ιιι).
3473 4531 3615 4586 Hinc

2026 4626 2223 4681 iterum
2253 4627 2395 4682 idem
2423 4625 2675 4682 Salomon
2698 4626 2774 4681 ait
2808 4644 2821 4680 :
2853 4624 2962 4680 Fili
2986 4625 3078 4692 mi,
3116 4624 3320 4680 custodi
3346 4639 3613 4680 sermones

2025 4733 2188 4783 meos,
2239 4727 2289 4771 et
2318 4727 2579 4787 pracepta
2631 4734 2748 4772 mea
2777 4715 3000 4771 reconde
3048 4714 3143 4770 tibi
3191 4731 3335 4770 serva
3360 4712 3613 4770 mandata

2027 4817 2141 4859 mea
2168 4847 2181 4870 ,
2210 4815 2256 4859 et
2284 4807 2416 4860 vices
2448 4803 2631 4877 (Prov.
2659 4807 2782 4879 vit).

2104 4915 2191 4969 63.
2234 4913 2539 4969 Castitatem
2566 4932 2745 4970 amare
2771 4914 2825 4984 (Ι
2857 4915 2993 4971 Tim.
3027 4914 3104 4983 v).
3132 4914 3369 4972 Castitas
3412 4916 3614 4972 dicitur

2033 5002 2276 5071 corporis
2306 5009 2360 5055 ct
2390 5002 2574 5058 cordis
2597 5003 2956 5073 incorruptio.
2999 5001 3226 5072 Quidam
3256 5011 3439 5060 autem
3463 5005 3615 5060 dixe-

2032 5099 2166 5145 runt
2190 5090 2496 5146 castitatem
2524 5106 2644 5146 esse
2687 5080 2740 5146 in
2775 5101 2980 5159 mente,
3022 5084 3388 5163 virginitatem
3415 5093 3468 5148 in
3492 5109 3614 5149 cor-

2029 5197 2194 5254 pore,
2241 5182 2337 5236 sed
2381 5182 2470 5236 illa
2512 5191 2596 5238 est
2639 5198 2767 5238 vera
2801 5193 2857 5239 et
2883 5185 3150 5240 veraciter
3177 5187 3429 5250 castitas,
3491 5202 3612 5256 qua:

2027 5287 2132 5327 nec
2159 5281 2394 5327 mentem
2439 5273 2568 5327 sinit
2589 5272 2878 5338 maculari,
2913 5289 3014 5330 nec
3043 5289 3238 5344 corpus
3265 5273 3448 5346 pollui.
3481 5275 3612 5343 Quae

2034 5377 2139 5416 non
2191 5361 2364 5415 solum
2420 5361 2474 5414 in
2503 5359 2804 5432 virginibus
2828 5401 2843 5428 ,
2874 5362 2970 5417 sed
3015 5372 3071 5418 et
3121 5364 3175 5417 in
3207 5364 3612 5420 continentibus

2029 5451 2238 5522 fulget,
2281 5461 2336 5507 et
2372 5450 2792 5520 pulchritudinis
2833 5465 2944 5507 suae
2984 5453 3217 5508 candore
3240 5453 3476 5509 nitescit.
3505 5451 3613 5511 Cu-

2021 5541 2112 5610 jus
2157 5541 2614 5612 pulchritudinem
2664 5540 2941 5596 admirans
2996 5542 3274 5614 Scriptura
3328 5543 3460 5598 dicit
3509 5564 3522 5599 :
3563 5545 3609 5601 0

2027 5649 2186 5704 quam
2219 5634 2440 5704 pulchra
2490 5641 2565 5685 est
2596 5643 2742 5686 casta
2795 5635 3058 5703 generatio
3121 5633 3270 5706 (Sap.
3320 5635 3426 5708 tv)!
3471 5635 3608 5693 Nam

2029 5722 2264 5791 virgines
2287 5722 2556 5777 feliciores
2584 5719 2699 5774 fore
2725 5721 2910 5779 invita
2945 5733 3148 5780 interna
3181 5725 3350 5782 lsaias
3375 5734 3611 5783 testatur
