3992 6206
381 253 490 311 789

1416 223 1771 308 COMMENT.
1813 245 1880 305 lN
1920 247 2082 305 nnc.
2127 251 2184 306 s.
2226 247 2613 313 BENEDICTI.

3524 274 3531 284 '
3543 255 3652 315 79‘.)

377 368 567 424 dicens
594 383 608 419 :
651 362 784 419 fith
807 362 933 418 dicit
965 361 1221 418 Dominus
1271 364 1525 417 eunuchis
1569 377 1586 414 :
1621 363 1771 432 Dabo
1797 363 1872 418 eis
1904 363 1961 417 in
1988 367 2039 427 Α
2064 371 2149 421 est
2178 381 2425 437 parvum,
2455 365 2552 422 sed
2587 365 2792 438 grande
2813 375 2872 422 et
2901 383 3156 440 magnum
3184 374 3492 440 peceatum.
3523 372 3650 430 Dia-

377 461 535 515 domo
565 473 680 511 mea
712 462 762 511 et
809 455 864 510 in
892 455 1057 510 muris
1080 455 1208 509 meis
1242 452 1438 519 locum,
1486 463 1534 507 et
1562 469 1749 506 nomen
1775 451 1964 505 melius

378 567 412 604 a
438 547 569 618 ﬁliis
597 554 646 602 ct
674 544 910 616 ﬁliabus,
935 561 1121 598 nomen
1148 545 1518 615 sempiternum
1545 542 1682 596 dabo
1701 542 1798 608 eis,
1825 542 1965 612 quod

379 657 484 694 non
503 637 691 710 peribit
720 635 858 709 (Isa.
888 635 1020 708 ινι).
1057 635 1304 690 Amanda
1335 644 1422 692 est
1457 651 1588 707 ergo
1615 634 1966 704 pulchritudo

377 730 648 787 castitatis
684 745 804 800 qua:
828 736 1101 784 amatores
1128 743 1259 783 suos
1285 744 1314 782 a
1341 728 1527 782 mundi
1555 727 1702 782 curis
1727 735 1963 798 separat,

377 831 432 876 et
469 822 526 877 in
549 820 885 876 Hierusalem
931 820 1140 875 caelesti
1171 835 1368 875 nomen
1412 819 1865 874 sublimissimum
1913 827 1968 874 et

379 913 774 968 lucidissimum
808 912 986 967 locum
1017 919 1319 982 prteparat,
1351 927 1470 982 quae
1513 911 1630 966 suis
1658 910 1958 968 cultoribus

379 1006 730 1062 continentiae
756 1006 1036 1076 praemium
1059 1012 1114 1058 et
1141 1018 1335 1058 nomen
1367 1003 1560 1057 tribuit
1585 1001 1838 1056 ﬁliorum.
1863 1001 1966 1057 Do-

379 1108 476 1155 nat
530 1113 728 1153 nomen
777 1105 1043 1152 aeternum
1095 1104 1150 1150 et
1193 1097 1364 1150 choro
1412 1095 1584 1150 sociat
1629 1094 1964 1164 angelorum.

381 1189 623 1245 Amanda
647 1196 880 1260 estergo
903 1186 1252 1257 pulchritudo
1275 1187 1566 1253 castitatis,
1588 1201 1710 1255 quae
1730 1187 1968 1256 virgines

379 1290 436 1335 et
461 1279 806 1335 continentes
850 1277 1058 1348 angelis
1085 1276 1218 1332 facit
1259 1275 1519 1346 aequales.
1557 1273 1793 1331 Castitas
1821 1276 1966 1332 enim

383 1371 632 1444 corporis
676 1369 982 1426 humilitate
1008 1378 1066 1425 et
1100 1371 1340 1440 puritate
1386 1369 1756 1426 sanctiﬁcatur
1803 1378 1970 1439 atque

381 1463 663 1534 perﬁcitur
717 1461 914 1516 cordis.
967 1459 1105 1515 Nam
1158 1460 1295 1514 nihil
1350 1459 1574 1530 prodest
1627 1459 1968 1530 incorruptio

380 1550 585 1615 carnis,
627 1550 722 1605 ubi
749 1565 855 1606 non
883 1557 970 1605 est
996 1549 1282 1620 integritas
1309 1549 1526 1606 mentis.
1553 1548 1804 1618 Nihilque
1825 1549 1971 1606 valet

381 1641 643 1696 mundum
669 1655 791 1696 esse
822 1655 1048 1711 corpore
1087 1655 1212 1695 eum
1243 1641 1336 1710 qui
1385 1639 1621 1710 pollutus
1646 1648 1732 1696 est
1760 1648 1963 1696 mente.

2070 457 2226 514 belus
2250 458 2394 513 inter
2421 457 2572 514 initia
2599 459 2785 514 mundi
2816 460 3001 516 statim
3041 459 3143 516 zeli
3174 459 3346 520 livore
3369 461 3654 530 perwlsus

2071 547 2232 616 periit
2261 549 2498 618 primus,
2541 557 2597 604 et
2622 549 2703 614 sic
2724 547 2974 620 'perdidit
3019 550 3174 608 alios.
3207 550 3380 608 Radix
3407 553 3656 610 manium

2070 637 2338 692 malorum
2364 646 2448 694 est
2484 647 2540 698 et
2573 636 2692 694 fons
2721 627 3184 700 vitiorum-relati
3227 648 3284 695 et
3312 639 3556 698 invidere
3581 642 3658 696 al-

2071 727 2241 782 terius
2292 727 2455 784 bono.
2512 728 2644 785 inde
2695 730 2878 784 odium
2909 731 3086 801 surgit
3113 771 3129 796 ,
3166 731 3486 789 animositas
3528 733 3656 789 inde

2067 817 2332 888 procedit.
2363 818 2664 876 Avaritiam
2708 821 2858 877 zelus
2879 824 3105 878 excitat.
3153 823 3258 878 Per
3283 825 3462 882 zelum
3492 825 3655 880 timor

2069 909 2167 964 Dei
2198 910 2491 979 spernitur,
2537 910 2731 981 judicii
2771 906 2886 968 dics
2920 929 3028 968 non
3055 914 3391 984 providetur,
3435 913 3655 970 inﬂatur

2069 1002 2358 1071 superbia,
2388 1004 2746 1058 exacerbatur
2775 1005 3072 1071 humilitas,
3118 1005 3350 1076 perfidia
3390 1006 3652 1076 prevari-

2067 1103 2258 1160 catur,
2293 1096 2554 1166 patientia
2583 1098 2908 1162 concutitur,
2948 1098 3080 1154 furit
3127 1099 3419 1164 discordia,
3450 1098 3651 1154 feroeit

2071 1189 2174 1245 ira.
2233 1189 2371 1246 liinc
2420 1207 2582 1246 omne
2639 1192 2788 1262 pacis
2839 1192 3116 1249 vinculum
3171 1193 3486 1263 rumpitur;
3525 1195 3654 1250 hinc

2069 1279 2314 1335 fraterna
2365 1281 2611 1337 Charitas
2639 1282 2910 1350 viola-tur;
2951 1283 3082 1339 hinc
3137 1283 3476 1340 adulteratur
3511 1285 3654 1341 veri-

2069 1379 2154 1426 tas
2179 1412 2194 1435 ,
2234 1372 2500 1428 scinditur
2536 1373 2746 1440 unitas;
2789 1375 2917 1428 hinc
2960 1375 3140 1431 mltos
3189 1377 3376 1430 minax
3401 1417 3418 1441 ,
3467 1385 3654 1432 torvus

2069 1471 2320 1531 aspectus
2341 1503 2355 1528 ,
2390 1464 2563 1533 pallor
2597 1465 2652 1520 in
2683 1464 2822 1520 facie
2842 1505 2856 1530 ,
2899 1473 3107 1521 tremor
3131 1468 3183 1520 in
3208 1467 3368 1522 labiis
3390 1509 3406 1532 ,
3443 1460 3656 1523 stridor

2071 1549 2127 1603 in
2179 1551 2451 1606 dentibus.
2499 1551 2640 1619 Quid
2675 1553 2830 1622 plura
2886 1552 3116 1608 referam
3138 1555 3167 1608 ?
3201 1555 3280 1609 De
3335 1556 3436 1610 zeli
3482 1556 3656 1612 livore

2071 1640 2193 1696 ions
2241 1643 2488 1698 omnium
2525 1643 2782 1700 vitiorum
2831 1647 3153 1717 consurgit,
3222 1647 3367 1702 sicut
3421 1646 3657 1703 Jacobs

383 1731 539 1788 Sicut
567 1732 710 1788 enim
738 1740 924 1788 castus
943 1731 1108 1787 corde
1136 1739 1191 1788 et
1215 1746 1442 1801 corpore
1466 1732 1675 1803 angelis
1699 1739 1755 1788 ot
1782 1731 1961 1786 homi-
1989 1735 2037 1795 B
2065 1733 2145 1787 ait
2181 1752 2194 1788 :
2229 1731 2330 1788 Ubi
2374 1744 2450 1788 est
2497 1734 2640 1789 zelus
2677 1744 2725 1789 et
2760 1737 3021 1790 contentio
3038 1770 3062 1803 ,-
3105 1737 3177 1790 ibi
3219 1738 3579 1793 inconstantia
3607 1749 3658 1793 et

381 1824 541 1880 nibus
565 1839 733 1879 suave
763 1821 898 1878 facit
917 1823 1162 1887 odorem,
1195 1821 1266 1877 ita
1292 1821 1526 1892 pollutus
1552 1822 1720 1877 corde
1759 1831 1816 1879 et
1843 1837 1966 1878 cor-

380 1929 514 1984 pore
541 1913 741 1984 ubique
768 1911 1052 1968 horridum
1080 1911 1287 1983 spargit
1318 1909 1569 1966 fetorem.
1601 1910 1797 1967 Castus
1818 1910 1966 1966 enim

380 2004 636 2076 puritatis
661 2005 866 2060 virtute
899 2003 1119 2058 nitescit
1142 2037 1158 2070 ι
1195 2002 1433 2073 pollutus
1461 1999 1757 2060 immundis
1785 2003 1964 2059 sordi-

381 2097 484 2152 bus
509 2087 659 2152 fetet.
688 2095 883 2152 Castus
905 2104 962 2150 et
989 2111 1156 2165 purus
1181 2095 1388 2152 sanctis
1426 2094 1772 2166 coniungitur
1800 2111 1967 2167 ange-

383 2190 472 2257 lis,
501 2189 816 2245 immundus
848 2189 1144 2246 immundis
1178 2189 1420 2244 sociatur
1447 2189 1800 2246 daemonibus.
1841 2187 1967 2246 Poi-

382 2280 555 2336 lutum
581 2279 768 2349 polluti
790 2279 1061 2338 daemones
1081 2286 1333 2350 mergunt
1354 2281 1410 2334 in
1437 2288 1721 2345 tartarum,
1751 2287 1964 2335 castum

387 2385 518 2426 vero
553 2369 726 2424 sancti
758 2369 936 2440 angeli
991 2369 1297 2439 suscipiunt
1341 2369 1394 2423 in
1430 2369 1648 2425 omium.
1695 2369 1788 2426 Ille
1838 2371 1968 2438 quia

385 2476 602 2532 semper
625 2461 680 2516 in
705 2461 944 2517 tenebris
968 2462 1314 2519 committere
1339 2473 1448 2516 non
1481 2463 1700 2518 erubuit
1726 2463 1928 2519 malum
1948 2505 1965 2532 ,

379 2550 528 2620 iuste
583 2551 874 2608 damnatus
918 2551 976 2606 in
1028 2553 1378 2608 tenebrosum
1431 2553 1766 2624 demergitur
1808 2553 1968 2609 hara.

389 2644 604 2706 thrum;
638 2642 742 2697 iste
770 2641 896 2712 quia
925 2641 1196 2698 castitatis
1233 2643 1464 2699 nitorem
1501 2643 1688 2698 dilexit
1721 2644 1776 2698 in
1807 2643 1963 2710 luce,

389 2731 600 2788 lucidus
620 2716 808 2789 lucida
821 2732 1143 2788 aeternitatis
1163 2746 1377 2803 semper
1397 2733 1645 2804 regnabit
1663 2734 1722 2788 in
1738 2734 1962 2790 lumine.

391 2822 650 2879 Amemus
661 2833 791 2894 ergo
804 2823 1075 2880 castitatis
1095 2822 1438 2887 muditiam,
1463 2839 1582 2893 qua:
1595 2838 1696 2879 nos
1708 2824 1965 2894 prtesenti

391 2924 570 2972 castos
584 2924 872 2972 conservet
902 2916 959 2972 in
997 2917 1130 2982 vita,
1160 2923 1217 2972 et
1254 2915 1310 2971 in
1335 2913 1519 2972 futuro
1556 2923 1758 2972 aeterna
1799 2915 1967 2971 faciet

391 3010 636 3079 recipere
659 3009 905 3081 premis.

2067 1837 2220 1877 omne
2253 1838 2388 1893 opus
2426 1821 2894 1896 prconm(1acob.
2932 1824 3038 1897 ιιι).
3090 1824 3246 1882 Unde
3296 1833 3353 1880 et
3396 1825 3488 1882 hic
3532 1834 3658 1897 apte

2068 1911 2318 1980 sequitur
2337 1931 2355 1973 :

2133 2004 2228 2067 66.
2269 2011 2668 2067 Contentio’nem
2695 2029 2799 2068 non
2841 2030 3024 2069 amare
3065 2013 3236 2086 (Phil.
3273 2027 3346 2082 tt;
3397 2011 3502 2070 Tit.
3545 2016 3652 2088 ιιι).

2064 2100 2356 2157 Contentio
2394 2101 2595 2157 dicitur
2630 2103 3000 2158 controversia
3026 2143 3041 2169 ,
3095 2104 3399 2174 pertinacia
3442 2105 3529 2161 vel
3573 2107 3655 2161 di-

2063 2192 2336 2260 sceptatio
2365 2192 2726 2248 contentiosa.
2757 2191 2875 2248 Non
2911 2207 3042 2264 ergo
3078 2193 3240 2249 debet
3262 2207 3450 2250 amare
3470 2205 3657 2251 mena-

2065 2284 2206 2339 chus
2255 2282 2657 2340 contentionem
2710 2287 3002 2342 verborum
3029 2328 3046 2354 ,
3085 2287 3178 2344 sed
3213 2290 3394 2359 potius
3423 2289 3654 2346 firmiter

2070 2381 2258 2428 tenere
2297 2373 2455 2429 debet
2488 2387 2730 2432 amorem
2767 2377 3089 2432 fraternum.
3151 2377 3210 2434 Si
3244 2379 3392 2436 enim
3444 2384 3648 2436 mortui

2067 2478 2258 2519 sumus
2281 2471 2526 2536 peccato,
2555 2481 2664 2522 non
2701 2467 2964 2524 debemus
2987 2469 3172 2524 vivere
3206 2465 3440 2536 mundo,
3474 2480 3530 2526 et
3554 2471 3662 2528 fra-

2067 2553 2140 2607 tri
2164 2555 2388 2609 verbum
2412 2554 2656 2624 proferre
2670 2557 3092 2623 contentiosum,
3123 2561 3379 2628 quoniam
3404 2561 3649 2616 omnium

2068 2642 2336 2699 malorum
2365 2644 2538 2700 fomes
2574 2655 2660 2702 est
2680 2648 2958 2704 contentio
2980 2649 3273 2706 verborum
3299 2692 3315 2717 ,
3350 2652 3654 2721 periculum

2067 2733 2372 2788 animarum
2403 2742 2459 2790 et
2476 2737 2760 2792 subversio
2783 2747 2866 2794 est
2899 2740 3228 2796 auditorum.
3274 2741 3418 2799 Hinc
3456 2743 3658 2800 Paulus

2068 2823 2357 2878 Timotheo
2391 2825 2470 2879 ait
2499 2838 2514 2878 :
2549 2825 2679 2880 Noli
2706 2826 2875 2882 verbis
2911 2829 3223 2884 contendere
3249 2829 3270 2901 (
3294 2830 3358 2884 ΙΙ
3389 2831 3527 2886 Tim.
3557 2847 3596 2886 ιι
3615 2833 3655 2902 ).

2065 2912 2149 2968 Ad
2176 2913 2310 2968 nihil
2331 2924 2415 2970 est
2442 2915 2605 2981 uti-le,
2633 2916 2740 2971 nisi
2769 2917 2837 2972 ad
2863 2917 3274 2974 sobversionem
3298 2919 3653 2976 audientium.

2068 3005 2414 3062 Pensandum
2443 3021 2678 3076 namque
2715 3014 2801 3062 est
2832 3009 3103 3077 quomodo
3143 3010 3422 3065 contentio
3449 3010 3659 3066 inutilis

463 3100 550 3157 (id.
588 3099 812 3154 Nattam
857 3100 1024 3156 odire.
1086 3100 1363 3156 Flebiliter
1416 3109 1600 3156 autem
1647 3101 1964 3172 deplorandi
1991 3085 2036 3150 C
2069 3094 2339 3152 facientes
2362 3097 2645 3163 concutit,
2684 3099 2903 3166 quando
2932 3106 2988 3153 et
3036 3098 3318 3155 audientes
3367 3101 3656 3156 subvertit.

391 3200 522 3246 sunt
549 3191 641 3261 qui
671 3191 796 3246 odio
844 3191 899 3245 in
929 3190 1096 3246 fratre
1143 3193 1459 3256 tabescunt,
1500 3202 1558 3246 et
1590 3202 1783 3248 contra
1833 3193 1971 3248 alios

388 3280 756 3350 perniciosum
803 3282 998 3334 anima:
1022 3280 1206 3336 dolum
1262 3289 1502 3338 servant.
1554 3280 1600 3336 Δ
1626 3296 1794 3353 regno
1821 3282 1967 3338 enim

389 3371 488 3427 Dei
516 3379 773 3441 separant
801 3386 860 3427 se
874 3412 890 3437 ,
923 3371 1014 3440 qui
1041 3373 1360 3442 semetipsos
1381 3387 1411 3428 a
1427 3374 1700 3430 charitate
1720 3373 1966 3428 fraterna

392 3463 708 3518 dissociant.
739 3462 877 3518 Hinc
902 3461 1144 3518 Joannes
1165 3464 1444 3534 apostolus
1472 3466 1552 3520 ait
1576 3482 1590 3518 :
1625 3465 1730 3530 Qui
1763 3464 1889 3521 dicit
1911 3477 1968 3519 se

390 3556 446 3610 in
471 3554 586 3609 luce
621 3572 750 3619 esse,
780 3566 828 3608 et
856 3555 1075 3625 fratrem
1099 3571 1255 3610 nam
1274 3557 1408 3623 odit,
1431 3559 1490 3611 in
1518 3557 1741 3611 tenebris
1771 3566 1848 3611 est
1880 3570 1970 3611 Its-

391 3662 492 3716 qnc
517 3646 687 3702 adhuc
717 3646 768 3718 (Ι
806 3645 968 3701 Joan.
998 3646 1082 3717 ιι).
1107 3647 1240 3702 Item
1273 3648 1390 3718 ipse
1411 3648 1488 3701 ait
1514 3666 1528 3702 :
1563 3647 1668 3713 Qui
1697 3649 1808 3702 odit
1853 3649 1969 3718 {ra-

391 3747 522 3791 trcm
561 3753 716 3792 suum
739 3737 1038 3792 intenebris
1062 3749 1161 3805 est,
1207 3749 1258 3794 et
1287 3740 1345 3794 in
1389 3740 1610 3794 tenebris
1633 3739 1888 3804 ambulat,
1920 3749 1968 3796 et

393 3829 555 3880 nescit
584 3844 686 3897 quo
714 3835 818 3892 eat,
845 3827 1095 3897 quoniam
1122 3828 1345 3883 tenebris
1374 3828 1763 3883 obcwcasertmt
1787 3829 1966 3886 oculos

391 3915 508 3983 ejus
533 3914 748 3988 (Ibid),
776 3916 832 3969 id
850 3924 954 3981 est,
979 3925 1200 3988 propter
1219 3918 1403 3973 odium
1435 3917 1733 3973 fratemnm
1752 3920 1968 3976 nescius

395 4006 450 4061 in
488 4006 684 4062 infami
712 4007 958 4078 gehenua
988 4008 1377 4079 pmcipitatr,
1407 4017 1463 4064 et
1483 4009 1704 4080 ignarus
1726 4021 1972 4067 etcmcus

395 4100 452 4154 in
479 4100 820 4156 wnebrosam
849 4099 1044 4155 inferni
1071 4115 1288 4171 ptenam
1326 4100 1676 4173 demergitur.
1709 4103 1828 4172 ipse
1873 4103 1972 4158 itc-

389 4201 516 4244 rum
559 4190 739 4247 dicit:
788 4190 896 4257 Qui
934 4192 1046 4245 odit
1072 4191 1288 4261 fratrem
1339 4209 1493 4247 suam
1517 4234 1532 4258 ,
1585 4195 1853 4249 homicida
1894 4203 1970 4248 est

395 4280 448 4349 (.l
475 4279 634 4334 Jonn.
658 4279 766 4350 ιιι).
797 4278 915 4336 Non
932 4291 1120 4336 movet
1147 4297 1338 4336 Iniurius
1376 4283 1443 4337 ad
1473 4283 1830 4338 occidendum
1871 4285 1970 4339 ho-

395 4371 620 4436 minem,
675 4380 730 4425 et
756 4372 1024 4427 homicida
1064 4372 1178 4442 jam
1211 4381 1424 4426 tenetur
1459 4389 1490 4426 a
1526 4373 1656 4427 Deo.
1712 4356 1848 4427 Nam
1881 4374 1972 4429 ubi

2067 3186 2187 3244 Nisi
2231 3189 2378 3243 enim
2408 3190 2561 3260 prius
2590 3191 2880 3246 concussio
2910 3205 3078 3261 prava
3131 3192 3189 3246 in
3237 3193 3404 3248 corde
3440 3191 3657 3260 fuisset,
3700 3240 3702 3243 .
3761 3221 3766 3227 -

2067 3279 2348 3336 contentio
2392 3280 2447 3335 in
2476 3281 2753 3351 publicum
2797 3297 2905 3336 non
2950 3281 3226 3339 venisset.
3272 3283 3414 3338 Hinc
3462 3283 3661 3339 Paulus

2066 3368 2265 3425 iterum
2307 3371 2386 3426 ait
2443 3387 2459 3426 ε
2520 3369 2604 3424 Ne
2643 3371 2779 3438 forte
2807 3373 3196 3439 contentiones,
3255 3373 3655 3437 «mutationes;

2069 3461 2429 3515 animositates
2447 3469 2496 3515 et
2519 3459 2866 3514 dissensiones
2888 3462 2996 3514 sint
3014 3463 3152 3515 inter
3171 3475 3261 3515 vos
3281 3461 3365 3531 (11
3380 3462 3506 3517 Cor.
3533 3464 3654 3534 xu).

2069 3549 2209 3604 Hinc
2233 3560 2289 3604 et
2307 3545 2542 3604 Iacobus
2575 3550 2653 3603 ait
2684 3567 2698 3604 :
2731 3548 2887 3615 Quod
2927 3550 2973 3604 si
3015 3549 3187 3604 solum
3223 3567 3466 3605 amaram
3495 3553 3657 3608 habe-

2067 3642 2138 3694 tis
2167 3649 2216 3694 ct
2241 3641 2622 3695 contentionem
2651 3641 2708 3694 in
2733 3639 2977 3695 cordibus
3005 3641 3210 3706 vestris,
3245 3641 3406 3697 nolite
3437 3643 3657 3714 gloriari

2067 3730 2279 3806 (Iacob.
2303 3729 2408 3804 ιιι).
2433 3730 2582 3787 inter
2611 3731 2859 3786 carnales
2884 3725 3352 3789 enim‘monachos
3380 3734 3660 3791 contentio

2069 3837 2288 3893 semper
2307 3837 2637 3893 consurgere
2659 3823 2798 3880 sciet
2823 3865 2838 3891 ,
2870 3823 3012 3880 sicut
3035 3825 3301 3896 scriptum
3329 3833 3417 3883 est
3459 3845 3476 3881 :
3512 3825 3659 3882 Sem-

2070 3928 2163 3982 per
2181 3914 2366 3983 jurgia
2400 3915 2594 3985 quierit
2621 3913 2794 3969 maius
2818 3913 3004 3986 (Prov.
3033 3916 3187 3989 xvn).
3214 3917 3352 3974 Hinc
3381 3919 3500 3988 ipse
3519 3918 3661 3972 Pau-

2073 4001 2156 4056 lus
2178 4004 2254 4057 ait
2287 4021 2300 4056 :
2341 4001 2475 4058 Cum
2503 4004 2644 4058 enim
2669 4004 2774 4058 sint
2801 4006 2942 4058 inter
2968 4022 3057 4061 ros
3085 4008 3232 4062 zelus
3257 4015 3308 4060 et
3355 4007 3618 4061 contentio
3641 4047 3655 4070 ,

2071 4110 2243 4149 nonne
2263 4094 2504 4150 carnales
2527 4095 2652 4151 estis
2671 4137 2686 4162 ,
2722 4106 2770 4152 et
2796 4097 3085 4152 secundum
3125 4115 3337 4153 carnem
3368 4097 3655 4153 ambulatis

2071 4185 2124 4258 (1
2157 4184 2284 4241 Cor.
2315 4185 2450 4258 In)?
2493 4185 2600 4241 Per
2637 4187 3015 4242 contentiones
3052 4188 3200 4243 enim
3235 4187 3456 4244 inutiles
3483 4189 3658 4244 susci-

2071 4282 2260 4329 tantur
2283 4275 2401 4341 irte,
2439 4283 2769 4344 generantur
2802 4277 2946 4332 inter
2977 4275 3178 4332 fratres
3208 4277 3526 4343 discordias,
3554 4292 3654 4331 nu-

2077 4367 2318 4421 triuntur
2344 4367 2717 4424 animositates
2741 4409 2754 4433 ,
2809 4368 3110 4439 procedunt
3150 4369 3306 4435 lites,
3340 4368 3653 4442 efﬁciuntur

394 4465 770 4522 τειτίωιαοηεε
812 4475 1026 4537 tempus
1064 4468 1366 4533 advenerit,
1421 4484 1544 4523 cum
1590 4465 1749 4530 Cain,
1780 4468 1871 4536 qui
1901 4483 1970 4522 ex
1997 4443 2051 4505 D
2076 4455 2442 4512 dissensiones
2466 4497 2480 4515 .
2521 4468 2810 4530 emergunt
2853 4457 3262 4528 simulationes,
3318 4458 3655 4514 suscitantur

397 4555 634 4626 maligno
657 4565 814 4621 erat,
843 4557 1222 4622 damnabitur,
1265 4559 1357 4628 qui
1385 4558 1488 4612 hoc
1513 4572 1710 4626 genere
1739 4555 1968 4611 homici—

397 4649 512 4712 dii,
547 4645 604 4701 id
629 4655 714 4703 est
747 4649 877 4714 odii,
921 4657 1153 4704 tenetur.
1194 4650 1312 4721 ipse
1339 4651 1532 4704 iterum
1557 4649 1693 4703 dicit
1728 4667 1740 4701 :
1770 4647 1969 4720 Siquis

395 4740 586 4793 dixerit
621 4742 869 4809 questions
886 4740 1051 4811 diligo
1081 4740 1247 4794 Deum
1266 4781 1280 4804 ,
1321 4749 1369 4794 et
1407 4741 1626 4810 fratrem
1655 4756 1811 4793 suum
1837 4740 1969 4804 odit,

396 4832 623 4884 mendax
650 4839 726 4883 est
757 4829 808 4901 (ι
834 4829 995 4884 Joan.
1042 4830 1139 4901 tv).
1171 4829 1229 4885 In
1258 4832 1362 4886 hoc
1377 4830 1525 4886 enim
1557 4827 1822 4900 probatur
1848 4837 1971 4884 esse

397 4923 626 4977 mendas
653 4923 798 4991 quod
817 4923 1007 4993 diligat
1028 4923 1223 4985 Densi,
1259 4937 1419 4992 quem
1461 4938 1572 4976 non
1617 4921 1767 4976 videt
1791 4963 1804 4983 ,
1835 4937 1971 4990 queo

395 5014 539 5068 alam
567 5025 676 5070 non
701 5013 879 5084 diligit
904 5055 920 5081 ,
955 5015 1051 5070 sed
1078 5014 1205 5070 odio
1229 5013 1394 5069 habet
1427 5012 1673 5079 fratrem,
1697 5028 1856 5083 quem
1885 5015 1969 5069 vi—

395 5105 504 5158 det.
545 5101 659 5160 Hoc
675 5104 824 5160 enim
859 5106 1170 5161 mandatum
1211 5105 1522 5175 accepimus
1551 5120 1583 5159 a
1609 5105 1747 5172 Deo,
1791 5105 1972 5176 utqui

394 5196 568 5267 diligit
597 5197 800 5262 Deam,
843 5197 1031 5268 diligat
1060 5208 1118 5253 et
1167 5197 1393 5251 fratrem
1435 5207 1614 5250 suum.

464 5288 552 5343 65.
595 5289 778 5344 Zetum
807 5300 853 5345 et
873 5291 1126 5345 invidiam
1148 5306 1250 5344 non
1273 5289 1462 5344 habere
1479 5287 1975 5360 (Jacob.m).i.ivor

395 5381 557 5435 alieni
597 5382 725 5436 boni
760 5397 919 5437 suum
951 5382 1107 5451 punit
1151 5389 1446 5438 auctorem.
1477 5381 1612 5436 Nam
1630 5383 1774 5436 unde
1799 5370 1975 5436 bonus

396 5472 631 5542 proiicit,
657 5473 782 5528 inde
807 5473 1019 5528 invidos
1043 5473 1399 5530 contabescit.
1421 5473 1572 5529 Unde
1595 5480 1649 5526 et
1671 5471 1974 5530 membrum

395 5573 478 5617 est
505 5563 746 5630 diaboli,
795 5563 951 5633 cujus
986 5565 1184 5620 invidia
1235 5581 1384 5619 mors
1411 5563 1657 5619 introivit
1700 5562 1754 5615 in
1784 5563 1972 5617 orbem

396 5663 685 5711 terrarum.
717 5653 853 5711 Nam
883 5654 1058 5711 zeiare
1087 5663 1142 5710 et
1180 5654 1420 5711 invidere
1449 5653 1670 5709 alterius
1695 5651 1835 5706 bono
1864 5665 1971 5707 non

2071 4546 2329 4602 scandala
2353 4587 2368 4613 ,
2407 4556 2466 4603 et
2490 4587 2506 4614 ,
2545 4556 2604 4602 ut
2639 4548 2884 4604 breviter
2923 4549 3133 4612 dicam.
3172 4557 3472 4605 nascuntur
3515 4549 3659 4603 inter

2073 4637 2274 4694 fratres
2299 4638 2481 4692 omnia
2514 4637 2676 4693 mala.
2720 4637 2873 4695 Unde
2899 4654 3086 4694 verum
3115 4647 3200 4693 est
3231 4638 3362 4693 illud
3383 4638 3531 4708 quod
3556 4637 3654 4693 Sa-

2073 4727 2255 4784 lomon
2276 4729 2354 4783 ait
2381 4729 2566 4784 dicens
2600 4746 2613 4782 :
2647 4727 2836 4784 Honor
2882 4741 2958 4784 est
2993 4730 3194 4785 homini
3224 4731 3314 4801 qui
3350 4739 3560 4800 separat
3601 4747 3656 4783 se

2073 4839 2108 4875 α
2143 4822 2558 4877 contentionibus
2588 4821 2628 4895 _(
2649 4820 2808 4879 Prov.
2873 4822 2999 4892 xx).
3057 4822 3472 4878 Contentionem
3504 4822 3654 4875 enim

2073 4911 2364 4982 Apostolus
2414 4913 2556 4967 inter
2607 4928 2774 4983 opera
2827 4915 3173 4968 tenebrarum
3217 4921 3540 4967 annumerat
3578 4913 3658 4968 di-

2075 5018 2207 5058 cens
2232 5018 2246 5056 :
2283 5003 2608 5074 Abjiciamus
2631 5019 2752 5074 ergo
2774 5020 2932 5074 opera
2953 5003 3283 5058 tenebrarum
3308 5002 3481 5076 (Rom.
3512 5005 3655 5073 xm).

2076 5092 2155 5148 De
2178 5093 2374 5162 quibus
2401 5094 2653 5163 operibus
2677 5092 2906 5161 subjecit
2950 5095 3140 5150 dicens
3180 5113 3193 5149 :
3229 5094 3353 5150 Non
3391 5096 3447 5151 in
3470 5109 3660 5149 comes-

2077 5185 2368 5240 sationibus
2391 5193 2445 5239 et
2463 5184 2820 5250 ebrietatibus,
2861 5201 2965 5239 non
2990 5185 3044 5239 in
3072 5184 3328 5239 cubilibus
3360 5195 3412 5239 ct
3433 5182 3659 5254 impudi-

2078 5279 2232 5341 citiis,
2251 5293 2354 5332 non
2371 5278 2424 5330 in
2447 5276 2772 5332 contentione
2786 5286 2834 5331 et
2854 5275 3188 5332 «mulatione
3202 5275 3253 5348 (1
3259 5274 3410 5346 ωσι).
3427 5272 3658 5328 Conten-

2082 5374 2157 5428 tio
2178 5373 2232 5427 in
2256 5373 2336 5427 eis
2374 5381 2457 5427 est
2486 5371 2577 5442 qui
2610 5369 2906 5426 secundum
2943 5386 3163 5426 carnem
3187 5369 3373 5422 vivunt
3397 5373 3453 5418 et
3477 5363 3568 5432 qui
3602 5362 3657 5415 in

2082 5464 2320 5519 tenebris
2343 5463 2638 5518 ambulant.
2691 5463 2794 5531 Qui
2840 5471 3019 5519 autem
3042 5463 3098 5516 in
3124 5460 3242 5514 luce
3268 5465 3370 5521 est,
3403 5455 3537 5511 nihil
3562 5470 3658 5524 per

2080 5557 2480 5612 contentionem
2505 5565 2596 5610 aut
2620 5556 2927 5620 elationem,
2957 5566 3130 5623 neque
3152 5564 3249 5619 per
3270 5547 3495 5621 gloriam
3519 5547 3658 5620 gerit

2080 5649 2312 5706 inanem.
2341 5649 2492 5706 Undc
2524 5657 2574 5704 ct
2592 5650 2873 5718 sequitur;
