3992 6206
395 289 493 350 ’191
573 285 593 295 ”

1671 281 2021 342 smmum
2052 250 2341 338 linearis

3527 288 3631 344 793

464 405 554 460 6⁸1.
591 401 890 459 Elationeur
911 399 976 456 ἀ
997 397 1314 472 iactantiam
1343 401 1524 472 fugere
1565 398 1738 475 (Psal.
1766 395 1952 466 cxxx).
1983 397 2035 455 A
2060 398 2173 449 tum
2195 409 2499 465 possumus,
2526 394 2725 450 imitari
2751 411 2874 451 eum
2901 396 3179 453 debemus.
3213 397 3334 470 Ipse
3364 400 3509 454 enim
3534 416 3631 470 pro

394 491 576 549 Elatio
595 491 1076 562 dieiturjaetantia
1119 491 1316 545 mentis
1340 531 1355 555 ,
1403 497 1461 546 et
1505 490 1726 545 audacia
1755 490 1957 556 cordis,

395 584 725 641 conﬁdentia
740 583 1023 647 virtutum,
1038 580 1122 634 vel
1146 581 1423 636 temeritas
1443 587 1499 636 et
1518 580 1680 635 timor
1692 579 1956 635 cordium.

397 672 513 730 Nisi
541 673 686 731 enim
710 669 1074 740 prmeesserit,
1107 677 1166 722 ut
1198 669 1389 724 beatus
1439 669 1517 723 ait
1558 669 1794 723 Isidorus
1815 708 1830 732 ,
1874 682 1963 722 oc-

396 761 540 818 culta
562 761 725 816 elatio
779 759 976 814 mentis
1001 799 1016 822 ,
1060 774 1166 813 non
1204 759 1450 829 sequitur
1478 766 1662 829 aperta
1703 757 1962 827 jactantia

399 855 590 909 laudis.
640 851 834 908 Utilius
878 859 996 913 est,
1052 849 1263 918 inquit,
1316 849 1597 903 ruentibus
1638 861 1962 917 quocunque

395 943 532 997 vitio
580 942 721 1006 labi,
775 948 830 996 et
857 939 1088 994 humiles
1131 949 1252 1008 post
1279 953 1464 993 casum
1494 939 1603 993 Deo
1631 937 1769 1004 ﬁeri,
1799 952 1962 1007 quam

396 1047 496 1102 per
523 1032 811 1087 elationem
841 1029 1126 1098 superbiri.
1164 1028 1559 1097 Nonnunquam
1586 1027 1800 1098 gemino
1828 1025 1962 1081 vitio

396 1123 786 1178 Christianusa
811 1119 1024 1175 diabolo
1053 1119 1324 1189 appetitur
1342 1159 1357 1183 ,
1386 1126 1441 1173 et
1477 1117 1690 1173 occulto
1732 1131 1828 1187 per
1855 1117 1965 1171 ela-

399 1216 620 1280 tionem,
645 1221 697 1269 et
724 1213 938 1282 publico
964 1227 1061 1281 per
1086 1210 1382 1266 libidinem.
1410 1209 1516 1264 Sed
1537 1209 1662 1263 dum
1683 1208 1819 1262 vitat
1844 1208 1965 1276 quis

396 1304 712 1366 libidinem,
761 1301 906 1358 cadit
956 1302 1013 1355 in
1059 1300 1364 1355 elationem.
1421 1298 1552 1352 Item
1597 1297 1734 1352 dum
1752 1297 1965 1351 incaute

397 1394 631 1450 declinat
657 1392 946 1448 elationem
970 1431 986 1456 ,
1037 1391 1184 1445 cadit
1227 1390 1282 1444 in
1332 1388 1628 1444 libidinem.
1671 1386 1870 1456 Sicque
1897 1402 1965 1442 ex

397 1482 610 1538 occulto
637 1481 885 1537 elationis
917 1479 1052 1534 vitio
1096 1479 1206 1552 itur
1243 1478 1297 1532 in
1325 1485 1572 1546 apertum
1601 1475 1840 1531 libidinis
1864 1515 1880 1540 ,
1911 1482 1967 1529 et

399 1572 681 1642 deaperto
706 1571 946 1626 libidinis
991 1569 1102 1622 itur
1146 1569 1203 1622 in
1244 1568 1512 1622 occultum
1541 1566 1809 1621 elationis.
1860 1565 1966 1621 Sed

399 1659 498 1714 Dei
543 1675 771 1726 servus,
827 1659 1061 1716 discrete
1107 1665 1394 1725 utrumque
1441 1671 1709 1726 pensans,
1753 1656 1835 1710 sic
1878 1671 1969 1710 ca-

2058 487 2496 554 persecutoribus
2518 486 2630 541 suis
2656 487 2832 541 oravit
2871 485 3054 542 dicens
3079 505 3092 540 :
3120 485 3307 554 Pater,
3336 490 3540 560 ignosce
3568 491 3632 544 il.

2058 576 2144 644 lis,
2170 578 2294 648 quia
2316 577 2550 632 nesciunt
2573 577 2700 647 quid
2731 577 2933 647 faciunt
2964 577 3117 650 (Luc.
3147 579 3330 652 nm).
3368 579 3434 637 Ut
3462 582 3629 637 simus

2059 681 2188 737 ergo
2215 667 2307 721 lilii
2339 667 2454 737 ejus
2482 667 2813 733 imitatione,
2847 667 2987 722 sicut
3005 666 3121 737 jam
3158 670 3333 739 gratia
3365 670 3510 725 illius
3541 687 3632 727 su-

2059 771 2179 811 mus
2205 757 2520 826 adoptione,
2554 759 2846 812 secundum
2876 756 2994 827 ejus
3029 758 3316 828 imperium
3343 759 3632 831 diligamus

2061 845 2307 900 inimicos
2328 847 2489 901 etiam
2515 855 2569 901 et
2593 862 2809 902 oremus
2843 863 2940 918 pro
2971 848 3094 904 illis.
3123 847 3242 919 Ipse
3277 851 3421 904 enim
3456 852 3632 921 impc-

2060 943 2212 990 rator
2240 936 2394 991 nobis
2420 937 2690 1006 imperans
2716 937 2792 990 ait
2821 955 2834 990 :
2866 936 3082 1007 Diligite
3128 938 3368 993 inimicos
3403 950 3628 1004 vestros.

2061 1025 2342 1097 benefacite
2367 1026 2448 1079 his
2473 1027 2563 1096 qui
2584 1027 2803 1081 oderunt
2824 1044 2933 1093 vos,
2960 1037 3006 1081 et
3036 1038 3180 1083 orate
3203 1047 3294 1100 pro
3323 1047 3634 1102 persequen-

2061 1115 2198 1170 tibus
2217 1125 2266 1170 et
2285 1116 2724 1172 calumniantibus
2747 1118 2981 1184 vobis,ut
3001 1119 3114 1174 sitis
3132 1119 3231 1189 ﬁlii
3253 1119 3434 1176 Patris
3455 1125 3630 1188 vestri,

2061 1206 2150 1276 qui
2163 1207 2216 1258 in
2234 1206 2373 1261 caelis
2393 1216 2502 1273 est;
2525 1209 2613 1278 qui
2635 1206 2796 1262 solem
2816 1225 2968 1263 suum
2995 1210 3123 1262 oriri
3145 1209 3270 1278 facit
3289 1228 3448 1281 super
3469 1213 3634 1267 bonos

2063 1306 2112 1350 et
2138 1296 2324 1363 malos,
2355 1307 2404 1352 et
2431 1297 2564 1368 pluit
2606 1314 2760 1368 super
2793 1298 2961 1365 iustos
2988 1307 3037 1352 et
3063 1299 3286 1368 iniustos
3310 1300 3524 1370 (Matth.
3553 1301 3629 1372 v).

2063 1388 2196 1444 Cum
2217 1389 2359 1444 enim
2395 1390 2654 1444 dixisset:
2683 1386 2752 1442 Ut
2777 1389 2888 1442 sitis
2913 1389 3014 1457 ﬁlii
3053 1389 3233 1445 Patris
3267 1392 3422 1445 uestri
3447 1393 3538 1463 qui
3579 1394 3633 1446 in

2064 1480 2203 1536 ctelis
2231 1489 2324 1547 est,
2357 1479 2596 1535 addidit:
2626 1480 2716 1550 qui
2752 1478 2910 1533 solem
2948 1496 3101 1534 suum
3136 1481 3265 1549 facit
3301 1482 3432 1534 oriri
3477 1499 3636 1551 super

2065 1570 2224 1624 bonos
2271 1579 2320 1623 et
2357 1568 2556 1634 malos,
2581 1577 2713 1636 etc.,
2736 1578 2796 1623 ut
2833 1570 3330 1640 nosintelligentes
3371 1569 3636 1627 faciamus

2066 1663 2300 1717 inimicis
2327 1661 2524 1716 nostris
2549 1662 2704 1726 bene,
2725 1669 2781 1714 et
2806 1667 3048 1715 nostram
3069 1661 3139 1715 ad
3161 1676 3257 1717 eos
3278 1661 3634 1717 extendamus

398 1757 490 1804 vet
524 1749 800 1804 libidinem
840 1755 902 1802 ut
948 1762 1058 1801 non
1104 1746 1344 1801 incurrat
1392 1745 1448 1798 in
1502 1743 1791 1798 elationem
1815 1783 1831 1810 ,
1887 1743 1968 1799 sic
1994 1729 2041 1788 Β
2068 1753 2434 1819 dilectionem,
2460 1761 2518 1808 ei
2544 1767 2643 1822 pro
2671 1751 2885 1806 illorum
2914 1751 3084 1806 salute
3103 1751 3404 1807 fundamus
3426 1753 3635 1807 οι-ιηῙο-

341 1887 349 1896 ,
400 1840 538 1894 vitat
581 1838 871 1896 elationem
895 1843 955 1892 ut
1006 1851 1113 1891 non
1161 1834 1398 1890 resolvat
1433 1833 1672 1887 animum
1724 1833 1792 1886 ad
1845 1831 1965 1886 libi-

401 1929 598 1984 dinem.

390 2065 394 2069 .
469 2020 572 2076 68.,
599 2018 841 2076 Seniores
881 2017 1118 2072 venerari
1148 2014 1331 2089 (Leuit.
1364 2031 1492 2080 nx;
1517 2014 1549 2068 1
1577 2013 1713 2068 Tim.
1742 2013 1820 2084 v).
1851 2013 1964 2067 liu-

399 2111 601 2167 militas
619 2111 765 2167 enim
790 2110 1056 2165 bonorum
1079 2109 1416 2163 subditorum
1443 2106 1722 2162 veneratio
1742 2113 1829 2161 est
1858 2103 1967 2159 fra-

398 2209 543 2256 trum
564 2199 858 2256 seniorum.
884 2197 1069 2267 Neque
1086 2197 1231 2251 enim
1256 2197 1468 2252 sincere
1496 2196 1698 2266 poterit
1717 2193 1966 2250 venerari

397 2290 688 2355 seniorem,
712 2288 814 2343 nisi
837 2287 927 2358 qui
952 2286 1234 2352 humilem,
1268 2300 1375 2340 non
1404 2285 1663 2340 tumidam
1685 2293 1741 2339 et
1767 2283 1964 2339 elatam

398 2379 652 2436 habuerit
677 2375 1246 2444 mentem.,Veneratio
1285 2375 1430 2437 enim
1471 2375 1744 2430 seniorum
1771 2373 1827 2428 in
1846 2387 1966 2427 ver-

397 2471 484 2526 bis
513 2469 674 2524 debet
700 2482 821 2527 esse
846 2475 902 2523 et
927 2467 983 2522 in
1008 2465 1167 2521 factis
1195 2484 1208 2519 :
1238 2465 1291 2520 in
1319 2465 1526 2530 verbis,
1550 2471 1611 2518 ut
1637 2464 1687 2519 ei
1719 2477 1888 2534 pauca
1911 2469 1967 2516 et

397 2559 744 2617 rationabilia
770 2557 932 2614 verba
960 2555 1239 2613 humiliter
1271 2555 1524 2625 loquatur
1565 2561 1621 2611 et
1658 2569 1781 2609 cum
1807 2567 1964 2607 reve-

397 2653 616 2720 rentia',
642 2652 698 2707 in
727 2649 886 2706 factis
924 2656 1137 2714 autem,
1188 2655 1249 2702 ut
1296 2645 1389 2703 illo
1438 2651 1751 2700 transeunte
1783 2642 1968 2713 junior

398 2752 616 2816 surgat,
635 2742 731 2799 illo
754 2741 954 2799 iterum
974 2738 1202 2809 iubente
1227 2737 1442 2800 sedeat,
1476 2735 1568 2790 illo
1593 2733 1849 2802 loquente
1872 2747 1968 2787 au-

396 2839 556 2895 diens
581 2845 780 2904 taceat,
807 2834 1160 2906 interroganti
1198 2831 1473 2888 humiliter
1502 2829 1856 2900 respondeat,
1879 2824 1968 2894 ju-

394 2928 544 2990 benti
569 2926 805 2992 obediat,
837 2923 1136 2981 transeunti
1165 2921 1420 2978 inclinato
1446 2917 1624 2990 capite
1641 2915 1970 2974 beneﬁctio-

396 3035 522 3076 nem
548 3018 826 3074 humiliter
855 3023 1023 3087 petat,
1049 3023 1105 3069 et
1129 3013 1185 3069 in
1208 3012 1459 3067 omnibus
1479 3049 1494 3076 ,
1517 3008 1610 3064 ubi
1634 3005 1968 3062 rationabili-

395 3120 483 3166 ter
521 3124 610 3164 res
639 3107 916 3177 postulat,
945 3106 1130 3174 jnnior
1168 3101 1464 3157 monachus
1497 3097 1698 3154 seniori
1724 3095 1962 3153 obediat.

395 3200 540 3256 IIinc
565 3198 764 3255 Paulus
791 3195 1075 3250 Timotheo
1099 3193 1178 3247 ait
1212 3193 1436 3248 dicens:
1469 3189 1740 3244 Seniorem
1786 3202 1852 3241 ne
1890 3187 1970 3240 in-

396 3286 709 3358 crepaveris,
725 3285 820 3350 sed
843 3285 1052 3338 obsecra
1075 3292 1133 3336 ut
1150 3279 1363 3336 Patrem
1383 3278 1434 3350 (Ι
1451 3277 1680 3348 Tim.v).
1698 3277 1797 3331 Et:
1816 3274 1967 3342 Filii,

397 3376 598 3432 obedite
612 3373 912 3445 parentibus
932 3371 1113 3426 vestris
1131 3369 1188 3424 in
1211 3367 1436 3424 Domino
1456 3364 1678 3439 (Coloss.
1709 3364 1815 3436 ιιι).
1833 3363 1969 3419 Nam

395 3474 454 3522 et
480 3465 741 3532 Dominus
769 3461 1051 3519 descendit
1085 3461 1151 3516 de
1190 3457 1530 3514 Hierusalem
1567 3471 1692 3512 cum
1729 3455 1970 3526 parenti-

395 3557 498 3613 bus
524 3555 638 3610 suis
667 3553 722 3610 in
747 3551 1017 3608 Nazareth
1035 3591 1050 3617 ,
1080 3559 1128 3609 et
1151 3557 1262 3604 erat
1294 3547 1532 3602 subditus
1558 3545 1664 3601 illis
1703 3544 1854 3616 (Luc.
1880 3546 1966 3616 ιι).

394 3645 534 3702 Ilinc
561 3661 658 3716 per
683 3643 968 3713 quemdam
999 3640 1298 3710 sapientem
1329 3638 1529 3693 dicitur
1555 3655 1570 3690 :
1599 3636 1670 3691 In
1706 3644 1816 3690 tota
1852 3636 1971 3690 ani-

395 3753 486 3791 ma
546 3744 638 3789 tua
687 3733 809 3786 time
856 3730 1022 3784 Deum
1068 3737 1117 3783 et
1163 3726 1455 3782 sacerdotes
1504 3724 1646 3779 illius
1694 3723 1970 3792 sancti/ica

397 3823 590 3897 (Eccli.
623 3820 740 3892 vn).
770 3820 890 3892 Ipse
933 3819 1131 3874 iterum
1165 3817 1296 3871 dicit
1323 3835 1337 3871 :
1370 3816 1439 3870 In
1470 3816 1611 3871 omni
1652 3817 1841 3869 virtute
1876 3824 1970 3868 tua

395 3918 556 3989 dilige
581 3933 700 3972 cum
721 3916 812 3986 qui
843 3924 890 3968 te
915 3913 1062 3984 fecit,
1095 3921 1143 3966 et
1169 3912 1437 3965 ministros
1457 3910 1573 3980 ejus
1608 3925 1712 3962 non
1738 3906 1968 3962 derelin-

394 3989 530 4082 quas
554 4006 766 4081 (Ibid.).
795 4005 904 4062 Sed
943 4013 998 4060 et
1034 4005 1140 4059 hoc
1187 4002 1532 4066 intuendum,
1581 4014 1652 4054 ne
1683 4005 1900 4068 accepta
1937 4012 1969 4050 a

394 4099 608 4172 iuniore
634 4096 813 4153 senior
835 4093 1172 4157 reverentia,
1201 4092 1256 4146 in
1288 4099 1497 4145 tumore
1535 4103 1594 4144 se
1621 4087 1876 4172 extollat,
1916 4094 1972 4141 et

397 4163 478 4248 sic
502 4188 816 4247 scandalum
849 4187 1095 4251 nutriat,
1125 4185 1222 4241 sed
1260 4183 1431 4254 magis
1477 4182 1756 4252 magisque
1785 4163 1844 4236 se
1872 4181 1972 4234 hu-

397 4279 615 4335 milians
635 4318 650 4343 ,
676 4284 737 4331 ut
763 4275 902 4330 ﬁlios
931 4289 1117 4331 amore
1155 4280 1385 4342 paterno
1430 4271 1650 4340 diligat,
1677 4281 1734 4325 et
1760 4266 1839 4325 ita
1875 4283 1970 4324 eos

2065 1857 2211 1912 nem,
2249 1852 2309 1898 ut
2335 1844 2426 1912 qui
2458 1843 2554 1897 ﬁlii
2581 1842 2677 1898 Dei
2708 1843 2822 1912 jam
2850 1840 2978 1897 facti
3025 1856 3213 1898 sumus
3247 1857 3346 1912 per
3390 1842 3636 1911 adoptio-

2066 1947 2208 1996 nem,
2236 1930 2529 1988 efficiamur
2548 1939 2603 1986 et
2620 1932 2732 1985 nati
2753 1945 2851 2000 per
2874 1931 3253 1985 imitationem.
3280 1929 3518 1986 Christus
3538 1949 3638 2002 pro

2065 2024 2211 2077 nobis
2253 2038 2439 2092 passus
2467 2029 2590 2095 est,
2629 2021 2704 2075 ait
2731 2021 3003 2090 apostolus
3025 2021 3248 2086 Petrus,
3278 2023 3427 2076 nobis
3469 2022 3638 2077 relin-

2064 2130 2224 2185 quens
2255 2111 2564 2184 exemplum,
2611 2121 2666 2166 ut
2707 2128 2987 2182 sequamur
3020 2113 3232 2183 vestigia
3268 2113 3381 2182 ejus
3411 2112 3460 2184 (ι
3484 2113 3635 2167 Petr.

2065 2204 2150 2275 ιι).
2183 2202 2337 2270 Quod
2365 2217 2470 2257 non
2501 2201 2673 2256 solum
2703 2203 2770 2256 de
2807 2201 3059 2271 passione
3082 2241 3096 2267 ,
3124 2202 3218 2256 sed
3243 2208 3296 2256 et
3332 2202 3398 2256 de
3427 2201 3641 2256 inimici

2065 2293 2374 2360 dilectione,
2402 2299 2456 2347 et
2479 2305 2580 2361 pro
2603 2291 2682 2348 eis
2715 2290 2856 2346 facta
2882 2290 3141 2347 debemus
3176 2291 3478 2363 intelligere
3503 2306 3644 2346 ora—

2065 2385 2233 2441 tione.

2138 2475 2226 2528 7i.
2259 2473 2392 2530 Cum
2415 2473 2838 2530 discordantibus
2860 2482 2981 2528 ante
3007 2471 3132 2528 solis
3169 2487 3411 2526 occasum
3443 2473 3497 2525 in
3545 2487 3647 2540 pa-

2066 2582 2177 2620 cem
2216 2564 2388 2620 redire
2429 2563 2646 2636 (Ephes.
2674 2563 2772 2635 Iv).
2803 2562 2954 2619 Sicut
2975 2563 3064 2634 pia
3093 2571 3268 2617 mater
3296 2559 3536 2618 Ecclesia
3568 2561 3649 2616 ab

2066 2653 2317 2710 oumibus
2349 2653 2490 2709 male
2523 2654 2828 2710 viventibus
2873 2653 2988 2709 sive
3036 2652 3304 2708 haereticis
3347 2652 3645 2723 premitur,

2068 2744 2164 2800 sed
2207 2752 2390 2800 tamen
2435 2758 2533 2800 eos
2563 2743 2632 2798 ad
2679 2758 2738 2799 se
2763 2743 3044 2799 venientes
3086 2742 3319 2812 benigna
3363 2742 3652 2798 charitate

2068 2836 2442 2906 amplectitur;
2472 2835 2546 2889 ita
2575 2841 2633 2888 et
2662 2848 2764 2889 nos
2787 2846 3136 2902 quoscunque
3176 2831 3425 2887 inimicos
3465 2832 3652 2886 susti-

2069 2941 2283 2991 nemus,
2314 2931 2652 2981 revertentes
2678 2925 2747 2978 ad
2770 2939 2870 2980 nos
2897 2931 3142 2979 materna
3185 2924 3480 2978 imitatione
3517 2937 3655 2978 am-

2067 3014 2276 3086 plexari
2314 3015 2494 3069 statim
2530 3014 2814 3077 debemus,
2859 3012 2986 3082 quia
3031 3013 3123 3083 qui
3165 2999 3389 3067 fratrem
3428 3012 3656 3069 tardius

2071 3106 2178 3161 sibi
2206 3105 2539 3168 reconciliat,
2559 3104 2730 3160 Deum
2757 3103 2858 3159 sibi
2888 3104 3096 3159 tardius
3117 3103 3314 3174 placat.
3334 3103 3466 3158 Hinc
3485 3104 3654 3158 enim

2070 3195 2330 3252 Dominus
2351 3194 2428 3248 ait
2452 3212 2465 3248 :
2495 3193 2553 3248 Si
2576 3195 2732 3263 offers
2755 3210 2947 3248 munus
2974 3189 3121 3247 tuum
3161 3193 3232 3247 ad
3258 3193 3452 3257 altare,
3482 3202 3534 3247 et
3569 3195 3657 3248 ibi

2070 3286 2374 3342 recordatus
2405 3285 2568 3355 fueris
2594 3286 2720 3356 quia
2749 3289 3059 3354 fratervtuus
3105 3283 3258 3338 habet
3306 3281 3502 3353 aliquid
3531 3283 3652 3337 ad-

2069 3392 2272 3432 uersum
2296 3384 2376 3441 te,
2407 3375 2638 3446 relinque
2675 3375 2748 3429 ibi
2787 3391 2976 3430 manus
3018 3383 3173 3428 tuum
3200 3383 3321 3428 ante
3359 3373 3563 3439 altare,
3596 3385 3655 3429 et

2068 3467 2198 3522 vade
2217 3465 2362 3537 prius
2391 3464 2720 3520 reconciliari
2743 3464 2899 3534 fratri
2926 3474 3035 3530 tuo,
3055 3472 3102 3518 et
3119 3473 3244 3518 tunc
3265 3464 3467 3518 ueniens
3501 3466 3658 3534 offe-

2071 3575 2154 3614 res
2181 3573 2370 3614 munus
2407 3565 2554 3612 tuum
2591 3555 2808 3629 (Matth.
2835 3556 2912 3628 v).
2945 3554 3084 3612 Hinc
3124 3554 3324 3611 Paulus
3363 3557 3658 3625 apostolus

2069 3647 2147 3702 ait
2170 3664 2182 3701 :
2212 3646 2533 3711 Irascimini,
2559 3655 2608 3699 et
2638 3645 2797 3700 nolite
2823 3661 3054 3716 peccare.
3071 3643 3173 3700 Sol
3193 3661 3297 3700 non
3321 3645 3518 3699 occidat
3553 3663 3660 3702 sat-

2069 3753 2162 3808 per
2188 3736 2518 3791 iracundiam
2561 3744 2783 3790 uestram
2820 3730 3037 3807 (Ephes.
3080 3733 3177 3806 Iv).
3221 3734 3356 3790 lline
3393 3737 3657 3794 ostendit

2070 3827 2193 3898 quia
2213 3834 2338 3881 ante
2361 3825 2490 3881 solis
2509 3841 2760 3881 occasum
2783 3833 2840 3880 et
2866 3825 3110 3894 culpatus
3135 3826 3369 3895 petendo
3392 3825 3659 3896 recipere

2070 3917 2304 3983 veniam,
2335 3925 2388 3970 et
2417 3917 2577 3972 kesus
2604 3915 2819 3971 laedenti
2847 3916 3166 3972 dimittendo
3180 3915 3342 3972 debet
3361 3915 3660 3986 indulgere

2071 4010 2285 4066 delicta.
2316 4007 2436 4064 Cito
2469 4009 2615 4064 enim
2649 4015 2735 4062 est
2779 4008 3161 4078 ignoscendum
3199 4008 3479 4077 cuiquam,
3504 4009 3657 4064 dum

2069 4100 2282 4154 veniam
2311 4099 2568 4168 postulat,
2596 4098 2724 4168 quia
2751 4098 2898 4153 nihil
2921 4097 3134 4168 proﬁcit
3169 4113 3292 4154 esse
3326 4097 3658 4154 immacula-

2070 4197 2183 4245 tum
2217 4204 2249 4243 a
2271 4189 2447 4258 culpa,
2473 4187 2570 4258 qui
2590 4203 2699 4243 non
2723 4194 2807 4243 est
2826 4193 3047 4258 paratus
3071 4187 3138 4242 ad
3169 4187 3400 4243 veniam.
3425 4186 3657 4245 Crescit

2068 4280 2215 4334 enim
2243 4287 2299 4334 et
2335 4286 2562 4349 augetur
2597 4276 2776 4347 culpa.
2819 4277 3034 4350 quando
3075 4276 3280 4333 tardius
3324 4276 3660 4333 relaxantur

398 4369 466 4424 ad
507 4365 824 4422 humilitatis
854 4361 1220 4420 obedientiam
1261 4359 1568 4432 compellat.
1603 4358 1752 4414 Unde
1791 4365 1846 4412 et
1877 4371 1965 4413 se-
1992 4407 2046 4467 Β
2071 4371 2310 4430 fraterna
2332 4371 2550 4426 delicta,

400 4459 584 4530 quitur
611 4476 629 4513 :

471 4569 560 4625 69.
589 4568 844 4623 Iuniores
865 4567 1099 4637 diligere.
1123 4565 1408 4623 Geminam
1445 4563 1590 4618 enim
1629 4562 1971 4618 dilectionem

401 4674 432 4712 a
459 4658 764 4714 senioribus
801 4657 998 4711 debent
1035 4656 1284 4724 accipere
1313 4652 1580 4722 iuniores.
1608 4652 1780 4708 Unam
1801 4692 1816 4717 ,
1845 4652 1972 4720 quia

398 4747 596 4803 fratres
633 4757 777 4802 sunt.
822 4745 1094 4816 Scriptum
1141 4751 1226 4798 est
1266 4744 1411 4797 enim
1443 4761 1455 4795 :
1491 4741 1608 4796 Hoc
1654 4741 1966 4795 mandatum

401 4840 711 4908 accepimus
741 4857 774 4892 a
793 4839 925 4903 Deo,
953 4847 1008 4891 ut
1029 4835 1119 4907 qui
1147 4834 1317 4903 diligit
1341 4834 1508 4887 Deum
1527 4874 1542 4899 ,
1569 4833 1753 4903 diligat
1783 4842 1830 4885 et
1858 4832 1971 4901 fra-

400 4938 534 4982 trem
560 4943 714 4980 suum
755 4926 805 4998 (l
840 4927 1001 4981 Joan.
1030 4925 1126 4997 IV).
1168 4924 1440 4987 Alteram,
1484 4923 1611 4992 quia
1655 4922 1969 4977 obedientes

401 5017 705 5075 senioribus
746 5016 1021 5070 humiliter
1061 5015 1325 5071 serviunt.
1363 5013 1502 5070 Hine
1531 5013 1675 5066 enim
1709 5011 1970 5081 scriptum

400 5114 486 5161 est
512 5123 524 5158 :
555 5104 745 5160 Servus
773 5114 1012 5158 sensatus
1037 5104 1104 5158 sit
1132 5105 1224 5158 tibi
1252 5103 1470 5158 dilectus
1495 5101 1647 5172 quasi
1673 5101 1851 5154 anima
1878 5109 1970 5153 tua

401 5196 594 5269 (Eccli.
620 5193 742 5266 vn),
764 5196 918 5263 quasi
950 5194 1170 5249 fratrem
1210 5196 1289 5250 sic
1315 5209 1438 5249 eum
1470 5199 1658 5248 tracta.
1695 5189 1751 5245 Si
1778 5190 1880 5244 hoc
1903 5191 1971 5246 de

401 5302 586 5352 servo,
605 5292 809 5356 quanto
830 5282 1000 5354 magis
1026 5283 1428 5354 intelligendum
1455 5290 1538 5337 est
1562 5281 1630 5336 de
1657 5280 1766 5336 ﬁlio
1785 5289 1841 5336 et
1857 5279 1969 5334 fra-

403 5385 488 5430 tre
516 5373 746 5430 dileeto!
1191 5413 1206 5418 ,ι

473 5465 561 5519 70.
599 5463 669 5518 In
713 5461 908 5518 Christi
957 5476 1134 5514 amore
1176 5476 1269 5530 pro
1313 5459 1539 5514 inimicis
1584 5475 1753 5512 orare.
1801 5457 1966 5514 Amor

403 5554 546 5608 enim
569 5552 767 5609 Christi
799 5551 926 5607 facit
949 5565 1048 5606 nos
1071 5549 1295 5620 diligere
1321 5549 1614 5610 inimicum,
1648 5547 1778 5603 facit
1803 5549 1965 5602 etiam

405 5654 460 5700 et
485 5659 638 5702 orare
666 5661 764 5717 pro
795 5644 914 5711 illo,
945 5643 1071 5713 quia
1111 5642 1156 5698 si
1187 5641 1283 5696 ﬁlii
1309 5641 1426 5712 ejus
1453 5657 1670 5707 sumus,
1703 5641 1755 5694 in
1797 5655 1966 5710 quau-

2143 4463 2232 4518 72.
2283 4461 2353 4516 Et
2396 4461 2460 4516 de
2500 4460 2601 4516 Dei
2642 4459 3005 4515 misericordia
3053 4475 3318 4530 nunquam
3361 4459 3657 4529 desperare

2073 4553 2290 4625 (Ezech.
2319 4551 2500 4621 xvnt).
2529 4541 2644 4605 Etsi
2673 4549 2817 4606 mille
2855 4549 2965 4605 sint
3001 4557 3254 4619 peccata,
3286 4564 3391 4604 non
3429 4555 3512 4602 est
3547 4550 3655 4604 de-

2073 4645 2398 4716 sperandum
2423 4643 2489 4699 de
2515 4642 2690 4699 venia.
2723 4642 2866 4698 Deus
2890 4642 3035 4697 enim
3054 4649 3112 4697 et
3134 4641 3256 4711 pius
3276 4649 3362 4697 est
3385 4642 3452 4696 ad
3481 4641 3652 4711 igno-

2072 4737 2348 4799 scendum,
2375 4743 2430 4789 et
2451 4735 2791 4805 omnipotens
2825 4733 2893 4788 ad
2922 4734 3256 4790 salvandum.
3282 4733 3508 4787 Tantum
3554 4741 3655 4788 est

2071 4834 2132 4882 ut
2156 4825 2522 4896 unusquisque
2557 4832 2811 4894 peccator
2849 4823 3080 4879 declinet
3124 4839 3156 4878 a
3189 4821 3330 4878 malo
3376 4827 3432 4875 et
3469 4817 3658 4876 faciat

2069 4917 2269 4973 bonum
2299 4913 2472 4987 (Psal.
2517 4914 2724 4984 χχχιι).
2753 4913 3089 4971 Conﬁteatur
3118 4913 3344 4969 Domino
3378 4927 3475 4966 sua
3512 4925 3653 4980 pee-

2070 5013 2212 5072 cata,
2233 5013 2288 5059 et
2314 5003 2608 5060 secundum
2628 5002 2846 5058 modum
2864 5002 3036 5072 culpa:
3055 5000 3220 5056 faciat
3241 4999 3649 5070 pmnitentiam,

2037 5081 2042 5088 ’
2071 5097 2198 5168 quia
2224 5095 2400 5151 omnis
2426 5102 2679 5165 peccator
2707 5093 2799 5163 qui
2823 5093 2890 5148 ad
2911 5094 3194 5148 Dominum
3222 5107 3288 5148 ex
3319 5098 3434 5146 toto
3468 5091 3650 5145 corde

2071 5201 2365 5243 conversus
2393 5184 2574 5252 fuerit,
2594 5185 2776 5240 salvus
2798 5185 2922 5249 erit,
2953 5185 3070 5254 ipso
3093 5184 3305 5239 dicente
3324 5182 3415 5252 qui
3440 5195 3646 5250 pecea-

2063 5278 2270 5335 toribus
2299 5276 2412 5330 ait:
2445 5274 2816 5330 Convertimini
2841 5275 2911 5328 ad
2933 5291 3042 5340 me,
3078 5283 3126 5328 et
3153 5273 3286 5327 salvi
3315 5273 3460 5326 eritis
3489 5269 3638 5340 (ἴω.

2063 5367 2213 5440 XLV).
2240 5369 2360 5439 Ipse
2387 5369 2579 5424 iterum
2606 5367 2737 5422 dicit
2760 5385 2773 5422 :
2804 5366 2948 5432 Nolo,
2968 5375 3184 5421 mortem
3209 5364 3517 5436 peccatoris,
3545 5364 3644 5417 sed

2066 5471 2122 5515 ut
2147 5469 2479 5515 convertatur
2501 5468 2548 5514 et
2573 5459 2706 5514 vivat
2737 5458 2954 5531 (Ezech.
2985 5474 3120 5514 xvm
3150 5465 3207 5512 et
3239 5455 3456 5522 nam).
3490 5453 3642 5524 Ergo

2067 5565 2188 5605 cum
2209 5550 2328 5619 pius
2350 5549 2607 5604 Dominus
2631 5565 2737 5605 non
2761 5549 3029 5603 desideret
3058 5555 3287 5604 mortem
3309 5544 3639 5615 peccatoris,

2067 5643 2158 5696 sed
2185 5640 2380 5706 vitam,
2418 5639 2534 5709 ipse
2571 5639 2679 5695 sibi
2724 5639 3105 5695 misericordia:
3151 5637 3353 5694 claudit
3383 5636 3638 5707 januam,
