3992 6206
373 321 474 378 793

1404 317 1760 377 COMMENT.
1803 319 1869 376 IN
1909 319 2068 374 REG.
2113 319 2171 373 S.
2213 317 2588 377 BENEDICTI.

3512 328 3614 384 794

367 430 462 500 qui
520 428 591 483 ab
641 440 710 482 eo
750 435 1096 497 peccatorum
1144 429 1356 484 veniam
1383 443 1625 501 recnpere
1669 431 1938 499 desperat.
1968 433 2020 493 Α
2044 426 2275 486 refertus
2310 444 2416 486 non
2449 431 2756 487 inﬁrmatur
2784 433 2838 487 in
2865 448 3051 505 pejus,
3083 437 3177 492 sed
3211 437 3426 508 proﬁcit
3453 457 3614 501 sanus

368 519 506 574 llinc
539 519 733 572 iterum
762 533 863 588 per
887 520 1206 590 prophetam
1237 519 1402 574 dicit:
1436 518 1689 574 Peccator
1726 521 1782 574 in
1809 536 1944 590 qua-

367 624 570 678 cunque
607 606 693 660 die
726 623 1003 662 conversus
1035 608 1192 677 fuerit
1227 624 1292 662 ea:
1315 618 1424 663 toto
1461 609 1616 663 corde
1645 609 1713 662 ad
1754 609 1936 662 Domi-

368 716 514 764 num,
538 699 730 753 desinit
753 715 864 753 esse
879 709 1126 768 peccator
1151 700 1366 771 (Ezech.
1395 700 1612 771 χχχιιι).
1649 699 1784 754 Hinc
1815 699 1940 754 Hie-

367 805 626 859 ronymus
652 789 728 844 ait
754 807 766 842 :
793 789 962 844 Nemo
993 790 1060 844 de
1086 791 1296 845 Domini
1331 790 1659 862 indulgentia
1698 790 1936 855 dubitet,

366 894 526 934 nemo
555 880 822 949 desperet.
852 879 933 934 Ad
957 877 1221 935 hoc'enim
1251 881 1448 935 missus
1477 879 1695 934 advenit
1717 887 1776 934 ut
1809 895 1938 948 pec-

365 977 582 1025 catores
610 969 928 1024 conﬁtentes
950 986 1056 1024 non
1077 970 1349 1038 perderet,
1379 970 1473 1024 sed
1503 969 1753 1024 salvaret.
1772 967 1939 1024 Nemo

366 1061 434 1116 de
457 1061 802 1116 multitudine
827 1077 1047 1115 suorum
1069 1063 1317 1130 desperet
1343 1061 1648 1123 criminum,
1673 1060 1797 1129 quia
1818 1059 1939 1128 pius

364 1157 422 1203 et
449 1151 761 1206 misericors
791 1151 1051 1204 Dominus
1079 1159 1301 1220 paratus
1322 1160 1406 1205 est
1431 1152 1498 1205 ad
1527 1151 1934 1221 ignoscendum.

368 1235 428 1294 Si
458 1240 722 1308 discipulo
750 1254 850 1294 suo
875 1239 1035 1293 Petro
1066 1255 1236 1308 usque
1264 1239 1569 1310 septoagies
1595 1238 1794 1307 septies
1823 1236 1938 1306 jus—

365 1336 438 1389 sit
473 1335 626 1388 fratri
653 1334 928 1390 dimittere
951 1341 1253 1404 peccatum,
1286 1333 1456 1388 multo
1497 1333 1667 1403 magis
1700 1331 1790 1385 ille
1817 1331 1936 1386 fons

364 1427 583 1499 pietatis
621 1435 676 1482 et
715 1426 1058 1495 indulgentia:
1080 1439 1252 1494 usque
1281 1424 1430 1479 mille
1468 1424 1666 1478 millies
1703 1422 1851 1476 mille
1877 1421 1934 1476 in

365 1520 795 1590 sepcccantibus
836 1527 891 1574 et
928 1519 1144 1573 veniam
1188 1518 1496 1588 petentibus
1539 1517 1761 1572 dimittit
1799 1516 1934 1571 deli-

363 1619 530 1665 ctum.
558 1610 676 1680 lpse
697 1611 843 1665 enim
867 1611 1034 1666 totius
1056 1612 1242 1665 mundi
1267 1611 1398 1666 lavit
1427 1611 1654 1664 crimina
1678 1649 1694 1674 ,
1729 1617 1936 1678 quanto

363 1700 537 1770 magis
561 1700 722 1754 unius
758 1699 994 1755 hominis
1021 1700 1225 1755 lavabit
1261 1699 1478 1755 delicta.
1510 1698 1740 1752 Tantum
1759 1707 1852 1752 est
1875 1706 1936 1752 ut

2041 533 2256 590 semper
2277 521 2332 576 in
2360 523 2572 578 melius.

2113 607 2243 673 Qua:
2264 626 2383 663 cum
2408 610 2604 679 fuerint
2630 629 2662 666 a
2692 614 2838 668 nobis
2871 615 2957 668 die
2997 626 3254 688 noctuque
3294 620 3616 676 incessabili-

2039 707 2120 751 ter
2159 699 2470 770 adimpleta,
2525 712 2572 755 et
2617 704 2671 755 in
2706 704 2790 758 die
2832 705 3027 774 judicii
3075 709 3458 779 reconsignata.
3488 711 3615 767 Haec

2038 789 2182 843 enim
2209 791 2575 846 sacratissima
2604 796 2914 863 supradicta
2946 797 3160 853 Domini
3205 809 3474 869 praecepta
3508 819 3605 858 no-

2038 880 2123 934 bis
2146 881 2398 948 przesenti
2420 883 2809 951 consignantur
2832 888 2884 940 in
2905 889 3038 952 vita,
3063 897 3122 942 ut
3144 905 3430 959 operemur
3453 893 3505 946 in
3530 895 3612 949 eis

2038 977 2094 1024 et
2119 978 2407 1038 operantes
2435 975 2804 1030 custodiamus
2845 975 2956 1029 illa.
2990 977 3188 1032 lterum
3231 981 3388 1035 nobis
3418 983 3472 1034 in
3500 983 3613 1036 vita

2038 1060 2558 1130 reconsiguabuutur
2583 1074 2806 1132 aeterna,
2837 1075 2898 1120 ut
2924 1067 3125 1123 laboris
3148 1073 3317 1124 nostri
3341 1073 3501 1141 digna
3533 1087 3612 1126 re-

2037 1149 2216 1218 cipere
2239 1167 2545 1206 mereamur
2573 1157 2815 1223 praemia,
2839 1158 2926 1212 illa
2954 1159 3197 1214 videlicet
3222 1177 3340 1230 qua:
3370 1163 3482 1232 ipse
3511 1164 3615 1218 Do-

2037 1242 2215 1297 minus
2245 1245 2509 1312 0perariis
2539 1247 2653 1300 suis
2677 1249 2928 1316 promisit
2951 1251 3135 1306 dicens
3161 1270 3172 1304 :
3216 1251 3393 1306 Venite
3416 1255 3484 1306 ad
3508 1271 3610 1317 me,

2037 1349 2216 1388 omnes
2244 1336 2334 1405 qui
2362 1336 2615 1390 laboratis
2660 1348 2710 1391 et
2743 1341 2946 1392 onerati
2983 1343 3136 1406 estis,
3175 1352 3222 1394 et
3253 1359 3344 1412 ego
3383 1343 3612 1410 reficiam

2004 1423 2010 1429 ’
2035 1443 2124 1481 vos
2153 1427 2369 1498 (Matth.
2395 1429 2494 1500 XI).
2522 1431 2610 1496 Et,
2643 1430 2841 1497 Venite,
2875 1432 3127 1486 benedicti
3151 1432 3327 1487 Patris
3350 1436 3471 1498 mei,
3501 1451 3612 1503 per-

2036 1517 2189 1586 cipite
2229 1533 2474 1588 regnum,
2517 1520 2657 1589 quod
2703 1521 2846 1573 vobis
2899 1531 3142 1589 paratum
3182 1531 3257 1575 est
3303 1524 3367 1575 ab
3415 1524 3613 1592 origine

2035 1608 2220 1661 mundi
2245 1609 2461 1680 (Matth.
2490 1607 2640 1681 ω).
2663 1611 2730 1664 Et
2755 1612 2821 1664 de
2847 1627 2952 1680 quo
2976 1611 3264 1680 Apostolus
3289 1613 3536 1668 dicebat:

2105 1694 2212 1750 Illa
2231 1713 2424 1753 merces
2452 1699 2598 1753 nobis
2619 1716 2652 1752 a
2673 1699 2900 1754 Domino
2927 1701 3423 1770 recompensabitur,
3451 1719 3608 1772 quant

364 1766 734 1859 unusquisque
763 1797 1113 1844 convertatur
1142 1789 1210 1843 ab
1239 1789 1514 1858 impietate
1541 1804 1658 1850 sua,
1691 1796 1747 1843 et
1777 1766 2008 1844 factis-B
2034 1787 2144 1856 ipse
2170 1789 2426 1857 promisit,
2453 1790 2592 1860 quod
2621 1790 2804 1844 oculus
2834 1807 2936 1844 non
2958 1766 3107 1856 vidit,
3140 1809 3233 1845 nec
3269 1793 3415 1846 auris
3461 1766 3610 1847 audi-

360 1880 540 1950 dignis
566 1881 898 1950 paenitentiae
927 1879 1191 1935 fructibus
1207 1880 1355 1934 vivat
1377 1880 1432 1935 in
1453 1887 1734 1942 aeternum,
1765 1879 1936 1933 hono-

362 1987 485 2027 rum
512 1972 752 2028 omnium
775 1973 976 2028 virtute
1005 1971 1263 2029 refertus.

437 2147 574 2203 Ecce
601 2150 712 2204 haec
733 2158 854 2204 sunt
884 2149 1232 2204 instrumenta
1265 2147 1396 2201 artis
1438 2144 1754 2216 spiritualis.
1785 2143 1928 2199 Ecce

360 2241 478 2296 haec
504 2248 652 2307 sunt,
682 2241 831 2307 dicit,
862 2243 916 2297 id
941 2249 1048 2308 est,
1073 2242 1190 2297 lucc
1221 2242 1530 2312 supradicta
1563 2241 1745 2295 divina
1779 2255 1932 2293 man-

358 2330 488 2385 data
519 2346 640 2401 quae
683 2341 810 2386 sunt
837 2333 1051 2403 singula
1092 2332 1207 2402 jam
1257 2349 1355 2404 per
1399 2333 1646 2388 ordinem
1685 2331 1932 2400 superius

358 2422 626 2490 exposita.
670 2420 796 2478 Haec
836 2432 964 2478 sunt
999 2423 1186 2493 itaque
1214 2424 1572 2478 instrumenta
1615 2422 1748 2476 artis
1775 2421 1934 2490 spiri-

358 2511 504 2566 talis.
531 2511 634 2568 Ars
653 2513 797 2568 dicta
825 2522 928 2579 est,
960 2529 1026 2569 eo
1051 2515 1195 2584 quod
1223 2515 1358 2570 artis
1383 2514 1668 2585 praeceptis
1703 2513 1932 2583 regulis~

359 2620 465 2676 que
508 2604 797 2660 constricta
843 2605 980 2661 bene
1001 2617 1059 2661 et
1079 2604 1229 2675 juste
1269 2608 1452 2662 ducat.
1486 2605 1641 2660 Sicut
1675 2607 1821 2660 enim
1847 2613 1932 2660 est

357 2709 451 2750 ars
493 2693 827 2764 corporalis,
874 2700 960 2750 est
1003 2703 1060 2750 et
1102 2711 1198 2750 ars
1233 2695 1511 2766 Spintalis.
1546 2695 1830 2750 Sed-sicut
1848 2702 1934 2750 est

356 2785 623 2854 corporali
650 2786 760 2841 vita
790 2787 1052 2856 spiritalis
1100 2787 1315 2852 melior,
1342 2788 1417 2842 ita
1448 2795 1533 2842 est
1567 2793 1624 2841 et
1659 2800 1751 2840 ars
1780 2785 1924 2856 ejus-

357 2877 484 2932 dem
517 2877 638 2932 vitze
669 2879 934 2934 subtilior.
969 2878 1123 2934 Unde
1149 2887 1204 2934 et
1238 2879 1325 2933 illa
1367 2879 1586 2948 paucis,
1637 2879 1752 2933 haec
1798 2893 1931 2934 vero

359 2966 730 3021 instrumentis
765 2966 969 3038 indiget
1004 2967 1270 3037 plurimis.
1318 2956 1473 3022 Sicut
1519 2968 1666 3023 enim
1716 2967 1929 3022 instru-

357 3061 538 3107 menta
567 3063 692 3109 sunt
717 3053 994 3110 fabrorum
1013 3095 1028 3120 ,
1055 3056 1382 3126 scriptorum
1414 3054 1498 3109 vel
1537 3054 1766 3109 aliorum
1797 3053 1932 3108 arti-

358 3143 541 3209 ﬁcum,
567 3145 760 3214 quibus
791 3159 928 3214 opus
954 3160 1145 3201 eorum
1173 3145 1473 3215 perﬁcitur,
1506 3145 1581 3198 ita
1606 3151 1734 3199 sunt
1767 3151 1822 3198 et
1846 3143 1940 3197 in-’

357 3244 659 3290 strumenta
685 3237 969 3302 virtutum,
997 3237 1194 3308 quibus
1217 3237 1478 3307 spiritalis
1501 3237 1614 3292 vita
1651 3236 1929 3307 componi-

359 3334 466 3380 tur.
494 3324 607 3381 Nisi
631 3328 987 3397 regendarum
1009 3343 1229 3382 suarum
1268 3335 1324 3383 et
1352 3327 1582 3382 aliorum
1623 3327 1930 3384 animarum

355 3430 450 3470 ars
476 3430 583 3470 non
613 3425 759 3472 esset
778 3416 1039 3486 spiritalis
1057 3456 1072 3483 ,
1101 3416 1398 3488 Gregorius
1434 3433 1540 3472 non
1570 3418 1778 3473 diceret
1807 3436 1820 3471 :
1847 3417 1931 3472 Ab

357 3507 622 3576 imperitis
650 3521 780 3579 ergo
802 3509 1069 3579 pastorale
1095 3513 1467 3581 magisterium
1490 3527 1596 3582 qua
1621 3512 1930 3567 temeritate

355 3599 669 3667 suscipitur,
700 3600 915 3669 quando
954 3616 1046 3655 ars
1072 3609 1155 3656 est
1184 3603 1385 3656 artium
1429 3603 1669 3671 regimen
1719 3601 1927 3656 anima-

358 3702 500 3741 rum.
530 3689 668 3744 Hinc
691 3688 889 3746 Paulus
908 3691 1180 3761 apostolus
1206 3691 1285 3745 ait
1309 3709 1323 3746 :
1349 3689 1475 3746 Scio
1493 3702 1543 3746 et
1565 3691 1857 3756 humiliari,
1880 3700 1930 3746 et

355 3777 649 3842 abundare,
692 3787 743 3833 et
782 3780 992 3847 satiari,
1036 3790 1086 3834 et
1129 3781 1360 3846 esurire,
1413 3790 1462 3834 et
1501 3782 1776 3851 penuriam
1819 3782 1931 3852 pati

357 3863 524 3936 (Phil.
564 3867 660 3940 tv).
702 3867 827 3924 Haec
854 3870 997 3925 enim
1036 3869 1216 3925 omnia
1247 3871 1426 3925 minus
1453 3869 1794 3926 intuentibus
1817 3887 1927 3926 non

355 3957 606 4012 videntur
633 3974 723 4014 ars
756 3975 874 4017 esse
907 3961 1184 4032 spiritalis,
1213 3963 1308 4017 sed
1343 3962 1665 4032 simpliciter
1693 3965 1931 4019 necessi-

359 4058 441 4104 tas
471 4048 718 4104 actionis.
754 4047 862 4105 Sed
908 4052 954 4106 si
1001 4068 1092 4110 ars
1136 4068 1244 4108 non
1281 4059 1446 4118 esset,
1474 4054 1606 4120 scio,
1637 4053 1928 4124 Apostolus

357 4156 463 4196 non
499 4141 756 4208 dixisset;
787 4144 880 4198 sed
907 4157 1050 4210 cum,
1081 4145 1208 4212 scio,
1242 4144 1400 4210 dixit,
1441 4145 1497 4199 in
1543 4145 1704 4215 hujus
1749 4147 1930 4216 operis

356 4231 589 4288 actionis
619 4241 792 4287 artem
821 4233 998 4289 inesse
1023 4235 1435 4290 demonstravit.
1460 4234 1630 4302 Quem
1660 4237 1806 4292 enim
1837 4251 1930 4305 pe-

356 4322 512 4376 nuria
544 4339 642 4378 sua
669 4339 780 4379 non
803 4323 1022 4394 frangit,
1048 4341 1078 4380 a
1109 4327 1404 4397 gratiarum
1435 4328 1648 4382 actione
1694 4343 1802 4384 non
1843 4344 1928 4384 re-

357 4410 545 4476 trahit,
569 4411 625 4466 in
653 4427 835 4468 rerum
862 4415 1236 4484 temporalium
1261 4417 1584 4471 desiderium
1606 4433 1715 4472 non
1741 4432 1932 4474 accen-
1951 4449 2006 4508 Β

355 4501 456 4566 dit,
481 4503 583 4558 scit
614 4503 906 4558 humiliari.
938 4505 1040 4572 Qui
1062 4507 1206 4560 enim
1239 4508 1478 4577 acceptis
1511 4507 1674 4563 rebus
1700 4523 1806 4563 non
1829 4525 1928 4563 ex-

357 4591 585 4658 tollitur,
607 4601 663 4648 et
689 4608 783 4650 eas
808 4595 877 4650 ad
905 4611 1062 4650 usum
1082 4612 1235 4652 vana:
1266 4598 1451 4669 gloriae
1477 4615 1586 4656 non
1615 4599 1925 4670 intorquet,

353 4696 458 4736 nec
483 4683 629 4738 solus
655 4684 914 4755 possidet,
941 4684 1035 4740 sed
1065 4701 1189 4741 cum
1227 4687 1576 4758 diligentibus
1617 4690 1928 4746 misericor-

355 4773 498 4827 diter
520 4770 730 4842 dividit,
761 4775 864 4829 scit
892 4774 1185 4830 abundare.
1230 4776 1334 4843 Qui
1378 4779 1615 4848 acceptis
1655 4780 1925 4838 alimentis

353 4877 460 4916 non
490 4864 558 4918 ad
585 4864 1062 4936 ingurgitationem
1088 4867 1292 4921 ventris
1318 4868 1505 4932 utitur,
1537 4869 1630 4924 sed
1661 4870 1730 4925 ad
1757 4886 1923 4942 repa-

353 4952 616 5009 rationem
647 4955 885 5022 virtutis,
913 4956 1014 5011 scit
1042 4957 1248 5030 satiari.
1291 4957 1391 5024 Qui
1437 4959 1817 5014 alimentorum
1846 4963 1925 5016 in-

351 5047 529 5117 opiam
548 5048 666 5102 sine
687 5048 1112 5104 murmuratione
1133 5049 1347 5115 tolerat,
1361 5066 1461 5106 nec
1484 5067 1580 5120 pro
1604 5055 1926 5109 necessitate

351 5136 528 5192 victus
551 5139 662 5210 agit
687 5138 891 5208 aliquid
926 5140 1067 5195 unde
1097 5140 1274 5194 anima
1315 5141 1522 5210 peccati
1551 5141 1802 5212 laqueum
1846 5143 1926 5208 in-

351 5235 554 5294 currat,
587 5229 693 5284 scit
732 5229 962 5284 esurire.
999 5228 1170 5296 Qucm
1201 5245 1329 5300 ergo
1359 5245 1459 5286 nec
1496 5231 1552 5286 in
1595 5233 1924 5288 abundantia

349 5320 600 5388 superbia
623 5319 817 5387 elevat,
847 5335 948 5376 nec
973 5321 1028 5375 in
1057 5322 1378 5377 necessitate
1401 5323 1671 5392 cupiditas
1701 5323 1920 5389 irritat,

349 5410 502 5466 novit
528 5412 820 5479 abundare,
845 5420 994 5468 novit
1022 5423 1075 5468 et
1104 5413 1381 5485 penuriam
1413 5415 1545 5484 pati.
1583 5413 1685 5482 Qui
1714 5430 1842 5487 ergo
1869 5417 1923 5472 in

347 5501 711 5571 prosperitate
745 5517 854 5557 non
881 5502 1140 5566 elevatur,
1171 5503 1224 5557 in
1252 5503 1580 5558 adversitatc
1620 5520 1727 5560 non
1777 5504 1924 5560 fran-

349 5591 514 5659 gitur,
545 5592 890 5649 suasionibus
914 5593 982 5647 ad
1012 5593 1212 5649 malum
1240 5611 1344 5649 non
1369 5595 1626 5661 trahitur,
1648 5596 1922 5668 vitupera-

349 5683 584 5742 tiouibus
615 5702 649 5741 a
674 5686 813 5742 bono
856 5702 1018 5758 opere
1048 5703 1159 5744 non.
1189 5698 1491 5758 revocatur,
1524 5688 1753 5759 spiritali
1804 5699 1921 5745 arte

2032 1876 2119 1940 vit,
2145 1893 2238 1931 nec
2263 1878 2319 1931 in
2339 1894 2430 1932 cor
2453 1879 2676 1934 hominis
2699 1882 2953 1945 ascendit,
2980 1899 3096 1952 qua:
3123 1885 3439 1953 praeparavit
3471 1883 3609 1937 Deus

2031 1966 2110 2020 his
2137 1968 2227 2037 qui
2253 1967 2476 2036 diligunt
2505 1985 2622 2022 eum
2650 1967 2703 2038 (Ι
2733 1968 2855 2026 Cor.
2888 1970 2971 2040 ιι).
2999 1969 3220 2040 Oﬁicina
3236 1987 3363 2025 vero
3389 1972 3477 2024 ubi
3497 1973 3608 2026 Ita‘c

2031 2059 2207 2112 omnia
2231 2058 2508 2130 diligenter
2546 2077 2838 2132 aperemur,
2867 2062 3100 2116 claustra
3140 2073 3262 2116 sunt
3300 2065 3608 2117 monasterii

2030 2158 2078 2203 et
2107 2149 2361 2204 stabilitas
2397 2151 2451 2205 in
2488 2155 2901 2222 congregatione.
2937 2154 2982 2205 A
3021 2152 3270 2208 faciendo
3306 2154 3448 2208 enim
3484 2153 3597 2208 olli-

2030 2241 2195 2306 cium,
2227 2243 2370 2297 etab
2395 2243 2572 2299 cilicio
2591 2243 2801 2299 olIicina
2829 2245 3125 2299 derivatur.
3153 2245 3292 2299 Sunt
3316 2247 3459 2300 enim
3485 2262 3606 2315 ope-

2030 2333 2268 2386 rantium
2313 2333 2616 2400 domicilia,
2664 2342 2720 2389 ct
2771 2334 3012 2389 omnium
3061 2334 3448 2388 monachorum
3498 2334 3600 2388 ibi-

2031 2423 2155 2478 dem
2185 2424 2550 2480 habitantium
2577 2426 2832 2481 claustra.
2868 2426 2926 2480 in
2965 2427 3162 2495 quibus
3189 2426 3280 2494 qui
3307 2425 3424 2478 vult
3447 2425 3603 2479 habi-

2032 2520 2179 2578 tare,
2230 2514 2543 2588 firmitatem
2595 2519 2649 2572 in
2699 2525 2880 2572 mente
2930 2525 2987 2573 et
3043 2517 3392 2572 stabilitatem
3445 2518 3604 2572 debet

2031 2605 2234 2660 habere
2264 2607 2318 2660 in
2350 2608 2796 2677 congregatione,
2828 2622 2896 2661 ne
2924 2607 3111 2676 vagari
3141 2607 3364 2676 incipiat
3396 2622 3493 2675 per
3519 2607 3600 2662 di-

2030 2711 2190 2750 versa
2219 2704 2487 2751 terrarum
2515 2693 2708 2766 spatia,
2737 2705 2831 2751 aut
2860 2698 3246 2768 transmigrare
3273 2699 3339 2752 de
3367 2697 3500 2753 cella
3528 2699 3596 2752 ad

2031 2784 2277 2850 alteram,
2302 2793 2357 2838 et
2384 2787 2449 2840 de
2475 2787 2709 2856 propriis
2737 2787 2804 2840 ad
2827 2803 2934 2841 non
2958 2788 3176 2857 propria
3202 2788 3341 2853 loca,
3371 2796 3428 2845 et
3458 2787 3604 2842 dica-

2031 2881 2122 2929 tur
2147 2873 2214 2930 de
2244 2875 2336 2930 illo
2363 2876 2508 2944 quod
2539 2877 2594 2930 in
2625 2876 2932 2931 Salomonis
2960 2878 3099 2932 libro
3125 2878 3382 2947 scriptum
3404 2877 3607 2932 inveni-

2035 2970 2122 3018 tur
2145 2981 2159 3020 :
2185 2960 2332 3018 Sicut
2359 2965 2490 3029 avis,
2515 2966 2710 3034 inquit,
2743 2967 3125 3037 transmigrans
3150 2967 3216 3020 de
3242 2967 3366 3020 nido
3387 2984 3505 3032 suo,
3529 2968 3604 3021 sic

2032 3053 2111 3107 vir
2135 3051 2427 3125 relinquens
2461 3054 2633 3109 locum
2661 3072 2814 3110 suum
2847 3055 3030 3128 (Prov.
3053 3057 3248 3128 xxv“).
3281 3057 3420 3124 Quid
3456 3057 3597 3112 enim

2030 3157 2130 3212 per
2153 3159 2306 3200 avem
2334 3145 2600 3215 signatur,
2629 3162 2750 3214 qua:
2777 3147 3031 3215 relinquit
3057 3148 3239 3201 nidum
3269 3162 3425 3201 suum
3445 3187 3460 3210 ,
3499 3146 3604 3202 nisi

2032 3237 2331 3292 monachus
2370 3238 2464 3307 qui
2506 3237 2766 3307 relinquit
2795 3237 2972 3293 locum
3007 3253 3162 3292 suum
3191 3245 3246 3292 et
3275 3238 3605 3308 propositum

2031 3341 2210 3382 suum.
2233 3326 2422 3382 Melius
2445 3327 2590 3383 enim
2619 3327 2889 3396 relinquat
2911 3327 3110 3382 mentis
3133 3327 3490 3398 vagacitatem
3505 3365 3523 3392 ,
3552 3336 3606 3380 et

2029 3417 2212 3472 cordis
2246 3417 2478 3471 ﬁrmiter
2520 3417 2734 3486 locique
2775 3424 2960 3471 teneat
3004 3416 3381 3481 stabilitatem,
3433 3424 3490 3472 et
3539 3416 3606 3470 ad

2030 3503 2327 3574 perlectum
2352 3505 2510 3560 ducat
2534 3505 2736 3560 bonum
2757 3505 2900 3573 quod
2925 3505 3090 3573 coepit
3117 3520 3298 3574 agere.
3326 3505 3452 3574 quia
3473 3507 3606 3560 scri-
3697 3523 3705 3530 ·

2027 3605 2182 3666 ptum
2207 3603 2328 3652 est:
2360 3596 2484 3652 Non
2513 3598 2604 3666 qui
2631 3597 2969 3663 inchoaverit,
3002 3597 3094 3652 sed
3115 3599 3205 3668 qui
3243 3616 3604 3669 perseverare-

2031 3688 2120 3753 rit,
2143 3685 2318 3742 salvus
2343 3685 2686 3753 erit‘lﬂatth.
2728 3704 2763 3742 ι
2796 3696 2853 3744 et
2879 3688 3054 3745 nivi.
3080 3687 3338 3759 Sequitur
3371 3688 3442 3744 de
3477 3689 3607 3745 obe-

2030 3777 2255 3834 dieutia.

2645 3849 2873 3905 CAPUT
2920 3851 2986 3906 Ἴ.

2601 3939 2676 3994 De
2727 3938 3038 3996 obedientia.

2103 4047 2318 4103 Primus
2333 4047 2644 4103 humilitatis
2668 4050 2864 4120 gradus
2887 4059 2961 4103 est
2983 4049 3272 4104 obedientia
3297 4050 3408 4102 sine
3432 4065 3606 4102 mora.

2030 4137 2305 4204 Qumritur
2342 4155 2373 4192 a
2401 4139 2653 4208 plurimis
2681 4155 2778 4195 cur
2817 4139 3013 4193 beatus
3055 4138 3376 4193 Benedictus
3416 4138 3471 4192 in
3498 4137 3614 4192 hac

2030 4231 2234 4302 Regula
2263 4231 2399 4285 duos
2424 4230 2748 4286 humilitatis
2773 4230 2970 4302 gradus
3001 4230 3200 4285 dixerit
3225 4246 3345 4286 esse
3367 4230 3604 4300 primos:

2028 4338 2229 4387 unum,
2260 4321 2425 4376 istum
2469 4337 2629 4390 quem
2664 4322 2717 4376 in
2765 4321 3014 4376 manibus
3060 4330 3335 4386 tenemus,
3375 4321 3611 4374 alterum-

2029 4428 2180 4480 vero,
2213 4413 2304 4484 qui
2335 4414 2389 4466 in
2418 4413 2750 4469 duodecimis
2787 4413 3042 4483 gradibus
3083 4411 3235 4483 (Cap.
3261 4411 3358 4484 vn)
3387 4411 3608 4482 ponitur

2029 4506 2262 4577 primus.
2296 4504 2403 4559 Sed
2449 4504 2730 4559 sciendum
2775 4512 2859 4559 est
2906 4504 3032 4574 quia
3078 4503 3166 4557 ille
3199 4511 3282 4557 est
3320 4502 3616 4572 primusin

2030 4596 2218 4661 corde,
2241 4603 2299 4650 et
2331 4595 2433 4648 iste
2462 4593 2670 4663 primus
2697 4593 2749 4646 in
2780 4593 3012 4648 actione.
3042 4592 3194 4647 Sicut
3222 4592 3364 4647 enim
3399 4591 3615 4656 illeest'

2028 4687 2237 4758 primus
2264 4687 2320 4741 in
2347 4687 2568 4751 ordine,
2617 4685 2693 4740 ita
2728 4685 2996 4740 secundus
3030 4685 3085 4740 in
3125 4683 3605 4754 cogitatione,.vo-

2028 4777 2254 4842 luntate,
2285 4777 2554 4832 desiderio
2567 4784 2622 4831 et
2644 4777 3017 4831 conversione.
3043 4776 3147 4830 Istc
3172 4783 3368 4838 tamen,
3399 4773 3490 4844 qui
3516 4775 3607 4829 hic

2026 4870 2245 4939 ponitur
2277 4868 2508 4938 primus,
2533 4867 2642 4923 illic
2669 4868 2942 4923 invenitur
2967 4868 3020 4920 in
3045 4867 3235 4922 ordine
3262 4881 3380 4921 esse
3413 4882 3606 4921 secun-

2029 4959 2151 5013 dus.
2185 4957 2279 5013 Sic
2315 4959 2461 5013 enim
2505 4958 2636 5013 dicit
2680 4958 2736 5012 in
2781 4957 2923 5011 isto:
2957 4956 3022 5011 lli
3067 4955 3202 5011 tales
3243 4957 3606 5026 relinquentes

2026 5051 2214 5107 statim
2248 5065 2369 5120 qua:
2393 5065 2488 5105 sua
2519 5057 2666 5115 sunt,
2691 5057 2747 5102 et
2775 5048 3103 5103 voluntatem
3132 5049 3407 5118 propriam
3446 5049 3602 5103 dese-

2029 5150 2232 5207 rentes,
2259 5142 2403 5196 illam
2427 5140 2638 5196 Domini
2661 5140 2944 5195 imitantur
2966 5141 3286 5196 sententiam
3309 5157 3414 5211 qua
3441 5141 3599 5196 dicit:

2030 5230 2154 5286 Non
2179 5233 2289 5285 veni
2321 5232 2494 5302 facere
2522 5229 2836 5284 voluntatem
2860 5247 3050 5296 meam,
3070 5231 3161 5284 sed
3185 5231 3298 5301 ejus
3329 5232 3416 5302 qui
3459 5231 3600 5282 misit

2029 5339 2110 5376 me
2134 5322 2311 5395 (Joan.
2344 5339 2377 5375 v
2409 5331 2454 5376 et
2487 5321 2583 5393 vn).
2623 5321 2680 5376 ln
2709 5321 2799 5376 illo
2829 5337 2958 5378 vero
2995 5322 3160 5378 dicit:
3195 5322 3472 5378 Secundus
3499 5322 3602 5377 liu-

2030 5413 2273 5468 militatis
2299 5414 2497 5483 gradus
2521 5423 2622 5479 est,
2652 5414 2696 5468 si
2724 5415 2996 5485 prepriam
3017 5415 3139 5484 quis
3160 5430 3267 5467 non
3290 5429 3483 5474 amans
3508 5434 3603 5473 vo-

2027 5501 2286 5558 luntatem
2303 5503 2569 5558 desideria
2592 5518 2688 5557 sua
2711 5518 2818 5558 non
2843 5503 3136 5559 delectetur
3155 5508 3394 5578 implere,
3413 5522 3599 5563 vocem

2029 5599 2173 5654 illam
2201 5598 2411 5654 Domini
2439 5598 2596 5654 factis
2621 5597 2860 5652 imitetur
2889 5597 3119 5654 dicentis
3149 5623 3160 5654 :
3200 5600 3321 5653 Non
3364 5601 3474 5654 veni
3514 5601 3597 5670 fa-

2029 5710 2139 5748 cere
2171 5691 2479 5750 voluntatem
2506 5708 2694 5760 meam,
2725 5690 2814 5744 δραι
2857 5699 2972 5774 rjus
3009 5692 3099 5762 qui
3141 5693 3276 5748 misit
3321 5710 3419 5747 mc.
3459 5693 3597 5750 Ecce
