3992 6206
341 315 444 372 797

1373 321 1727 378 COSIMENT.
1767 325 1832 377 ω
1873 321 2032 379 REG.
2065 321 2124 378 S.
2164 322 2543 388 BENEDICTI.

3481 327 3584 386 798

341 433 570 489 Domino
615 433 1022 501 commendare,
1073 433 1295 490 audiant
1339 433 1622 490 Dominum
1651 434 1920 493 dicentem
1946 437 1997 498 Α
2021 435 2100 490 sic
2141 437 2435 508 composita
2463 451 2480 492 ε
2511 444 2571 492 ut
2597 449 2692 508 per
2741 437 2881 493 viam
2933 445 3240 510 angustam,
3289 445 3345 495 'ct
3375 449 3585 497 arctam

340 524 484 594 quod
517 525 759 594 sequitur
782 543 797 580 :

413 613 482 668 Et
509 615 695 667 iterum
717 614 842 668 dicrt
868 616 1209 671 doctoribus:
1230 616 1332 683 Qui
1354 634 1440 674 vos
1459 617 1628 681 audit,
1655 634 1736 671 me
1765 617 1915 672 audit

335 703 488 779 (Luc.
519 703 596 776 x).
628 705 913 761 Dominum
943 708 1086 762 enim
1114 709 1411 778 probantur
1432 709 1644 770 audire,
1687 708 1781 777 qui
1814 709 1912 763 do-

335 800 579 855 ctoribus
610 800 676 853 ad
721 799 1078 853 obediendum
1105 801 1284 855 cordis
1315 799 1574 855 inclinant
1611 815 1826 866 aurem,
1857 808 1914 855 et

331 889 652 946 obedientia:
691 905 801 944 sua:
842 904 871 943 a
914 889 1144 944 Domino
1173 889 1437 960 recipient
1478 891 1784 945 mercedem
1819 890 1910 961 qui

330 982 634 1037 senioribus
666 997 773 1035 non
813 981 1029 1035 tardant
1055 981 1332 1036 humiliter
1361 981 1604 1036 obedire.
1641 980 1744 1048 Qui
1780 995 1910 1051 ergo

327 1075 494 1128 talem
523 1071 801 1128 merentur
830 1074 1029 1128 habere
1051 1073 1229 1142 operis
1257 1071 1339 1128 sui
1382 1074 1786 1138 retributorem,
1814 1087 1910 1128 ne-

327 1182 480 1220 cesse
504 1172 587 1220 est
615 1172 673 1218 ut
701 1179 915 1234 semper
939 1163 1191 1218 obcdiant
1216 1179 1338 1218 cum
1366 1179 1561 1236 magna
1585 1164 1767 1220 cordis
1795 1164 1909 1219 ala-

325 1260 540 1312 critate.
574 1257 647 1310 De
677 1257 870 1326 quibus
896 1262 949 1309 et
977 1253 1227 1309 subditur
1251 1273 1268 1308 :

396 1347 535 1416 Ergo
563 1346 645 1399 illi
669 1344 798 1398 tales
832 1345 1176 1416 relinquentes
1204 1347 1383 1399 statim
1410 1361 1528 1417 quia
1556 1364 1652 1402 sua
1682 1356 1825 1413 sunt,
1856 1357 1912 1402 et

322 1437 638 1492 uoluntatem
665 1438 931 1507 propriam
954 1437 1263 1502 deserentes,
1292 1454 1414 1490 mox
1439 1442 1768 1510 exoccupatis
1792 1458 1906 1495 ma-

323 1527 498 1590 nibus,
529 1535 575 1579 et
598 1525 738 1596 quod
765 1525 986 1594 agebant
1016 1525 1369 1596 imperfectum
1409 1527 1788 1598 relinquentes,
1827 1529 1903 1584 ri-

319 1620 437 1672 cino
467 1617 770 1670 obedientia:
797 1616 926 1686 pede
943 1614 1176 1684 jubentis
1201 1632 1376 1670 vocem
1406 1617 1560 1686 factis
1593 1628 1897 1688 sequuntur.

319 1707 384 1762 lli
432 1707 687 1762 nimirum
729 1721 847 1775 quae
885 1719 981 1760 sua
1013 1711 1138 1760 sunt
1180 1702 1506 1774 relinquunt,
1553 1707 1643 1776 qui
1678 1715 1900 1778 preptc'r

2017 526 2307 582 ascendant
2333 526 2493 582 electi
2523 529 2590 582 ad
2618 529 2740 583 σωῖί
2775 529 3090 584 latissimam
3114 531 3362 599 patriam,
3395 538 3450 585 et
3481 538 3587 600 per

2015 613 2158 666 viam
2187 615 2417 684 amplam
2446 622 2608 685 atque
2649 615 2966 672 latissimam
3005 619 3334 672 descendant
3369 618 3581 689 reprobi

2015 703 2083 756 ad
2113 702 2313 756 Averni
2351 705 2734 774 angustissima
2761 706 3023 770 claustra;
3055 715 3152 777 per
3176 709 3279 763 iter
3303 711 3448 764 enim
3482 727 3579 766 an-

2013 792 2382 862 gustissimum
2401 795 2618 850 veniunt
2633 798 2802 852 sancti
2829 799 2895 853 ad
2919 800 3307 868 amplissimum
3330 817 3578 874 regnum,

2011 887 2068 935 et
2092 895 2188 949 per
2209 882 2310 935 iter
2351 883 2586 952 amplum
2613 886 2680 940 ad
2716 888 3154 958 angustissimum
3185 891 3351 960 iniqui
3371 907 3577 961 perve-

2011 971 2166 1024 niunt
2200 972 2534 1031 barathrum.
2565 975 2802 1031 Mutatur
2821 979 2963 1032 enim
2996 987 3205 1050 tempus
3228 982 3476 1054 malignis
3497 983 3578 1036 di-

2007 1062 2242 1128 vitibus,
2281 1071 2520 1120 mutatur
2566 1075 2621 1121 et
2659 1069 2860 1124 sanctis
2895 1071 3238 1138 pauperibus.
3272 1072 3380 1126 illis
3413 1081 3470 1128 ut
3508 1075 3577 1128 de

2009 1154 2244 1223 spatiosa
2269 1155 2561 1226 voluptatis
2584 1158 2670 1211 via
2700 1160 2766 1214 ad
2805 1170 3059 1230 angustas
3082 1162 3272 1217 inferni
3297 1171 3576 1219 transeant

2006 1257 2226 1314 paruas;
2274 1245 2363 1300 isti
2397 1254 2455 1301 ut
2481 1247 2544 1302 de
2576 1250 2829 1320 praisenti
2859 1251 3038 1304 szeculi
3067 1254 3314 1323 angustia
3340 1253 3408 1308 ad
3450 1255 3573 1310 cceli

2005 1331 2325 1388 latissimam
2352 1344 2512 1405 atque
2535 1339 2887 1394 clarissimam
2919 1349 3194 1396 transeant
3220 1344 3463 1414 gloriam.
3491 1345 3571 1399 llli

2003 1427 2064 1473 ut
2091 1421 2158 1476 de
2182 1422 2328 1477 molli
2355 1432 2409 1478 et
2433 1426 2690 1481 dissoluta
2716 1429 2801 1482 via
2825 1430 2892 1483 ad
2912 1439 3196 1500 angustum
3212 1433 3573 1488 immittuntur

1990 1517 2303 1578 tartarum;
2359 1513 2448 1567 isti
2501 1521 2559 1568 ut
2596 1515 2663 1570 de
2703 1528 2929 1587 angusto
2965 1527 3019 1573 et
3047 1521 3286 1588 violento
3329 1525 3570 1592 corporis

2002 1610 2124 1656 actu
2151 1605 2218 1658 ad
2270 1605 2504 1674 amplum
2532 1604 2655 1660 cteli
2685 1615 2964 1662 transeant
3010 1624 3253 1678 regnum.
3293 1611 3432 1667 {line
3460 1614 3569 1666 Do-

2002 1692 2179 1748 minus
2205 1695 2280 1749 ait
2316 1713 2329 1749 :
2360 1695 2595 1766 Regnum
2642 1697 2886 1751 caelorum
2914 1700 3014 1752 vim
3043 1700 3261 1770 patitur,
3285 1711 3332 1754 et
3361 1701 3569 1757 uiolenti

317 1799 544 1852 aliorum
575 1795 884 1860 utilitatem,
914 1809 1069 1850 suam
1099 1793 1474 1863 imperfectam
1495 1795 1810 1861 dimittunt,
1843 1808 1884 1852 e1

2002 1785 2212 1854 rapiunt
2237 1784 2373 1838 illud
2403 1785 2619 1856 (Matth.
2646 1791 2746 1860 ιι).
2777 1788 2894 1843 Νοη
2947 1790 3087 1844 enim
3143 1791 3233 1860 qui
3262 1791 3493 1846 molliter
3513 1800 3569 1846 et

313 1888 435 1959 plus
468 1886 727 1957 proximis
751 1899 910 1953 quam
940 1885 1040 1939 sibi
1075 1884 1293 1953 placere
1317 1886 1668 1940 contendunt.
1701 1887 1768 1941 Et
1788 1901 1896 1941 non

309 1976 584 2047 propriam
612 1975 958 2036 voluntatem,
983 1975 1077 2028 sed
1092 1975 1264 2044 magis
1285 1975 1652 2044 proximorum
1675 1976 1896 2046 implere

309 2073 593 2121 conantur.
642 2064 708 2117 Et
749 2075 874 2117 mox
907 2063 1253 2132 exoccupatis
1293 2065 1572 2129 manibus,
1617 2066 1670 2120 id
1715 2075 1833 2131 est,
1863 2082 1896 2122 a

309 2154 521 2210 cunctis
549 2153 804 2222 operibus
837 2149 1031 2221 quibus
1057 2151 1443 2220 operabantur,
1487 2152 1802 2222 disiunctis,
1837 2163 1895 2210 et

308 2247 378 2301 ab
402 2247 653 2300 omnibus
677 2244 980 2299 actionibus
1008 2245 1294 2314 separatis,
1320 2245 1404 2299 vel
1433 2247 1721 2315 expeditis,
1748 2250 1892 2317 quod

305 2338 536 2408 agebant
565 2338 939 2406 imperfectum
964 2335 1364 2407 derelinquunt.
1389 2338 1618 2408 Propter
1635 2341 1892 2396 obedien-

301 2430 397 2485 tize
422 2429 565 2483 enim
586 2429 975 2498 perfectionem
1008 2428 1249 2482 omnium
1286 2428 1514 2484 aliorum
1543 2431 1684 2485 actio
1727 2432 1890 2487 relin-

303 2519 520 2589 quenda
544 2525 625 2572 est
646 2530 892 2589 operum,
909 2519 1032 2586 quia
1050 2519 1223 2588 magis
1246 2519 1424 2587 placet
1444 2521 1556 2576 Deo
1576 2523 1886 2578 obedientin

301 2623 469 2679 quam
494 2603 730 2664 victima.
769 2608 1086 2665 Obedientia
1119 2609 1319 2678 quippe
1357 2610 1594 2665 victimis
1620 2613 1892 2682 praeponi-

301 2709 413 2767 tur,
445 2701 570 2771 quia
593 2715 692 2770 per
713 2701 966 2756 victimas
993 2700 1168 2756 aliena
1201 2715 1360 2766 caro,
1399 2716 1498 2770 per
1523 2703 1892 2777 obedientiam

297 2804 432 2846 vero
460 2791 711 2845 voluntas
743 2791 965 2860 propria
1003 2799 1294 2846 mactatur.
1342 2793 1530 2854 Vicino
1561 2793 1884 2851 obedientiaa

297 2882 439 2954 pede
458 2881 700 2951 iubentis
725 2892 913 2938 vocem
938 2879 1095 2938 factis
1117 2892 1436 2952 sequuntur.
1464 2884 1761 2955 Propterea
1788 2902 1884 2956 ap-

295 2973 623 3044 propinquat
654 2985 748 3042 pes
773 2972 1117 3038 obedientiae,
1165 2981 1222 3028 ut
1270 2973 1593 3030 lestinanter
1623 2989 1876 3044 currere,

296 3072 357 3120 et
380 3065 523 3134 quod
558 3064 607 3120 ei
646 3063 945 3136 iniungitur
973 3065 1234 3121 velociter
1255 3074 1309 3122 et
1339 3067 1457 3124 sine
1486 3069 1739 3126 tarditate
1760 3085 1879 3141 pos-

1995 1874 2254 1930 dissolute
2298 1876 2504 1942 vivunt,
2559 1878 2652 1932 sed
2702 1893 2926 1949 regnum
2978 1879 3071 1934 Dei
3109 1881 3348 1949 possidet
3378 1883 3425 1936 is
3474 1882 3566 1953 qui

1994 1981 2096 2035 pro
2126 1967 2218 2021 illo
2258 1969 2490 2024 viriliter
2513 1969 2642 2040 agit.
2684 1969 2824 2026 llinc
2847 1971 3040 2028 beatus
3062 1972 3419 2045 Hieronymus
3445 1974 3522 2028 ait
3547 1990 3562 2029 :

1993 2057 2128 2112 Lata
2158 2059 2242 2114 via
2281 2067 2366 2115 est
2397 2062 2578 2118 saeculi
2615 2062 2879 2132 voluptas,
2915 2079 3076 2134 quam
3104 2074 3364 2135 appetunt
3391 2066 3567 2122 homi-

1993 2164 2126 2216 nes;
2173 2160 2398 2222 angnsta
2427 2169 2547 2223 qute
2571 2169 2670 2223 per
2696 2155 2909 2211 labores
2957 2166 3014 2212 et
3051 2156 3256 2228 ieiunia
3285 2159 3563 2227 panditur.

1995 2239 2100 2296 Sed
2149 2257 2248 2311 per
2303 2244 2467 2299 latam
2511 2246 2662 2301 multi
2715 2247 3011 2317 ambulant,
3060 2259 3344 2322 angustam
3383 2259 3564 2305 autem

1991 2333 2145 2400 pauci
2176 2333 2474 2389 inveniunt.

2063 2421 2131 2476 Ut
2158 2439 2259 2477 non
2284 2441 2380 2479 suo
2414 2427 2630 2482 arbitrio
2652 2429 2894 2484 viventes.
2927 2429 3290 2486 Periculosum
3315 2440 3398 2486 est
3415 2432 3561 2486 enim

1989 2515 2255 2570 monacho
2285 2531 2382 2571 suo
2431 2519 2650 2589 proprio
2678 2521 2861 2575 vivere
2882 2521 3130 2587 arbitrio,
3171 2538 3238 2577 ne
3261 2521 3397 2577 forte
3421 2523 3566 2577 dicat

1986 2620 2108 2659 esse
2131 2606 2331 2660 bonum
2359 2608 2504 2676 quod
2529 2609 2598 2663 ab
2627 2611 2748 2664 aliis
2793 2627 2898 2665 non
2925 2613 3145 2677 bonum,
3173 2614 3265 2669 sed
3287 2613 3564 2681 iudicatur

1986 2703 2150 2751 etest
2174 2697 2396 2750 malum.
2444 2699 2513 2752 Et
2551 2700 2676 2753 dum
2718 2716 2778 2755 se
2811 2711 2965 2771 putat
3011 2718 3107 2770 per
3135 2711 3340 2758 rectam
3378 2703 3564 2758 videns

1983 2788 2213 2842 currere!
2246 2788 2411 2853 viam,
2439 2789 2492 2842 in
2532 2789 2846 2845 damnosam
2875 2807 3050 2847 caecus
3081 2793 3282 2847 incidat
3330 2792 3561 2855 foveam,

1981 2875 2128 2931 sicut
2177 2877 2440 2946 scriptum
2481 2887 2604 2933 est:
2635 2879 2730 2933 Est
2760 2881 2844 2934 eia
2889 2898 3006 2951 qua!
3032 2882 3235 2936 videtur
3268 2883 3562 2937 hominibus

1967 2977 2146 3032 'recta,
2174 2969 2263 3023 sed
2290 2969 2572 3024 nouissima
2612 2970 2726 3040 ejus
2755 2971 3017 3026 deducunt
3056 2973 3125 3026 ad
3147 2982 3349 3026 tartara
3376 2971 3558 3043 (Prov.

1982 3058 2121 3132 xiv).
2153 3059 2224 3114 Et
2262 3068 2546 3130 propterea
2582 3076 2688 3116 non
2719 3080 2732 3114 :
2768 3061 2860 3116 Vel
2886 3063 3159 3120 desideriis
3194 3064 3304 3118 suis
3329 3064 3564 3128 servire,

297 3157 374 3212 sit
397 3155 638 3226 implere.
669 3156 836 3226 Cujus
867 3169 971 3212 non
1002 3157 1176 3213 solum
1212 3173 1457 3228 corpore,
1482 3161 1575 3214 sed
1620 3169 1676 3215 et
1717 3163 1880 3217 corde
1907 3157 1951 3223 C
1981 3152 2078 3206 86d
2124 3153 2412 3222 praetentis
2472 3152 2684 3208 Domini
2744 3154 2942 3209 debent
2987 3155 3236 3210 monachi
3284 3156 3571 3211 humiliter

296 3254 386 3300 est
406 3247 688 3315 imperanti
713 3247 1016 3302 exhibenda
1038 3247 1317 3313 velocitas,
1339 3258 1517 3305 utnec
1533 3251 1747 3320 corpori
1771 3259 1880 3307 tan-

295 3335 458 3397 ditas,
485 3350 584 3390 nec
611 3335 759 3390 cordi
804 3335 982 3406 tepida
1008 3336 1230 3392 resistat
1256 3338 1524 3395 voluntas.
1550 3339 1657 3397 Sed
1685 3339 1880 3410 iuben-

293 3425 372 3479 tis
393 3437 579 3480 vocem
607 3423 760 3481 velox
791 3427 1005 3482 auditor
1053 3428 1216 3497 digno
1261 3429 1532 3500 compleat
1573 3445 1740 3501 opere
1787 3441 1874 3499 ‘ut,

295 3531 423 3571 cum
450 3525 661 3586 tempus
688 3517 1062 3573 retributionis
1090 3519 1394 3586 advenerit,
1416 3521 1678 3591 dignama
1696 3523 1880 3578 Domi-

293 3621 369 3661 no
395 3608 696 3662 mercedem
741 3608 914 3677 possit
957 3609 1227 3680 accipere.
1277 3609 1383 3665 Pro
1413 3609 1566 3679 cuius
1609 3609 1877 3668 mercedis

293 3697 564 3753 desiderio
593 3696 894 3754 eliicaciter.
919 3701 1064 3769 quod
1108 3702 1354 3772 sequitur
1392 3711 1476 3756 est
1524 3702 1870 3773 implendum.

294 3789 440 3844 Dicit
463 3791 609 3846 enim
634 3809 649 3844 :

365 3880 435 3933 Et
464 3881 618 3935 ueluti
648 3899 753 3936 uno
786 3894 1047 3939 momento
1088 3886 1342 3956 praedicta
1389 3888 1630 3957 magistri
1674 3889 1869 3958 iussio,

289 3981 340 4026 et
368 3971 595 4041 perfecta
625 3973 869 4044 discipuli
898 3990 1076 4045 opera,
1117 3977 1174 4030 in
1221 3977 1488 4032 velocitate
1537 3979 1742 4033 timoris
1777 3979 1874 4035 Dei

290 4063 462 4118 amba:
489 4079 566 4118 res
589 4065 933 4120 communiter
967 4066 1121 4121 citius
1152 4067 1500 4139 explicantur.
1543 4069 1872 4126 Momentum

289 4168 325 4208 a
353 4153 634 4209 brevitatis
672 4161 915 4224 tempore
953 4164 1038 4212 est
1071 4157 1296 4221 dictum,
1335 4173 1400 4212 eo
1431 4159 1578 4228 quod
1628 4160 1683 4214 in
1722 4161 1870 4216 brevi

289 4244 628 4313 compleatur
670 4245 992 4302 obedientia:
1031 4262 1168 4318 opus
1207 4247 1526 4318 iniunctum.
1567 4251 1700 4307 Cum
1728 4253 1872 4307 enim

288 4334 572 4390 charitatis
607 4351 770 4392 causa
799 4335 927 4391 boni
965 4339 1209 4408 magistri
1230 4339 1424 4409 iussio,
1469 4351 1526 4398 et
1573 4343 1873 4401 obedientis

288 4425 539 4496 discipuli
558 4428 806 4497 operatio
833 4429 1161 4486 unanimiter
1181 4430 1546 4504 coniungitur,
1570 4434 1686 4489 sine
1707 4435 1870 4489 dubio

1970 3245 2382 3313 obtemperate,
2409 3243 2477 3298 Et
2515 3245 2861 3316 uoluptatibus
2883 3246 3172 3302 obedientes
3203 3249 3409 3302 servire
3436 3263 3560 3316 pro,

1978 3336 2133 3406 priis,
2167 3337 2263 3392 sed
2287 3351 2409 3392 cum
2437 3337 2630 3392 timore
2657 3337 2869 3393 Domini
2897 3340 3177 3394 humiliter
3198 3339 3315 3410 eius
3361 3339 3570 3410 subiici

1980 3429 2178 3484 debent
2202 3428 2490 3492 mandatis,
2520 3438 2579 3482 ut
2605 3443 2726 3483 cum
2759 3430 2924 3484 David
2945 3431 3125 3485 dicere
3148 3430 3390 3499 possint:
3418 3427 3559 3482 Par-

1978 3517 2138 3587 ticeps
2185 3533 2279 3586 ego
2305 3534 2421 3570 sum
2450 3518 2683 3572 omnium
2724 3519 3017 3572 timentium
3049 3529 3103 3572 te
3152 3529 3200 3572 et
3253 3518 3565 3574 custodian--

1977 3608 2108 3662 tium
2147 3607 2396 3661 mandata
2423 3615 2517 3661 tua
2541 3606 2714 3678 (Psal.
2737 3605 2950 3674 cavus).

2047 3697 2151 3754 Sed
2177 3697 2503 3754 ambulantes
2522 3699 2694 3754 alieno
2707 3699 2988 3769 judicioet
3015 3699 3251 3768 imperio.
3281 3699 3380 3756 llic
3396 3699 3560 3769 indi-

1977 3789 2120 3845 cium
2143 3805 2246 3861 pro
2271 3790 2598 3847 discretione
2643 3790 2727 3846 vel
2743 3791 2966 3845 arbitrio
2987 3790 3185 3861 posuit.
3210 3791 3380 3848 Aliter
3401 3791 3566 3846 etaim.

1973 3881 2136 3938 debet
2180 3883 2487 3938 discernere
2535 3894 2688 3953 Opus,
2717 3881 2861 3952 quod
2893 3883 3066 3938 bonus
3095 3889 3149 3937 et
3190 3881 3568 3938 mortilicatus

1974 3988 2073 4043 pro
2104 3973 2324 4028 Christo
2352 3973 2544 4028 debeat
2587 3986 2747 4042 agere
2784 3972 3108 4036 monachus,
3156 3980 3216 4025 ut
3249 3971 3432 4040 operis
3461 3971 3564 4024 sui.

1973 4063 2282 4118 mercedem
2321 4069 2682 4130 consequatur
2711 4076 2744 4115 a
2794 4061 3041 4124 Domino,
3083 4060 3304 4114 alterius
3328 4059 3568 4115 obedire»

1973 4155 2134 4209 debet
2186 4154 2437 4224 imperio.
2498 4152 2729 4208 Suavius
2777 4153 2921 4208 enim
2951 4153 3121 4208 currit
3172 4152 3556 4207 mandatorum»

1974 4247 2188 4302 Domini
2215 4247 2380 4311 viam,
2417 4246 2571 4316 cuius
2596 4259 2732 4316 Opus
2763 4245 2900 4300 alter
2929 4246 3208 4310 discernit,
3245 4253 3302 4299 et
3317 4245 3548 4316 iudicat.

2044 4339 2110 4393 In
2135 4339 2377 4394 coenobiis
2408 4338 2645 4408 degentes
2679 4337 2917 4390 abbatem
2946 4335 3043 4390 sibi
3080 4352 3300 4405 praeesse
3341 4335 3560 4390 deside--

1973 4440 2112 4484 rant.
2158 4429 2416 4484 Canobia
2455 4427 2599 4482 enim
2633 4427 2944 4490 multorum,
2971 4433 3028 4480 et
3077 4425 3131 4478 in
3159 4439 3443 4480 commune
3471 4423 3548 4479 vi-

287 4515 492 4570 bonum
527 4513 760 4570 fructum
783 4518 1111 4585 parturiunt,
1143 4520 1271 4589 quia
1299 4536 1402 4575 non
1425 4530 1511 4576 est
1537 4521 1869 4578 infructuosa
1896 4517 1950 4580 D
1975 4521 2217 4577 ventium
2246 4526 2511 4575 vocantur
2540 4517 2869 4573 monasteria
2899 4517 3306 4579 monachorum,
3336 4531 3455 4584 quae
3477 4531 3557 4570 etc

288 4602 530 4674 Spiritus
583 4607 753 4662 sancti
807 4609 1143 4679 coniunctio,
1173 4612 1266 4666 ubi
1295 4627 1401 4666 non
1436 4622 1521 4667 est
1563 4613 1866 4668 animarum

285 4696 482 4750 nociva
509 4695 816 4765 disiunctio.
853 4697 1030 4754 Corda
1070 4700 1216 4754 enim
1248 4701 1442 4756 timore
1470 4702 1683 4757 Domini
1705 4717 1871 4774 copu-

286 4786 399 4840 lata
462 4788 721 4843 velociter
763 4789 1071 4860 parturiunt
1127 4789 1530 4849 inﬁrmantibus
1582 4775 1892 4850 animabus

286 4880 481 4936 salutis
523 4882 806 4938 medelam.

362 4971 562 5038 Quibus
585 4973 655 5027 ad
677 4976 834 5028 vitam
860 4985 1108 5030 retentam
1135 4976 1410 5047 gradiendi
1431 4979 1866 5046 amat-incumbit,

285 5063 405 5118 ideo
449 5048 732 5134 augustam
753 5065 892 5119 aiant
919 5066 1201 5137 arripiam,
1241 5068 1380 5123 unde
1410 5069 1664 5124 Dominus
1691 5069 1817 5125 dicit
1844 5089 1864 5126 .-

285 5153 524 5222 Angusta
577 5155 660 5208 eia
693 5165 770 5210 est
813 5171 931 5225 quia
972 5155 1115 5210 ducit
1158 5157 1228 5210 ad
1276 5158 1436 5212 vitam
1473 5158 1690 5230 (Matth.
1739 5161 1860 5223 vn).

285 5242 402 5298 lloc
451 5243 505 5298 in
552 5243 669 5298 loco
692 5244 884 5300 beatus
908 5244 1224 5301 benedictus
1249 5247 1304 5300 lii
1329 5261 1622 5318 pronomen
1654 5249 1708 5303 in
1734 5249 1862 5304 sub-

287 5335 566 5390 auditione
589 5335 824 5405 reliquit.
851 5335 1005 5403 Quod
1029 5337 1073 5392 si
1094 5337 1386 5403 addideris,
1414 5339 1613 5395 elarius
1648 5355 1711 5395 ea
1745 5356 1863 5410 qua:

283 5429 541 5486 dicuntur
574 5431 834 5498 advortis,
882 5431 935 5487 id
967 5440 1070 5496 est,
1125 5435 1170 5487 si
1215 5431 1416 5486 dixeris
1443 5449 1456 5483 :
1484 5431 1548 5486 Hi
1575 5432 1770 5501 quibus
1796 5434 1863 5486 ad

283 5521 452 5575 vitam
503 5533 764 5578 mternam
805 5523 1080 5594 gradiendi
1123 5539 1276 5578 amor
1305 5524 1583 5588 incumbit,
1627 5525 1747 5580 ideo
1768 5539 1862 5578 an-

284 5625 498 5683 gustam
528 5616 667 5669 viam
692 5615 974 5685 arripiunt,
999 5625 1059 5669 ut
1083 5631 1188 5669 non
1223 5632 1322 5670 suo
1343 5615 1569 5670 arbitrio
1597 5616 1856 5678 viventes,

285 5715 336 5760 et
383 5716 578 5761 ca'tm'a
612 5723 731 5779 qua:
779 5712 1097 5778 sequuntur.
1150 5706 1289 5761 Illiro-
1304 5706 1462 5762 modo
1498 5713 1548 5762 et
1576 5724 1604 5760 a
1633 5706 1858 5761 Domino

1973 4611 2164 4668 ϐιηοο
2174 4609 2436 4667 vocabulo
2458 4621 2652 4665 nomen
2678 4609 2925 4662 videntur
2947 4607 3147 4662 habere
3166 4607 3550 4674 compositum.

1970 4705 2178 4761 Coenon
2198 4703 2386 4758 Grsece
2413 4701 2612 4757 dicitur
2655 4701 2800 4769 quod
2832 4715 2928 4755 nos
2955 4714 3239 4755 commune
3269 4714 3548 4753 vocamus.

1969 4795 2030 4850 in
2058 4794 2321 4850 uenobiis
2365 4808 2494 4864 ergo
2522 4792 2797 4862 degentes,
2843 4792 2895 4845 ld
2914 4800 3003 4846 est
3030 4792 3086 4844 in
3110 4805 3392 4845 commune
3419 4804 3546 4845 cum

1969 4887 2216 4956 pluribus
2243 4885 2570 4950 habitantes,
2596 4883 2716 4938 ideo
2745 4883 2990 4938 abbatem
3015 4882 3118 4938 sibi
3143 4898 3375 4952 pneesse
3403 4881 3551 4938 desi-

1971 4977 2183 5041 derant,
2203 4984 2262 5030 ut
2281 4974 2372 5030 illo
2399 4975 2730 5046 gubernante
2756 4974 2899 5027 viam
2930 4973 3304 5028 mandatorum
3328 4973 3547 5028 Domini-

1967 5067 2140 5123 levius
2189 5075 2431 5130 currant,
2473 5065 2669 5136 illoque
2723 5073 2942 5134 regente
2993 5063 3166 5120 levius
3213 5066 3421 5130 vivant,
3481 5073 3544 5119 et

1965 5157 2212 5228 praemia,
2252 5172 2374 5227 quae
2413 5156 2519 5211 illis
2563 5157 2614 5210 in
2643 5155 2825 5211 futuro
2869 5156 3138 5225 promissa
3165 5166 3302 5211 sunt
3321 5157 3544 5212 suavius

1966 5245 2392 5315 apprehendant,
2440 5244 2672 5300 scientes
2716 5244 2843 5312 quia
2883 5253 3087 5314 quanto
3109 5259 3167 5299 se
3193 5245 3416 5300 alterius
3437 5259 3538 5313 po—

1966 5337 2150 5393 testati
2174 5352 2273 5406 pro
2300 5335 2500 5392 Christi
2527 5351 2708 5390 amore
2733 5337 2885 5391 subdi
2913 5339 3274 5400 consentiunt,
3307 5345 3458 5390 tanto
3481 5336 3535 5388 in

1967 5431 2150 5486 futuro
2196 5429 2390 5486 sacculo
2418 5445 2541 5486 cum
2573 5431 2690 5501 ipso
2747 5431 2974 5488 Domino
3006 5431 3233 5487 feliciter
3269 5431 3537 5484 exsultare

1965 5524 2290 5593 gaudebunt.
2331 5523 2398 5577 Et
2425 5523 2551 5592 quia
2590 5526 2701 5578 sine
2738 5524 2897 5578 dubio
2925 5524 2979 5578 hi
3003 5523 3130 5576 tales
3160 5521 3308 5574 illam
3358 5520 3536 5574 Domi-

1963 5616 2016 5669 m'
2045 5615 2373 5678 sententiam,
2401 5631 2503 5685 qua
2531 5616 2657 5670 dicit
2681 5633 2697 5670 :
2723 5615 2845 5670 Non
2869 5615 2983 5669 νειιὲ
3020 5613 3190 5682 facere
3218 5610 3532 5665 voluntatem

1962 5723 2152 5770 unum,
2181 5706 2271 5761 sed
2305 5706 2416 5774 ejus
2449 5707 2537 5777 qui
2569 5707 2703 5760 misit
2729 5722 2805 5758 me
2833 5703 3012 5775 (Jomt.
3039 5701 3112 5768 vi)
3139 5703 3294 5758 lactis
3317 5703 3531 5758 imitan-
