3992 6206
464 307 569 364 799

1755 295 2109 352 SMARAGDI
2148 297 2440 355 ABBATIS

3627 287 3724 342 800

463 431 571 488 tur,
597 436 720 476 cum
743 420 834 478 illo
851 421 971 476 sine
989 419 1151 476 dubio
1172 416 1357 473 felices
1373 418 1428 472 in
1441 425 1702 471 aeternum
1720 412 2039 484 regnabunt.
2071 411 2122 472 A
2148 412 2398 470 lectionis
2425 411 2722 474 advenerit,
2755 411 2901 466 dicet
2927 429 2940 465 :
2985 406 3166 464 Venite
3195 407 3263 462 ad
3311 423 3409 472 me,
3436 422 3615 460 omnes
3642 412 3726 477 qui

541 511 649 567 Sed
695 513 808 565 lucc
855 511 969 579 ipsa
993 509 1285 563 obedientia
1308 517 1432 561 tunc
1460 503 1794 574 acceptabilis
1814 501 1912 556 erit
1935 498 2044 554 Deo

466 611 516 655 et
537 600 708 654 dulcis
729 599 1048 664 hominibus,
1071 600 1115 651 si
1140 597 1279 668 quod
1299 596 1534 666 jubetur,
1564 610 1666 647 non
1693 591 1910 662 trepide,
1945 606 2045 642 non

469 691 639 754 tarde,
663 705 766 743 non
787 687 980 758 tepide,
1004 697 1096 741 aut
1123 703 1240 740 cum
1265 701 1554 748 murmure,
1582 681 1658 738 vel
1679 698 1798 735 cum
1816 695 2048 749 "respon-

467 781 613 834 sione
652 779 874 834 nolentis
913 780 1186 848 eﬂiciatur.
1220 775 1582 846 Aceeptabilis
1627 781 1713 828 est
1740 770 2081 845 obcdientia_

468 869 599 930 Deo,
631 869 676 923 si
696 870 858 924 corde
883 884 1020 938 puro
1044 868 1302 923 velociter
1347 867 1404 921 lit
1430 875 1482 921 et
1514 865 1630 920 sine
1659 878 1957 925 murmure,
1995 868 2050 914 et

467 962 641 1018 dulcis
691 963 1017 1027 hominibus,
1055 962 1099 1017 si
1151 962 1266 1016 sine
1305 959 1585 1030 pigrediue
1619 972 1740 1012 cum
1769 953 2049 1008 alacritate

466 1055 554 1111 vel
588 1054 926 1124 iucunditate
974 1053 1033 1108 ﬁt
1063 1053 1278 1108 mentis.
1314 1051 1468 1106 Unde
1509 1058 1564 1103 et
1592 1047 1838 1103 subditur
1870 1061 1884 1096 :
1928 1042 2050 1096 Non

469 1146 688 1216 trepide.
720 1145 1015 1215 Trepidare
1051 1144 1249 1200 dicitur
1277 1143 1486 1205 timere,
1523 1140 1606 1194 vel
1656 1137 1925 1193 dubitare.
1958 1133 2051 1187 Ille

466 1236 614 1291 enim
653 1234 1015 1289 obedientiam
1067 1232 1245 1287 facere
1299 1230 1552 1300 trepidat,
1606 1227 1698 1296 qui
1751 1226 1803 1279 in
1841 1223 2051 1279 Domini

468 1323 738 1394 adiutorio
783 1323 1012 1377 [imiter
1063 1338 1170 1377 non
1227 1327 1428 1390 sperat.
1464 1318 1566 1386 Qui
1606 1332 1736 1371 vero
1759 1316 1825 1370 de
1850 1313 2048 1370 Christi

469 1415 673 1469 auxilio
712 1413 948 1470 conlisus
994 1413 1179 1478 fuerit,
1201 1412 1562 1467 obedientiam
1607 1423 1706 1478 pro
1729 1407 1947 1462 Christo
1973 1404 2054 1459 fa-

468 1522 594 1562 cere
633 1523 740 1560 non
791 1505 1101 1575 trepidabit,
1140 1505 1265 1574 quia
1295 1503 1551 1571 scriptum
1584 1508 1704 1555 est:
1733 1499 1836 1564 Qui
1873 1499 2053 1552 timent

469 1597 754 1651 Dominum
801 1595 1212 1666 sperareruntin
1250 1593 1510 1654 Domino;
1543 1591 1756 1660 adjutor
1797 1604 1977 1642 eorum
2004 1595 2052 1639 et

468 1697 731 1757 protector
777 1704 960 1743 eorum
1002 1697 1076 1741 est
1137 1686 1309 1758 (Psal.
1357 1683 1537 1754 CXIII).
1592 1682 1715 1736 Non
1739 1680 1906 1734 tarde.
1957 1678 2053 1736 Ille

2149 503 2402 559 laboratis
2423 513 2472 558 et
2496 505 2698 558 onerati
2726 503 2869 566 estis,
2913 512 2960 556 et
2990 518 3084 570 ego
3113 502 3347 569 reﬁciam
3378 517 3465 554 vos
3513 499 3722 570 (Matth.

2148 593 2249 664 xI).
2281 594 2424 664 Ergo
2449 609 2570 648 cum
2614 609 2806 664 magna
2834 591 3014 647 cordis
3039 592 3321 646 alacritate
3364 591 3528 645 debet
3555 607 3728 645 mona-

2148 685 2284 737 chus
2323 683 2688 740 obedientiam
2719 683 2922 746 faeere,
2971 682 3062 750 qui
3111 681 3274 735 talem
3313 689 3499 748 sperat
3527 697 3596 735 ex
3646 680 3727 734 illa

2150 773 2358 828 habere
2392 775 2824 829 retributionem.
2857 773 3009 829 Unde
3029 770 3086 826 et
3121 773 3368 841 sequitur
3396 790 3409 825 :

2223 862 2290 916 Et
2331 881 2450 917 cum
2481 865 2611 917 bono
2639 865 2815 918 animo
2860 882 2892 917 a
2922 863 3193 932 discipulis
3241 863 3461 932 prwberi
3513 874 3728 933 oportet,

2148 955 2272 1025 quia
2300 955 2521 1007 hilarem
2548 955 2784 1008 datorem
2822 953 2990 1024 diligit
3031 952 3173 1008 Deus
3207 951 3290 1023 (II
3322 951 3443 1006 Cor.
3468 954 3570 1022 Ix).
3612 949 3732 1008 ﬂare

2152 1044 2296 1100 enim
2349 1045 2616 1100 sententia
2666 1061 2771 1100 non
2800 1045 2975 1100 solum
3013 1044 3078 1098 de
3109 1044 3217 1110 illa,
3268 1060 3388 1113 qua:
3430 1045 3734 1113 specialiter

2151 1138 2478 1208 pauperibus
2508 1137 2782 1202 tribuitur,
2809 1138 3169 1206 eleemosyna,
3199 1138 3293 1192 sed
3314 1139 3475 1192 etiam
3513 1154 3733 1209 genera-

2153 1228 2278 1283 liter
2313 1228 2380 1283 de
2428 1227 2577 1283 omni
2612 1228 2996 1282 monachorum
3051 1227 3367 1296 intelligitur
3403 1228 3730 1282 obedientia.

2154 1319 2290 1385 Quia
2316 1320 2573 1389 quidquid
2600 1318 2900 1374 obediendo
2921 1318 3222 1372 monachus
3257 1317 3388 1388 agit,
3420 1325 3596 1372 totum
3627 1314 3734 1373 Deo

2156 1411 2366 1478 tribuit,
2402 1412 2489 1466 cui
2519 1427 2580 1466 se
2607 1419 2780 1466 totum
2806 1411 2971 1465 vovit.
2996 1408 3268 1479 Jejunium
3301 1409 3467 1472 enim,
3503 1411 3736 1482 vigilias,

2155 1505 2560 1570 abstinentiam,
2604 1504 3080 1574 superimpositum
3140 1519 3380 1567 cursum,
3427 1511 3484 1557 et
3519 1519 3737 1557 omnem

2153 1595 2376 1650 omnino
2407 1595 2588 1650 cordis
2615 1601 2671 1649 et
2689 1595 2932 1664 corporis
2959 1602 3140 1650 actum
3186 1593 3297 1648 Deo
3325 1594 3513 1648 tribuit
3541 1601 3738 1657 totum,

2157 1700 2188 1738 a
2209 1701 2316 1755 quo
2341 1685 2543 1742 laboris
2569 1686 2652 1741 sui
2675 1685 2986 1754 centuplum
3005 1695 3187 1755 sperat
3215 1685 3457 1755 recipere
3478 1684 3738 1740 fructum.

469 1778 766 1833 monachus
789 1777 918 1832 facit
955 1776 1342 1841 obedientiam,
1373 1775 1465 1844 qui
1495 1788 1600 1828 non
1629 1787 1695 1826 ex
1719 1771 1807 1825 illa
1841 1769 2053 1826 deside-
2080 1774 2128 1834 B
2155 1775 2296 1846 Ergo
2347 1777 2438 1845 qui
2491 1791 2615 1832 cum
2660 1775 2937 1830 hilaritate
2981 1784 3038 1830 et
3077 1775 3522 1846 multiplicatione
3564 1776 3685 1830 vult
3713 1793 3743 1830 a

471 1881 554 1926 rat
576 1880 776 1926 materna
808 1873 1052 1941 recipere
1077 1871 1318 1940 prtemia.
1346 1869 1515 1936 Quem
1537 1867 1683 1921 enim
1705 1867 1772 1921 ad
1799 1864 2053 1919 obedien-

470 1963 599 2016 dum
629 1963 722 2016 Dei
750 1977 904 2016 amor
929 1977 1034 2016 non
1069 1961 1294 2026 excitat,
1326 1960 1571 2028 corporis
1599 1957 1711 2012 otio
1755 1956 2054 2010 delectatus

465 2051 690 2110 obedire
731 2055 1036 2110 senioribus
1082 2053 1283 2108 tardat.
1313 2053 1573 2122 Ignorans
1601 2048 1726 2118 quia
1770 2048 1860 2116 qui
1891 2061 2053 2116 parce

473 2144 708 2199 seminat
767 2161 933 2215 parce
979 2152 1168 2209 metet,
1204 2151 1260 2198 et
1309 2142 1401 2212 qui
1450 2140 1682 2196 seminat
1729 2139 1783 2193 in
1838 2137 2056 2192 benedi—

471 2235 672 2299 ctione,
700 2234 754 2289 id
782 2244 866 2289 cst
892 2235 946 2289 in
978 2233 1306 2289 abundantia
1327 2229 1742 2294 benedictionis,
1780 2228 2056 2283 abundan-

473 2333 557 2378 ter
590 2326 728 2379 etin
758 2325 1140 2379 benedictione
1183 2331 1352 2378 metet
1395 2322 1564 2375 vitam
1616 2329 1894 2375 aeternam.
1933 2317 2056 2371 Non

471 2414 662 2484 tepide.
691 2413 892 2484 Tepide
919 2415 1052 2469 dicit
1078 2414 1332 2476 molliter,
1367 2413 1632 2483 segniter,
1657 2409 1742 2464 vel
1774 2408 2054 2464 dissolute.

470 2504 566 2560 Ille
601 2505 746 2563 enim
797 2505 1094 2560 monachus
1142 2503 1508 2560 obedientiam
1562 2500 1740 2570 tepide
1782 2500 1927 2565 facit,
1963 2499 2056 2569 qui

474 2611 580 2651 non
603 2596 757 2651 timet
783 2596 923 2664 quod
953 2595 1214 2650 Dominus
1253 2595 1320 2649 de
1345 2592 1539 2664 tepidis
1567 2591 1719 2656 dicit,
1764 2590 1840 2645 ait
1867 2590 2010 2645 enim
2040 2607 2054 2643 :

477 2685 619 2754 Quia
649 2687 852 2758 tepidus
873 2703 928 2742 es
949 2696 996 2741 et
1024 2703 1277 2741 nauseam
1303 2685 1457 2755 facis,
1484 2683 1736 2752 incipiam
1762 2692 1810 2735 te
1826 2697 2058 2736 evomere

472 2781 539 2834 de
590 2796 678 2834 ore
707 2796 820 2832 meo
852 2779 1035 2850 (Apoc.
1081 2778 1187 2848 ιιι).
1219 2776 1328 2831 Nec
1373 2775 1542 2830 Paulo
1566 2775 1942 2830 accommodat
1964 2789 2059 2827 au-

475 2881 582 2927 tem
615 2871 816 2926 dicenti
855 2890 867 2924 :
913 2870 1115 2941 Spiritu
1170 2869 1440 2938 ferventes,
1504 2867 1729 2922 Domino
1779 2866 2060 2921 servientes

473 2961 653 3033 (Rom.
681 2960 802 3033 χιι).
821 2961 1116 3032 Ferventes
1143 2961 1286 3015 enim
1309 2967 1365 3014 et
1399 2975 1504 3016 non
1527 2959 1736 3030 tepidos
1759 2961 1915 3014 decet
1940 2971 2061 3013 esse

475 3054 529 3106 in
570 3046 768 3109 Christi
801 3053 1024 3109 servitio
1070 3053 1387 3118 monachos,
1417 3061 1478 3107 ut
1512 3053 1635 3124 igne
1663 3052 1947 3108 charitatis
1973 3068 2060 3107 ac-

474 3149 643 3214 censi,
676 3163 796 3218 quac
837 3147 1041 3203 faciunt
1071 3163 1177 3202 non
1207 3146 1386 3217 tepide
1417 3119 1642 3210 faciant,
1674 3145 1770 3200 sed
1800 3145 2060 3199 velociter
2085 3119 2132 3183 (ἶ

475 3248 534 3293 et
575 3239 841 3310 expedite.
884 3238 976 3293 Ille
1001 3237 1146 3294 enim
1188 3237 1327 3308 ignis
1347 3237 1587 3300 divinus,
1613 3253 1775 3307 quem
1798 3237 2059 3292 Dominus

480 3312 667 3383 volens
718 3337 781 3382 ut
818 3328 1036 3382 arderet
1060 3326 1210 3380 misit
1254 3325 1309 3380 in
1354 3333 1579 3390 terram,
1605 3326 1674 3380 ad
1699 3325 2059 3380 obediendum

477 3419 867 3474 monachorum
911 3419 1178 3474 bonorum
1232 3416 1490 3472 velociter
1535 3418 1738 3474 excitat
1785 3418 1971 3483 corda,
2002 3427 2062 3473 ut

476 3519 630 3565 tanto
656 3510 729 3564 illi
755 3509 1056 3565 obediendo
1085 3508 1247 3563 citius
1271 3507 1546 3578 placeant,
1587 3518 1792 3580 quanto
1821 3524 1945 3565 cum
1968 3509 2062 3565 illo

478 3603 642 3659 citius
683 3617 915 3675 regnare
959 3602 1284 3658 desiderant.
1313 3601 1418 3654 Aut
1441 3617 1561 3654 cum
1587 3601 1879 3657 murmurio
1910 3601 2060 3671 facit.

479 3693 582 3760 Qui
609 3692 751 3749 enim
789 3707 912 3747 cum
943 3692 1246 3748 murmurio
1290 3691 1421 3747 facit
1449 3691 1836 3757 obedientiam,
1867 3706 1968 3747 nec
1995 3693 2063 3747 ab

481 3782 780 3851 imperante
809 3782 1043 3848 laudem,
1073 3797 1172 3836 nec
1195 3797 1226 3836 a
1253 3782 1482 3836 Domino
1507 3781 1701 3850 recipit
1729 3781 2060 3848 mercedem,

481 3874 578 3928 sed
617 3873 794 3943 potius
820 3873 888 3928 ab
915 3875 1110 3929 abbate
1151 3874 1396 3943 corporis
1437 3873 1793 3944 disciplinam,
1827 3881 1882 3930 et
1907 3890 1936 3927 a
1959 3873 2065 3928 Do-

481 3965 632 4021 mino
654 3980 796 4030 eam,
823 3981 944 4036 qua:
990 3965 1452 4023 murmurantibus
1490 3965 1736 4028 debetur,
1753 3963 1956 4034 justam
1981 3981 2065 4020 re-

484 4057 620 4126 cipit
662 4071 901 4128 pcenam.
941 4055 1239 4112 Infeliciter
1267 4056 1412 4112 enim
1439 4057 1617 4126 perdit
1662 4066 1974 4128 utrumque,
2012 4065 2068 4113 et

481 4146 773 4218 poenaliter
807 4147 1084 4217 conquirit
1122 4155 1434 4217 utrumque.
1484 4145 1669 4202 Perdit
1705 4147 1879 4203 laudis
1904 4157 2066 4218 atque

482 4237 752 4293 mercedis
806 4239 1060 4310 gratiam,
1103 4246 1158 4294 et
1208 4240 1481 4309 conquirit
1533 4241 1779 4312 corporis
1825 4241 1984 4296 simul
2011 4249 2068 4296 et

484 4331 681 4386 anima:
702 4345 938 4401 paruam.
981 4329 1073 4386 Vel
1097 4347 1215 4385 cum
1245 4348 1490 4402 responso
1531 4331 1752 4387 nolentis
1791 4334 2064 4404 efﬁciatur.

484 4421 581 4476 Ille
609 4422 756 4476 enim
785 4422 1086 4476 monachus
1133 4421 1226 4492 qui
1275 4437 1398 4476 cum
1436 4422 1671 4478 nolentis
1699 4439 1960 4494 responso
1985 4425 2068 4478 in-

481 4521 640 4568 cusat
657 4513 1044 4580 obedientiam,
1083 4521 1178 4568 aut
1201 4515 1454 4569 emendat
1483 4515 1593 4570 cito
1632 4516 1960 4571 voluntatem
1981 4531 2071 4587 pa-

487 4607 622 4659 riter
649 4614 704 4658 et
749 4620 1092 4675 responsum,
1150 4617 1245 4661 aut
1270 4605 1498 4662 festinus
1528 4607 1581 4661 in
1621 4607 2071 4663 murmurationis

488 4695 688 4750 labitur
738 4703 1042 4767 peccatum.
1091 4695 1162 4750 At
1186 4712 1316 4752 vero
1351 4697 1396 4751 si
1423 4697 1532 4753 cito
1571 4697 1941 4752 emendaverit
1985 4713 2072 4754 re-

486 4802 746 4856 sponsum
774 4789 986 4859 pariter
1005 4795 1061 4844 et
1085 4787 1437 4853 voluntatem,
1469 4789 1790 4844 obedientite
1817 4804 1928 4843 sua:
1957 4805 2066 4845 non

487 4878 678 4948 perdet
705 4880 1036 4945 mercedem;
1065 4879 1192 4949 quia
1213 4879 1525 4935 misericors
1551 4886 1608 4933 et
1649 4878 1936 4933 miserator
1965 4879 2068 4935 Do-

489 4969 672 5024 minus
699 4969 1082 5039 poenitentibus
1113 4971 1242 5029 cito
1265 4971 1492 5025 dimittit

481 5055 489 5109 1
565 5057 703 5123 Quia
727 5060 1017 5115 obedientia
1041 5079 1160 5133 qua:
1200 5063 1490 5134 majoribus
1527 5062 1809 5132 prwbetur,
1844 5062 2068 5117 Domino

489 5148 781 5204 exhibetur.
829 5149 950 5220 Ipse
970 5153 1107 5206 enim
1132 5153 1258 5206 dicit
1289 5172 1307 5210 :
1339 5153 1442 5218 Qui
1475 5170 1565 5207 vos
1607 5154 1779 5217 audit,
1809 5170 1891 5207 me
1921 5154 2071 5206 audit

489 5240 515 5308 (
546 5235 676 5295 Luc.
737 5237 816 5310 ι).
842 5238 976 5293 Cum
1011 5255 1208 5312 magno
1229 5243 1372 5298 enim
1396 5243 1574 5298 cordis
1599 5258 1785 5298 amore
1804 5245 2070 5313 corporis-

491 5349 596 5406 que
621 5334 913 5392 velocitate
943 5333 1061 5388 ﬁeri
1082 5335 1242 5389 debet
1261 5336 1593 5401 obedientia,
1624 5351 1784 5404 quam
1815 5337 1929 5406 ipse
1960 5336 2068 5391 Do-

458 5439 461 5441 '
489 5428 672 5483 minus
691 5437 935 5483 sanctam
965 5427 1020 5482 in
1049 5441 1201 5481 suam
1223 5428 1415 5497 recipit
1455 5442 1766 5498 personam,
1791 5439 1850 5484 ut
1873 5429 2072 5484 facien'

490 5521 640 5576 tibus
685 5535 827 5586 eam,
865 5535 987 5575 cum
1047 5519 1414 5574 retributionis
1489 5529 1701 5590 tempus
1770 5521 2070 5583 advenerit,

490 5612 804 5680 plenissima
849 5613 1051 5668 tribuat
1095 5613 1334 5684 praemia.
1375 5612 1491 5682 Ipse
1534 5614 1678 5668 enim
1718 5616 1969 5667 omnibus
2020 5615 2071 5668 in

496 5701 701 5759 laboris
729 5705 1032 5761 obedienlia
1075 5705 1285 5776 positis,
1323 5721 1445 5760 cum
1495 5713 1702 5774 tempus
1749 5715 1962 5760 :ctcrmc
1996 5723 2075 5761 rc-

2154 1867 2382 1922 Domino
2419 1869 2740 1923 obedientia:
2766 1884 2878 1923 sua:
2919 1870 3161 1939 recipere
3201 1867 3458 1936 fructum,
3499 1872 3625 1922 cum
3655 1871 3742 1924 hi-

2155 1957 2371 2013 laritate
2393 1959 2553 2014 debet
2577 1957 2876 2027 majoribus
2897 1960 3118 2015 obedire
3144 1977 3157 2013 :
3184 1960 3309 2028 quia
3330 1961 3422 2028 qui
3445 1959 3748 2026 majoribus

2154 2052 2377 2109 obedire
2423 2053 2738 2124 contemnit,
2788 2053 2905 2108 sine
2929 2052 3093 2107 dubio
3119 2053 3332 2108 Domini
3370 2052 3599 2122 imperio
3621 2069 3748 2108 con-

2155 2145 2398 2212 tradicit,
2422 2145 2516 2214 qui
2554 2143 2833 2214 discipulis
2857 2153 2915 2199 et
2936 2145 3190 2200 omnibus
3230 2145 3543 2201 doctoribus
3570 2147 3707 2201 dicit
3734 2163 3747 2200 :

2157 2237 2263 2304 Qui
2284 2255 2371 2294 vos
2393 2238 2561 2303 audit,
2587 2255 2670 2292 me
2711 2238 2882 2303 audit,
2906 2247 2955 2293 et
2977 2239 3067 2309 qui
3089 2254 3176 2292 vos
3200 2238 3415 2308 spernit,
3439 2255 3520 2291 me
3548 2241 3751 2308 spernit

2157 2329 2309 2402 (Luc.
2339 2330 2416 2403 χ).
2457 2331 2574 2385 Non
2622 2338 2706 2385 est
2733 2345 2865 2400 ergo
2886 2328 3191 2384 obedientia
3219 2344 3340 2398 qua:
3383 2343 3416 2382 a
3448 2327 3754 2396 maioribus

2155 2421 2460 2492 iniungitur
2505 2413 2828 2491 spernenda,
2857 2421 2951 2476 sed
2974 2421 3156 2491 potius
3181 2419 3410 2474 amanda
3437 2426 3494 2472 et
3521 2419 3752 2488 diligen-

2155 2514 2246 2580 da,
2271 2523 2346 2580 et,
2370 2515 2424 2569 in
2445 2521 2708 2584 quantum
2730 2513 2875 2567 vires
2895 2519 3208 2582 suppetunt,
3227 2525 3351 2566 cum
3372 2509 3654 2564 hilaritate
3673 2518 3752 2564 est

2156 2607 2413 2675 Operibus
2449 2605 2812 2674 exsequenda.
2844 2598 3132 2672 Scriptum
3153 2609 3239 2658 est
3283 2601 3429 2657 enim
3468 2619 3482 2654 :
3512 2601 3583 2656 In
3607 2604 3752 2656 omni

2158 2697 2282 2750 dato
2313 2696 2536 2750 hilarem
2564 2696 2650 2765 [ac
2674 2694 2874 2749 vultum
2899 2703 3049 2747 tuum
3077 2692 3266 2763 (Eccli.
3294 2693 3482 2763 xxxv).
3509 2691 3569 2746 In
3601 2693 3751 2746 omni

2158 2803 2290 2858 ergo
2312 2788 2436 2842 dato
2456 2786 2684 2842 hilarem
2719 2785 2850 2840 facit
2868 2783 3095 2848 vultum,
3123 2783 3216 2852 qui
3239 2799 3343 2836 non
3366 2799 3489 2838 cum
3521 2783 3754 2836 tristitia

2159 2887 2253 2933 aut
2276 2892 2524 2945 rancore,
2549 2878 2645 2933 sed
2681 2891 2875 2938 sereno
2898 2874 3049 2929 vultu
3075 2875 3365 2944 animoque
3389 2873 3514 2928 [Icto
3541 2874 3757 2943 praebet

2159 2971 2499 3025 auditoribus
2519 2982 2850 3031 sermonem,
2869 2965 3198 3036 pauperibus
3215 2980 3433 3034 panem,
3455 2962 3758 3032 majoribus

2165 3072 2346 3118 autem
2369 3079 2466 3118 cor
2486 3060 2688 3118 humile
2707 3067 2764 3115 et
2783 3059 3059 3115 obediens.
3089 3057 3196 3113 Istc
3217 3057 3270 3111 in
3291 3057 3439 3112 omni
3465 3056 3599 3111 dato
3628 3056 3757 3110 hila-

2163 3167 2276 3209 rem
2305 3152 2437 3208 facit
2458 3153 2686 3216 vultum,
2714 3158 2770 3205 et
2791 3149 2914 3206 ideo
2933 3164 3096 3204 omne
3115 3164 3272 3203 suum
3295 3148 3483 3202 datum
3511 3163 3546 3200 a
3577 3146 3757 3202 Domi-

2162 3258 2233 3298 no
2256 3243 2489 3298 credidit
2510 3256 2634 3297 esse
2658 3249 2934 3310 receptum
2964 3247 3020 3294 et
3052 3247 3259 3309 aptum.
3284 3237 3388 3305 Qui
3408 3245 3602 3292 autem
3620 3237 3757 3308 ieiu-

2161 3343 2317 3400 nant,
2345 3335 2439 3390 sed
2468 3349 2576 3390 non
2607 3350 2732 3390 cum
2765 3332 3036 3388 hilaritate
3078 3331 3318 3402 vigilant,
3490 3345 3606 3384 non
3637 3344 3757 3384 eum

2163 3428 2437 3484 hilaritate
2463 3427 2759 3493 abstinent,
2792 3426 2884 3482 sed
2919 3441 3029 3481 non
3070 3440 3196 3480 cum
3221 3423 3500 3478 hilaritate
3556 3432 3756 3478 caetera

2163 3517 2332 3573 multa
2380 3519 2522 3573 bona
2573 3515 2801 3582 faciunt,
2848 3516 2944 3572 sed
2981 3531 3088 3570 non
3113 3530 3236 3569 cum
3263 3515 3406 3569 bono
3432 3512 3624 3568 animo
3663 3527 3759 3568 nec

2164 3623 2286 3664 cum
2317 3608 2612 3674 hilaritate,
2639 3623 2748 3664 non
2790 3607 3065 3676 accipiunt
3097 3619 3129 3660 a
3159 3604 3388 3660 Domino
3432 3603 3645 3658 laboris
3678 3604 3757 3658 sui

2164 3700 2493 3764 mercedem,
2533 3700 2630 3754 sed
2680 3713 2711 3752 a
2752 3697 2989 3768 maligno
3019 3695 3468 3752 murmurationis
3499 3695 3757 3750 condem-

2165 3792 2457 3847 nationem.
2491 3791 2646 3846 Unde
2688 3798 2744 3846 et
2780 3790 3070 3845 subditur:

2239 3881 2380 3936 Nam
2411 3898 2528 3936 cum
2556 3897 2642 3934 ma
2655 3880 2697 3935 ὀ
2727 3881 2903 3935 animo
2931 3881 2976 3934 si
3003 3880 3176 3934 obedit
3222 3878 3542 3950 discipulus,
3574 3891 3628 3934 et
3657 3897 3756 3934 non

2165 3973 2333 4028 solum
2365 3989 2476 4038 ore,
2503 3987 2678 4026 verum
2706 3971 2862 4025 etiam
2889 3972 2946 4025 in
2989 3971 3144 4025 corde
3166 3971 3212 4024 si
3234 3973 3679 4036 murmurarerit,
3709 3981 3758 4026 et

2165 4068 2211 4120 si
2247 4063 2457 4134 impleat
2495 4065 2808 4134 jussionem,
2844 4073 3020 4118 tamen
3067 4071 3332 4132 acceptum
3377 4063 3497 4131 jam
3529 4080 3640 4116 non
3664 4065 3758 4118 erit

2166 4152 2300 4219 Deo,
2333 4153 2422 4224 qui
2458 4169 2551 4206 cor
2577 4152 2784 4223 respicit
2809 4153 3209 4206 murmurantis.
3246 4150 3313 4204 Et
3361 4167 3458 4221 pro
3492 4153 3598 4206 tali
3623 4154 3757 4222 fauo

2168 4241 2368 4296 nullam
2407 4242 2744 4312 consequitur
2769 4241 3018 4310 gratiam,
3050 4240 3155 4294 imo
3183 4256 3387 4310 pinnam
3416 4257 3757 4294 murmuran-

2168 4334 2296 4387 tium
2326 4333 2570 4397 incurrit,
2609 4332 2657 4386 si
2698 4347 2804 4384 non
2834 4347 2954 4384 cum
2977 4328 3340 4398 satisfactione
3380 4331 3752 4384 emendaverit.

2169 4424 2305 4479 Cum
2325 4425 2466 4479 bono
2495 4423 2642 4478 enim
2663 4421 2866 4485 animo,
2895 4429 2952 4474 et
2983 4421 3146 4476 corde
3167 4435 3324 4490 puro,
3349 4426 3406 4474 et
3430 4419 3630 4473 humili
3655 4418 3756 4487 spi—

2173 4514 2278 4569 ritu
2302 4514 2462 4568 debet
2477 4512 2699 4568 obedire
2726 4509 3022 4579 discipulus
3047 4510 3326 4580 magistro,
3353 4517 3413 4564 ut
3433 4507 3756 4565 obcdieutia:

2170 4621 2284 4660 sua:
2309 4605 2540 4675 gratiam
2563 4602 2800 4672 accipiat
2826 4602 2967 4672 apud
2989 4601 3179 4656 Deum.
3208 4600 3345 4655 Nam
3375 4601 3598 4669 quando
3637 4615 3752 4655 eum

2170 4696 2315 4751 malo
2337 4696 2521 4751 obedit
2559 4695 2756 4759 animo,
2789 4701 2846 4749 et
2875 4693 3160 4764 superbus,
3203 4700 3260 4747 et
3297 4707 3671 4755 murmurans,
3703 4699 3755 4744 et

2171 4787 2486 4842 inobediens
2530 4794 2745 4842 tenetur
2774 4801 2806 4839 a
2856 4786 2988 4840 Deo.
3025 4784 3167 4840 Deus
3196 4794 3400 4848 autem,
3446 4784 3536 4839 cui
3578 4784 3750 4839 omnia

2170 4876 2312 4930 nuda
2343 4883 2470 4931 sunt
2509 4883 2566 4929 et
2591 4883 2796 4944 aperta,
2836 4873 3312 4938 murmurantium,
3356 4873 3525 4927 etiam
3572 4881 3750 4927 taeen-

2176 4967 2307 5022 tium
2369 4967 2536 5022 corda
2592 4966 2934 5023 condemnat.
3007 4966 3300 5036 Propterea
3351 4965 3617 5034 quidquid
3679 4961 3752 5015 fa-

2171 5057 2324 5113 ciunt
2359 5057 2633 5124 monachi,
2686 5059 2893 5128 absque
2939 5058 3371 5113 murmuratione
3405 5056 3632 5120 faciant,
3665 5069 3749 5117 ne,

2171 5150 2316 5219 quod
2344 5150 2504 5215 absit,
2537 5149 2927 5205 murmurando
2959 5164 3024 5205 ea
3075 5150 3343 5204 sententia
3387 5159 3616 5218 pereant
3649 5161 3749 5216 qua

2173 5244 2246 5299 illi
2271 5244 2545 5312 perierunt
2588 5242 2680 5313 qui
2729 5242 2784 5297 in
2811 5241 3029 5296 deserto
3060 5251 3248 5296 contra
3295 5241 3582 5296 Dominum
3609 5254 3751 5294 mur-

2173 5344 2556 5403 muraveruut;
2604 5345 2658 5392 et
2690 5337 2969 5406 perierunt
3024 5352 3219 5390 manna
3268 5334 3664 5393 manducando,
3698 5338 3750 5386 ct

2175 5429 2262 5484 isti
2292 5429 2347 5482 in
2382 5427 2714 5483 monasterio
2737 5419 3074 5497 'Seripturas
3126 5427 3409 5482 recitando
3438 5436 3495 5480 et
3537 5426 3750 5491 insuper

2176 5519 2583 5574 nmrmurando.
2612 5519 2690 5572 Illi
2719 5534 2916 5572 manna
2949 5518 3325 5574 manducando
3357 5511 3550 5573 mortui
3581 5523 3704 5570 sunt
3732 5529 3744 5562 :

2175 5621 2230 5665 et
2257 5612 2342 5665 isti
2383 5611 2692 5679 Seripturas
2724 5609 2952 5680 legendo
2976 5618 3030 5664 et
3070 5608 3336 5664 audiendo
3357 5607 3584 5679 spiritali
3613 5604 3749 5658 fama

2179 5703 2417 5774 quotidie
2444 5702 2769 5758 moriuntur.
2811 5699 2890 5756 Illi
2918 5701 3307 5757 murmurando
3337 5709 3535 5755 terram
3575 5710 3751 5761 repro-
