3968 6204
262 336 364 395 801

1301 336 1653 399 COMMENT.
1696 343 1765 398 IN
1805 344 1963 401 REG.
2007 342 2067 401 S.
2109 345 2490 404 BENEDIC'I'I.

3424 353 3542 406 802

266 449 546 507 missionis
590 464 697 503 non
732 448 1076 518 introierunt,
1124 460 1179 506 et
1222 453 1310 507 isti
1344 454 1729 509 murmurando
1756 469 1853 524 pa~
1881 465 1929 524 Α
1955 457 2037 510 ori
2089 465 2300 524 nostro,
2337 473 2407 513 ne
2435 455 2696 515 effrenate
2723 458 3006 530 loquentes
3049 469 3143 516 aut
3181 476 3277 533 per
3321 464 3537 521 malilo-

265 544 509 599 radisum
549 542 798 612 perdent,
847 550 904 598 et
949 545 1327 613 promissionis
1367 553 1594 610 terram,
1656 545 1713 601 id
1766 555 1851 602 est

263 643 527 689 aeternam
562 633 685 688 coeli
707 634 963 702 patriam,
990 648 1098 690 non
1127 635 1519 705 ingredientur.
1543 634 1683 702 Quid
1701 636 1849 691 enim

266 723 492 795 prodest
524 724 1015 783 murmuratoribus
1039 725 1279 779 exterius
1300 738 1462 796 agere
1498 738 1637 794 opus
1673 725 1850 797 injun-

264 822 438 877 ctum,
478 822 533 867 et
572 811 800 866 interius
825 826 856 866 a
886 812 1153 868 mercedis
1191 814 1417 884 prtemio
1443 827 1730 869 remanere
1756 828 1863 873 va—

262 916 415 957 cuos.
453 900 646 956 Melius
673 908 758 956 est
802 916 933 973 ergo
961 901 1262 971 majoribus
1303 901 1528 958 obedire
1566 918 1690 958 cum
1718 918 1849 974 gau-

259 988 376 1055 dio,
401 998 457 1044 et
478 989 761 1059 praemium
788 991 1029 1060 recipere
1053 991 1468 1061 sempiternum,
1500 1007 1667 1061 quam
1705 994 1848 1050 tristi

260 1080 450 1134 animo
493 1080 717 1136 obedire
741 1089 798 1135 et
826 1080 1028 1136 laboris
1054 1082 1136 1137 sui
1170 1083 1393 1153 praemia
1432 1084 1679 1154 perdere.
1731 1085 1846 1141 Etsi

258 1169 424 1224 factis
460 1172 728 1240 compleat
759 1168 1058 1239 iussionem
1106 1172 1375 1243 magistri,
1416 1172 1724 1244 iussionem
1768 1183 1850 1230 ta-

256 1271 386 1312 men
437 1272 544 1312 non
582 1258 771 1329 implet
817 1259 1085 1329 Apostoli,
1133 1261 1226 1331 qui
1256 1262 1435 1317 dixit:
1471 1260 1663 1318 Omnia
1687 1265 1848 1334 facite

253 1350 373 1404 sine
403 1351 907 1406 murmurationibus
944 1361 994 1406 et
1025 1343 1445 1408 htesitationibus
1470 1352 1636 1427 (Phil.
1670 1355 1754 1427 ιι).

876 1461 1104 1521 CAPUT
1142 1466 1229 1522 VI.

794 1535 869 1590 De
928 1537 1285 1592 taciturnitate

327 1626 701 1682 Taciturnitas
745 1627 921 1682 virtus
965 1638 1050 1684 est
1098 1629 1421 1686 humilitatis
1473 1640 1531 1686 et
1574 1630 1842 1687 indicium

250 1716 558 1787 gravitatis,
598 1716 783 1771 nutrix
831 1717 1114 1783 virtutum,
1159 1724 1217 1772 et
1244 1729 1431 1774 custos
1471 1726 1556 1775 est
1604 1734 1839 1774 morum.

1949 550 2157 619 quium,
2186 559 2279 607 aut
2306 566 2407 622 per
2441 551 2828 623 vaniloquium,
2869 560 2963 609 aut
3003 568 3101 624 per
3129 555 3537 627 multiloquium

1947 642 2283 700 oll'endamus
2334 644 2625 700 Dominum
2653 642 2825 699 Deum
2851 653 3118 701 nostrum.
3151 643 3257 700 Per
3294 646 3531 703 eth-ena-

1949 734 2151 791 tionem
2192 736 2341 793 enim
2379 736 2598 807 linguae,
2645 735 2788 791 sicut
2813 736 3006 793 beatus
3028 735 3386 808 .Augustinus
3418 740 3532 806 ait,

1948 823 2286 887 seminantur
2305 825 2531 891 stimuli,
2552 823 2805 880 oriuntur
2828 824 2980 891 rixae,
2996 825 3366 881 accenduntur
3383 825 3539 882 faces

1946 913 2221 982 odiorum,
2264 930 2372 985 pax
2418 915 2782 986 exstinguitur
2825 916 3091 984 sordium,
3128 924 3185 973 et
3211 926 3534 978 caeterorum

1947 1003 2243 1073 multorum
2265 1004 2532 1061 redundat
2559 1004 2714 1075 copia
2755 1005 3032 1060 vitiorum.
3462 992 3468 998 ’

2018 1093 2292 1163 Obmutui,
2315 1106 2364 1151 et
2387 1096 2696 1152 humiliatus
2732 1114 2872 1164 sum,
2899 1107 2948 1153 et
2974 1097 3098 1154 silui
3120 1115 3154 1153 a
3174 1098 3321 1155 bonis
3352 1098 3532 1172 (Ptol.

1945 1186 2202 1259 xxxviii).
2229 1186 2383 1244 Hanc
2404 1188 2730 1246 sententiam
2753 1189 2947 1246 beatus
2966 1189 3292 1249 Benedictus
3311 1191 3367 1246 in
3397 1193 3535 1248 taci-

1946 1279 2225 1343 turnitatis
2239 1266 2486 1350 exposuit
2500 1281 2658 1337 laude
2672 1282 2860 1338 dicens
2886 1300 2900 1336 ς
2924 1281 3029 1337 Hic
3049 1284 3275 1338 ostendit
3296 1283 3533 1357 Prophe-

1946 1378 2021 1436 ta,
2047 1371 2149 1426 sia
2176 1372 2326 1427 bonis
2346 1372 2565 1445 eloquiis
2589 1374 2854 1430 interdum
2874 1384 3086 1446 propter
3116 1378 3535 1433 taciturnitatem

1944 1461 2093 1517 debet
2115 1464 2298 1530 taceri,
2328 1474 2525 1536 quanto
2568 1466 2736 1536 magis
2759 1483 2793 1521 a
2815 1465 2970 1521 malis
2993 1466 3160 1522 verbis
3202 1477 3413 1538 propter
3432 1485 3535 1540 pc-

1946 1569 2070 1607 nam
2091 1555 2291 1624 peccati
2310 1555 2460 1610 debet
2486 1557 2721 1611 cessari?
2740 1555 2835 1612 Sic
2860 1556 3009 1612 enim
3035 1557 3259 1626 quidam
3284 1560 3362 1615 ait
3390 1578 3409 1615 ι
3432 1576 3538 1631 pro

1943 1646 2120 1701 otioso
2140 1648 2305 1703 verbo
2326 1648 2469 1704 ratio
2487 1648 2727 1718 ponitur.
2756 1648 2863 1705 Pro
2883 1662 3137 1705 sermone
3152 1648 3353 1718 iniusto
3371 1664 3535 1720 pm

1942 1738 2261 1794 exsolvitur.
2278 1738 2550 1806 Obmutui,
2566 1741 2722 1807 dixit,
2737 1741 2793 1796 id
2804 1749 2911 1807 est,
2933 1741 3209 1798 silentium
3225 1744 3378 1810 mihi,
3394 1744 3534 1801 ne-iu

253 1806 397 1863 Hinc
433 1805 688 1908 Salomon
711 1807 787 1908 ait
815 1825 828 1860 :
860 1805 1212 1908 Qui‘custo-dit
1242 1824 1300 1863 os
1337 1820 1565 1908 suamet
1602 1808 1838 1908 linguam
1867 1807 1915 1866 B
1941 1829 2271 1900 loquacitate
2310 1845 2621 1901 marem,
2651 1805 3015 1890 “(lunarium
3070 1836 3325 1908 imposui.
3364 1805 3528 1893 ἐπί,

250 1915 431 1965 suam,
457 1899 681 1953 custodit
697 1899 761 1953 ab
777 1900 1033 1971 angustiis
1056 1902 1290 1956 animam
1318 1918 1470 1956 suam
1491 1898 1677 1974 (Prov.
1696 1901 1841 1971 xm).

246 1990 336 2046 Ab
364 1990 627 2061 angustiis
652 1989 905 2046 videlicet
936 2002 1154 2047 aeternas
1181 2008 1357 2063 paenae
1380 1992 1576 2048 liberat
1604 1992 1844 2046 animam

246 2096 432 2147 suam,
479 2082 571 2151 qni
604 2081 1033 2137 taciturnitatem
1061 2097 1271 2147 amans,
1325 2097 1356 2136 a
1386 2081 1531 2137 malo
1559 2088 1617 2137 et
1649 2094 1840 2150 pravo,

246 2172 336 2227 vel
363 2172 582 2227 omnino
604 2170 940 2243 stultiloquio
960 2173 1223 2240 custodit,
1251 2181 1309 2229 et
1331 2171 1575 2228 refrenat
1603 2172 1841 2243 linguam

245 2278 409 2318 suam
432 2265 652 2320 dicens:

327 2354 614 2414 Faciamus
666 2360 807 2430 quod
837 2358 911 2412 ait
955 2356 1221 2429 Propheta
1277 2371 1297 2410 :
1350 2356 1497 2419 Dixi,
1532 2353 1841 2411 Custodiam

244 2446 363 2502 uias
390 2463 553 2515 meas,
586 2458 641 2502 ut
687 2464 793 2502 non
838 2447 1140 2519 delinquam
1182 2447 1244 2501 in
1288 2445 1472 2518 lingua
1521 2462 1638 2500 mea
1662 2443 1836 2518 (Psal.

243 2537 507 2610 xxxvm).
563 2539 659 2594 llle
704 2539 845 2596 bene
901 2540 1038 2606 vias,
1086 2538 1142 2594 id
1177 2546 1297 2605 est,
1347 2547 1501 2595 actus
1552 2537 1683 2592 vitae
1726 2551 1842 2592 suae

240 2629 505 2693 custodit,
551 2630 643 2699 qui
683 2629 737 2685 in
784 2629 968 2702 lingua
1014 2629 1238 2685 minime
1288 2627 1530 2684 oll'endit.
1570 2626 1840 2684 Modicum

239 2718 396 2774 enim
427 2722 729 2786 membrum
752 2728 836 2776 est
858 2719 1063 2791 lingua,
1088 2720 1184 2775 sed
1215 2718 1416 2773 multas
1441 2718 1592 2772 rixas
1619 2725 1677 2772 et
1700 2715 1840 2770 mul-

243 2814 305 2864 ta‘
327 2825 470 2881 saepe
499 2811 793 2866 committit
818 2810 1093 2867 scandala.
1128 2810 1206 2865 De
1228 2824 1336 2880 qua
1361 2809 1595 2864 Jacobus
1622 2815 1839 2879 aposto-

238 2899 334 2955 Ius
355 2900 434 2954 ait
458 2916 474 2954 :
498 2899 756 2972 Linguam
782 2901 960 2956 nullus
982 2902 1251 2956 hominum
1277 2900 1493 2955 domare
1537 2908 1728 2970 potest;
1753 2899 1837 2952 in-

235 2990 481 3056 quietum
515 2990 735 3056 malum,
772 2991 927 3062 plena
967 3008 1162 3047 ueneno
1198 2990 1489 3060 mortifero,
1537 2997 1594 3044 et
1626 2988 1835 3061 reliqua

237 3082 457 3154 (Iacob.
488 3081 594 3143 ιιι).
625 3081 727 3149 Qui
748 3096 884 3154 ergo
903 3083 958 3138 in
997 3082 1179 3154 lingua
1206 3096 1315 3137 non
1352 3080 1469 3135 vult
1492 3078 1830 3149 delinquere,

232 3171 401 3245 prius
424 3172 541 3227 vias
567 3186 715 3238 suas,
742 3173 796 3228 id
815 3180 901 3228 est
927 3182 1081 3228 actus
1101 3173 1225 3228 vitae
1251 3185 1385 3237 suaa,
1411 3170 1575 3228 debet
1600 3170 1835 3227 sollicite
1863 3157 1908 3221 C

232 3263 552 3333 providere,
582 3278 651 3319 ne
680 3263 862 3319 subito
892 3263 1107 3319 labatur
1134 3263 1189 3318 in
1215 3262 1418 3333 lingua,
1442 3261 1536 3332 qui
1557 3268 1687 3317 ante
1705 3274 1834 3317 suos

233 3357 532 3429 providere
554 3358 790 3431 neglexit
827 3358 963 3413 vias.
1001 3357 1299 3428 Sequitur:
1688 3396 1689 3399 η

316 3446 482 3501 Posui
512 3449 594 3502 ori
618 3464 735 3502 meo
758 3448 1053 3503 custodiam
1075 3445 1251 3520 (Psal.
1281 3444 1534 3518 xxxvm).
1561 3445 1656 3502 Ille
1691 3445 1834 3501 bene

230 3542 544 3598 custodiam
574 3542 657 3597 ori
686 3558 785 3598 suo
812 3542 986 3613 ponit,
1034 3541 1191 3611 cujus
1220 3540 1405 3611 lingua
1441 3554 1545 3594 nec
1574 3540 1630 3593 in
1668 3536 1831 3592 mali-

232 3634 503 3704 loquium,
535 3649 637 3690 nec
675 3634 732 3688 in
772 3632 1165 3701 vaniloquium,
1194 3645 1298 3686 nec
1324 3631 1381 3684 in
1429 3628 1832 3697 multiloquium

233 3724 551 3796 procaciter
595 3722 731 3787 ltuit,
763 3722 861 3777 sed
896 3722 1192 3777 secundum
1222 3719 1588 3784 Salomonem,
1620 3727 1831 3788 tempus

234 3817 482 3882 tacendi,
513 3823 570 3871 et
609 3823 822 3885 tempus
860 3820 1139 3883 exspectat
1182 3812 1435 3882 loquendi
1490 3811 1693 3880 (Eccle.
1718 3809 1827 3882 Ill).

234 3909 375 3964 Item
398 3907 663 3978 scriptum
693 3916 779 3962 est
809 3919 824 3959 :
856 3904 1032 3959 Homo
1078 3905 1284 3975 sapiens
1324 3904 1515 3960 tacebit
1547 3919 1712 3974 usque
1758 3901 1829 3956 ad

231 4011 469 4072 tempus,
501 3998 727 4053 lascivus
756 4008 928 4053 autem
958 4007 1005 4052 ct
1028 3996 1331 4068 imprudens
1359 4012 1463 4050 non
1496 4005 1667 4051 servat
1694 4004 1829 4049 tem-

230 4109 338 4163 pus
367 4090 681 4165 (Eccli.xx).
708 4089 816 4145 Sed
837 4100 894 4145 et
923 4089 1012 4145 ille
1040 4089 1346 4145 custodiam
1395 4089 1479 4144 ori
1517 4103 1615 4145 suo
1650 4088 1828 4158 ponit,

232 4184 334 4255 qui
363 4198 421 4239 se
450 4198 555 4238 non
576 4181 817 4251 justum;
837 4181 952 4248 sed,
977 4181 1121 4252 quod
1165 4180 1337 4252 magis
1356 4194 1545 4235 verum
1573 4187 1676 4247 est,
1706 4195 1832 4250 pec-

232 4280 482 4329 catorem
509 4271 729 4328 fatetur.
755 4271 832 4328 Ne
859 4287 988 4343 ergo
1013 4271 1066 4326 in
1098 4270 1469 4341 maliloquium
1493 4270 1709 4325 labatur
1729 4270 1832 4324 lin-

233 4383 372 4440 gua,
400 4376 564 4438 ponat
598 4366 967 4436 unusquisque
995 4373 1241 4425 nostrum
1263 4365 1345 4420 ori
1373 4379 1472 4419 suo
1506 4363 1827 4428 custodiam,

233 4468 295 4514 et
354 4458 641 4529 diligenter
689 4457 937 4513 attendat
978 4456 1107 4527 quid
1158 4458 1226 4512 de
1283 4456 1428 4511 male
1481 4455 1829 4527 loquentibus

230 4550 532 4624 Apostolus
568 4551 731 4605 dicat.
791 4549 881 4603 Ait
917 4551 1062 4604 enim
1119 4549 1261 4604 inter
1313 4557 1511 4604 caetera
1576 4547 1827 4619 superius

233 4643 327 4698 vel
357 4642 629 4697 subterius
678 4640 953 4696 nominata
998 4640 1139 4695 mala
1175 4659 1188 4695 :
1218 4638 1398 4713 Neque
1419 4639 1629 4705 ebriosi,
1662 4636 1828 4711 neque

234 4734 505 4800 maledici,
554 4750 718 4806 neque
777 4750 990 4804 rapaces
1044 4742 1262 4804 regnum
1328 4731 1424 4786 Dei
1488 4731 1825 4802 possidebunt

234 4828 287 4901 (1
319 4827 444 4881 Cor.
475 4827 573 4900 vt).
616 4827 722 4882 Sed
750 4825 805 4881 in
838 4825 952 4898 lege
989 4826 1249 4880 Dominus
1275 4824 1399 4879 ﬁliis
1426 4822 1592 4880 Israel
1624 4838 1827 4895 prazce-

232 4922 319 4993 pit
345 4920 532 4976 dicens
555 4938 567 4973 :
595 4917 881 4974 Maledicos
904 4936 1006 4974 non
1030 4919 1174 4973 sinas
1196 4918 1360 4972 vivere
1379 4917 1435 4972 in
1456 4928 1597 4972 terra
1623 4917 1822 4988 (Exod.

234 5013 406 5085 xxii).
436 5011 513 5069 Ne
533 5027 662 5083 ergo
689 5012 743 5066 in
770 5010 1136 5080 vaniloquium
1180 5007 1379 5065 delluat
1405 5008 1605 5080 lingua,
1639 5010 1827 5064 audia-

233 5122 363 5163 mus
383 5106 514 5176 quid
545 5104 830 5160 Psalmista
858 5102 923 5157 de
949 5100 1260 5172 vaniloquio
1299 5100 1463 5155 dicat.
1504 5101 1611 5154 Ait'
1630 5101 1774 5154 enim
1809 5117 1823 5153 :

244 5198 401 5254 Vana
450 5198 612 5251 locuti
658 5206 778 5251 sunt
805 5196 1158 5266 unusquisque
1199 5193 1269 5246 ad
1297 5193 1595 5264 proximum
1625 5209 1777 5246 suum
1806 5205 1825 5245 :

230 5297 382 5353 labia
406 5294 613 5361 dolosa,
642 5296 695 5349 in
721 5293 875 5348 corde
914 5302 961 5347 et
990 5291 1146 5346 corde
1172 5289 1336 5343 locuti
1363 5299 1505 5344 sunt.
1543 5288 1827 5359 Disperdat

232 5388 498 5444 Dominus
531 5384 771 5441 universa
795 5382 935 5437 labia
965 5380 1173 5447 dolosa,
1205 5389 1309 5435 etc.
1343 5377 1515 5452 (Psal.
1541 5378 1640 5452 χι).
1670 5377 1748 5434 Ne
1770 5380 1825 5433 in

232 5479 643 5550 multiloquium
674 5477 1072 5533 inconsiderato
1119 5473 1299 5544 lingua
1329 5472 1504 5533 cadat,
1540 5470 1827 5526 audiamus

235 5575 370 5648 quid
394 5571 652 5629 Salomon
682 5572 843 5635 dicat,
879 5569 1010 5626 dicit
1034 5569 1180 5624 enim
1212 5556 1241 5622 ἶ
1267 5565 1335 5621 In
1365 5565 1696 5637 multiloquio
1723 5583 1828 5622 non

235 5664 458 5735 eiugies
501 5670 793 5733 peccatum,
832 5670 879 5715 et
912 5661 1000 5734 qui
1030 5657 1206 5713 multis
1237 5657 1404 5712 utitur
1444 5656 1634 5724 verbis,
1682 5656 1827 5712 la'dit

240 5754 476 5811 animum
525 5769 676 5808 suam
709 5750 888 5825 (Prov.
924 5750 998 5825 λ).
1032 5750 1285 5808 Ponenda
1310 5757 1392 5806 est
1423 5764 1553 5822 ergo
1580 5748 1825 5806 custolia

1941 1915 2123 1990 ptum'
2156 1929 2241 1977 est
2286 1921 2433 1976 enim
2464 1940 2478 1977 :
2513 1921 2618 1988 Qui
2660 1924 2771 1979 odit
2805 1924 3203 1996 loquacitatem,
3244 1928 3530 2000 exstinguit

1940 2011 2564 2084 malitiam(Eccli.x1x).
2596 2013 2735 2070 Hinc
2755 2014 2923 2072 Isaias
2949 2018 3028 2073 ait
3052 2036 3069 2072 :
3098 2017 3286 2074 Cultus
3300 2020 3530 2090 justitiae

1940 2101 2205 2157 silentium
2234 2101 2391 2175 (Isai.
2421 2103 2623 2177 xxx"),
2650 2105 2901 2163 videlicet
2947 2109 3194 2165 indicans
3220 2110 3347 2180 quia
3378 2127 3531 2166 men-

1943 2191 2013 2246 tis
2031 2191 2245 2262 justitia
2290 2192 2586 2261 desolatur,
2612 2197 2834 2267 quando
2876 2199 2946 2254 ab
2990 2200 3348 2258 immoderata
3379 2201 3530 2259 locu-

1943 2279 2090 2336 tione
2115 2281 2297 2352 lingua
2322 2297 2430 2338 non
2471 2286 2856 2353 compescitur.
2890 2287 3285 2358 Taciturnitas,
3334 2300 3396 2346 ut
3447 2292 3531 2347 di-

1940 2381 2089 2426 ctum
2109 2380 2217 2439 est,
2241 2373 2416 2429 virtus
2440 2383 2527 2430 est
2553 2376 2895 2443 humilitatis,
2921 2379 3053 2449 quia
3068 2388 3275 2450 manto
3304 2382 3530 2437 tacitur-

1939 2463 2128 2520 nitatis
2150 2463 2303 2522 freno
2324 2468 2714 2539 constringitur
2749 2469 2959 2540 lingua,
2986 2480 3145 2527 tanto
3166 2488 3329 2535 meus.
3344 2473 3526 2530 humi-

1939 2553 2070 2610 liata
2112 2556 2343 2628 erigitur
2389 2559 2457 2614 ad
2494 2574 2728 2614 summa.
2759 2560 2829 2616 Et
2860 2572 3066 2633 quanto
3091 2579 3150 2620 se
3187 2566 3286 2621 sub
3310 2564 3529 2623 silentio

1938 2643 2217 2715 deprimit,
2244 2650 2855 2719 tanto-compunctionis
2874 2653 3050 2709 aciem
3073 2654 3128 2708 in
3159 2654 3356 2711 cmlmn
3387 2654 3553 2727 iigit..

1938 2734 2007 2789 Et
2033 2744 2298 2817 quantum
2324 2750 2384 2793 se
2412 2739 2480 2793 ad
2502 2743 2935 2811 rompunctionis
2954 2746 3182 2816 gratiam
3211 2747 3555 2804 humiliatus.

1937 2828 2154 2884 animus
2186 2829 2380 2897 elevat,
2428 2840 2636 2886 tantum
2671 2848 2732 2889 se
2764 2834 2959 2890 iterum
2999 2835 3068 2890 ad
3112 2836 3342 2907 gratiam
3376 2853 3526 2893 com-

1936 2918 2245 2988 punctionis
2275 2920 2545 2976 humiliat.
2576 2921 2731 2978 Unde
2767 2931 2825 2978 et
2856 2925 3144 2994 sequitur:
3192 2907 3532 2981 Humiliatus

1936 3026 2077 3076 sum,
2104 3020 2152 3064 et
2174 3010 2299 3065 silui
2322 3028 2356 3066 a
2384 3012 2533 3084 bouis
2559 3012 2735 3084 (Psal.
2770 3015 3027 3087 xxxvm).
3051 3014 3167 3070 Nisi
3201 3015 3350 3070 enim
3372 3018 3525 3088 prius

1941 3100 2260 3156 humiliatus
2289 3109 2457 3167 esset,
2504 3118 2535 3156 a
2581 3102 2740 3159 bonis
2791 3104 3057 3175 malisque
3098 3121 3215 3170 non
3262 3106 3522 3163 siluisset.

1940 3190 2264 3248 Humiliatus
2300 3193 2447 3248 enim
2490 3192 2827 3266 intelligitur,
2870 3195 3022 3250 humi
3050 3204 3374 3266 prostratus.
3421 3197 3526 3264 Qui

1937 3296 2068 3353 ergo
2117 3280 2510 3337 taciturnitatis
2579 3282 2840 3338 virtutem
2889 3284 3161 3339 veraciter
3210 3291 3380 3350 amat,
3425 3299 3525 3340 ne-

1828 3362 1869 3382 "
1937 3387 2092 3430 eesse
2140 3383 2226 3428 est
2264 3383 2326 3428 ut
2368 3373 2436 3428 ad
2476 3382 2688 3444 tempus
2717 3375 2881 3429 etiam
2909 3390 2940 3429 a
2969 3375 3127 3431 bonis
3166 3375 3527 3433 locationibus

1938 3473 2156 3530 taceat,
2186 3475 2247 3521 ut
2278 3468 2511 3521 virtutes
2557 3476 2785 3522 cteteras
2809 3468 2878 3522 ad
2916 3476 3130 3538 tempus
3154 3470 3386 3525 tacendo
3426 3484 3527 3523 nu-

1936 3545 2092 3622 triat,
2125 3572 2261 3626 quas
2297 3556 2759 3611 nutritasiterum
2785 3565 3025 3627 tempore
3044 3572 3285 3627 congruo
3306 3559 3525 3629 sapien-

1936 3654 2024 3701 ter
2043 3644 2302 3717 proferat.
2335 3644 2474 3700 Hinc
2499 3660 2596 3715 per
2632 3646 2920 3714 quemdam
2954 3646 3255 3718 sapientem
3277 3646 3477 3703 dicitur
3503 3666 3519 3703 :

1937 3734 2033 3790 Est
2068 3744 2244 3791 tacens
2276 3736 2368 3807 qui
2409 3736 2672 3791 invenitur
2714 3735 2953 3806 sapiens;
2995 3747 3051 3792 et
3086 3747 3159 3793 est
3188 3738 3396 3795 odibilis
3433 3741 3525 3810 qui

1934 3841 2134 3896 procax
2158 3835 2237 3881 est
2279 3826 2349 3881 ad
2377 3826 2694 3898 loquendum
2724 3825 2896 3899 (Eccl.
2937 3826 3052 3903 xx).
3082 3827 3161 3884 Ae
3187 3828 3234 3883 si
3263 3828 3468 3885 diceret
3503 3843 3520 3884 :

1935 3916 2029 3973 Ille
2064 3931 2127 3973 se
2162 3915 2393 3973 tacendo
2431 3918 2730 3988 sapientem
2777 3932 3108 3988 componens
3138 3919 3383 3985 nutrivit,
3417 3920 3522 3974 iste

1933 4024 1992 4066 se
2020 4010 2324 4081 procaciter
2346 4008 2615 4080 loquendo
2640 4009 2906 4065 odibilem
2935 4010 3080 4066 fecit.
3110 4010 3203 4065 Ille
3229 4012 3321 4080 qui
3348 4011 3520 4067 tacuit

1934 4101 2187 4156 inventus
2215 4108 2299 4155 est
2344 4099 2594 4170 sapiens;
2654 4099 2756 4155 iste
2799 4101 2927 4169 quia
2973 4099 3241 4171 loquendo
3286 4102 3522 4177 excessit

1932 4192 2151 4247 modum
2189 4192 2443 4246 inventus
2465 4198 2551 4246 est
2580 4206 2802 4261 procax.
3029 4257 3034 4263 ν

2006 4283 2147 4354 Ergo
2170 4284 2404 4355 quamvis
2432 4283 2495 4337 de
2534 4283 2682 4337 benis
2710 4291 2759 4336 et
2788 4283 2983 4337 sanctis
3010 4282 3081 4336 ad
3110 4282 3515 4352 aediﬁcationem

1931 4372 2166 4443 eloquiis,
2192 4371 2434 4442 perfectis
2456 4370 2727 4441 discipulis
2752 4379 2966 4441 propter
2983 4370 3358 4424 taciturnitatis
3391 4386 3515 4440 9η-
3550 4442 3563 4447 ι

1931 4464 2140 4518 nitatem
2189 4480 2311 4516 rara
2354 4461 2599 4533 loquendi
2642 4458 2960 4513 concedatur
3010 4456 3240 4513 licentia.
3280 4458 3429 4516 Bona
3456 4470 3515 4516 et

1934 4540 2121 4610 sancta
2163 4563 2217 4610 et
2270 4554 2337 4609 ad
2368 4554 2672 4608 animarum
2697 4550 3109 4607 aediﬁcationem
3138 4558 3258 4621 apta
3302 4550 3516 4608 Domini

1934 4650 2065 4706 dicit
2107 4649 2341 4720 eloquia,
2385 4647 2511 4718 quia
2556 4645 2660 4700 nisi
2709 4645 2890 4726 anima
2921 4644 3026 4700 illis
3074 4643 3391 4715 composita,
3447 4646 3518 4701 ad

1933 4741 2192 4796 caelorum
2236 4740 2461 4794 minime
2485 4736 2687 4808 poterit
2726 4735 3093 4791 conscendere
3129 4736 3381 4806 patriam,
3420 4746 3529 4793 aut

1932 4848 2054 4888 cum
2082 4832 2287 4888 sanctis
2310 4832 2556 4902 recipere
2605 4829 2844 4900 praemia.
2877 4829 2955 4884 De
2980 4828 3067 4882 bis
3093 4827 3236 4882 enim
3286 4827 3515 4898 eloquiis

1931 4922 2063 4978 dicit
2114 4921 2399 4977 Psalmista
2449 4941 2462 4976 :
2511 4914 2738 4991 Elo’quia
2804 4918 3020 4973 Domini
3071 4918 3276 4990 eloquia
3329 4930 3514 4975 casta:

1930 5023 2203 5085 argentum
2233 5013 2351 5085 igne
2372 5012 2750 5076 examinatum,
2772 5018 2877 5066 etc.
2914 5009 3087 5082 (Psal.
3118 5010 3215 5083 xl).
3248 5009 3384 5067 lIinc
3412 5012 3516 5068 ite-

1931 5122 2049 5160 rum
2074 5105 2188 5175 ipse
2218 5120 2232 5158 :
2256 5103 2474 5157 iudicia
2501 5101 2600 5155 Dei
2618 5101 3001 5171 justi/icata-in
3032 5103 3342 5173 semetipsa;
3377 5103 3516 5158 desi-

1930 5194 2187 5249 derabilia
2213 5210 2374 5263 super
2391 5209 2581 5245 aurum
2612 5190 2852 5259 multum,
2888 5201 2937 5246 et
2957 5191 3184 5263 lapidem
3204 5196 3511 5263 pretiosum,

1930 5299 1980 5345 et
2000 5287 2248 5342 dulciora
2290 5302 2446 5343 super
2468 5285 2569 5340 mel
2593 5294 2642 5340 et
2672 5281 2850 5355 favum
2881 5281 3055 5359 (Psal.
3087 5284 3267 5356 xvm).
3298 5284 3512 5338 Etenim

1930 5396 2119 5436 servus
2152 5389 2276 5434 tuus
2313 5377 2547 5433 custodit
2582 5392 2695 5432 ea:
2723 5376 2777 5431 in
2826 5375 3196 5432 custodiendis
3221 5375 3329 5428 illis
3353 5371 3517 5426 retri-

1928 5471 2079 5527 butio
2100 5470 2288 5526 multa.
2318 5468 2457 5525 Hinc
2483 5466 2685 5525 Paulus
2709 5467 2787 5522 ait
2821 5485 2835 5521 :
2862 5466 3067 5522 Scimus
3100 5464 3223 5534 quia
3247 5462 3330 5515 (ex
3351 5461 3512 5524 bona,

1928 5572 1976 5616 et
2017 5571 2225 5628 sancta,
2260 5572 2308 5616 et
2346 5561 2499 5633 justa
2526 5571 2599 5616 est
2632 5560 2683 5633 (I
2719 5560 2855 5614 Tim.
2891 5558 2953 5629 ι).
2984 5556 3110 5611 Haec
3135 5563 3262 5609 sunt
3296 5552 3514 5622 eloquia

1931 5653 2142 5708 Domini
2190 5653 2689 5723 quuecrcdentibus
2717 5660 2773 5705 et
2799 5646 3121 5704 facientibus
3162 5658 3226 5697 ea
3250 5652 3515 5700 aeternam

1927 5752 2234 5816 prmparant
2272 5744 2459 5800 vitam.
2489 5743 2619 5813 Quae
2649 5748 2871 5813 propter
2904 5734 3291 5801 taciturnitatis
3327 5735 3513 5808 gravi-
