3992 6206
471 342 574 401 803

1745 319 2091 397 Sitifté'iftllill
2127 314 2414 382 suntne

3605 305 3700 361 είιι

473 464 640 510 tatem
676 451 969 508 tenendam
1019 461 1144 502 raro
1188 443 1498 501 conceditur
1528 438 1804 509 discipulis
1848 428 2039 506 praid-i-
2066 443 2188 514 Aet
2207 433 2459 487 annuntio
2487 425 2676 499 populo
2699 442 2807 481 meo
2829 425 3021 481 scelera
3049 441 3248 488 eorum,
3277 433 3324 477 et
3348 419 3710 514 doaiuilacob

441 545 672 610 scenda,
706 559 776 598 ne
820 541 978 604 forte,
1026 541 1154 595 dum
1201 533 1582 592 taciturnitatis
1631 546 1743 592 suae
1795 531 2043 584 incautus

474 635 746 706 egreditur
779 632 1038 695 claustra,
1079 629 1132 682 in
1165 625 1678 694 elationispratceps
1706 621 1915 676 foveam
1949 633 2042 674 ca—

475 729 580 789 dat,
627 734 720 779 aut
751 724 950 782 silentii
989 723 1071 776 sui
1109 726 1350 775 transeat
1383 716 1696 779 terminum,
1732 721 1790 767 et
1813 725 1924 766 sua:
1952 724 2044 780 pa-

475 817 639 870 tiatur
655 801 848 869 animm
872 812 1272 875 detrimentum,
1300 807 1491 878 perdat
1515 802 1899 860 taciturnitatis
1920 814 2046 869 pro-

475 908 669 964 licuam
697 906 1038 977 gravitatem,
1083 912 1140 958 et
1185 903 1240 957 in
1291 902 1605 958 damnosam
1635 885 1839 955 incidat
1878 893 2045 949 animi

472 999 766 1055 levitatem.
802 997 959 1053 Unde
988 1003 1040 1052 et
1070 993 1355 1064 sequitur:

543 1087 681 1153 Quia
702 1088 950 1157 scriptum
971 1094 1046 1139 est
1066 1097 1086 1136 :
1106 1083 1172 1137 In
1197 1079 1529 1152 multiloqaio
1550 1094 1654 1134 non
1678 1077 1897 1148 effugies
1924 1091 2047 1146 pec-

475 1175 650 1231 catum
671 1175 856 1246 (Prov.
891 1189 968 1247 ιι).
1021 1173 1158 1228 Hinc
1206 1173 1395 1227 beatus
1425 1169 1720 1241 Gregorius
1754 1168 1873 1222 ait:
1909 1164 2047 1232 Quia

475 1266 814 1338 multiloquio
844 1265 1074 1334 quisque
1117 1262 1362 1318 serviens
1395 1260 1779 1316 rectitudinem
1803 1256 2048 1326 ijustitiaa

478 1367 664 1412 tenere
710 1371 1052 1426 nequaquam
1078 1353 1288 1423 possit,
1329 1361 1564 1408 testatur
1600 1349 1883 1418 Propheta
1908 1386 1923 1411 ,
1955 1345 2047 1414 qui

475 1453 583 1506 ait:
619 1450 710 1505 Vir
733 1451 1004 1519 linguosus
1053 1463 1163 1500 non
1187 1446 1442 1516 dirigetur
1467 1459 1622 1514 super
1653 1452 1847 1496 terram
1872 1437 2046 1510 (Psnl.

474 1551 674 1595 exui:
719 1539 757 1608 ).
778 1537 914 1590 Hinc
925 1537 1116 1592 beatus
1128 1534 1447 1589 Ambrosius
1459 1532 1590 1587 dicit
1613 1549 1628 1584 :
1649 1530 1746 1584 Est
1771 1531 1932 1584 homo
1954 1527 2050 1596 qui

476 1629 750 1684 silentium
778 1627 998 1684 allectat
1018 1626 1258 1695 quidem,
1311 1625 1407 1679 sed
1434 1637 1531 1680 cor
1557 1622 1674 1692 ejus
1727 1619 1954 1677 multum
1990 1630 2050 1673 se

477 1720 818 1774 condonet.
842 1716 948 1772 Iste
971 1717 1094 1770 talis
1125 1715 1352 1770 multum
1382 1714 1636 1782 loquitur.
1664 1711 1760 1766 Est
1791 1709 1934 1764 alius
1955 1707 2048 1778 qui

2144 531 2358 596 peccata
2389 534 2568 584 eorum
2591 518 2730 589 (lsa.
2766 517 2936 587 tvm).
2979 515 3081 584 Ipsi
3113 514 3307 568 iterum
3337 528 3434 581 per
3461 512 3708 572 eumdem

2145 614 2460 686 prophetam
2515 610 2864 680 prwcipitur:
2919 606 3089 676 Super
3152 614 3379 675 tuentem
3445 601 3702 660 excelsum

2145 703 2366 759 ascende
2411 712 2508 766 tu,
2561 703 2650 771 qui
2698 697 3020 768 evangelia“
3070 696 3358 761 Sion;dic
3419 693 3709 748 ciuitatibus

2145 793 2314 858 Jada,
2351 800 2406 848 et
2433 793 2635 861 reliqua
2684 789 2817 859 (lsa.
2850 788 2959 858 ιιι).
2993 788 3196 848 Tacere
3233 794 3288 841 et
3328 786 3517 848 audire
3555 785 3712 840 disci-

2147 883 2329 954 pulum
2369 883 2641 940 comem.
2670 881 2956 948 Discipults
2981 879 3124 942 enim
3151 878 3388 940 dicitur:
3431 875 3538 948 Qui
3561 875 3712 941 habet

2148 991 2300 1029 aures
2325 974 2570 1032 audiendi
2599 970 3013 1041 audiat(:llattlt.
3047 985 3125 1036 xi;
3145 968 3314 1026 Marc.
3340 967 3438 1036 tv).
3473 963 3714 1026 uincla-

2149 1067 2314 1121 cobus
2342 1063 2614 1136 apostolus
2636 1063 2714 1121 ait
2738 1081 2752 1122 ι
2789 1061 2867 1121 Sit
2889 1061 3057 1120 omnis
3075 1062 3227 1118 homo
3251 1058 3398 1114 uelox
3417 1058 3486 1111 ad
3503 1057 3716 1114 audies-

2149 1155 2304 1220 dum,
2338 1155 2520 1210 tardus
2559 1161 2730 1210 autem
2759 1151 2829 1210 ad
2852 1150 3169 1220 loquendum
3201 1148 3411 1220 (Iacob.
3437 1149 3502 1218 ι).
3546 1146 3717 1208 Recte

2149 1246 2326 1316 primo
2357 1245 2610 1299 admonet
2633 1255 2818 1300 autem
2848 1255 3175 1309 quemquam
3218 1239 3379 1298 citius
3410 1251 3718 1300 accommo—

2149 1337 2277 1392 dare
2302 1334 2514 1390 docenti
2558 1346 2680 1391 sero
2716 1340 2897 1392 autem
2943 1345 3004 1390 os
3026 1329 3091 1392 ad
3139 1329 3440 1392 docendum
3483 1327 3716 1396 aperire.

2151 1425 2252 1493 Qui
2281 1439 2410 1493 ergo
2445 1421 2762 1492 sapientiam
2802 1420 2994 1489 diligit,
3044 1419 3220 1489 primo
3247 1419 3385 1472 hanc
3407 1433 3436 1470 a
3458 1417 3572 1472 Deo
3595 1433 3718 1486 pos-

2150 1518 2322 1581 tulet,
2380 1515 2574 1570 dehinc
2617 1513 2932 1584 magistrum
2959 1511 3206 1566 veritatis
3241 1509 3460 1564 humilis
3507 1509 3721 1564 auditor

2150 1609 2407 1678 inquirat,
2433 1617 2488 1663 et
2504 1607 2644 1665 inter
2661 1605 2926 1674 agendum
2947 1620 3101 1664 suam
3121 1603 3437 1660 cautissime
3454 1603 3718 1672 linguam,

2150 1714 2258 1754 non
2292 1699 2466 1755 solum
2491 1697 2559 1756 ab
2601 1696 2792 1756 otiosis
2821 1695 3160 1758 sermonibus
3200 1703 3449 1757 coerceat
3481 1733 3497 1760 ,
3526 1708 3719 1750 verum

477 1821 636 1861 mane
661 1820 830 1875 usque
859 1806 927 1860 ad
964 1819 1249 1872 vesperum
1291 1803 1530 1870 loquitur
1555 1829 1574 1864 ~,
1619 1809 1818 1855 etcum
1847 1799 2048 1856 discre-
2076 1797 2122 1856 B
2149 1797 2204 1842 οι
2236 1788 2302 1842 ab
2326 1787 2464 1855 ipsa:
2487 1801 2650 1854 qnam
2673 1799 2844 1856 nuper
2867 1783 3078 1847 didicit.
3110 1784 3339 1875 veritate
3364 1783 3716 1875 praedicanda

458 1897 925 1952 tionesilentium
953 1911 1206 1966 magnum
1238 1893 1480 1950 custodit
1553 1891 1853 1951 Melius'cst
1885 1887 2048 1944 enim

459 1987 750 2041 :silentium
815 1997 1000 2041 tenere
1053 2001 1214 2056 «(natu
1258 1984 1462 2054 aliquid
1513 1982 1784 2039 malitiose
1848 1979 2046 2040 dicere.

475 2077 709 2146 Facilius
764 2079 910 2132 enim
955 2076 1183 2131 tacemlo
1241 2073 1399 2143 culpa
1453 2072 1720 2142 rcingitur
1758 2086 1923 2140 quam
1976 2070 2052 2126 lo-

477 2170 712 2238 quendo.
743 2168 880 2222 Hinc
912 2168 1057 2223 enim
1098 2167 1361 2236 scriptum
1394 2174 1476 2222 est
1505 2182 1520 2220 :
1558 2163 1686 2220 Noli
1724 2164 1915 2220 citatus
1942 2177 2051 2222 esu

477 2263 533 2314 in
551 2259 752 2328 lingua,
775 2269 824 2313 ct
848 2260 1155 2329 priusquam
1174 2258 1381 2322 audias,
1397 2271 1460 2312 ue
1486 2255 1794 2326 respondeas
1817 2253 2050 2317 verbum,

476 2359 527 2404 et
551 2351 606 2402 in
627 2349 796 2402 medio
820 2351 1085 2403 seniorum
1106 2365 1168 2403 ue
1195 2349 1418 2418 adjicias
1444 2347 1584 2417 loqui
1612 2365 1632 2412 ;
1662 2363 1766 2403 non
1793 2346 2048 2416 loquaris,

467 2443 579 2496 misi
593 2445 944 2514 interrogatus
961 2443 1122 2511 fueris
1145 2441 1336 2512 (Εεεῐί.
1379 2438 1474 2511 tv).
1491 2438 1859 2509 interrogatio
1907 2438 2062 2495 enim.

470 2548 544 2588 vos
578 2533 828 2588 monachi
863 2533 1087 2602 aperiat.
1120 2532 1333 2586 Maneat
1351 2531 1405 2586 in
1427 2531 1594 2586 verbo
1614 2527 1731 2597 ejus
1775 2542 2063 2590 mensura,

480 2624 534 2676 in
562 2638 812 2678 sermone
853 2623 926 2678 sit
955 2631 1180 2685 statera,
1207 2638 1419 2691 semper
1443 2623 1605 2676 verba
1631 2619 1750 2688 ejus
1799 2619 1910 2675 sint
1938 2633 2053 2674 mo-

479 2714 686 2778 derata,
711 2715 928 2770 modum
956 2713 1209 2785 loquendi
1237 2728 1341 2767 non
1373 2719 1615 2768 transeat
1632 2724 1656 2774 ’ς
1710 2718 1765 2767 et
1787 2709 2054 2779 plustdili-

479 2812 572 2874 gat
602 2819 816 2874 semper
837 2803 1025 2860 audire
1052 2820 1214 2873 quam
1239 2803 1406 2874 loqui.

552 2896 620 2950 Et
643 2895 772 2949 alibi
797 2937 814 2961 ,
863 2894 1008 2950 Mors
1036 2905 1085 2950 et
1113 2895 1220 2950 vita
1248 2896 1303 2951 in
1331 2895 1571 2950 inanibus
1624 2894 1819 2964 lingua.-
1867 2894 2051 2966 (Prov.

480 2986 659 3058 mu).
692 2986 898 3058 Lingua
926 3001 1158 3056 namque
1205 3000 1400 3040 manus
1429 2984 1751 3043 non-«habet
1771 3025 1788 3049 ,
1834 2986 2058 3054 sed-per.

482 3075 857 3143 metaphoram
885 3089 986 3143 pro
1013 3074 1266 3143 operibus
1292 3089 1482 3131 atauus
1517 3075 1716 3131 dicitur
1736 3075 1916 3144 lingua
1942 3075 2052 3132 lia-

2150 1879 2444 1937 contineat.
2475 1876 2610 1936 Nam
2639 1884 2694 1936 et
2718 1876 2887 1938 tutius
2915 1883 3002 1930 est
3028 1883 3088 1936 ut
3116 1874 3301 1936 audiat
3340 1889 3504 1944 quam
3529 1872 3723 1943 phelli-

2149 1978 2322 2032 cetur,
2355 1967 2611 2036 quoniam
2633 1981 2756 2028 cum
2789 1966 3030 2032 auditur,
3055 1965 3330 2044 humilitas
3375 1965 3720 2031 custoditur;

2149 2073 2273 2114 cum
2297 2064 2475 2118 autem
2506 2056 2851 2126 praedicatur,
2884 2057 2975 2112 vix
3013 2073 3121 2112 non
3153 2056 3388 2126 subripit
3416 2055 3592 2112 cuivis
3621 2054 3724 2110 ho-

2150 2146 2355 2203 minum
2369 2146 2839 2216 quantulacunque
2853 2145 3137 2215 iactantia.
3154 2146 3290 2208 Hinc
3301 2141 3565 2204 Ieremias
3580 2144 3723 2200 bene

2151 2237 2384 2292 instituti
2433 2237 2790 2293 adolescentis
2833 2238 2978 2291 viam
3013 2238 3324 2292 describens
3347 2276 3366 2307 ,_
3394 2235 3724 2290 modestiam

2152 2326 2534 2388 taciturnitatis
2561 2327 2702 2386 inter
2724 2325 2894 2396 prima
2921 2326 3178 2384 virtutum
3207 2325 3382 2386 studia
3400 2333 3723 2394 computat:

2151 2413 2357 2476 Bantius
2381 2425 2456 2470 est
2477 2416 2606 2481 viro,
2640 2415 2834 2485 inquit,
2858 2432 2977 2484 cum
3001 2416 3279 2486 portaverit
3298 2415 3488 2488 jugum
3513 2415 3578 2469 ab
3595 2415 3729 2470 ado-

2151 2505 2394 2568 lescentia
2408 2523 2527 2574 sua,
2550 2506 2743 2571 sedebit
2771 2505 3040 2566 solitarius
3060 2516 3108 2566 ct
3149 2507 3334 2564 tacebit
3363 2487 3579 2577 (Tliren.
3614 2505 3724 2575 ιιι).

2223 2598 2292 2654 Et
2309 2599 2449 2665 ideo,
2469 2600 2516 2662 si
2543 2585 2660 2670 qua:
2673 2601 2987 2669 requirenda
3012 2608 3134 2655 sunt
3157 2617 3191 2654 a
3215 2601 3408 2672 priore,
3432 2616 3555 2654 cum
3579 2599 3728 2652 omni

2152 2689 2445 2752 hunailitatc
2497 2699 2546 2745 et
2569 2690 2886 2760 subjectioue
2919 2692 3217 2756 reverentia
3269 2693 3632 2763 requirantur,
3667 2707 3726 2744 ne

2153 2782 2392 2838 uideatur
2413 2783 2529 2854 plus
2552 2783 2694 2855 loqui
2715 2802 2871 2856 quam
2897 2785 3154 2844 convenit.
3185 2783 3290 2855 Qui
3317 2784 3465 2840 enim
3489 2799 3520 2846 ιι
3545 2785 3729 2854 priore

2153 2876 2438 2936 consilium
2469 2877 2662 2937 salutis
2685 2886 2739 2934 et
2771 2876 2936 2939 verba
2971 2877 3232 2940 doctrinae
3281 2876 3514 2946 requirit
3545 2917 3562 2940 ,
3605 2892 3729 2932 cum

2151 2965 2298 3024 omni
2325 2966 2628 3028 humilitate
2654 2968 2739 3027 vel.
2759 2967 3094 3037 subiectione
3120 2982 3366 3037 quaerere
3389 2967 3575 3031 debet,
3605 2969 3730 3038 quia

2153 3072 2364 3114 summa
2394 3060 2643 3118 onachi
2670 3060 2843 3121 virtus
2886 3059 3164 3124 humilitas
3191 3067 3314 3125 est,
3343 3075 3622 3120 sunnnum
3648 3059 3728 3112 vi-

481 3166 629 3226 bere,
655 3165 798 3220 sicut
821 3173 877 3217 et
900 3163 1184 3222 l’salmista
1213 3163 1343 3220 dicit
1372 3182 1385 3216 :
1411 3164 1553 3218 Erue
1579 3182 1610 3220 a
1635 3164 1858 3232 framea,
1887 3164 2048 3228 Deus,
2078 3145 2122 3207 (ἶ
2155 3151 2288 3206 lium
2325 3147 2443 3218 eius
2470 3151 2738 3219 superbia.
2784 3151 2935 3211 Tunc
2971 3159 3154 3212 autem
3183 3165 3242 3205 se
3277 3151 3505 3220 quisque
3544 3167 3733 3208 tuonao

480 3251 713 3304 auimant
733 3268 922 3313 meam,
941 3261 990 3305 et
1015 3251 1078 3305 de
1103 3268 1264 3306 manu
1285 3252 1429 3307 canis
1450 3253 1659 3307 unicam
1685 3269 1853 3313 meum
1873 3252 2049 3325 (Psal.

483 3340 622 3412 xxi).
665 3341 726 3398 In
761 3341 1008 3397 manibus
1050 3357 1182 3412 ergo.
1223 3342 1418 3413 linguae
1463 3357 1614 3400 mors
1653 3352 1710 3398 ct
1743 3344 1854 3404 vita
1883 3345 2058 3404 consi-

483 3431 601 3497 stit,
627 3433 776 3502 quia,
803 3442 859 3487 ut
879 3430 1112 3489 Jacobus
1137 3434 1409 3502 apostolus
1430 3433 1511 3487 ait
1537 3448 1552 3488 :
1581 3434 1665 3492 Ex
1691 3436 1802 3505 ipso
1827 3452 1917 3493 ore
1933 3453 2057 3506 pro—-

479 3522 617 3577 cedit
653 3521 949 3578 maledictio
995 3531 1045 3576 et
1096 3522 1382 3580 benedictio
1427 3522 1635 3595 (Iacob.
1674 3524 1786 3597 ιιι).
1831 3525 2057 3592 Quando

483 3613 630 3668 enim
667 3613 949 3670 veritatem
978 3613 1248 3683 loquimur
1271 3655 1287 3680 ,
1317 3624 1372 3670 et
1402 3615 1686 3673 Dominum
1716 3658 1730 3682 ,
1759 3618 1850 3686 qui
1883 3618 2052 3673 dixit:

483 3703 599 3772 Ego
639 3718 757 3756 sum
780 3703 890 3765 svia.
936 3705 1124 3758 ueritas
1174 3713 1222 3762 et
1264 3705 1370 3761 vita
1398 3703 1580 3775 (lonn.
1613 3706 1745 3777 xw),
1784 3708 2057 3764 benediciv

489 3805 612 3844 mus
651 3791 703 3844 in
733 3790 1217 3860 inmiibusliuguzn,
1242 3794 1406 3852 vitam
1448 3803 1714 3862 tenemus,
1752 3798 1876 3867 quia
1917 3800 2048 3858 scri-

488 3887 638 3948 ptum
664 3887 748 3934 est
765 3896 778 3934 :
796 3876 894 3943 'Os,
909 3881 1048 3950 quod
1063 3884 1328 3950 mentitur,
1346 3885 1532 3944 occidit
1559 3887 1790 3942 animam
1807 3888 1960 3961 (Sap.
1979 3891 2017 3961 ι)
2038 3908 2053 3957 ;

482 3977 573 4033 et,
630 3967 734 4033 Qui
775 3969 882 4027 odit
919 3969 1139 4040 fratrem
1176 3989 1359 4040 suum,
1404 3975 1666 4036 homicida
1713 3989 1787 4034 est
1821 3979 1873 4052 (1
1893 3980 2054 4036 Joan.

483 4061 593 4130 ιιι).
625 4060 758 4116 llinc
773 4061 968 4118 iterum
994 4060 1230 4120 Jacobus
1257 4066 1335 4122 ait
1361 4084 1372 4120 :
1409 4065 1613 4138 Lingua
1640 4069 1776 4139 ignis
1799 4081 1874 4130 est
1902 4088 1920 4129 :
1947 4073 2059 4126 uni-

484 4148 702 4201 versitas
726 4149 1014 4220 iniquitatis
1047 4150 1252 4220 (Iacob.
1280 4152 1383 4226 ιιι).
1418 4155 1560 4227 Ignis
1584 4165 1666 4212 est
1696 4157 1897 4227 lingua,
1930 4164 2056 4230 quia

486 4241 744 4296 virtutum
767 4241 958 4296 silvam
985 4242 1122 4298 male
1163 4243 1429 4314 loquendo
1478 4246 1740 4314 devorat,
1777 4257 1831 4303 et
1859 4259 2056 4304 cuncta

485 4331 603 4387 lem
627 4331 865 4387 facinora
885 4349 988 4402 per
1014 4349 1134 4387 eam
1165 4343 1258 4388 aut
1285 4337 1692 4404 continuantur,
1716 4347 1811 4392 aut
1832 4347 2056 4408 patran-

484 4432 596 4486 tur,
639 4430 733 4477 aut
757 4421 1135 4478 defenduntur.
1170 4423 1568 4482 Continuantur
1590 4467 1604 4492 ,
1637 4435 1696 4480 ut
1741 4427 2054 4494 latrocinia,

2154 3240 2318 3296 chum
2354 3238 2580 3308 indicet,
2611 3240 2826 3310 quando
2886 3257 2945 3302 se
2997 3242 3278 3305 minimum
3333 3243 3694 3306 mstimavcrit
3715 3283 3732 3308 ρ

2155 3331 2321 3385 etiam
2357 3346 2481 3387 cum
2509 3329 2714 3401 majora
2742 3333 3000 3393 virtutum
3029 3348 3196 3403 opera
3217 3333 3466 3404 gesserit.
3501 3332 3734 3406 Semper

2155 3421 2301 3480 enim
2347 3421 2680 3483 conscientia
2726 3424 2869 3478 servi
2918 3423 3015 3488 Dei
3063 3423 3282 3486 humilis
3332 3424 3494 3482 debet
3526 3440 3654 3480 esse
3681 3435 3735 3478 ct

2156 3510 2349 3576 tristis,
2373 3511 2582 3573 scilicet
2615 3521 2675 3566 ut
2695 3527 2790 3582 per
2824 3513 3182 3586 humilitatem
3210 3529 3314 3576 non
3345 3515 3652 3587 superbiat,
3681 3522 3734 3569 ct

2155 3615 2253 3671 per
2273 3600 2463 3656 utilem
2487 3615 2777 3662 numerem
2795 3619 2892 3658 cor
2911 3604 2980 3662 ad
3005 3603 3279 3664 lasciviam
3311 3622 3418 3660 non
3443 3606 3730 3660 dissolvat.

2228 3690 2587 3750 Scurrilitates
2615 3709 2757 3761 vero,
2784 3693 2863 3748 vel
2888 3685 3038 3751 verba
3063 3696 3228 3754 otiosa
3253 3709 3303 3748 et
3333 3697 3495 3750 risum
3527 3714 3735 3752 moren—

2157 3785 2252 3849 tia,
2279 3793 2474 3838 (eterna
2509 3783 2756 3844 clausura
2785 3787 2840 3839 in
2864 3787 3101 3846 erunibus
3143 3786 3270 3842 locis
3296 3787 3622 3862 damnamus
3649 3797 3733 3852 ;et

2158 3873 2226 3934 ad
2247 3873 2351 3928 tale
2370 3873 2629 3944 eloquium
2656 3875 2975 3946 discipulum
3003 3877 3204 3945 aperire
3233 3895 3290 3933 os
3335 3896 3440 3932 non
3467 3879 3732 3951 permitti-

2158 3979 2296 4024 mus.
2321 3962 2696 4036 Scurrilitates
2719 3975 2901 4021 autem
2927 3968 3178 4024 dicuntur
3192 3969 3317 4041 joca
3346 3972 3526 4042 turpia
3560 3982 3617 4027 ct
3644 3973 3734 4026 im-

2158 4054 2348 4130 proba,
2379 4055 2464 4112 vel
2496 4056 2838 4114 irrisionibus
2869 4057 3053 4130 digna,
3085 4074 3204 4135 qua:
3241 4075 3274 4114 a
3302 4061 3592 4117 monachis
3619 4079 3734 4116 om-

2160 4146 2376 4202 nimodo
2405 4147 2603 4204 debent
2641 4163 2764 4206 esse
2791 4149 2989 4205 aliena.
3033 4151 3198 4206 Decet
3233 4153 3378 4206 enim
3407 4154 3737 4209 monachum

2160 4237 2416 4294 doctrina:
2434 4239 2680 4310 proferre
2694 4256 3024 4309 sermonem,
3061 4259 3167 4299 non
3182 4242 3293 4314 joci
3320 4245 3732 4299 scurrilitatem.

2162 4330 2354 4387 Mentis
2376 4331 2536 4392 debet
2563 4333 2764 4392 habere
2789 4337 3134 4410 gravitatem,
3163 4350 3268 4390 non
3289 4335 3426 4408 joci,
3472 4336 3565 4391 vel
3591 4352 3740 4391 scuro

2162 4422 2380 4478 rilitatis
2413 4422 2707 4479 levitatem.
2729 4424 2940 4481 Justum
2968 4467 2984 4492 ,
3020 4427 3305 4483 honestum
3335 4437 3389 4490 et
3413 4429 3739 4484 rationabile

487 4513 574 4569 vel
592 4522 823 4581 stupra;
862 4520 1166 4583 patrantur,
1198 4521 1258 4568 ut
1290 4515 1525 4585 periuria
1552 4525 1606 4570 et
1631 4515 1766 4571 falsa
1809 4517 2055 4573 testimos-
2083 4495 2136 4555 Ῑ)
2162 4512 2322 4568 debet
2347 4513 2544 4568 habere
2569 4515 2791 4574 verbum
2814 4530 2828 4580 ;
2861 4510 2969 4573 rion
2995 4517 3131 4584 leve,
3160 4533 3391 4572 vacuum
3422 4527 3477 4573 et
3499 4521 3738 4598 gravita-

485 4605 578 4665 nia
601 4621 626 4670 ;
655 4603 1046 4670 defenduntur,
1079 4607 1292 4674 quando
1318 4608 1606 4666 commissa
1658 4607 1856 4664 delicta
1887 4611 2058 4665 inter-

481 4695 700 4768 roganti
749 4702 1033 4766 negantur.
1080 4695 1199 4763 ipse
1250 4696 1443 4751 iterum
1470 4697 1600 4752 dicit
1629 4715 1641 4751 :
1672 4697 1807 4751 Ecce
1831 4709 2058 4768 quantus

489 4788 623 4857 ignis
651 4825 668 4851 ,
709 4803 868 4856 quam
889 4802 1139 4856 magnam
1183 4785 1367 4840 silvani
1396 4787 1619 4841 incendit
1648 4787 1855 4862 (Ibid).
1908 4789 2059 4850 Sicut

489 4875 637 4930 enim
673 4888 704 4928 a
732 4875 940 4930 modica
979 4875 1210 4930 scintilla
1253 4876 1392 4947 ignis
1431 4891 1750 4933 excrescens
1804 4895 2056 4948 magnam

485 4979 632 5034 saepe
653 4963 839 5018 silvam
862 4964 1119 5035 incendit,
1151 4967 1225 5022 ita
1272 4967 1662 5024 incontinentia
1694 4968 1913 5040 linguai,
1940 4971 2053 5028 suis

485 5055 697 5112 nutrita
729 5055 1057 5122 levitatibus,
1097 5073 1348 5128 magnam
1383 5059 1646 5114 bonorum
1684 5075 1906 5130 operum
1936 5078 2051 5118 ma-

492 5145 706 5211 teriam,
733 5145 932 5202 multos
954 5146 1081 5202 vitae
1109 5149 1366 5222 spiritalis
1391 5147 1618 5213 fructus,
1653 5152 1744 5206 ubi
1770 5154 2055 5209 attamina-

488 5235 650 5301 vcrit,
672 5235 905 5304 perdidit
929 5253 942 5304 ;
969 5237 1063 5292 sed
1091 5250 1146 5295 et
1171 5239 1451 5295 innumera
1479 5241 1815 5311 plerumque.
1836 5243 2053 5313 optima:

473 5340 612 5395 quae
638 5325 959 5380 videbantur
982 5325 1290 5402 locutionis,
1314 5329 1439 5385 folia
1467 5333 1759 5387 consumit.

560 5415 704 5471 Nam
729 5416 872 5487 loqui
892 5427 940 5471 et
963 5417 1166 5484 docere,
1193 5424 1499 5492 magistrum
1525 5427 1798 5494 condecet;
1826 5437 1997 5483 tace-re
2010 5440 2059 5484 et

489 5507 676 5560 audire
689 5505 946 5578 discipulo
972 5511 1226 5564 convenit.
1252 5511 1490 5582 Loquiet
1517 5516 1710 5573 docere
1739 5521 2056 5589 magistrum

489 5600 667 5664 decet,
699 5600 829 5668 quia
871 5601 946 5656 illi
992 5619 1091 5673 per
1122 5607 1442 5676 prephetam
1487 5609 1686 5666 dicitur
1718 5632 1729 5668 :
1757 5612 1963 5678 Clama,
1995 5631 2058 5668 ne

479 5705 675 5777 cesses,
707 5692 1132 5764 dicitDominus,
1159 5698 1316 5768 quasi
1336 5699 1457 5752 tuba
1479 5701 1653 5756 multa
1679 5720 1850 5757 vocem
1887 5716 2053 5771 tutam,

2164 4603 2232 4659 tis
2255 4605 2429 4674 gratia
2467 4605 2722 4663 alienum.
2754 4606 3044 4664 Meditetur
3087 4624 3217 4685 ergo
3244 4625 3469 4666 necesse
3497 4620 3588 4668 est
3627 4628 3737 4666 mo-

2161 4695 2366 4752 nachus
2392 4695 2446 4750 in
2482 4695 2715 4766 hymnis,
2733 4698 2958 4772 psalmis
2983 4707 3038 4754 et
3059 4700 3308 4766 canticis,
3340 4717 3448 4756 non
3478 4702 3541 4756 in
3563 4703 3738 4757 verbis

2159 4787 2364 4852 vacuis,
2396 4788 2552 4843 vanis
2588 4787 2673 4843 vel
2708 4789 2916 4844 otiosis.
2968 4789 3308 4860 Plerumque.
3328 4807 3428 4863 per
3468 4795 3734 4862 quosdam

2154 4879 2360 4954 gradus
2383 4879 2648 4935 desidiosa
2678 4895 2830 4935 mens
2856 4882 2910 4935 in
2949 4881 3156 4937 foveam
3187 4881 3366 4950 lapsus
3400 4882 3732 4952 impellitur;

2159 4977 2215 5023 et
2245 4971 2372 5024 dum
2399 4970 2572 5025 otiosa
2621 4971 2785 5025 verba
2838 4988 3032 5028 cavere
3059 4973 3380 5043 negligimus
3406 5012 3423 5038 ,
3473 4973 3543 5027 ad
3582 4973 3736 5026 noxia

2159 5060 2529 5133 pervenimus,
2559 5070 2617 5115 ut
2645 5062 2794 5132 prius
2819 5062 2966 5133 loqui
3005 5063 3179 5118 aliena
3211 5063 3395 5128 libeat,
3419 5071 3477 5117 et
3497 5070 3737 5133 postmo-

2162 5150 2289 5205 dum
2321 5152 2746 5210 detractionibus
2763 5159 2951 5220 vitam,
2984 5155 3051 5212 de
3088 5155 3282 5226 quibus
3310 5155 3573 5225 loquitur,
3605 5169 3740 5208 mor-

2163 5243 2305 5298 deat.
2349 5244 2462 5299 lloc
2499 5260 2598 5300 nos
2637 5261 2830 5301 cavere
2877 5246 3135 5302 Dominus
3184 5247 3444 5302 admonet
3489 5249 3676 5301 dicens
3722 5263 3734 5298 :

2166 5331 2329 5388 Omne
2356 5334 2565 5388 uerbum
2589 5337 2810 5392 otiosum
2849 5337 2988 5408 quod
3031 5336 3190 5391 locuti
3217 5338 3413 5407 fuerint
3463 5338 3695 5390 [contines
3720 5373 3734 5397 ,

2165 5426 2419 5481 rationem
2461 5426 2674 5481 reddent
2704 5427 2769 5480 de
2796 5445 2856 5483 eo
2885 5430 2938 5482 in
2971 5430 3056 5483 die
3090 5430 3284 5499 judicii
3332 5429 3552 5500 (Matth.
3616 5429 3730 5497 xu).

2165 5514 2221 5569 Si
2253 5532 2379 5587 ergo
2419 5518 2558 5572 ratio
2597 5521 2662 5573 de
2690 5519 2866 5574 otioso
2896 5535 3145 5575 sermone
3168 5520 3423 5590 exigitur,
3449 5534 3733 5590 pensemus

2163 5627 2283 5680 quae
2309 5628 2469 5681 pmua
2497 5612 2562 5685 de
2587 5613 2922 5684 multiloquio
2951 5623 3184 5667 nuntient.
3225 5613 3280 5667 In
3313 5629 3419 5680 quo
3448 5615 3614 5667 etiam
3646 5627 3736 5682 per

2167 5705 2322 5759 noxia
2351 5707 2510 5759 verba
2541 5717 2813 5776 peccatur.
2843 5707 2976 5762 Nam
3007 5716 3060 5761 ct
3094 5709 3264 5762 otiosa
3304 5711 3462 5763 verba
3510 5711 3626 5777 ipsa
3653 5721 3738 5762 so-
