3992 6206
364 329 470 386 8θό

357 536 611 592 omnibus
633 537 918 621 nobiséoci
947 548 1004 594 et
1028 541 1169 597 risus
1197 544 1549 603 immoderata
1579 550 1817 616 luxuria,
1846 568 1943 623 per

356 642 521 695 quam
551 619 871 696 plerumque
914 631 1255 688 amarissima
1289 634 1431 690 inter
1457 637 1658 694 fratres
1701 619 1940 697 nascun-

358 723 444 769 tur
471 715 745 772 scandala.
773 715 925 771 Unde
954 727 1008 773 et
1035 717 1289 778 Salomon
1314 724 1391 778 ait
1421 743 1433 778 :
1465 725 1634 791 Quasi
1657 746 1752 798 per
1775 730 1939 784 risum

356 812 604 872 speratur
631 803 829 858 stultus
860 804 1028 861 scelus
1085 807 1267 880 (Prov.
1302 811 1380 882 κ).
1410 813 1544 868 Nam
1568 824 1626 870 et
1649 818 1816 874 risum
1847 835 1939 878 stt-

353 909 450 964 pra
476 894 694 950 modum
723 897 848 965 quis
877 899 1623 972 nesciatindisciplinationis
1647 918 1704 962 et
1743 910 1936 966 levita—

354 984 424 1038 tis
447 999 568 1039 esse
607 985 868 1054 ianuam?
894 1002 990 1057 per
1018 1003 1182 1058 quam
1208 992 1577 1060 perniciosum
1620 998 1803 1055 cibum
1834 1000 1938 1057 mi-

351 1089 489 1130 serae
507 1077 962 1136 animdiabolus
989 1081 1260 1138 subtiliter
1288 1084 1579 1144 ministrat.

951 1212 1180 1270 CAPUT
1220 1214 1329 1272 VII.

352 1295 430 1352 De
449 1297 744 1352 humilitate
772 1308 820 1374 et
863 1300 1142 1374 multiplici
1166 1304 1284 1374 ejus
1307 1308 1761 1367 commendatione
1802 1313 1936 1372 duo-

776 1371 942 1423 decim
964 1371 1218 1442 gradibus
1245 1376 1514 1432 distincta.

419 1478 627 1534 Clamat
673 1481 820 1535 nobis
867 1483 1044 1538 diuina
1073 1485 1347 1557 Scriptura
1377 1531 1393 1556 ,
1443 1491 1636 1561 fratres
1670 1535 1686 1561 ,
1713 1498 1892 1553 dicens
1912 1513 1932 1552 :

352 1569 537 1623 Omnis
567 1571 734 1641 quise
757 1572 954 1627 exultat
993 1576 1376 1646 humiliabitur,
1409 1591 1457 1635 et
1477 1585 1566 1652 qui
1595 1602 1648 1639 se
1687 1587 1932 1644 humiliat

348 1662 846 1735 e1altabitur(Luc.
901 1665 1033 1737 xiv).
1069 1667 1180 1723 iloc
1213 1670 1373 1738 plane
1412 1673 1695 1730 sciendum
1739 1687 1793 1732 et
1841 1679 1932 1732 lir-

354 1752 597 1807 missime
643 1768 673 1806 a
701 1754 858 1808 nobis
909 1759 1199 1812 tenendum
1228 1760 1352 1829 quia
1405 1763 1582 1818 omnis
1607 1766 1698 1834 qui
1728 1781 1786 1822 se
1849 1768 1931 1822 in-

1397 338 1756 398 COMMENT.
1800 343 1868 398 IN
1907 344 2066 404 REG.
2110 349 2166 406 S.
2206 351 2580 415 BENEDICTL

361 443 472 497 lent
503 451 627 499 esse
685 443 854 500 risum
905 448 1189 503 moventia.
1239 449 1530 523 Propterea
1571 457 1811 512 cavenda
1861 470 1944 515 est
1973 477 2018 534 Α

3515 378 3624 436 806

2051 465 2180 534 ipsis
2217 470 2339 524 vilia
2370 475 2630 541 sentiunt,
2655 477 2782 546 quid
2824 479 2879 535 in
2909 495 3005 538 sua
3026 487 3377 547 excusatione
3421 493 3624 553 dicturi

2041 566 2188 625 sunt,
2213 562 2304 629 qui
2329 563 2447 618 sine
2474 581 2636 636 opere
2656 569 2875 626 virtutis
2913 573 3317 636 intumescunt?
3341 581 3448 640 Sed
3471 588 3620 658 quae-

2041 647 2172 704 libet
2205 653 2314 708 sint
2342 671 2528 726 opera,
2560 662 2702 716 nulla
2745 664 2876 729 sint,
2906 668 3010 723 nisi
3061 685 3127 725 ex
3157 674 3462 735 humilitate
3487 647 3614 737 con-

2040 739 2275 796 diantur.
2315 744 2556 806 Miranda
2576 751 2774 821 quippe
2813 757 2957 811 actio
2984 774 3107 813 cum
3129 762 3364 820 elatione
3387 783 3493 824 non
3513 772 3620 824 elo.

2039 837 2126 883 vat
2158 870 2173 896 ,
2204 832 2297 887 sed
2323 846 2529 904 gravat.
2564 838 2664 905 Qui
2694 843 2840 897 enim
2892 861 3009 904 sme
3058 849 3362 911 humilitate
3391 858 3620 915 virtutes

2038 933 2349 1022 congregat,
2382 927 2435 982 in
2461 939 2621 984 vento
2643 933 2914 1001 pulverem
2945 950 3143 1008 portat.
3168 943 3235 998 Et
3255 948 3396 1003 unde
3417 950 3619 1022 aliquid

2036 1009 2179 1072 terre
2208 1017 2468 1084 cernitur,
2494 1020 2616 1077 inde
2636 1023 2873 1082 deterius
2899 1029 3024 1086 elati
3049 1034 3189 1089 oeuli
3216 1009 3519 1096 czecantur:

2109 1102 2292 1175 Neque
2335 1109 2599 1165 ambulavi
2623 1113 2678 1167 in
2713 1119 2944 1187 magnis,
2974 1138 3140 1192 neque
3168 1125 3227 1180 in
3279 1128 3614 1186 mirabilibus

2035 1210 2193 1264 super
2225 1213 2306 1254 me
2337 1197 2510 1271 (Psal.
2551 1206 2735 1280 ειη).
2791 1208 2906 1267 Hoc
2935 1222 3022 1269 est
3057 1215 3274 1273 dicere:
3325 1219 3466 1276 Nihil
3500 1239 3616 1280 me—

2034 1285 2154 1341 ritis
2182 1289 2321 1344 meis
2347 1296 2593 1362 reputavi
2621 1336 2636 1360 ,
2666 1299 2800 1354 nihil
2831 1303 3072 1361 scientiae
3098 1322 3234 1363 mea:
3257 1312 3491 1378 contuh,
3519 1315 3614 1369 sed

2033 1375 2081 1431 si
2111 1376 2311 1447 aliquid
2356 1381 2481 1436 boni
2511 1385 2695 1452 habui,
2725 1396 2898 1446 totum
2929 1393 3112 1464 gloriae
3154 1397 3248 1452 Dei
3280 1400 3426 1456 dedi.
3450 1375 3608 1459 Nolui

2032 1467 2187 1534 quasi
2241 1470 2578 1530 mirabilibus
2627 1477 2965 1537 innotescere
3011 1485 3321 1544 hominibus
3353 1531 3367 1554 ,
3407 1500 3462 1545 et
3510 1508 3613 1548 nec

2033 1558 2255 1624 ειυεεὶνί
2297 1561 2503 1630 aliquid
2533 1579 2696 1634 super
2739 1570 2884 1624 vires
2929 1587 3109 1639 meas,
3151 1579 3292 1632 unde
3337 1596 3425 1636 me
3466 1584 3609 1652 apud

2034 1647 2313 1717 imperitos
2347 1651 2636 1721 iactarem.
2683 1658 2857 1714 Aliter
2881 1680 2893 1714 :
2916 1662 2973 1718 in
3004 1667 3216 1736 magnis
3244 1671 3388 1726 enim
3416 1647 3608 1728 ambu-

2032 1737 2146 1829 lare
2180 1779 2195 1803 ,
2225 1750 2309 1796 est
2361 1760 2557 1815 magna
2599 1749 2668 1803 de
2704 1765 2764 1807 se
2816 1769 3257 1829 unumquemque
3298 1766 3519 1821 sentire.
3551 1768 3609 1823 in

349 1851 507 1899 caute
526 1846 592 1898 de
618 1846 850 1910 meritis,
873 1856 986 1913 aut,
1015 1849 1154 1918 quod
1184 1828 1455 1922 peiusest,
1479 1856 1595 1911 sine
1617 1828 1823 1914 meritis
1843 1860 1925 1913 al-
1953 1842 2001 1902 Β
2031 1828 2364 1922 mirabilibus
2393 1849 2523 1891 vero
2567 1846 2652 1893 ⁸⁵⁸
2700 1841 2947 1898 mirabile
2967 1847 3035 1905 de
3081 1863 3140 1904 ⁸⁸
3169 1851 3373 1920 aliquid
3423 1856 3612 1912 θύεθ’

346 1939 624 2003 levaverit,
647 1937 794 2007 juste
819 1955 848 1993 a
893 1942 1120 1998 Domino
1143 1945 1518 2002 bumiliabitur
1547 1966 1560 2014 ;
1589 1959 1644 2005 et
1679 1953 1769 2022 qui
1792 1970 1922 2024 pro-

344 2031 466 2085 vide
511 2046 570 2085 se
622 2031 688 2086 de
740 2032 1042 2089 benefactis
1087 2035 1455 2096 liumiliaverit
1485 2083 1500 2106 ,
1549 2041 1698 2112 juste
1742 2045 1810 2100 ab
1857 2063 1923 2103 eo

340 2118 689 2174 exaltabitur.
725 2120 861 2175 Hinc
889 2121 1144 2178 Salomon
1180 2127 1254 2179 ait
1289 2144 1301 2180 :
1347 2126 1640 2201 Superbum
1686 2135 1926 2205 sequitur

339 2207 633 2277 humilitas,
654 2221 703 2266 et
733 2212 978 2268 humilem
1000 2216 1244 2286 spiritum
1270 2221 1516 2290 suscipiet
1539 2222 1916 2295 gloria-(Prov.

343 2299 516 2372 χιιι).
549 2298 842 2370 Superbum
893 2303 1038 2357 enim
1076 2307 1318 2375 sequitur
1356 2308 1647 2376 humilitas,
1677 2313 1801 2382 quia
1825 2314 1917 2384 qui

343 2390 398 2444 in
419 2391 674 2461 prmsenti
733 2393 1000 2461 superbus
1035 2409 1396 2463 perseverans
1426 2399 1593 2460 vivit,
1626 2411 1746 2471 post
1775 2419 1921 2457 mor-

338 2489 448 2534 tem
474 2480 787 2536 humiliatus
817 2483 870 2536 in
911 2482 1182 2540 infernum
1214 2487 1513 2543 descendit.
1547 2490 1624 2545 De
1667 2492 1918 2562 superbis

335 2570 482 2626 enim
511 2572 770 2640 scriptum
797 2580 882 2626 est
907 2589 919 2626 :
945 2573 1220 2628 Deducunt
1250 2578 1306 2630 in
1333 2580 1478 2632 bonis
1503 2581 1613 2634 dies
1631 2597 1773 2645 suos,
1797 2583 1917 2636 etin

333 2672 528 2734 puncto
555 2663 626 2715 ad
654 2663 863 2732 inferna
892 2665 1209 2720 descendunt
1245 2669 1388 2738 (Job.
1425 2671 1560 2743 XXI).
1619 2671 1743 2727 limo
1769 2673 1914 2727 enim

335 2753 657 2809 damnabilis
697 2763 753 2809 et
778 2755 1284 2830 misera-superbum
1327 2763 1562 2832 sequitur
1601 2763 1872 2817 humilitas
1895 2805 1912 2830 ,

331 2856 381 2899 et
405 2845 651 2900 humilem
697 2849 938 2918 spiritum
983 2851 1227 2921 suscipiet
1272 2853 1465 2922 gloria,
1515 2854 1568 2909 id
1609 2864 1714 2920 est,
1742 2856 1912 2928 gloria

335 2937 484 3007 regni
512 2937 772 2992 caalorum
798 2939 1055 3010 suscipiet
1077 2957 1265 2998 omnes
1291 2945 1381 3013 qui
1414 2946 1694 3001 humiliato
1723 2949 1912 3003 vivunt

331 3025 550 3096 spiritu.
580 3027 716 3083 Hinc
742 3028 1000 3084 Dominus
1031 3030 1098 3086 de
1126 3032 1417 3090 humilibus
1443 3037 1519 3091 ait
1550 3051 1564 3090 :
1595 3035 1751 3091 Beati
1769 3057 1906 3110 pau-

331 3135 478 3188 peres
501 3119 706 3190 spiritu,
737 3121 985 3188 quoniam
1029 3123 1260 3194 ipsorum
1298 3137 1372 3181 est
1400 3145 1615 3200 regnum
1658 3131 1906 3185 ccelorum

2027 1933 2198 2008 mare.
2218 1920 2370 1988 Quod
2397 1926 2554 1982 sebic
2592 1939 2754 1999 negat
2782 1931 2961 1990 facere
2983 1935 3271 2008 Propheta,
3306 1958 3429 1997 cum
3443 1947 3605 2001 dicit:

2027 2007 2211 2105 Neque
2235 2013 2496 2070 ambulavi
2515 2018 2572 2071 in
2594 2022 2818 2090 magnis,
2853 2040 3015 2094 neque
3033 2007 3432 2086 inmirabilibus
3452 2050 3611 2105 super

2022 2116 2124 2156 me.
2167 2101 2356 2159 Omnia
2399 2117 2580 2164 autem
2617 2111 2893 2170 humilitas
2937 2133 3044 2175 non
3091 2129 3202 2175 tam
3239 2123 3294 2178 in
3352 2101 3605 2184 sermone

2024 2209 2190 2264 quam
2213 2196 2266 2250 in
2287 2207 2470 2254 mente
2495 2209 2600 2268 est,
2627 2213 2688 2256 ut
2713 2204 2950 2264 humiles
2972 2225 3074 2265 nos
3113 2227 3244 2288 esse
3272 2218 3606 2274 medentia

2022 2287 2249 2352 noverit,
2283 2299 2338 2342 et
2366 2305 2641 2360 nunquam
2668 2311 2767 2351 nos
2787 2299 2868 2353 vel
2900 2302 3043 2357 scire
3080 2287 3306 2375 aliquid,
3333 2310 3417 2364 vel
3449 2311 3606 2366 intel-

2022 2375 2211 2446 ligere,
2248 2381 2333 2434 vel
2371 2397 2496 2437 esse
2538 2386 2914 2447 existimemus
2943 2433 2958 2458 ,
2993 2404 3051 2450 et
3077 2397 3213 2452 nihil
3251 2401 3460 2458 meritis
3513 2421 3610 2461 no-

2020 2469 2150 2523 stris
2188 2471 2522 2541 tribuamus,
2553 2478 2678 2548 quia
2701 2480 2836 2536 nihil
2859 2483 2927 2538 de
2965 2494 3154 2542 nostro
3182 2489 3285 2545 nisi
3324 2502 3606 2563 peceatum

2021 2557 2304 2614 habemus.

2091 2649 2198 2704 Sed
2215 2653 2343 2721 quid
2359 2653 2385 2706 .’
2408 2653 2472 2710 Si
2500 2673 2604 2712 non
2635 2657 2904 2717 humiliter
2916 2667 3224 2733 sentiebam,
3257 2671 3348 2725 sed
3369 2673 3601 2730 exaltari

2017 2739 2252 2794 animum
2279 2759 2469 2800 meam.
2497 2745 2559 2801 lu
2606 2751 2818 2806 cunctis
2842 2768 2974 2824 ergo
2996 2773 3116 2826 qua;
3140 2759 3352 2827 agimus
3377 2803 3393 2828 ,
3424 2765 3601 2819 humi-

2017 2829 2144 2888 liter
2169 2833 2238 2889 de
2261 2835 2420 2890 nobis
2441 2840 2727 2904 sentimus,
2753 2844 2799 2898 si
2831 2845 2885 2898 in
2925 2849 3107 2904 radice
3133 2849 3259 2905 boni
3287 2855 3467 2922 operis
3497 2857 3598 2910 huc

2015 2924 2299 3017 militatum
2332 2937 2600 2998 tenemus,
2623 2949 2726 2989 nec
2745 2937 2950 3005 quibus
2979 2943 3310 3011 superiores,
3348 2947 3442 3002 sed
3472 2949 3593 3017 qui‘

2013 3015 2116 3070 bus
2137 3017 2316 3074 adhuc
2338 3019 2624 3079 inferiores
2651 3040 2856 3093 sumus,
2884 3031 3180 3100 aspicimus
3204 3048 3221 3100 ',
3246 3044 3306 3090 ut
3330 3036 3457 3092 dum

2013 3102 2210 3160 liorem
2239 3109 2398 3165 nobis
2426 3113 2672 3184 exempla
2702 3119 3077 3187 proponimus,
3109 3123 3177 3177 ad
3207 3125 3414 3195 majora
3443 3143 3592 3183 sem-

333 3205 552 3277 (Matth.
584 3210 658 3280 v).
692 3209 829 3267 Hinc
853 3211 1049 3266 iterum
1077 3214 1239 3268 dicit:
1274 3215 1445 3271 Sinite
1460 3219 1707 3288 parvulos
1732 3222 1906 3276 venire

2021 3201 2428 3264 poraseendere
2473 3219 2538 3259 ex
2570 3205 2872 3265 humilitate
2914 3211 3211 3270 valeamus.
3268 3217 3588 3277 Exaltamus

330 3297 401 3349 ad
423 3315 520 3362 me,
547 3298 729 3352 talium
761 3309 836 3353 est
882 3301 1020 3354 enim
1070 3318 1284 3372 regnum
1331 3305 1578 3361 cazlorum
1604 3307 1797 3378 (Marc.
1825 3309 1904 3383 ι).

330 3385 397 3441 Et
418 3388 671 3456 parvulos
697 3405 852 3460 ergo,
879 3398 935 3443 et
954 3404 1219 3464 pauperes
1244 3395 1457 3464 spiritu,
1487 3398 1721 3454 humiles
1751 3400 1904 3468 dicit,

329 3479 528 3546 quibus
560 3490 682 3548 post
719 3490 952 3536 mortem
1006 3483 1436 3542 misericorditer
1475 3502 1700 3558 regnum
1734 3491 1906 3548 ccelo-

329 3583 448 3621 rum
473 3569 764 3638 promittit.

398 3657 530 3712 Cum
556 3660 668 3714 lure
696 3677 816 3733 ergo
837 3663 989 3730 dicit,
1026 3666 1251 3720 ostendit
1288 3667 1435 3722 nobis
1469 3684 1677 3724 omnem
1703 3671 1906 3729 exalta-

324 3750 519 3805 tionem
540 3768 700 3822 genus
723 3771 832 3810 esse
853 3758 1128 3828 superbiat.
1161 3760 1348 3815 Omnis
1389 3762 1641 3833 superbia
1673 3772 1824 3820 tanto
1849 3765 1905 3821 in

326 3841 437 3895 imo
460 3841 624 3910 jacet,
672 3853 875 3914 quanto
911 3847 964 3901 in
1010 3848 1118 3903 alto
1146 3864 1206 3904 se
1229 3851 1408 3921 erigit.
1455 3851 1736 3926 Tantoque
1780 3871 1905 3926 pro-

323 3931 547 3990 fundius
575 3935 790 4003 labitur,
818 3946 1023 4008 quanto
1047 3941 1316 3996 excelsius
1333 3942 1597 4000 elevatur.
1629 3945 1733 4014 Qui
1755 3947 1900 4002 enim

324 4038 426 4094 per
444 4026 746 4095 superbiam
779 4028 1045 4084 attollitur
1072 4072 1086 4096 ,
1120 4046 1218 4101 per
1244 4032 1627 4104 Dcijustitiam
1671 4037 1900 4093 inclina-

323 4125 433 4172 tur.
465 4117 729 4188 Superbia
765 4137 894 4192 ergo
923 4163 939 4188 ,
967 4123 1107 4178 sicut
1135 4125 1287 4196 origo
1315 4134 1399 4180 est
1445 4128 1685 4183 omnium
1718 4130 1902 4185 crimi-

322 4222 476 4275 num,
508 4209 582 4264 ita
614 4210 766 4264 ruina
807 4221 1124 4266 cunctarum
1167 4215 1448 4270 virtutum.
1485 4215 1604 4288 Ipsa
1631 4225 1714 4274 est
1752 4220 1899 4275 enim

323 4302 379 4357 in
399 4311 630 4372 peccato
675 4303 852 4373 prima
878 4345 892 4370 ,
923 4304 1038 4375 ipsa
1077 4306 1131 4360 in
1167 4305 1422 4362 conﬂictu
1449 4317 1742 4380 postrema.
1773 4309 1899 4368 llmc

319 4394 466 4448 enim
489 4401 582 4448 aut
609 4394 666 4449 in
689 4396 911 4450 exordio
951 4405 1190 4453 mentem
1218 4414 1314 4470 per
1339 4409 1620 4470 peccatum
1649 4412 1895 4472 proster-

319 4486 424 4551 nit,
468 4495 559 4540 aut
601 4487 653 4541 in
683 4488 976 4544 novissimo
1004 4489 1069 4545 de
1110 4491 1402 4547 virtutibus
1447 4493 1652 4561 dejicit.
1683 4493 1814 4550 inde
1840 4503 1895 4550 et

2012 3299 2194 3346 autem
2219 3294 2456 3350 animam
2507 3306 2769 3366 nostram,
2802 3317 2925 3357 cum
2950 3303 3004 3359 in
3035 3306 3140 3361 hac
3167 3310 3412 3380 corporis
3433 3311 3589 3366 habi-

2012 3383 2215 3439 tatione
2241 3385 2467 3441 humilia
2485 3390 2832 3458 meditamur,
2855 3393 3072 3451 dicente
3095 3397 3377 3468 Scriptura
3404 3420 3418 3454 :
3448 3401 3591 3457 Deus

2007 3474 2244 3543 superbis
2268 3477 2787 3543 resistit,humilibus
2814 3494 2988 3537 autem
3007 3486 3100 3539 dat
3130 3487 3419 3559 gratiamU
3448 3487 3597 3543 Petr.

2029 3564 2106 3634 v).
2131 3563 2198 3620 Et
2238 3565 2368 3623 illud
2395 3585 2410 3621 :
2437 3567 2809 3625 Humiliamini
2834 3574 2893 3627 in
2917 3585 3193 3645 conspectu
3226 3578 3323 3632 Dei
3357 3588 3407 3633 et
3438 3580 3591 3636 exal-

2007 3655 2140 3710 tabit
2177 3657 2312 3732 sos(
2349 3655 2470 3712 Jac.
2502 3674 2559 3714 tv
2598 3660 2641 3734 ).
2671 3661 2845 3719 Tanto
2871 3679 3001 3735 ergo
3038 3667 3110 3721 sit
3150 3668 3379 3737 quisque
3425 3670 3588 3725 vilior

2006 3747 2118 3804 Duo
2142 3787 2156 3814 ,
2185 3760 2391 3821 quanto
2433 3754 2724 3823 pretiosior
2751 3756 2852 3812 sibi
2883 3773 2899 3822 ;
2927 3766 3080 3814 tanta
3121 3760 3410 3831 pretiosior
3428 3762 3540 3818 Deo
3569 3805 3586 3830 ,

2005 3852 2212 3910 quanto
2238 3856 2339 3912 per
2366 3858 2489 3898 eum
2517 3845 2673 3900 vilior
2692 3846 2816 3912 sibi,
2845 3848 2970 3918 quia
2998 3849 3222 3906 humilia
3250 3853 3503 3923 respicit,
3533 3863 3589 3909 et

2004 3931 2112 3986 alta
2139 3947 2170 3987 a
2207 3931 2367 4004 longe
2412 3936 2709 4004 cognoscit.
2764 3937 2877 3993 Hoc
2925 3947 3104 3995 autem
3153 3955 3274 3997 esse
3320 3945 3585 4013 optimum

2002 4024 2278 4093 specimen
2309 4033 2360 4080 et
2409 4026 2705 4080 electorum
2749 4026 2887 4082 solet
2911 4068 2926 4092 ,
2975 4030 3121 4098 quod
3173 4032 3241 4085 de
3274 4046 3332 4086 se
3373 4047 3588 4102 semper

2002 4118 2214 4173 minora
2239 4131 2402 4188 quam
2425 4126 2554 4173 sunt
2577 4119 2839 4186 sentiunt,
2879 4128 2939 4175 et
2985 4121 3123 4176 intra
3154 4137 3318 4193 quam
3363 4135 3490 4179 sunt
3518 4125 3586 4180 de

2002 4221 2062 4263 se
2091 4207 2315 4264 humilia
2341 4207 2644 4280 proferunt.

2070 4297 2220 4354 Sicut
2245 4299 2538 4355 ablactatus
2559 4317 2714 4372 super
2733 4311 2899 4357 matre
2909 4318 3028 4370 sua,
3041 4304 3117 4358 ita
3131 4305 3382 4359 retribuet
3395 4307 3450 4360 in
3464 4305 3553 4360 ani
3558 4336 3582 4346 -

1999 4409 2139 4446 mam
2162 4408 2331 4447 meam
2356 4392 2374 4465 (
2397 4389 2545 4448 Psal.
2569 4409 2708 4449 cxxx
2727 4393 2767 4466 ).
2799 4395 2901 4463 Qui
2930 4412 3035 4451 non
3060 4396 3237 4452 elevat
3265 4413 3360 4452 cor
3389 4414 3546 4453 suum
3566 4439 3582 4464 ,

1998 4503 2174 4557 neque
2197 4487 2251 4542 in
2267 4488 2435 4542 altum
2450 4488 2646 4543 attollit
2674 4489 2859 4544 oculos
2884 4504 3030 4555 suos,
3063 4504 3238 4560 neque
3264 4489 3504 4545 ambulat
3527 4491 3581 4544 in
3607 4508 3624 4525 ο

317 4577 562 4634 omnium
590 4588 937 4648 peccatorum
973 4589 1058 4636 est
1077 4581 1332 4647 maxima,
1363 4583 1490 4654 quia
1523 4592 1632 4638 tam
1660 4601 1758 4657 per
1788 4586 1898 4640 vir-
1921 4568 1976 4628 Ῑ)
2001 4578 2248 4649 magnis.
2300 4593 2475 4650 neque
2496 4580 2550 4634 in
2606 4578 2946 4634 mirabilibus
2991 4593 3154 4650 ειιρετ
3208 4593 3320 4643 ὃθντ
3353 4577 3580 4634 Iacui!“

317 4675 464 4722 tutes
489 4683 649 4737 quam
671 4683 770 4740 per
796 4669 928 4725 vitia
949 4669 1242 4726 humanam
1274 4681 1510 4728 mentem
1541 4675 1893 4731 exterminat.

393 4755 547 4822 Quod
567 4775 620 4812 se
645 4775 823 4814 cavere
845 4759 1106 4831 PrOpheta
1133 4763 1333 4818 indicat
1361 4805 1376 4830 ,
1405 4763 1582 4820 dicens
1605 4778 1624 4818 :
1654 4765 1894 4832 Domine,

316 4867 424 4904 non
454 4859 529 4904 est
556 4849 841 4905 exaltatum
871 4868 962 4906 cor
993 4869 1165 4907 meum
1189 4895 1203 4920 ,
1239 4871 1400 4926 neque
1429 4854 1554 4910 elati
1597 4867 1717 4911 sunt
1758 4856 1900 4912 oculi

315 4942 422 4996 mei
444 4942 616 5014 (Psal.
658 4944 844 5016 cxxx).
893 4943 1000 5000 Iste
1053 4946 1198 5001 enim
1247 4947 1485 5019 psalmus
1531 4947 1895 5005 humilitatem

314 5025 593 5106 praedicat,
626 5037 1041 5106 temperantiam
1069 5037 1225 5094 docet
1257 5046 1313 5092 et
1332 5038 1652 5107 patientiam
1688 5047 1894 5107 monet,

313 5136 372 5182 et
419 5123 884 5183 benefacientibus
938 5143 1154 5183 omnem
1198 5127 1558 5183 humilitatem
1619 5129 1894 5193 ostendit;

315 5216 605 5272 concinnat
632 5225 795 5287 atque
834 5217 1128 5286 componit.
1163 5215 1221 5272 Si
1263 5231 1393 5286 ergo
1431 5216 1774 5272 humiliatum
1803 5233 1900 5273 cor

313 5308 644 5364 sacriﬁcium
689 5309 802 5365 Deo
831 5317 938 5376 est,
983 5309 1310 5365 sacriﬁcium
1358 5309 1556 5365 obtulit
1596 5310 1690 5380 qui
1721 5309 1894 5365 dixit:

313 5399 564 5467 Domine,
608 5417 712 5455 non
739 5410 815 5456 est
842 5401 1130 5456 exaltatum
1180 5418 1271 5456 cor
1301 5417 1471 5456 meum
1498 5399 1671 5473 (Psal.
1709 5400 1893 5476 exn).

304 5489 374 5546 Si
397 5505 526 5562 ergo
547 5491 651 5547 hoc
677 5491 872 5562 aliquis
896 5491 1124 5546 eremita
1138 5491 1287 5547 cella:
1308 5507 1420 5547 suae
1440 5507 1641 5548 vacans
1668 5491 1892 5560 diceret,

311 5599 523 5655 magna:
545 5585 820 5655 patientia:
846 5585 1002 5640 laude
1030 5585 1255 5657 fulgeret
1280 5603 1294 5651 ;
1327 5593 1532 5656 quanto
1553 5585 1742 5656 magis,
1769 5587 1894 5657 quia

213 5725 216 5728 .
311 5671 418 5728 hoc
442 5683 772 5744 purpuratus
793 5691 882 5729 rex
913 5682 968 5728 et
986 5676 1372 5744 prophetarum
1401 5674 1616 5729 dicebat
1639 5675 1890 5730 eximius.

313 5765 374 5822 Si
393 5768 561 5838 igitur
582 5769 752 5824 sancti
775 5769 873 5824 viri
895 5769 1056 5824 etiam
1079 5784 1200 5823 cum
1232 5776 1395 5846 agupt
1424 5767 1580 5824 fortia
1603 5767 1668 5822 de
1699 5777 1894 5824 semct-

2002 4673 2196 4730 similis
2234 4673 2526 4744 reperitur,
2565 4673 2775 4728 dicente
2803 4670 3085 4742 Scriptura
3112 4689 3126 4725 :
3158 4670 3245 4726 Ea:
3273 4687 3364 4726 ore
3400 4671 3584 4741 infan-

2002 4765 2134 4819 tium
2161 4774 2208 4818 et
2231 4761 2533 4817 lactentium
2553 4761 2818 4832 ρει-[πίετὶ
2841 4760 3051 4815 laudem
3089 4757 3260 4833 (Psal.
3290 4760 3428 4831 vni).
3456 4759 3580 4816 llmc

2003 4855 2148 4911 enim
2181 4854 2355 4909 virtus
2383 4853 2505 4908 ideo
2536 4852 2771 4906 maxime
2807 4851 2946 4906 inter
2967 4851 3199 4905 virtutes
3223 4851 3454 4906 eximias
3483 4849 3581 4906 ho-

2002 4951 2193 4999 norata
2225 4942 2538 5014 consurgit,
2569 4941 2824 5012 quoniam
2855 4955 2973 4997 eam
2999 4941 3238 5012 dignatio
3281 4940 3581 5011 maiestatis

2001 5034 2312 5106 assumpsit.
2368 5033 2612 5103 Denique
2640 5032 3047 5088 consideremus
3093 5042 3357 5102 quantum
3405 5033 3575 5087 hono-

2001 5134 2118 5180 rata
2142 5126 2213 5181 sit
2237 5125 2512 5180 humilitas
2537 5165 2552 5190 ,
2585 5139 2703 5194 qum
2729 5122 2998 5194 superbia
3035 5124 3308 5180 contraria
3360 5123 3413 5177 in
3439 5123 3572 5177 duo-

1998 5219 2210 5275 decimo
2243 5221 2410 5290 gradu
2439 5220 2681 5275 noscitur
2713 5220 2995 5276 collocata.
3025 5220 3120 5276 illa
3147 5221 3291 5276 enim
3328 5236 3426 5293 per
3454 5235 3576 5287 sep-

1998 5318 2109 5365 tem
2148 5309 2461 5380 principalia
2523 5311 2653 5364 vitia
2699 5310 2966 5383 demergit
3022 5311 3077 5366 in
3132 5319 3422 5372 tartarum,
3459 5307 3576 5361 lucc

1995 5415 2095 5471 per
2119 5399 2401 5454 duodecim
2441 5399 2764 5456 humilitatis
2793 5401 2993 5471 gradus
3018 5400 3233 5455 deducit
3262 5399 3328 5451 ad
3355 5395 3570 5451 caelum.

2071 5491 2240 5558 Unde,
2263 5491 2473 5563 fratres,
2502 5494 2550 5547 si
2582 5511 2801 5548 summa:
2821 5493 3134 5568 humilitatis
3183 5489 3421 5543 volumus
3461 5484 3574 5585 cul-

1994 5599 2112 5636 men
2145 5582 2418 5652 attingere.
2464 5580 2703 5638 Summm
2734 5581 3058 5638 humilitatis
3087 5577 3324 5638 culmen,
3369 5583 3427 5628 ut
3450 5577 3574 5643 qui-

1993 5676 2118 5728 dam
2161 5673 2368 5739 volunt,
2418 5682 2650 5744 quatuor
2678 5676 2850 5728 modis
2907 5669 3221 5740 completur.
3269 5666 3470 5731 Primo,
3522 5663 3573 5721 si

1997 5766 2351 5823 mortiﬁcatas
2393 5771 2687 5823 monachus
2735 5769 2786 5820 in
2823 5768 3110 5837 semetipso
3140 5778 3317 5820 nrrnci
3371 5761 3572 5818 habent
