3992 6206
439 343 539 400 807

1706 332 2058 391 SMARAGDI
2099 329 2385 387 ABBATIS
2452 380 2458 386 .

3573 331 3680 391 808

433 454 758 507 voluntates.
788 448 1054 512 Secundo,
1083 444 1127 500 si
1165 456 1269 500 neu
1303 461 1476 501 so.um
1503 459 1722 501 suorum
1760 455 1999 512 actuum,
2032 447 2082 506 Α
2109 452 2284 498 tutum
2335 443 2591 516 gradibus
2620 442 2940 513 profundum
2971 443 3172 498 cadunt
3223 442 3278 496 in
3307 451 3602 511 tartarum,
3627 459 3681 503 et

435 559 623 599 verum
678 543 839 595 etiam
890 538 1276 608 cogitationum
1325 538 1402 591 nil
1450 553 1550 592 suo
1605 537 1862 592 celaverit
1906 538 2000 592 ab-

433 636 564 692 bati.
596 633 797 695 Tertio,
829 630 874 683 si
911 628 988 682 nil
1016 627 1329 682 diseretioni
1358 643 1490 690 suae,
1523 627 1613 681 sed
1656 625 1854 696 judicio
1884 627 2001 696 ejus

432 727 682 780 universa
715 720 1037 784 committat,
1072 734 1136 773 ac
1161 720 1368 773 monita
1395 717 1511 786 ejus
1538 721 1716 775 sciens
1741 735 1803 775 ac
1830 721 2000 775 liben-

433 827 514 871 ter
543 813 822 869 auscultet.
865 812 1071 878 Quarto
1102 850 1115 874 ,
1141 810 1186 864 si
1214 810 1266 863 in
1293 811 1543 865 omnibus
1590 810 1842 865 observet
1868 813 1999 866 obe-

431 906 643 960 dientiae
667 944 680 967 ,
711 900 1140 956 mansuetudinis
1183 900 1564 969 patientiaeque
1609 903 1995 956 constantiam.

427 997 628 1050 Beatus
649 1007 778 1062 ergo
804 991 1128 1045 Benedictus
1151 1005 1256 1044 non
1295 990 1468 1045 solum
1509 991 1562 1044 in
1598 999 1834 1060 quatuor
1859 1032 1873 1056 ,
1904 992 1998 1048 sed

429 1090 482 1141 in
505 1086 787 1141 duodecim
814 1083 1069 1152 gradibus
1095 1097 1359 1137 summam
1381 1091 1540 1152 atque
1564 1082 1860 1152 perfectam
1879 1097 2000 1139 esse

427 1180 672 1234 voluitet
697 1177 940 1231 deﬁnivit
965 1176 1348 1232 humilitatem.
1377 1175 1510 1230 Nam
1559 1184 1612 1230 et
1638 1175 1691 1229 in
1720 1176 1820 1229 hoc
1851 1189 1998 1230 sum-

427 1281 514 1320 ma
551 1274 712 1333 atque
745 1265 984 1334 perfecta
1012 1273 1192 1334 potest
1229 1265 1402 1320 videri
1451 1261 1728 1316 humilitas
1759 1302 1773 1323 ,
1804 1262 1849 1315 si
1875 1261 1998 1331 quis

425 1355 702 1410 humiliter
725 1363 780 1410 et
828 1355 1097 1425 patienter
1141 1355 1362 1424 impleat
1391 1353 1538 1422 quod
1585 1352 1848 1406 Dominus
1877 1351 1952 1404 ait
1981 1367 1995 1402 :

426 1445 540 1514 Ego
566 1454 739 1499 autem
781 1445 900 1497 dico
929 1445 1072 1498 vobis
1100 1461 1204 1498 non
1232 1445 1468 1497 resistere
1495 1441 1656 1508 malo,
1687 1441 1778 1495 sed
1810 1442 1853 1494 si
1881 1440 1998 1510 quis

424 1545 474 1588 te
495 1537 806 1605 percusserit
834 1537 889 1588 in
943 1536 1211 1589 dexteram
1263 1535 1537 1589 maxillam
1565 1575 1579 1599 ,
1611 1535 1782 1605 prtebe
1831 1534 1912 1587 illi
1949 1541 1998 1586 et

423 1628 586 1681 aliam
612 1668 626 1692 ,
653 1636 758 1682 etc.
792 1626 1006 1697 (Matth.
1037 1627 1114 1698 v).
1159 1627 1260 1693 Qui
1288 1628 1432 1681 enim
1486 1628 1589 1682 ista
1645 1626 1914 1696 patienter
1943 1633 1998 1679 et

423 1718 698 1773 humiliter
717 1719 966 1783 sustinet,
992 1719 1212 1788 insuper
1236 1719 1364 1774 illud
1392 1720 1542 1774 audit
1564 1719 1706 1788 quod
1735 1718 1995 1772 Dominus

2104 532 2358 602 impletur
2388 534 2442 587 in
2467 533 2586 588 eis:
2615 533 2798 587 Omnis
2832 535 2922 603 qui
2966 549 3020 586 se
3065 531 3263 588 exultat
3287 535 3680 606 humiliabitur,

2102 630 2152 674 et
2179 623 2269 691 qui
2301 639 2357 676 se
2385 623 2628 677 humiliat
2650 624 2967 678 excitabitur
2995 623 3144 695 (Luc.
3166 626 3300 697 nv).

2172 710 2330 765 Scala
2375 729 2492 767 vero
2517 715 2631 783 ipsa
2669 723 2861 778 erecta,
2893 722 3074 768 nostra
3095 724 3169 769 est
3192 717 3296 770 vita
3318 718 3530 780 smculo,
3562 735 3682 790 quc

2100 801 2373 856 httmiliato
2403 803 2558 856 corde
2599 820 2632 856 a
2657 802 2884 856 Domino
2935 804 3160 873 erigitur
3183 806 3254 858 ad
3294 806 3500 861 caelum.
3528 809 3680 865 Tunc

2100 890 2264 956 scala,
2315 891 2367 946 id
2389 901 2474 962 est
2500 893 2610 946 vita
2651 900 2836 948 nostra
2860 934 2874 958 ,
2919 893 2988 947 ad
3009 893 3206 949 caelum
3227 895 3366 951 bene
3387 911 3418 950 a
3451 897 3682 955 Domino

2099 981 2341 1052 erigitur,
2374 986 2589 1052 quando
2611 986 2774 1040 corda
2796 995 2984 1041 nostra
3016 1002 3139 1042 cum
3170 989 3421 1043 manibus
3448 1031 3463 1054 ,
3496 991 3550 1045 id
3596 1001 3684 1048 est

2099 1085 2223 1126 cum
2241 1070 2395 1126 bonis
2419 1075 2690 1142 operibus.
2723 1089 2753 1127 a
2784 1075 2940 1130 nobis
2959 1090 3175 1129 sursum
3197 1075 3473 1143 levantur;
3506 1095 3681 1149 quan-

2098 1161 2189 1228 do,
2228 1165 2523 1218 secundum
2575 1163 2816 1233 Apostoli
2861 1167 3335 1221 commonitionem
3363 1208 3377 1230 ,
3412 1185 3533 1239 qum
3559 1184 3680 1224 sur-

2099 1264 2217 1304 sum
2248 1261 2374 1305 sunt
2402 1252 2658 1321 sapimus,
2694 1269 2802 1306 non
2830 1269 2952 1322 quae
2979 1270 3144 1324 super
3166 1264 3366 1311 terram
3402 1275 3415 1310 :
3452 1260 3673 1328 quando

2099 1340 2166 1394 ad
2194 1342 2392 1397 coelum
2428 1331 2761 1413 suspirantés
2801 1345 3045 1401 caelestia
3079 1347 3406 1401 meditamur
3432 1359 3488 1403 et
3532 1365 3655 1419 quae

2097 1432 2268 1487 rimus
2301 1449 2317 1498 ;
2359 1435 2573 1502 quando
2611 1451 2675 1489 ea
2703 1450 2822 1505 quae
2844 1445 2991 1491 retro
3023 1446 3150 1492 sunt
3179 1439 3556 1496 obliviscimur
3576 1481 3595 1509 ,
3623 1453 3679 1499 et

2097 1528 2165 1578 ad
2191 1540 2254 1579 ea
2279 1540 2399 1594 quae
2423 1525 2479 1579 in
2503 1535 2628 1582 ante
2651 1537 2778 1582 sunt
2801 1544 2901 1584 nos
2921 1530 3261 1586 extendimus
3285 1549 3300 1597 ;
3326 1535 3542 1602 quando
3565 1544 3681 1590 tota

2103 1615 2302 1670 mentis
2347 1615 2644 1670 intentione
2695 1617 2763 1672 ad
2811 1617 3046 1687 palmam
3101 1622 3378 1690 sequimur
3429 1638 3681 1693 supernae

2097 1707 2439 1774 vocationis;
2481 1709 2696 1778 quando
2719 1709 2786 1762 de
2815 1709 3127 1767 caelestibus
3172 1713 3499 1769 meditantes
3551 1733 3678 1771 cum

416 1805 600 1873 jussit,
627 1807 816 1860 dicens
845 1825 856 1858 :
890 1787 1390 1876 Diligiteiinimicos
1431 1787 1629 1861 uestros
1660 1847 1675 1872 ,
1711 1805 1998 1875 benefacite
2027 1787 2074 1845 Β
2102 1793 2268 1849 ΡΜ]Ῑο
2305 1797 2486 1851 dicere
2507 1813 2793 1867 Possumus
2821 1816 2832 1852 ³
2865 1798 3064 1855 Non”
3079 1811 3251 1856 amem
3274 1807 3595 1859 εοηυεηαιίο
3622 1807 3681 1861 δη

420 1897 503 1950 his
531 1897 620 1967 qui
673 1897 894 1951 oderunt
941 1914 1049 1961 vos,
1104 1907 1153 1951 et
1201 1905 1347 1951 orate
1373 1914 1464 1968 pro
1493 1897 1915 1968 persequentibus
1945 1905 1994 1949 ct

394 2033 397 2038 .
422 1984 865 2050 calumniantibus
891 2003 1002 2050 vos,
1036 1995 1092 2039 ut
1119 1987 1235 2040 sitis
1260 1987 1361 2054 ﬁlii
1400 1987 1575 2040 Patris
1603 1987 1777 2050 uestri,
1815 1986 1905 2055 qui
1941 1985 1996 2038 in

424 2073 564 2126 caelis
593 2083 668 2126 est
696 2073 911 2143 (Matth.
943 2074 1030 2146 v);
1076 2091 1340 2129 summam
1391 2075 1524 2129 mihi
1561 2075 1773 2129 videtur
1797 2075 1998 2129 habere

422 2163 780 2218 humilitatem
825 2179 1206 2234 summumque
1245 2165 1569 2221 humilitatis
1603 2173 1789 2220 tenere
1830 2175 1995 2219 ca‘cu-

425 2268 571 2308 men.

494 2343 560 2396 Et
585 2342 656 2396 ad
687 2337 1056 2399 exultationem
1092 2343 1239 2398 illam
1281 2344 1570 2410 caelestem,
1597 2345 1664 2399 ad
1691 2362 1851 2416 quant
1900 2361 1994 2415 per

417 2437 689 2503 praesentis
715 2437 832 2491 vita:
867 2436 1214 2490 humilitatem
1235 2438 1557 2503 ascenditur,
1587 2436 1826 2492 uolumus
1857 2437 1995 2492 velo-

419 2527 549 2580 citer
568 2527 852 2596 pervenire.
872 2527 1267 2582 Exaltationem
1287 2528 1560 2582 caelestem
1584 2528 1731 2581 illam
1753 2527 1910 2593 dicit,
1928 2529 1996 2583 de

416 2631 524 2687 qua
545 2615 804 2672 Dominus
835 2617 913 2670 ait
952 2635 966 2671 :
996 2615 1292 2688 Fulgebunt
1322 2619 1495 2672 sancti
1517 2620 1652 2672 sicut
1686 2617 1766 2672 sol
1792 2619 1848 2672 in
1869 2634 1996 2671 con-

415 2715 594 2777 spectu
647 2705 827 2760 Patris
855 2709 955 2761 mei
1004 2705 1219 2779 (Matth.
1270 2707 1410 2779 xm).
1445 2710 1513 2763 Et
1553 2710 1620 2763 de
1655 2724 1760 2778 qua
1805 2708 1995 2763 Daniel

418 2797 590 2851 dicit:
623 2796 692 2850 Et
711 2798 800 2868 qui
829 2797 898 2851 ad
911 2797 1182 2867 justitiam
1223 2797 1468 2852 erudiunt
1506 2797 1785 2868 plurimos,
1821 2797 1993 2869 fulge-

417 2886 540 2941 bunt
570 2886 722 2957 quasi
751 2885 921 2942 stellre
938 2888 994 2942 in
1013 2895 1290 2958 perpetuas
1317 2889 1636 2944 mternitates
1662 2887 1827 2961 (Dan.
1861 2891 1985 2961 xu).

315 2986 334 2998 ‘
419 2978 556 3034 lliuc
583 2987 651 3033 et
689 2978 977 3036 Psalmista
1016 2979 1132 3034 ait:
1174 2977 1350 3034 Nimis
1397 2980 1614 3035 cxaltati
1651 2992 1774 3036 sunt
1830 2985 1990 3038 amici

417 3069 495 3122 tui
527 3109 543 3135 ,
572 3068 746 3133 Deus;
784 3069 938 3122 nimis
963 3069 1288 3137 confortatus
1332 3080 1408 3124 est
1450 3070 1777 3141 principatus
1805 3089 1988 3127 eorum

417 3157 591 3229 (Psal.
637 3155 919 3228 cxxxvm).
955 3157 1229 3212 Exaltatio
1255 3159 1490 3214 cmlestis
1529 3169 1584 3214 et
1627 3176 1836 3216 summa
1879 3172 1983 3225 est,

417 3256 475 3301 ut
500 3248 610 3302 sint
633 3247 806 3301 sancti
851 3247 1101 3302 monachi
1145 3247 1348 3302 similes
1377 3248 1586 3318 angelis
1613 3289 1628 3315 ,
1686 3259 1747 3303 ut
1776 3250 1885 3305 sint
1924 3251 1989 3305 li-

415 3340 468 3394 lii
499 3351 556 3394 et
579 3339 821 3395 heredes
850 3339 942 3395 Dei
973 3379 989 3406 ,
1013 3325 1322 3395 cohaeredes
1352 3349 1531 3394 autem
1581 3341 1784 3398 Christi
1814 3383 1829 3409 ,
1857 3352 1914 3398 et
1933 3353 1993 3398 ut

415 3432 636 3500 audiant
672 3446 703 3486 a
748 3431 1008 3487 Domino:
1056 3430 1230 3487 Venite
1262 3473 1278 3498 ,
1331 3434 1586 3490 benedicti
1625 3436 1806 3492 Patris
1844 3440 1987 3504 mei,

411 3524 658 3594 percipite
689 3539 922 3594 regnum,
943 3523 1082 3595 quod
1104 3524 1244 3578 uobis
1279 3535 1524 3595 paratum
1561 3538 1636 3582 est
1681 3529 1746 3582 ab
1790 3531 1989 3601 origine

415 3611 599 3666 mundi
633 3609 849 3683 (Matth.
873 3611 1000 3684 xxv)
1024 3629 1039 3678 ;
1066 3621 1122 3667 et
1152 3622 1212 3668 ut
1236 3613 1398 3668 faciat
1441 3630 1537 3671 eos
1579 3616 1634 3672 in
1664 3619 1855 3673 eodem
1900 3635 1989 3676 re-

417 3718 522 3772 gno
536 3703 896 3768 discumbere,
911 3712 966 3759 et
985 3705 1254 3760 transiens
1269 3706 1520 3777 dignetur
1537 3709 1618 3764 eis
1641 3710 1822 3765 omnia
1846 3711 1989 3766 bona

419 3794 745 3849 ministrare.

485 3882 700 3936 Actibus
746 3885 938 3939 nostris
981 3885 1396 3941 ascendentibus.
1427 3887 1578 3944 Tunc
1611 3900 1763 3947 actus
1813 3893 1987 3948 nostri

411 3973 482 4027 ad
499 3987 702 4043 supera
726 3973 862 4028 bene
907 3975 1225 4040 ascendunt,
1257 3977 1472 4045 quando
1499 3978 1566 4033 de
1606 3979 1692 4034 die
1737 3979 1792 4033 in
1839 3980 1985 4035 diem

411 4064 551 4121 bene
577 4065 806 4121 vivendo
850 4065 918 4121 ad
946 4066 1170 4122 meliora
1198 4066 1521 4135 proﬁciunt;
1555 4069 1771 4139 quando
1816 4071 1985 4126 variis

413 4161 468 4206 et
496 4153 681 4209 multis
711 4153 829 4208 fulti
858 4155 1148 4211 virtutibus
1172 4198 1187 4224 ,
1231 4159 1299 4214 ad
1340 4161 1847 4231 contemplationem
1883 4178 1984 4218 no—

409 4243 512 4296 stri
533 4245 794 4299 creatoris
817 4246 1094 4302 humiliter
1116 4257 1358 4320 surgunt.
1385 4250 1451 4304 Et
1479 4253 1634 4320 quasi
1663 4268 1762 4322 per
1785 4254 1984 4325 gradus

406 4332 478 4386 ad
494 4332 763 4389 uisionem
787 4334 936 4390 illius
961 4352 1056 4406 per
1089 4339 1281 4393 animae
1318 4341 1543 4397 virtutes
1585 4345 1981 4412 conscendunt,

370 4458 387 4474 .
408 4423 486 4477 ita
509 4429 567 4477 ut
603 4422 668 4478 de
695 4424 848 4480 nobis
866 4426 1076 4480 dicatur
1099 4442 1112 4480 :
1144 4427 1300 4488 Ibunt
1329 4429 1392 4483 de
1413 4431 1601 4487 virtute
1621 4434 1676 4487 in
1710 4435 1976 4504 virtutem,

405 4521 458 4568 et
479 4514 736 4568 videbitur
765 4514 904 4570 Deus
925 4518 1143 4574 deorum
1183 4520 1236 4574 in
1264 4519 1392 4577 Sion
1419 4522 1588 4595 (Psal.
1617 4529 1871 4598 unm).

473 4600 637 4658 Scala
667 4603 1025 4675 illaerigenda
1053 4619 1126 4661 est
1162 4627 1278 4679 qua:
1309 4612 1361 4665 in
1386 4616 1588 4669 somnio
1614 4615 1780 4670 Iacob
1821 4637 1984 4690 appa-

408 4693 536 4757 ruit,
565 4710 831 4765 perquam
859 4696 906 4749 ei
957 4696 1323 4754 descendentes
1361 4712 1407 4754 ct
1444 4706 1777 4760 ascendentes
1809 4711 1983 4779 angeli

409 4783 838 4836 monstrabantur
879 4781 1027 4858 (Cen.
1061 4788 1272 4860 xxvi").
1322 4789 1445 4845 Non
1476 4793 1622 4847 aliud
1659 4797 1772 4850 sine
1822 4799 1982 4854 dubio

406 4871 687 4926 descensus
741 4875 827 4928 ille
870 4885 918 4929 et
961 4894 1205 4934 ascensus
1236 4898 1268 4932 a
1305 4882 1451 4936 nobis
1491 4885 1800 4956 intelligitur
1831 4931 1844 4957 ,
1880 4893 1983 4946 uisi

412 4959 726 5015 exultatione
745 4963 1051 5020 descendere
1080 4977 1128 5021 et
1148 4969 1439 5024 humilitate
1463 4975 1757 5032 ascendere.
1784 4978 1986 5046 Quam-

416 5052 497 5104 vis
525 5051 613 5105 alii
667 5052 915 5110 doctores
968 5058 1124 5114 aliter
1154 5060 1294 5115 hanc
1342 5064 1639 5120 voluissent
1681 5069 1984 5138 intelligere

414 5139 641 5207 scalam,
672 5151 726 5196 et
755 5145 972 5214 angelos
1002 5150 1391 5208 descendentes
1411 5164 1463 5208 et
1502 5161 1856 5217 ascendentes
1885 5181 1983 5233 per

407 5247 529 5288 eam
557 5250 570 5285 ε
600 5233 794 5289 beatus
825 5243 1001 5292 tamen
1030 5239 1353 5300 Benedictus
1382 5258 1622 5302 nostram
1651 5251 1708 5304 in
1731 5251 1833 5308 hoc
1862 5256 1981 5313 loco

411 5321 580 5378 voluit
625 5321 923 5394 intelligere
971 5327 1158 5396 vitam,
1214 5349 1334 5402 quae
1374 5335 1668 5395 virtutibus
1701 5343 1861 5411 plena
1905 5349 1980 5403 ad

408 5412 608 5468 caalum
631 5421 716 5470 est.
756 5414 997 5483 QUOIldte
1035 5420 1309 5490 erigenda.
1357 5424 1590 5496 Angelos
1622 5446 1752 5487 vero
1793 5449 1984 5490 ascen-

409 5506 600 5563 dentes
621 5516 677 5563 et
713 5508 1104 5566 descendentes
1129 5514 1347 5571 animas
1368 5516 1634 5576 intellexit
1663 5523 1716 5578 in
1748 5528 1983 5598 regulari

410 5596 520 5650 vita
549 5597 820 5668 degentes.
849 5597 926 5654 De
956 5601 1152 5670 quibus
1192 5604 1311 5659 alia;
1337 5622 1393 5661 se
1421 5607 1754 5670 humiliando
1783 5596 1978 5673 ascen-

408 5683 544 5783 dunt
564 5690 630 5744 ad
659 5690 876 5759 cmlum,
906 5692 1024 5749 alia:
1059 5711 1187 5752 vero
1215 5699 1588 5770 superbientes
1610 5703 1676 5760 de
1713 5705 1844 5775 ipsis
1871 5687 1980 5766 vir-

2101 1885 2242 1940 caelis
2268 1896 2342 1940 est
2366 1885 2530 1957 (Phil.
2557 1888 2659 1960 ιιι).

2169 1974 2359 2030 Latera
2381 1977 2518 2030 enim
2539 1977 2697 2047 hujus
2719 1979 2895 2047 scalis,
2925 1981 3148 2036 dicimus
3173 1991 3407 2036 nostrum
3433 2000 3542 2039 esse
3567 2002 3684 2039 cor-

2098 2082 2196 2136 pus
2221 2075 2268 2119 et
2296 2066 2550 2121 animum.
2576 2067 2810 2124 Proinde
2836 2077 3015 2124 autem
3038 2080 3092 2126 et
3123 2072 3398 2142 sapienter
3429 2083 3680 2132 nostrum

2100 2171 2298 2228 corpus
2323 2165 2378 2212 et
2407 2158 2642 2213 animam
2672 2161 2832 2232 hujus
2847 2163 3007 2218 scalae
3036 2164 3140 2219 duo
3166 2166 3296 2220 dicit
3326 2181 3444 2221 esse
3465 2168 3639 2222 latera
3666 2186 3684 2233 ;

2096 2250 2221 2319 quia
2247 2265 2314 2304 ex
2351 2258 2580 2321 utroque
2617 2254 2795 2309 omnis
2846 2256 3030 2330 homo,
3058 2258 3392 2327 compositus
3435 2269 3683 2326 constat,

2096 2348 2150 2394 et
2173 2355 2272 2409 pro
2297 2357 2482 2396 amore
2508 2343 2707 2398 Christi
2735 2353 2791 2398 et
2815 2346 2925 2399 vita
2953 2354 3154 2401 :eterna
3184 2363 3249 2402 ex
3274 2360 3505 2418 utraque
3543 2351 3687 2404 sub-

2096 2433 2452 2503 stantia,quae
2471 2435 2746 2504 prmvalet,
2764 2436 2873 2504 agit
2898 2435 3072 2502 bona;
3099 2446 3154 2492 et
3181 2439 3302 2492 utin
3327 2441 3689 2494 resurrectio-

2095 2521 2180 2575 nis
2210 2522 2379 2592 glOria
2408 2523 2462 2577 in
2493 2532 2724 2594 utraque
2763 2526 3066 2580 substantia
3104 2527 3303 2584 laboris
3330 2529 3413 2584 sui
3449 2531 3687 2600 recipiat

2095 2613 2338 2684 pmmia,
2363 2612 2416 2667 in
2436 2614 2987 2684 utraquesubstantia
3012 2616 3238 2671 sollicite
3268 2619 3466 2688 satagit
3490 2619 3686 2673 Domi-

2096 2701 2152 2757 ni
2185 2702 2461 2756 custodire
2491 2703 2766 2758 mandata.
2797 2705 2946 2760 Tunc
2971 2706 3116 2760 enim
3142 2714 3306 2762 totam
3334 2718 3582 2764 nostram
3609 2711 3688 2766 ad

2095 2793 2291 2849 cmlum
2318 2793 2576 2864 erigimus
2597 2794 2818 2860 scalam,
2851 2796 3068 2866 quando
3092 2797 3386 2861 auxiliante
3435 2799 3547 2854 Deo
3587 2817 3690 2856 no-

2094 2892 2208 2939 stra
2236 2884 2398 2939 etiam
2421 2885 2476 2939 in
2505 2886 2739 2941 hostiam
2760 2885 3037 2942 oll‘erimus
3057 2887 3132 2941 illi
3155 2895 3210 2943 et
3231 2903 3484 2958 corpora,
3513 2891 3688 2947 obse-

2095 2985 2286 3031 crante
2309 2991 2408 3030 nos
2426 2976 2687 3046 Apostolo
2715 2993 2778 3032 ac
2795 2977 3007 3033 dicente
3039 2995 3052 3032 :
3075 2977 3300 3034 Obsecro
3326 2998 3436 3046 vos,
3459 2983 3684 3053 fratres,

2098 3084 2190 3138 per
2217 3069 2628 3122 misericordiam
2677 3067 2793 3135 Dei,
2823 3079 2879 3122 ut
2923 3069 3204 3127 exhibeatis
3245 3087 3468 3142 corpora
3503 3086 3684 3130 rcstra

2101 3158 2326 3212 hostiam
2348 3159 2620 3225 uiuentem,
2672 3168 2929 3226 sanctam,
2959 3158 3071 3214 Deo
3099 3159 3409 3232 placentem,
3439 3165 3687 3220 rationa-

2097 3247 2198 3304 bile
2225 3249 2526 3320 obsequium
2551 3259 2775 3304 vestrum
2806 3248 2986 3321 (Rom.
3014 3251 3137 3322 xu).
3171 3250 3329 3308 Scala
3351 3269 3382 3308 a
3414 3255 3689 3310 scanden-

2095 3340 2184 3405 do,
2208 3341 2260 3396 id
2283 3349 2365 3396 est
2390 3343 2750 3407 ascendendo,
2781 3357 2974 3397 nomen
3020 3345 3250 3415 accepit,
3289 3362 3410 3416 qua:
3437 3362 3546 3402 non
3579 3346 3690 3403 ali-

2096 3441 2176 3486 ter
2192 3432 2455 3502 perfecta,
2481 3433 2584 3487 nisi
2610 3432 2869 3489 lateribus
2893 3442 2948 3488 et
2977 3435 3232 3505 gradibus
3255 3445 3491 3492 constat.

2163 3521 2230 3576 In
2247 3539 2363 3592 qua:
2383 3522 2550 3576 latera
2579 3523 2813 3578 diuersos
2839 3525 3035 3594 gradus
3061 3527 3375 3583 humilitatis
3408 3529 3489 3584 vel
3516 3531 3689 3587 disci-

2090 3609 2248 3682 plinae
2265 3613 2496 3666 evocatio
2509 3613 2685 3668 divina
2709 3613 3063 3670 ascendendos
3087 3617 3324 3672 inseruit.
3351 3618 3563 3675 Gradus
3586 3621 3688 3677 isti

2091 3699 2412 3756 humilitatis
2437 3709 2493 3756 et
2519 3701 2816 3772 disciplina:
2863 3703 3149 3772 dicuntur,
3182 3709 3308 3778 quia
3357 3709 3473 3765 ista
3501 3712 3686 3768 amba:

2089 3791 2318 3848 virtutes
2358 3792 2741 3864 pulcherrima:
2785 3796 2887 3851 sibi
2917 3797 3148 3855 invicem
3179 3801 3496 3856 sociantur:
3548 3805 3688 3874 quia

2089 3899 2248 3955 quem
2307 3883 2589 3940 humilitas
2645 3896 3036 3955 mansuetum,
3085 3889 3383 3960 disciplina:
3437 3895 3686 3951 eruditio

2089 3974 2364 4044 componit
2400 3984 2456 4032 et
2487 3976 2617 4031 facit
2654 3975 2898 4043 doctum,
2937 3989 2992 4035 et
3020 3996 3178 4049 quem
3225 3983 3504 4040 humilitas
3527 3992 3688 4041 tran-

2088 4066 2313 4138 quillum
2336 4075 2391 4121 et
2410 4069 2616 4134 mitem,
2658 4070 2955 4142 disciplima
2975 4073 3208 4128 eruditio
3233 4072 3365 4128 facit
3383 4075 3684 4144 providum

2088 4166 2142 4213 et
2171 4159 2486 4229 sapientem.
2521 4160 2658 4228 Quia
2707 4164 2970 4234 scriptum
2999 4172 3081 4219 est
3115 4183 3128 4218 :
3166 4163 3446 4221 Neminem
3497 4167 3683 4240 diligit

2088 4249 2254 4315 Deus,
2281 4252 2381 4305 nisi
2411 4269 2528 4306 eum
2561 4256 2653 4325 qui
2675 4272 2794 4308 cum
2833 4258 3089 4327 sapientia
3125 4269 3484 4313 commoratur
3521 4259 3684 4331 (ευρ.

2086 4341 2210 4412 vn),
2242 4358 2464 4398 necesse
2490 4352 2573 4398 est
2615 4354 2673 4399 ut
2725 4346 3012 4402 humilitati
3057 4349 3343 4418 disciplina
3367 4350 3683 4422 jungatur;

2085 4433 2208 4503 quia
2226 4433 2456 4488 eruditio
2479 4435 2770 4505 disciplina:
2791 4445 2975 4492 custos
2995 4447 3076 4492 est
3112 4439 3458 4507 humilitatis,
3495 4425 3554 4496 et
3583 4443 3684 4498 hu-

2087 4523 2287 4578 militas
2315 4525 2636 4594 temperatio
2657 4534 2740 4582 est
2771 4527 3112 4583 eruditionis.
3153 4529 3414 4585 Evocatio
3444 4531 3676 4601 dicitur,

2085 4611 2301 4680 quando
2319 4613 2386 4667 ad
2414 4621 2686 4669 summum
2713 4615 2932 4679 bellum,
2982 4634 3087 4672 non
3111 4619 3290 4674 .solum
3321 4620 3548 4687 milites,
3574 4624 3679 4678 sed

2083 4693 2247 4756 etiam
2273 4706 2455 4760 caeteri
2487 4715 2778 4774 vocantur;
2814 4709 2966 4765 Unde
3021 4721 3075 4766 et
3119 4728 3349 4769 evocare
3377 4756 3397 4781 ,
3437 4718 3679 4774 educere

2084 4808 2180 4848 seu
2223 4811 2532 4865 provocare
2577 4799 2920 4870 intelligitur.
2950 4802 3105 4871 Quod
3134 4807 3356 4861 verbum
3383 4817 3511 4878 apte
3543 4811 3678 4867 satis

2083 4884 2185 4940 hoc
2208 4887 2262 4940 in
2281 4885 2399 4943 loco
2428 4897 2513 4944 est
2535 4891 2795 4960 positum,
2823 4893 2947 4962 quia
2979 4897 3119 4950 utad
3141 4897 3448 4954 bellandum
3479 4913 3678 4958 contra

2091 4977 2362 5034 diabolum
2417 4981 2700 5038 duodecim
2772 4988 3030 5056 gradibus
3089 4989 3414 5047 humilitatis
3474 4998 3674 5051 armati

2091 5069 2302 5128 fortiter
2329 5091 2741 5147 consurgamus,
2773 5082 3015 5148 quotidie
3043 5098 3073 5136 a
3101 5083 3332 5140 Domino
3355 5102 3671 5154 evocamur.

2089 5167 2372 5222 educimur
2407 5185 2471 5224 ac
2500 5186 2861 5240 provocamur
2909 5192 2921 5227 2
2954 5182 3008 5228 ut
3042 5175 3131 5232 illo
3155 5177 3292 5232 duce
3321 5178 3386 5232 de
3439 5180 3669 5234 victoria

2088 5259 2482 5329 triumphantes
2509 5262 2576 5316 ad
2599 5262 2857 5318 caelorum
2902 5281 3064 5336 regna
3111 5283 3216 5337 per
3252 5268 3534 5325 duodecim
3568 5271 3672 5324 hu-

2087 5348 2331 5404 militatis
2391 5351 2592 5421 gradus
2655 5355 3012 5412 ascendentes
3081 5360 3470 5428 perveniamus
3534 5375 3671 5431 gau—

2086 5439 2295 5494 dentes.

2482 5517 2553 5570 De
2579 5523 2734 5584 primo
2767 5524 3056 5576 humilitatis
3089 5528 3266 5588 gradu.

2157 5619 2368 5675 Primus
2415 5626 2589 5695 itaque
2635 5625 2948 5682 hutnilitatis
2995 5631 3191 5700 gradus
3217 5644 3313 5700 est,
3355 5634 3401 5686 si
3428 5634 3670 5686 timorem

2084 5712 2179 5766 Dei
2202 5714 2305 5768 sibi
2335 5725 2454 5771 ante
2479 5717 2652 5772 oculos
2682 5736 2881 5790 semper
2902 5739 3115 5792 ponens.
3150 5723 3340 5781 Merito
3361 5725 3503 5780 inter
3521 5723 3665 5778 duo~
