1996 3103
167 130 222 158 809

689 123 866 151 COMMEAT.
888 123 921 150 ΙΝ
941 122 1020 149 llEG.
1042 123 1070 149 S.
1091 121 1279 149 BENEDICTL

1751 119 1803 146 810

170 187 257 216 decim
267 184 319 212 istc
334 184 436 218 gradus
448 190 473 210 e:
483 181 513 209 in
529 181 671 218 dignitate,
689 185 716 208 ct
731 181 759 207 in
771 180 866 207 ordine
880 179 957 214 poni-
973 182 995 210 Α
1011 183 1143 206 temnunt.
1156 178 1240 206 Deum
1255 178 1327 205 enim
1340 177 1466 204 monachi
1490 181 1677 209 conletununt,
1693 178 1802 211 quando

172 240 217 261 tur
234 232 347 266 primus.
364 231 424 256 Ideo
439 230 541 264 primus
557 229 583 255 iti
606 229 711 259 ordine,
726 228 789 262 quia
805 227 909 262 primus
923 230 966 254 est

173 279 199 305 in
225 276 399 311 cogitatione,
426 275 452 300 in
473 274 553 300 corde
572 277 598 300 et
619 273 765 299 voluntate.
780 271 843 299 Ideo
864 271 966 305 primus

172 328 213 349 est
228 322 254 348 itt
272 321 413 355 dignitate,
429 320 491 353 quia
511 327 524 344 a
542 319 656 345 Domino
684 317 778 352 incipit
802 316 907 343 timere.
928 315 966 342 Dc

173 368 270 394 timore
284 366 354 392 enim
371 365 500 398 scriptum
514 368 555 390 est
572 373 578 389 :
602 364 712 389 Initium
732 362 868 397 sapientia!
888 362 968 388 timor

176 411 280 438 Domini
297 417 305 435 :
319 415 341 436 et
356 409 433 435 timur
450 408 554 434 Domini
568 407 708 441 disciplina
721 406 866 442 sapientia.
880 405 969 432 Timor

176 456 282 483 Domini
293 455 389 489 gloria,
406 460 428 480 ct
444 454 578 488 gloriatio,
591 459 613 479 et
628 453 764 485 ltrtitia,et
776 461 871 479 corona
882 451 969 479 exsul-

173 500 281 527 tationis
297 506 305 524 :
320 503 342 525 et
358 499 429 524 dubii
446 498 565 524 la‘titium
583 503 606 524 et
631 498 758 532 gaudium
779 498 807 524 in
828 496 970 532 longitudi-

177 554 234 572 nem
251 545 355 571 dierth
367 543 462 578 (lircli.
474 544 504 577 t).
516 543 578 569 Ηωο
592 543 683 570 omnia
697 543 811 575 Lona,et
822 542 873 569 alia
885 542 969 569 multa

179 590 233 617 illis
249 590 330 616 timor
343 589 449 615 Domini
464 589 639 620 ministrabit,
658 588 704 622 qui
718 587 791 614 illum
806 587 858 615 sibi
871 587 971 623 iugiter

178 639 243 661 ante
262 634 355 661 oculos
369 633 518 668 posuerint.
534 638 560 659 et
584 641 644 659 cum
670 634 750 659 beato
763 631 815 660 Job
827 633 968 660 dixerint:

182 681 265 714 Quasi
279 686 405 706 tumentes
417 681 514 711 [luctus
528 688 605 710 suptr
620 688 659 706 me
676 682 778 714 semper
788 679 864 706 timui
877 679 969 706 Denti-

179 735 254 757 num,
269 731 291 752 et
303 728 405 760 pondus
420 726 476 760 ejus
492 727 618 759 fcrrcnan
634 725 707 759 potui
722 725 783 760 (Job
798 725 883 759 xxxt).

217 772 376 799 Oblivionem
390 772 493 798 omnin
505 772 599 805 fugiat.
619 771 686 804 Quia
700 771 728 798 in
743 778 797 798 uno
818 770 907 798 cordis
923 770 972 797 ha-

180 819 298 846 bitaculo
313 827 364 845 non
378 823 467 853 potest
481 819 610 845 memoria
635 817 739 852 pariter
751 821 778 845 et
793 818 893 845 oblivio
907 818 972 845 reti-

1016 224 1109 252 abbati
1132 232 1182 251 suo
1204 223 1314 251 obedire
1340 227 1469 255 reuttunt,
1483 227 1510 250 et
1530 223 1597 250 dura
1618 223 1726 250 cervice
1739 224 1808 251 resi-

1017 275 1099 298 stunt.
1118 271 1155 298 De
1168 271 1295 298 omnibus
1306 270 1379 297 enim
1397 278 1412 296 a
1428 277 1457 297 se
1471 270 1561 297 missis
1584 270 1807 305 prmdicatoribus

1018 315 1148 342 Dominus
1163 316 1201 342 ait
1215 325 1221 341 :
1240 315 1292 347 Qui
1305 323 1348 341 vos
1369 315 1457 346 audit,
1474 322 1515 341 me
1528 314 1624 346 audit;
1648 319 1672 341 et
1696 316 1741 350 qui
1763 324 1807 342 eos

1017 361 1127 396 spernit,
1137 369 1178 387 me
1188 361 1285 396 spernit
1297 360 1373 396 (Luc.
1386 360 1425 395 ι).
1439 360 1493 387 Hos
1504 364 1593 387 autem
1605 365 1809 388 contemnentes

1018 410 1046 433 et
1057 406 1162 432 abbatis
1174 409 1308 440 praecepta
1318 405 1391 440 justa
1403 406 1592 440 despicientes,
1604 411 1678 433 recte.
1688 407 1808 441 grhenna

1019 451 1052 478 de
1067 451 1186 486 peccatis
1198 451 1327 483 incendit,
1340 451 1468 486 quoniam
1483 452 1597 478 evadere
1613 452 1774 486 potuissent,
1788 454 1810 480 si

1021 496 1126 523 Domini
1149 500 1176 523 et
1202 496 1307 523 abbatis
1331 496 1372 523 sui
1401 497 1544 531 prmia-ptis
1566 497 1810 532 obtemperassent.

1020 541 1103 575 Quasi
1116 542 1187 569 enim
1201 541 1271 577 ignis
1286 541 1367 576 ligna,
1384 541 1425 569 sic
1451 541 1573 577 gehetma
1598 542 1810 571 inobedientium

1021 589 1118 624 recipit
1130 593 1254 624 peccata.
1269 588 1303 615 Et
1314 589 1385 616 sicut
1399 589 1470 624 ignis
1493 589 1667 617 succenditur
1677 597 1709 617 ex
1720 589 1811 626 lignis,

1020 635 1061 662 sic
1074 635 1200 670 gelienna
1222 642 1237 661 a
1261 639 1479 670 contemptorum
1501 635 1548 662 Dei
1565 636 1739 664 succenditur
1750 644 1814 672 pec-

1021 680 1090 707 catis
1104 688 1112 706 :
1125 683 1156 706 ut
1166 687 1387 714 unumquemque
1398 680 1545 707 secundum
1554 681 1733 714 quantitatem
1748 689 1813 709 suo-

1023 732 1082 751 rum
1094 724 1198 751 cruciet
1208 724 1378 752 delictorum.
1394 724 1585 759 Unusquisque
1599 725 1672 752 enim
1682 730 1812 760 quantum

1022 768 1153 803 gebenute
1164 768 1362 795 ministraverit
1372 772 1496 803 peccata,
1504 772 1610 796 tantum
1621 769 1673 797 sibi
1685 771 1816 805 gehennte

1024 814 1094 848 ignis
1104 814 1224 841 incendit
1236 813 1383 841 ﬂammam.
1396 813 1533 847 Quantum
1546 816 1731 851 unusquisque
1753 825 1817 852 pec—

183 866 250 896 neri,
268 873 378 891 necesse
393 869 434 891 cst
459 869 515 890 uta
536 865 664 891 cordibus
684 864 785 891 nostris
807 863 972 891 oblivionem
987 866 1010 895 Β
1024 864 1148 886 calorum
1163 867 1254 886 secum
1266 861 1416 894 portaverit
1438 861 1520 897 ligna,
1537 868 1642 890 tantum
1657 864 1741 892 miser
1754 873 1817 892 cru—

182 912 316 945 pellamus
332 911 464 942 nocivum,
480 916 506 937 et
523 911 689 937 retineamus
715 911 876 938 memoriam
888 910 972 944 proﬁ—

182 964 273 984 cuatu.
289 956 354 983 Cum
372 956 443 982 enim
469 964 482 981 a
502 956 620 981 claustro
646 955 736 982 cordis
753 955 853 982 oblivio
868 955 975 990 fugatur

184 1004 322 1033 damnosa,
338 1006 401 1029 tunc
416 1002 441 1028 itt
456 1002 533 1028 nobis
548 1001 699 1040 fructifera
713 1001 821 1033 crescit,
836 1006 864 1028 et
877 1001 975 1028 redun-

186 1049 234 1075 dat
251 1048 391 1078 inemoria.
407 1056 466 1082 qua:
480 1048 557 1073 nobis
573 1052 636 1073 ante
648 1047 741 1075 oculos
761 1047 869 1080 utentis,
885 1051 912 1074 et
926 1047 976 1074 Do-

185 1096 251 1123 mitii
267 1100 399 1129 pratcepta
416 1095 473 1129 ejus
488 1094 603 1125 reducit,
620 1098 643 1120 cl
660 1094 795 1128 quomodo
819 1093 855 1121 illi
870 1094 977 1128 placea-

186 1150 257 1173 mus,
270 1146 296 1167 et
308 1140 365 1174 ejus
374 1144 507 1175 praecepta
516 1140 654 1166 custodire
671 1139 816 1174 possimus,
832 1139 976 1174 diligenter

188 1186 313 1220 inquirit,
328 1189 355 1212 et
370 1194 428 1219 qua:
442 1184 575 1216 facienda,
588 1189 614 1210 et
626 1191 685 1218 qua:
698 1192 751 1211 non
764 1183 886 1211 facienda
902 1188 975 1216 sunt,

190 1231 336 1266 vigilanter
349 1230 473 1256 intendit.
493 1229 560 1255 llinc
573 1228 727 1255 Iudaeorum
745 1228 871 1263 populum
888 1227 979 1255 Domi-

189 1284 240 1303 nus
256 1275 382 1302 admonet
400 1275 492 1301 dicens
509 1283 515 1300 :
533 1274 640 1301 Custodi
665 1275 745 1309 igitur
764 1275 941 1310 temetipsum,
954 1280 978 1302 et

186 1322 303 1348 animum
317 1326 387 1347 tuum
403 1321 522 1352 sol'iritr,
537 1326 559 1346 et
576 1329 607 1346 ne
629 1320 790 1347 obliviscaris
806 1320 909 1347 verbum
926 1320 979 1347 Do-

189 1367 264 1397 mini,
278 1372 300 1392 et
317 1375 347 1392 ne
363 1366 488 1392 excedunt
501 1366 531 1391 de
547 1365 623 1391 corde
638 1371 682 1391 tuo
695 1366 796 1393 cunctis
810 1365 901 1393 diebus
922 1365 979 1393 t‘t'lte

190 1418 242 1439 [μα’
257 1412 344 1447 (Deut.
364 1413 412 1446 iv).
430 1411 497 1437 llitic
518 1411 660 1438 l’salmistn
674 1411 712 1438 ait
729 1420 735 1438 :
752 1411 875 1443 Benedic,
889 1412 979 1439 anima

190 1465 259 1489 mea,
274 1457 394 1487 Domino,
418 1461 441 1483 et
469 1456 520 1482 noli
542 1456 657 1482 oblivisci
680 1464 767 1483 omnes
796 1457 979 1484 retributiones

189 1503 247 1537 ejus
264 1502 348 1537 (I’sttl.
369 1503 427 1537 cu).
447 1503 575 1529 Memoria
593 1503 697 1530 timetis
723 1502 830 1530 Domini
854 1503 921 1531 facit
933 1504 981 1531 lio-

1024 905 1142 933 ciabitur
1168 905 1195 932 in
1220 906 1352 940 gehenna.
1380 906 1413 933 Et
1427 911 1558 941 quantum
1582 909 1618 935 ibi
1642 914 1818 944 peccatorum

1024 957 1136 977 suorum
1150 951 1332 984 composuerit
1343 958 1481 984 acervum,
1505 957 1559 979 tam
1582 954 1713 989 grandem
1728 960 1756 982 et
1770 956 1820 982 (Ιιι-

1026 1003 1085 1022 rum
1110 994 1147 1021 ibi
1177 995 1297 1022 inveniet
1319 996 1480 1023 crueiatum.
1506 997 1540 1024 Et
1559 993 1610 1025 hoc
1626 999 1706 1027 modo
1720 1008 1818 1027 unum-

1025 1047 1162 1074 quemque
1190 1039 1223 1066 de
1249 1040 1366 1075 propriis
1393 1042 1514 1076 peccatis
1541 1043 1672 1078 gehennae
1698 1044 1821 1073 incendit

1027 1084 1107 1120 ignis.
1131 1084 1201 1112 Hinc
1222 1084 1319 1112 beatus
1332 1085 1450 1113 Isidorus
1463 1087 1611 1115 ait:Sicut
1633 1090 1822 1125 unusquisque

1027 1134 1143 1172 sanctus
1155 1130 1183 1157 in
1198 1130 1290 1157 futuro
1309 1130 1412 1166 judicio
1432 1139 1481 1167 pro
1506 1134 1659 1167 quantitate
1684 1134 1818 1162 virtutum

1027 1174 1239 1210 gloriﬁcabitur,
1253 1175 1291 1203 ita
1302 1181 1329 1203 et
1342 1176 1528 1212 unusquisque
1553 1179 1651 1213 impius
1669 1187 1719 1214 pro
1733 1188 1821 1215 quati-

1029 1221 1108 1248 litate
1117 1219 1269 1248 facinorum
1281 1222 1515 1250 condemnabitur.
1536 1223 1591 1251 Nec
1611 1224 1698 1252 deerit
1712 1225 1739 1252 in
1754 1233 1819 1261 sup-

1029 1266 1111 1301 plicio
1123 1265 1230 1294 futurus
1245 1267 1428 1295 damnationis
1451 1269 1529 1301 ordo,
1556 1270 1602 1297 sed
1613 1270 1690 1305 juxta
1704 1271 1820 1306 qualita~

1030 1315 1085 1338 tem
1096 1310 1240 1338 criminum
1250 1311 1377 1338 discretio
1391 1312 1442 1339 erit
1454 1320 1605 1348 ptenarum.
1631 1314 1699 1342 Hinc
1724 1315 1822 1343 beatus

1030 1355 1178 1390 Gregorius
1192 1357 1250 1384 ait:
1264 1356 1463 1392 Omnipotentis
1473 1358 1521 1385 Dei
1541 1359 1647 1394 iustitia
1670 1359 1823 1388 futurorum

1031 1405 1145 1439 prmscia
1160 1405 1194 1432 ab
1208 1405 1265 1440 ipsa
1282 1405 1374 1432 mundi
1386 1405 1490 1441 origine
1502 1407 1632 1441 gehennae
1645 1408 1735 1442 ignem
1747 1415 1825 1435 crea-

1033 1450 1080 1482 vit,
1094 1450 1179 1484 quiin
1190 1458 1270 1485 ptnna
1286 1451 1464 1486 reproborum
1488 1459 1548 1479 esse
1573 1453 1657 1480 semel
1680 1454 1825 1489 inciperet,

1031 1497 1079 1524 sed
1090 1493 1215 1529 ardorem
1225 1505 1304 1525 suurn
1317 1497 1399 1525 etiam
1410 1498 1468 1526 sine
1481 1498 1561 1534 lignis
1576 1507 1713 1534 nunquam
1723 1500 1825 1533 finiret,

192 1547 292 1573 minem
308 1551 426 1578 cautum,
444 1547 605 1578 modestum,
616 1547 731 1581 justum,
759 1552 866 1575 rectum
890 1553 918 1575 et
929 1548 980 1576 lio-
994 1550 1017 1582 C
1033 1543 1080 1571 Sed
1094 1548 1166 1571 esset
1178 1543 1285 1571 miseris
1297 1551 1372 1571 mors
1383 1544 1441 1571 Sine
1459 1549 1560 1577 Πιοῒιθν
1584 1545 1645 1573 ﬁnis
1670 1545 1728 1573 Sine
1753 1545 1825 1578 ﬁne.

191 1596 313 1624 nestum,
339 1592 423 1626 pium,
451 1592 608 1627 benignum,
637 1592 849 1625 misericordem,
866 1594 984 1628 pruden-

193 1642 256 1667 tem,
271 1637 408 1666 humilem,
423 1637 526 1668 milcm,
539 1637 657 1664 sobrittm
673 1641 700 1664 et
716 1638 743 1664 in
762 1638 890 1666 omnibus
899 1639 983 1667 actio-

193 1682 274 1708 nibus
289 1686 466 1716 temperatum
487 1687 513 1707 ct
536 1682 687 1716 providum.
700 1682 722 1709 Ε
734 1683 871 1710 contrario
884 1683 984 1711 mentis

193 1726 292 1753 oblivio
306 1726 370 1752 facit
386 1726 522 1753 hominem
547 1726 670 1757 stultum,
693 1726 841 1759 incautum,
857 1727 983 1755 insensil-

196 1780 263 1804 tum,
289 1772 401 1804 fatuum,
428 1772 619 1806 improvidum,
647 1771 786 1806 iujustum,
812 1770 982 1806 iniuriosum,

195 1816 366 1848 iracundum,
381 1816 510 1847 invidum,
533 1816 679 1849 impurum,
707 1815 851 1848 immitem,
871 1816 984 1843 inconti-

195 1867 313 1893 nentem,
344 1862 493 1893 irrisorem,
513 1862 703 1893 detrectarent,
728 1860 860 1893 inﬂatum,
888 1868 985 1896 super-
1015 1864 1025 1871 '

196 1908 269 1939 bum,
281 1907 391 1938 elatum,
408 1915 518 1938 vanum,
532 1911 557 1933 el
570 1907 596 1933 in
609 1906 734 1933 omnibus
746 1906 857 1933 omnino
872 1906 987 1934 actioni-

196 1953 247 1978 bus
267 1952 442 1987 depravatum
468 1953 616 1983 hominem,
641 1952 706 1979 facit
725 1956 753 1979 et
773 1952 913 1979 miserum.
927 1951 986 1980 Non

195 1998 268 2024 enim
282 1998 315 2024 ad
330 1998 486 2024 memoriam
499 1998 641 2024 Domiuutu
655 2006 733 2025 suum
746 2002 773 2025 et
786 2002 922 2034 praecepta
930 1998 988 2034 ejus

197 2042 318 2074 reducit;
334 2046 361 2069 et
374 2043 433 2069 illeo
449 2044 522 2069 velut
535 2051 622 2069 eti-eus
641 2047 668 2069 et
684 2050 780 2070 errans
798 2048 892 2078 peccat
904 2048 976 2078 etpe

198 2089 243 2115 rit.
261 2088 384 2121 Qualiter
401 2094 490 2115 autem
517 2090 573 2116 lucc
594 2089 693 2117 Oblivio
714 2088 832 2125 fugiatur
846 2091 988 2123 damnosa,

199 2133 261 2160 audi
273 2134 412 2168 sequentia
428 2143 434 2161 :

236 2178 269 2205 Et
281 2187 382 2212 semper
395 2179 429 2205 sit
445 2187 542 2205 memor
553 2180 669 2205 omnium
689 2188 748 2215 quw
770 2181 892 2215 prwcepit
906 2181 987 2208 Deus.

1034 1589 1154 1617 defectus
1169 1589 1228 1617 sine
1241 1588 1363 1621 defectu;
1384 1590 1448 1624 quia
1474 1594 1502 1617 et
1523 1598 1597 1618 mors
1621 1591 1700 1624 vivit,
1722 1595 1750 1619 et
1765 1592 1827 1620 finis

1034 1642 1141 1670 semper
1152 1634 1256 1670 incipit,
1279 1639 1307 1662 et
1325 1635 1440 1662 deficere
1461 1635 1583 1664 defectus
1596 1637 1697 1670 nescit;
1713 1642 1741 1665 et
1753 1646 1829 1666 mors

1034 1680 1143 1713 premit,
1160 1684 1186 1708 et
1210 1688 1263 1707 non
1276 1681 1440 1716 exstinguit;
1454 1681 1531 1709 dolor
1546 1683 1659 1716 cruciat,
1676 1684 1723 1711 sed
1739 1684 1827 1712 nulla-

1034 1729 1114 1752 tenus
1128 1732 1255 1760 pavorem
1271 1724 1355 1760 fugat,
1379 1724 1485 1752 llamma
1501 1726 1647 1760 comburit,
1663 1728 1710 1756 sed
1722 1736 1826 1764 nequa-

1037 1779 1118 1806 quam
1129 1772 1256 1799 tenebras
1268 1771 1370 1799 decutit

1070 1817 1104 1844 Et
1116 1817 1196 1844 vitam
1205 1822 1340 1850 teternam,
1352 1825 1410 1853 qua:
1422 1818 1570 1845 timentibus
1579 1818 1664 1846 Deum
1674 1825 1829 1855 pra-parata

1035 1867 1084 1895 est,
1098 1863 1186 1890 animo
1210 1871 1257 1889 suo
1271 1871 1371 1898 semper
1385 1862 1496 1891 evolvat.
1514 1864 1543 1891 id
1558 1868 1610 1897 est,
1631 1863 1684 1892 hoc
1698 1864 1726 1892 in
1748 1866 1830 1893 corde

1036 1915 1086 1935 suo
1096 1914 1203 1942 semper
1213 1907 1328 1939 evolvat,
1345 1908 1417 1942 quod
1431 1908 1464 1936 de
1483 1909 1719 1937 contemnentibus
1744 1910 1829 1937 Deum

1038 1952 1157 1980 dicitur:
1174 1952 1254 1980 Ibunt
1266 1953 1339 1988 impii
1353 1954 1382 1981 in
1395 1954 1552 1989 supplicium
1575 1960 1701 1982 wternum
1718 1954 1828 1990 (Matth.

1038 1998 1112 2033 xxv).
1126 1999 1163 2025 De
1175 1998 1333 2026 timentibus
1347 1999 1431 2025 Deum
1443 2007 1450 2025 :
1461 1998 1479 2025 J
1482 1999 1532 2025 usti
1547 2007 1606 2026 vero
1617 2000 1645 2026 in
1660 2001 1738 2027 vitam
1753 2006 1830 2027 a'tcr-

1039 2053 1100 2072 nam
1116 2044 1227 2081 (Ibid);
1244 2046 1289 2072 ubi
1312 2049 1355 2073 est
1376 2045 1462 2081 gloria
1481 2046 1657 2081 sempiterna,
1685 2047 1830 2076 exsultatio

1039 2098 1146 2124 magna,
1158 2098 1258 2117 corona
1271 2090 1417 2118 virtutibus
1439 2090 1544 2124 ﬂorida,
1564 2090 1673 2118 claritas
1683 2091 1742 2119 veri
1759 2091 1830 2120 Solis

1041 2135 1237 2163 illuminatione
1252 2135 1364 2171 fulgida,
1379 2136 1512 2164 habitatio
1535 2136 1655 2164 omnium
1673 2141 1829 2164 sanctorum

1041 2181 1136 2213 solida,
1153 2185 1254 2209 :eterna
1278 2185 1305 2209 et
1328 2189 1436 2217 semper
1462 2189 1623 2217 permanens
1639 2183 1747 2211 bonitas
1763 2188 1828 2210 tota.

200 2223 275 2251 Tunc
287 2224 358 2250 enim
371 2224 499 2251 memoria
512 2229 707 2258 praeceptorum
715 2224 763 2252 Dei
777 2226 875 2253 animat
886 2226 989 2260 pratbet
1000 2225 1027 2254 D
1040 2227 1080 2254 Ad
1094 2234 1174 2262 quam
1189 2227 1233 2262 qui
1246 2227 1377 2255 bonorum
1397 2235 1510 2263 operum
1535 2229 1681 2257 virtutibus
1696 2229 1755 2256 fulti
1768 2237 1831 2264 per-

200 2267 327 2299 salutem,
344 2269 450 2302 quatqu
460 2276 503 2299 ea,
518 2276 577 2302 quae
590 2269 695 2296 Domini
704 2271 846 2304 prteceptis
856 2271 990 2305 sagaciter

202 2318 406 2346 memorantur,
442 2315 468 2340 in
492 2319 582 2341 mente
605 2314 749 2342 cllicaciter
772 2316 941 2350 complentur
963 2317 990 2344 in

200 2367 294 2394 opere.
309 2360 414 2386 Domini
430 2360 501 2387 enim
514 2365 673 2392 memorata,
694 2366 722 2388 et
738 2369 790 2388 non
802 2362 910 2396 impleta
923 2370 991 2396 prin-

201 2410 290 2440 cepta,
318 2405 519 2432 damnationem
542 2407 626 2441 magis
652 2406 748 2433 animai
774 2415 855 2441 quam
877 2408 992 2435 salutem

205 2452 400 2479 demonstrant.
425 2451 568 2479 Metnorata
590 2460 664 2484 vero,
679 2456 706 2479 et
723 2453 851 2487 operibus
865 2460 992 2480 consum-

205 2506 279 2527 mata
295 2508 309 2527 a
323 2500 484 2527 facientibus
495 2500 588 2535 procul
605 2500 738 2535 repellunt
751 2505 872 2536 peccata,
890 2506 917 2528 et
930 2509 992 2536 per—

203 2547 390 2573 severantibus
406 2546 520 2573 salutem
534 2547 699 2578 continuam,
714 2550 740 2573 et
759 2547 869 2583 praemia
882 2547 994 2581 promit-

205 2595 265 2619 tunt
276 2596 385 2619 aeterna.
401 2591 535 2619 Tribuunt
558 2591 720 2619 facientibus
742 2592 865 2627 gloriam,
887 2600 940 2619 non
955 2592 993 2618 fa-

204 2638 339 2664 cientibus
351 2642 440 2665 autem
454 2638 603 2672 gehennam
616 2637 753 2665 minantur
766 2641 905 2670 tuternam,
923 2638 994 2665 unde

204 2687 233 2709 et
246 2683 367 2717 sequitur
380 2692 386 2710 :

245 2727 278 2754 Et
292 2728 404 2763 qualiter
418 2733 609 2756 contemnentes
632 2729 727 2761 Deum,
751 2729 778 2755 in
791 2729 934 2763 gehennam
946 2737 994 2763 pro

204 2775 317 2809 peccatis
338 2775 468 2801 incidunt.
495 2774 706 2802 Contemnentcs
729 2774 800 2801 enim
813 2774 931 2808 suntqui
946 2781 994 2800 au-

205 2819 283 2845 diunt
297 2824 432 2854 prmcepta
453 2819 562 2853 quidem
585 2819 701 2850 Domini,
727 2819 773 2846 sed
797 2819 906 2846 obedire
929 2826 993 2845 con-

331 2867 466 2896 Prrnot.
491 2866 556 2897 Cll.

1041 2273 1175 2306 venerint,
1191 2274 1279 2301 beatis
1292 2273 1395 2308 angelis
1407 2274 1509 2303 similes
1530 2279 1620 2308 erunt,
1635 2279 1662 2302 et
1675 2276 1754 2303 simul
1769 2284 1831 2303 cum

1041 2318 1097 2346 Deo
1110 2326 1159 2346 suo
1175 2319 1267 2346 felices
1282 2319 1446 2355 gaudebunt,
1463 2324 1491 2348 et
1503 2321 1530 2348 in
1550 2325 1680 2356 perpetuo
1699 2321 1758 2349 sine
1780 2321 1832 2348 fine

1042 2364 1201 2399 regnabunt.

1078 2410 1112 2436 Et
1128 2410 1274 2437 custodiens
1287 2419 1315 2437 se
1329 2411 1400 2437 omni
1415 2411 1479 2438 liora
1494 2420 1509 2438 α
1522 2412 1635 2447 peccatis
1659 2417 1682 2439 et
1698 2412 1778 2445 vitiis,
1804 2412 1832 2439 id

1043 2460 1080 2482 est
1092 2455 1288 2490 cogitationum,
1304 2455 1412 2490 [ἰηςμιίυ⁷
1427 2456 1572 2488 oculorum,
1581 2458 1830 2492 manuum,pedum,

1044 2499 1081 2526 vel
1097 2499 1237 2526 voluntatis
1260 2500 1382 2534 propriw.
1405 2499 1480 2532 Quod
1494 2499 1560 2527 dicit
1580 2509 1594 2527 a
1612 2502 1730 2536 peccatis
1743 2507 1833 2529 custo-

1044 2546 1102 2572 dire
1116 2553 1145 2572 se
1159 2546 1231 2572 omni
1245 2546 1323 2577 hom,
1349 2546 1509 2572 subauditur
1539 2546 1573 2572 ab
1595 2547 1721 2575 omnibus
1742 2547 1833 2582 pravis

1044 2591 1180 2625 operibus,
1198 2599 1257 2625 quae
1273 2591 1340 2618 fiunt
1357 2591 1529 2626 cogitatione,
1545 2591 1679 2619 locutione
1696 2596 1723 2619 et
1740 2599 1831 2626 opere.

1045 2637 1122 2664 Unde
1133 2637 1178 2664 hic
1193 2641 1254 2671 apte
1264 2638 1353 2671 posuit
1367 2638 1682 2673 cogitationum,linyutr,
1696 2645 1831 2668 manuum,

1045 2683 1210 2718 pedum.etc.
1223 2683 1284 2710 istis
1298 2683 1437 2711 fomitibus
1450 2685 1525 2718 quasi
1537 2684 1696 2719 quibusdam
1705 2683 1834 2717 gradibus

1046 2729 1171 2756 coalescit
1185 2737 1264 2756 omne
1282 2735 1433 2764 peccatum.
1459 2731 1592 2765 Cogitatio
1614 2736 1729 2763 namque
1749 2736 1834 2764 prava

1046 2773 1253 2801 delectationem
1268 2775 1351 2809 parit,
1363 2775 1507 2803 delectatio
1533 2781 1706 2805 consensum,
1724 2774 1836 2801 consen-

1047 2827 1093 2846 sus
1106 2820 1249 2852 actionem,
1267 2824 1338 2848 actio
1353 2820 1584 2848 consuetudinem,
1607 2820 1773 2846 consuetudo
1790 2828 1835 2847 ue—

1559 2865 1598 2893 Li}
