3992 6206
413 304 508 359 εει

1695 291 2048 353 SMARAGDI
2085 291 2373 348 ABBATIS

3581 291 3684 349 812

413 425 754 483 eessitatcm:
780 420 864 476 his
891 432 1017 488 ergo
1032 415 1262 485 vinculis
1285 413 1768 480 hmnoimpiicnltts
1787 424 1980 467 catena
2010 410 2059 468 Α
2084 409 2268 462 oculos
2289 409 2484 477 aliquis
2515 415 2690 476 potest
2711 408 2944 461 evadere
2977 406 3208 461 dir-cutis
3239 424 3254 460 :
3285 405 3398 476 Ego
3423 407 3564 462 Deus
3592 426 3686 479 ap-

414 520 670 573 vitiorum
722 522 936 568 tenetur
975 509 1250 569 astrictus,
1285 507 1358 560 ita
1391 513 1450 559 ut
1479 504 1548 558 ab
1598 521 1663 559 ea
1705 507 1858 559 evelli
1889 523 1995 560 non

416 609 614 673 valeat,
638 605 740 660 nisi
769 603 951 656 divina
998 599 1176 667 gratia
1193 613 1414 650 manum
1436 597 1669 666 jacentis
1693 597 1998 667 apprehen-

419 701 534 756 dat.
579 697 670 752 Sic
716 707 845 764 ergo
886 691 1033 744 omni
1076 702 1305 758 corpore
1329 697 1544 756 Oportet
1576 703 1673 740 nos
1696 696 1906 756 aptare,
1943 696 2002 741 ut

419 785 664 844 Creatori
683 791 874 840 nostro
898 779 1026 834 totis
1054 780 1422 833 membrorum
1451 777 1657 831 viribus
1681 777 2000 845 obsequium

417 877 692 930 valeamus
714 872 982 942 praebere.
1008 867 1160 921 Tunc
1185 866 1331 920 enim
1379 863 1567 919 oculus
1617 865 1727 918 Deo
1777 873 2002 933 praestat

420 965 760 1037 obsequium,
791 977 914 1016 cum
947 959 1124 1028 turpia
1150 957 1384 1012 declinat
1429 955 1689 1025 aspicere.
1722 955 1874 1009 Tune
1901 954 2004 1008 liu-

421 1076 526 1129 gua
577 1056 875 1114 merebitur
911 1051 1218 1123 praemium,
1266 1049 1484 1120 quando
1523 1045 2003 1120 benedictionibus

420 1158 736 1223 occupatur.
762 1147 915 1202 Tunc
938 1144 1156 1199 auditus
1197 1140 1427 1212 placebit
1471 1139 1605 1202 Deo,
1634 1138 1680 1192 si
1708 1135 2003 1191 detractio-

419 1247 580 1300 nibus
601 1257 710 1298 non
733 1241 1044 1296 misceatur.
1071 1237 1136 1290 Et
1160 1235 1326 1304 pedes
1369 1232 1592 1287 laudare
1627 1231 1798 1285 Deum
1843 1236 2002 1299 pote-

423 1343 572 1400 runt,
600 1333 647 1389 si
669 1345 889 1388 cursum
911 1343 1068 1384 suum
1093 1328 1166 1382 ab
1180 1326 1328 1380 omni
1341 1324 1551 1378 malitia
1577 1337 1833 1378 revocare
1853 1320 2004 1376 testi-

424 1434 575 1480 nent.
629 1424 698 1478 Et
747 1435 938 1476 manus
962 1419 1312 1480 benedicunt,
1341 1417 1390 1472 si
1426 1415 1632 1485 rapinis
1661 1413 2006 1468 renuntiave-

424 1523 554 1586 rint,
573 1527 632 1576 et
659 1519 724 1573 ad
757 1513 1184 1575 nﬁscricordiam
1221 1510 1675 1581 prapa-raverint.
1702 1507 1853 1574 Quod
1875 1519 2006 1560 vero

425 1612 557 1666 dicit
579 1608 854 1665 custodire
883 1621 945 1660 se
967 1620 1001 1658 a
1029 1602 1199 1665 vitiis,
1217 1601 1540 1656 subauditur
1567 1616 1597 1652 a
1625 1605 1832 1668 septem
1855 1596 2006 1666 prin-

426 1699 711 1771 cipalibus,
739 1697 791 1750 id
815 1703 917 1759 est,
939 1711 968 1747 a
998 1692 1144 1763 gula,
1192 1690 1575 1754 fornicatione,
1611 1686 1872 1751 avaritia,
1897 1686 2005 1751 ira,

429 1791 673 1856 tristitia,
710 1788 914 1848 acedia,
964 1799 1104 1839 vana
1157 1782 1350 1852 gloria,
1381 1791 1436 1836 et
1479 1780 1547 1834 ab
1583 1788 1776 1850 octava
1813 1791 2005 1831 eorum

427 1883 695 1955 genitricc
742 1877 1018 1949 superbia,
1048 1883 1103 1930 et
1148 1875 1218 1928 ab
1252 1873 1504 1928 omnibus
1537 1885 1763 1941 prorsus
1789 1869 2003 1924 illorum

427 1954 639 2024 nocivis.
681 1961 1022 2026 ramusculis,
1063 1959 1156 2029 qui
1203 1958 1360 2027 quasi
1406 1964 1683 2012 venenatae
1720 1954 1934 2010 moles
1973 1970 2006 2008 a

425 2056 707 2115 venenatis
734 2059 1030 2109 nascuntur
1050 2048 1394 2119 parentibus,
1433 2061 1664 2116 quorum
1693 2045 1784 2100 hic
1804 2043 2008 2100 catalo-

406 2129 553 2223 ‘gum
579 2157 901 2203 enumerare
927 2140 1090 2196 nimis
1117 2146 1204 2193 est
1230 2138 1472 2208 longum.
1502 2137 1636 2189 Nam
1668 2135 1720 2188 in
1753 2133 2011 2189 cordibus

427 2241 779 2315 reprobamus
795 2237 1027 2294 invicem
1042 2233 1146 2288 sibi
1164 2232 1439 2302 catalogus
1457 2229 1704 2284 succedit
1723 2227 2004 2291 vitiorum,

425 2343 488 2387 ut
509 2333 638 2387 dum
658 2345 825 2385 unum
847 2327 1065 2391 abierit,
1083 2325 1341 2380 succedat
1363 2322 1530 2387 aliud,
1550 2320 1704 2389 juxta
1729 2321 2005 2390 prophetae

428 2418 815 2483 testimonium,
845 2416 935 2486 qui
959 2415 1037 2469 ait
1068 2433 1082 2469 :
1109 2413 1402 2483 Residuum
1447 2428 1618 2466 eruere
1659 2409 1882 2464 comedit
1925 2408 2006 2463 lo-

427 2520 598 2576 custa,
626 2519 674 2564 et
705 2506 969 2563 residuum
1000 2506 1215 2559 locusta:
1261 2501 1482 2556 comedit
1525 2500 1777 2564 limbus,
1795 2509 1850 2552 et
1877 2498 2009 2552 resi-

430 2605 594 2658 duum
615 2599 798 2656 bruclti
821 2598 1040 2655 comedit
1072 2595 1253 2664 rubigo
1295 2591 1455 2665 (Joel.
1503 2591 1571 2664 ι),
1592 2600 1703 2646 etc.
1727 2590 1872 2644 Hinc
1906 2590 2007 2643 ite-

429 2708 546 2747 rum
569 2705 669 2762 per
695 2689 1018 2760 prophetam
1031 2685 1229 2741 dicitur
1251 2703 1266 2740 :
1287 2681 1484 2739 Omnes
1499 2683 1833 2753 cognationes
1849 2691 2006 2734 terre

428 2783 494 2836 ab
520 2778 763 2851 aquilone
788 2776 1012 2840 venient,
1057 2783 1105 2838 et
1159 2782 1357 2844 ponent
1407 2773 1766 2844 unusquisque
1813 2773 2008 2827 solium

430 2887 580 2926 suum
605 2870 661 2925 in
690 2868 963 2924 introitum
1005 2853 1278 2936 portarunt
1321 2862 1658 2918 Hierusalem
1689 2861 1912 2934 (larem.
1941 2864 2012 2934 I).

431 2963 610 3032 ltcgna
632 2956 901 3028 aquilonis
921 2955 1051 3009 vitia
1077 2961 1204 3008 sunt
1224 2967 1344 3022 qua:
1368 2951 1422 3006 in
1451 2952 1584 3020 ipsis
1599 2953 1799 3020 portis,
1822 2951 1874 3004 id
1898 2961 2010 3017 est,

2099 498 2429 566 proximans,
2453 506 2500 550 et
2528 513 2632 551 non
2664 495 2801 550 Deus
2842 496 2906 548 de
2948 496 3254 566 longinquo.
3306 495 3367 551 Si
3403 498 3691 555 noscamus

2099 587 2261 656 fuerit
2306 587 2460 641 homo
2488 587 2545 640 in
2585 586 2924 651 absconditis,
2973 603 3094 656 ergo
3149 603 3252 639 non
3308 586 3489 639 videbo
3531 592 3691 644 eum?

2103 676 2293 731 Nonne
2322 677 2507 731 caelum
2553 686 2602 731 et
2653 686 2848 730 terram
2878 693 2972 746 ego
2999 675 3190 746 impleo
3222 677 3441 747 (Jcrent.
3492 680 3689 751 xxm)?

2103 765 2238 820 Hinc
2260 766 2548 822 Psalmista
2585 767 2665 820 ait
2701 784 2714 819 :
2751 763 2906 819 Oculi
2955 765 3169 818 Domini
3207 781 3365 835 super
3396 767 3594 836 justas,
3641 781 3690 823 et

2101 874 2255 912 aures
2275 859 2394 929 ejus
2421 861 2475 912 in
2495 869 2674 930 preces
2697 873 2879 912 eorum
2903 855 3078 929 (Psal.
3093 856 3308 928 xum).
3325 857 3478 924 Quod
3505 869 3686 915 autem

2103 951 2266 1016 dicit,
2301 959 2356 1006 et
2393 952 2463 1005 ab
2507 950 2711 1022 angelis
2765 949 2913 1004 omni
2967 949 3102 1003 hora
3149 949 3473 1013 renuntiari,
3504 950 3693 1004 abillo

2103 1043 2224 1097 loco
2275 1041 2614 1111 intelligitur,
2649 1041 2742 1095 ubi
2787 1039 3009 1111 angelus
3043 1039 3230 1094 Tobizn
3261 1040 3433 1095 dixit:
3465 1041 3688 1106 Quando

2103 1132 2296 1187 arabas
2318 1147 2438 1184 cum
2458 1131 2730 1200 lacrymis,
2759 1137 2810 1182 et
2832 1127 3115 1199 sepeliebas
3133 1138 3388 1193 mort-uos,
3411 1145 3505 1199 ego
3527 1128 3694 1182 obtuli

2105 1229 2374 1283 orationes
2403 1239 2521 1280 tuas
2568 1227 2795 1280 Domino
2827 1224 2980 1296 (Tob.
3035 1223 3156 1297 xu).
3196 1223 3302 1279 Sed
3351 1236 3405 1278 et
3433 1225 3698 1280 Dominus

2105 1332 2226 1372 cum
2259 1318 2316 1370 in
2358 1316 2646 1385 Evangelio
2678 1315 2906 1369 dixisset
2937 1328 2952 1368 :
2987 1313 3298 1385 Quicunque
3342 1314 3690 1369 humiliauet‘it

2104 1425 2178 1474 se,
2197 1408 2332 1462 sicut
2355 1408 2608 1478 parvulus
2634 1408 2754 1472 iste,
2776 1406 2858 1459 hic
2878 1416 2952 1460 est
2976 1406 3152 1474 major
3170 1407 3224 1459 in
3251 1422 3405 1476 regno
3423 1405 3697 1471 caelorum,

2104 1512 2151 1556 et
2174 1503 2262 1572 qui
2289 1501 2570 1571 susceperit
2594 1516 2754 1552 unum
2771 1496 3046 1567 parvulum
3065 1495 3222 1550 talem
3244 1497 3298 1550 in
3327 1497 3536 1551 nomine
3557 1514 3670 1551 meo

2103 1610 2186 1647 ine
2211 1595 2432 1664 suscipit
2460 1592 2679 1664 (Matth.
2721 1589 2898 1661 xvm),
2929 1597 3054 1660 post
3105 1588 3383 1659 paululum
3441 1589 3648 1644 addidit
3676 1604 3693 1642 :

2121 1681 2295 1737 Videte
2323 1700 2385 1737 ne
2412 1682 2754 1736 contemnatis
2781 1698 2945 1734 unum
2969 1697 3035 1734 ex
3051 1682 3133 1734 his
3155 1680 3380 1752 pusillis.
3400 1680 3533 1735 Dico
3555 1684 3698 1735 enin.

2105 1774 2247 1828 vobis
2283 1787 2302 1825 :
2330 1774 2456 1844 quia
2487 1773 2660 1842 angeli
2682 1788 2863 1826 eorum
2893 1771 2948 1824 in
2978 1770 3118 1825 caelis
3159 1787 3363 1841 semper
3405 1771 3583 1824 uident
3612 1771 3705 1840 fa-

2107 1869 2236 1922 ciem
2255 1865 2452 1920 Patris.
2469 1865 2659 1936 Hagna
2681 1865 2913 1936 dignitas
2932 1865 3258 1928 animarum,
3275 1872 3334 1918 ut
3354 1879 3704 1932 unaquchue

2105 1962 2285 2016 anima
2319 1959 2518 2014 habeat
2549 1959 2617 2013 ab
2643 1968 2764 2012 ortu
2793 1957 3092 2012 nativitatis
3122 1957 3176 2011 in
3209 1955 3506 2010 custodiam
3537 1968 3706 2010 suam

2106 2053 2356 2123 angelum
2380 2051 2704 2122 delegatum,
2741 2057 2804 2104 ut
2821 2058 2878 2104 et
2902 2048 3046 2102 illam
3071 2047 3364 2111 custodiat,
3389 2061 3459 2101 ne
3479 2057 3709 2118 peccet,

2107 2151 2163 2200 et
2187 2159 2307 2213 quae
2331 2144 2471 2198 bona
2500 2141 2712 2207 fecerit,
2744 2141 2853 2195 Deo
2880 2141 3135 2195 nuntiare
3166 2153 3274 2194 non
3305 2148 3502 2194 cesset.

2176 2233 2513 2287 Demonstrat
2541 2232 2687 2285 nobis
2713 2231 2809 2284 hoc
2848 2228 3136 2300 Propheta,
3185 2246 3302 2283 cum
3333 2229 3389 2282 in
3419 2229 3707 2299 cogitatio-

2103 2326 2257 2381 nibus
2307 2326 2499 2379 nostris
2541 2323 2618 2377 ita
2662 2323 2831 2377 Deum
2876 2335 3081 2391 semper
3103 2329 3411 2391 prasentent
3443 2321 3710 2383 ostendit,

2101 2417 2284 2471 dicens
2307 2430 2326 2468 :
2357 2413 2615 2470 Seruium
2629 2413 2793 2467 corda
2818 2423 2868 2466 et
2891 2428 3037 2466 renes
3061 2411 3200 2465 Deus
3229 2409 3401 2479 (Psal.
3424 2410 3548 2479 vn).
3570 2409 3709 2465 Ha-c

2104 2509 2323 2578 propria
2358 2507 2554 2569 virtus,
2581 2512 2640 2558 ut
2667 2503 3024 2559 Cassiodorus
3049 2503 3144 2557 ait.
3191 2501 3358 2556 solius
3383 2501 3481 2555 Dei
3505 2509 3611 2564 est,
3650 2511 3710 2555 et

2097 2598 2272 2652 corda
2299 2603 2483 2650 nostra
2507 2595 2796 2655 discutere,
2831 2601 2887 2647 et
2915 2592 3079 2646 animi
3113 2591 3287 2648 nostri
3338 2590 3580 2662 vigorem
3603 2607 3710 2662 po-

2109 2689 2280 2744 tentia
2316 2700 2429 2741 sute
2455 2686 2592 2741 licia
2621 2691 2930 2754 penetrare.
2963 2683 3098 2736 Nam
3151 2682 3279 2736 licet
3322 2680 3481 2737 nobis
3526 2681 3717 2735 multo

2107 2779 2368 2835 celsiores
2387 2777 2499 2832 sint
2521 2783 2820 2847 potestates
2850 2774 3135 2839 caelorum,
3176 2773 3319 2829 nulli
3340 2782 3518 2829 tamen
3547 2788 3712 2828 crea—

2109 2882 2354 2927 terarum
2381 2871 2569 2925 datum
2605 2876 2691 2924 est
2722 2867 3109 2938 cogitationum
3157 2875 3467 2922 nostrarum
3491 2865 3709 2936 plenis-

2106 2963 2246 3018 sime
2289 2969 2505 3017 secreta
2527 2973 2879 3030 cognoscere.
2924 2956 3186 3026 Agnoscit
3217 2964 3428 3011 tantum
3451 2954 3716 3027 perfecte

430 3055 485 3109 in
507 3051 639 3122 ipsis
659 3049 908 3106 sensibus
931 3047 1124 3100 animle
1152 3051 1398 3115 regnant.
1417 3041 1605 3112 Neque
1625 3043 1768 3097 enim
1792 3043 2009 3097 aliunde
2037 3103 2077 3122 η
2110 3054 2166 3109 ί-ιι
2198 3054 2361 3109 "om,
2382 3053 2528 3108 ωιυε
2556 3053 2693 3122 ᾕρεε,
2725 3051 2816 3120 qui
2840 3048 3065 3120 iudicat,
3118 3049 3239 3120 [pse
3290 3057 3474 3104 autem
3520 3049 3661 3104 dicit
3690 3063 3710 3102 ε

430 3158 736 3213 peccamus,
757 3141 860 3194 nisi
891 3139 1144 3202 videndo,
1180 3135 1468 3200 audiendo,
1518 3137 1883 3201 attractaudo,
1911 3153 2010 3206 gu-

429 3233 647 3296 stando,
677 3241 837 3298 atque
867 3227 1155 3297 tangendo.
1188 3225 1344 3280 Unde
1370 3232 1425 3279 et
1464 3224 1601 3280 alias
1639 3224 1844 3280 dicitur
1872 3243 1885 3279 :
1917 3225 2012 3281 Its-

430 3324 584 3377 lrauil
635 3312 780 3373 mors
801 3335 893 3388 per
919 3317 1177 3386 fenestras
1203 3326 1402 3369 vestras
1443 3314 1666 3386 (Jerem.
1707 3313 1806 3388 lx).
1852 3314 2009 3382 Quod

430 3428 558 3467 vero
583 3411 732 3475 dicit,
764 3409 846 3463 vel
869 3407 1161 3463 voluntatis
1184 3405 1418 3476 propria:
1459 3405 1800 3472 subauditur,
1826 3416 2010 3462 custo-

433 3504 544 3556 diat
569 3516 625 3556 se
647 3517 676 3554 a
705 3499 946 3570 peccatis
973 3504 1026 3552 et
1057 3496 1203 3550 vitiis
1229 3497 1469 3566 propriae
1493 3495 1810 3551 voluntatis.

503 3589 608 3645 Sed
631 3599 677 3644 et
703 3587 961 3643 desideria
985 3587 1158 3640 carnis
1183 3594 1456 3655 amputare
1481 3583 1710 3654 festinet.
1745 3584 2008 3640 Subaudi-

430 3695 516 3739 tur
557 3699 662 3738 non
709 3682 1004 3738 delectetur
1026 3679 1270 3748 implere.
1308 3677 1457 3746 Quid
1507 3678 1654 3733 enim
1684 3679 1737 3733 in
1765 3678 1865 3734 hac
1898 3679 2005 3734 vita

433 3774 778 3838 laboriosius,
799 3788 959 3840 quam
985 3766 1594 3845 carnalibus'desideriis
1611 3770 1878 3833 aestuare?
1901 3771 2008 3824 Aut

430 3864 560 3936 quid
610 3863 699 3917 hic
739 3861 1001 3920 securius,
1053 3875 1213 3930 quam
1263 3858 1530 3914 desideria
1558 3861 1741 3915 carnis
1774 3875 1880 3916 non
1907 3861 2008 3916 im-

431 3957 606 4029 plere,
626 3966 680 4010 ct
705 3953 884 4010 saeculi
914 3951 1073 4022 huius
1103 3951 1236 4006 nihil
1259 3959 1532 4021 appetere.
1566 3951 1666 4018 Qui
1685 3952 1838 4006 enim
1863 3953 2006 4008 hanc

435 4049 696 4105 mundum
718 4046 970 4118 diligunt,
995 4053 1050 4100 et
1095 4044 1359 4100 desideria
1415 4044 1597 4100 carnis
1627 4043 1850 4114 implere
1879 4058 2011 4099 con-

433 4141 682 4206 tendunt,
712 4154 742 4192 a
769 4136 1092 4194 turbulentis
1114 4134 1298 4190 saeculi
1318 4132 2010 4205 sollicitudinibuscontur-

434 4225 648 4285 bantur.
677 4229 780 4296 Qui
801 4237 987 4284 autem
1004 4229 1078 4281 ita
1108 4225 1236 4282 huic
1256 4225 1458 4281 mundo
1480 4226 1805 4290 moriuntur,
1827 4234 1886 4279 ut
1907 4225 2013 4280 soli

431 4323 542 4379 Deo
563 4323 748 4378 vivere
768 4321 1124 4386 delectentur,
1145 4318 1342 4374 futura:
1365 4319 1516 4388 pacis
1545 4319 1810 4389 requiem,
1843 4334 2008 4389 quam

430 4411 556 4470 illuc
583 4419 916 4482 exspectant,
952 4411 1042 4469 hic
1081 4410 1476 4480 quodammodo
1522 4411 1725 4466 habere
1759 4407 1874 4478 jam
1914 4409 2006 4463 in-

429 4507 646 4560 choant.
683 4503 824 4571 Ergo
849 4510 960 4557 tam
1001 4509 1419 4574 perseveranter
1465 4501 1749 4556 intendere
1791 4507 2007 4571 oportet

430 4595 672 4650 animum
718 4601 961 4649 nostrum
989 4593 1196 4647 orando
1225 4600 1388 4662 atque
1417 4592 1701 4662 pulsando,
1725 4606 2006 4662 quousque

430 4685 772 4755 importunas
822 4681 1209 4737 desideriorum
1251 4681 1548 4736 carnalium
1597 4682 2004 4752 suggestiones,

431 4790 550 4843 quae
595 4773 798 4828 nostris
824 4771 1142 4841 obstrepunt
1173 4769 1439 4834 sensibus,
1494 4770 1787 4824 fortissima
1829 4769 1996 4823 uiten-

433 4864 582 4919 tione
611 4877 949 4932 superemus,
980 4877 1045 4916 ac
1072 4861 1258 4917 tandiu
1289 4861 1560 4930 insistere,
1581 4875 1860 4932 quousque
1881 4873 2006 4930 per-

433 4951 674 5006 sistendo
700 4951 996 5005 vincamus.

501 5039 574 5092 [Ε
578 5041 749 5093 stimet
771 5057 825 5094 se
841 5041 995 5093 homo
1013 5040 1077 5094 de
1099 5040 1239 5094 caelis
1258 5056 1459 5109 semper
1479 5057 1510 5092 a
1529 5039 1635 5092 Deo
1655 5039 1840 5107 respici
1861 5041 2003 5093 omni

433 5134 582 5194 hora,
613 5139 660 5183 et
691 5129 833 5198 facta
859 5145 956 5182 sua
985 5132 1038 5184 in
1065 5131 1204 5184 omni
1235 5129 1349 5184 loco
1372 5129 1435 5184 ab
1460 5137 1670 5199 aspectu
1703 5127 2003 5182 Divinitatis

429 5219 615 5285 uideri,
635 5220 766 5274 etab
789 5219 1008 5290 angelis,
1036 5223 1100 5274 de
1131 5222 1271 5275 omni
1292 5220 1420 5275 liora
1445 5222 1737 5275 renuntiari
1793 5219 2004 5287 Quanto

427 5327 573 5368 enim
599 5311 967 5382 unusquisque
992 5311 1278 5368 sollicitius
1301 5327 1358 5367 sc
1380 5327 1410 5365 a
1443 5311 1551 5366 Deo
1578 5313 1814 5367 mstimat
1836 5313 2006 5381 respi-

427 5405 500 5471 ci,
532 5412 682 5460 tanto
725 5404 885 5458 debet
927 5403 1138 5458 cautius
1173 5405 1372 5470 vivere,
1423 5413 1478 5458 et
1525 5405 1690 5459 vitam
1725 5421 1877 5460 sitam
1908 5406 2006 5459 bo-

426 5498 739 5553 ncstissime
780 5495 1055 5553 custodire
1089 5513 1100 5548 :
1138 5511 1204 5551 ne
1258 5496 1376 5551 illos
1418 5497 1732 5552 Divinitatis
1769 5496 2006 5552 offendat

433 5590 639 5654 oculos,
667 5605 802 5660 quos
833 5589 946 5643 vult
967 5589 1166 5644 habere
1209 5589 1490 5658 propitios.
1528 5588 1769 5660 Respicit
1791 5588 1878 5644 ille
1903 5591 2001 5644 ab-

429 5673 561 5734 dita.
596 5691 650 5734 ct
676 5688 883 5734 secreta
936 5689 1098 5749 alque
1151 5679 1361 5735 occulta
1409 5681 1740 5739 considerat,
1779 5692 1878 5732 nec
1908 5678 2002 5733 Dei

2031 4459 2082 4518 D

2112 3144 2292 3200 Scient
2322 3154 2500 3197 omnes
2543 3141 2815 3206 Eeclesirt',
2865 3141 3112 3211 quoniam
3157 3156 3250 3210 ego
3295 3155 3412 3194 sum
3450 3149 3716 3193 scrutans

2105 3249 2258 3288 renes
2281 3242 2336 3287 et
2365 3248 2459 3287 cor
2493 3232 2678 3302 (Apoc.
2733 3229 2815 3302 ιι).
2849 3230 2994 3284 {line
3037 3230 3233 3283 iterum
3275 3230 3537 3300 scriptum
3567 3239 3660 3284 est
3692 3248 3709 3281 :

2101 3323 2377 3390 Quoniam
2396 3336 2583 3376 renum
2611 3321 2760 3376 illius
2796 3322 2939 3376 testis
2987 3329 3064 3375 est
3104 3320 3270 3383 Deus,
3300 3331 3348 3374 et
3379 3320 3553 3374 cordis
3579 3321 3713 3392 ejus

2102 3422 2374 3468 scrutator
2395 3423 2474 3467 est
2517 3429 2666 3467 verus
2697 3411 2851 3485 (Sap.
2879 3411 2942 3484 ι).
2979 3412 3154 3468 Corda
3180 3427 3308 3483 ergo
3336 3422 3709 3468 nostraseru-

2104 3512 2260 3557 tatur
2285 3502 2567 3566 Dominus,
2585 3503 2804 3572 quando
2835 3502 3188 3572 cogitationes
3211 3503 3454 3557 cordium
3478 3511 3709 3558 nostro-

2109 3592 2530 3650 msubtiliter
2578 3592 2890 3663 investigat,
2945 3599 3006 3645 ut
3045 3606 3165 3660 qua:
3206 3591 3526 3648 hominibus
3572 3606 3712 3649 sunt

2106 3685 2347 3749 occulta,
2366 3683 2439 3738 illi
2465 3683 2668 3736 tientia
2690 3681 2886 3753 palam.
2901 3679 3180 3753 Scriptum
3204 3688 3286 3736 est
3313 3682 3491 3736 enim:
3521 3681 3714 3736 Homo

2105 3776 2244 3831 videt
2270 3776 2326 3830 in
2347 3776 2506 3846 facie,
2543 3774 2686 3828 Deus
2707 3782 2884 3827 autem
2910 3774 2968 3826 in
2990 3773 3165 3826 corde.
3199 3769 3486 3826 Scrutatur
3511 3780 3710 3828 autem

2106 3882 2289 3935 renes,
2322 3868 2536 3938 qundo
2576 3866 2748 3921 animi
2779 3866 2949 3920 nostri
2985 3863 3482 3920 constantissimum
3509 3863 3698 3919 inten-

2108 3963 2188 4017 dit
2214 3963 2482 4033 vigorem,
2501 3960 2623 4015 sive
2645 3965 2933 4028 cor‘porcas
2953 3957 3157 4027 liquide
3181 3964 3430 4027 penetrat
3452 3955 3702 4012 delecta-

2108 4052 2319 4107 tiones.

2184 4141 2251 4195 Et
2280 4141 2470 4194 iterum
2496 4157 2508 4193 :
2542 4138 2800 4191 Dominus
2847 4138 2986 4191 norit
3029 4136 3373 4205 cogitationes
3395 4136 3708 4200 hominum,

2107 4233 2356 4304 quoniam
2385 4245 2533 4284 uanae
2553 4239 2675 4283 sunt
2701 4227 2881 4300 (Psal.
2900 4227 3073 4300 xcm).
3091 4223 3225 4281 Hinc
3245 4224 3546 4280 Hieremias
3572 4227 3659 4279 ait
3685 4246 3705 4278 :

2111 4322 2268 4378 Oculi
2288 4321 2389 4375 mei
2411 4336 2568 4389 super
2592 4320 2700 4374 vias
2726 4319 3014 4372 hominum.
3068 4316 3192 4372 Non
3219 4327 3340 4371 sunt
3367 4317 3698 4372 absconditae

2110 4432 2142 4468 α
2165 4413 2301 4483 faeie
2319 4426 2459 4476 mea,
2487 4419 2535 4463 et
2562 4426 2665 4462 non
2695 4409 2795 4479 fuit
2824 4408 3029 4462 occulta
3053 4408 3303 4479 iniquitas
3347 4423 3530 4461 eorum
3580 4407 3697 4479 (Jc-

2112 4519 2242 4558 rem.
2276 4501 2408 4574 xw).
2435 4499 2855 4554 Hinc'Sslomon
2885 4500 2964 4552 ait
2996 4516 3008 4551 :
3040 4495 3268 4566 Respicit
3299 4497 3561 4551 Dominus
3582 4499 3703 4552 eius

2111 4594 2358 4658 hominis,
2387 4603 2434 4646 et
2461 4609 2640 4646 omnes
2670 4607 2878 4662 gressus
2922 4592 3036 4661 ejus
3077 4590 3372 4646 considerat
3402 4588 3587 4663 (Prov.
3614 4593 3692 4662 ν).

2111 4685 2248 4740 Hinc
2273 4683 2441 4738 David
2495 4683 2656 4737 dicit:
2683 4679 2900 4738 Servavi
2920 4681 3169 4736 mandata
3195 4691 3286 4734 tua
3312 4689 3361 4734 et
3385 4682 3694 4735 testimonia

2111 4787 2227 4842 tua,
2277 4777 2402 4846 quia
2445 4790 2623 4828 omnes
2673 4775 2770 4827 via:
2817 4789 2947 4828 mea:
2998 4775 3052 4827 in
3091 4783 3366 4844 conspectu
3391 4781 3482 4826 tuo
3513 4769 3689 4844 (Psal.

2110 4865 2321 4938 cavus).
2347 4865 2462 4920 Non
2487 4865 2665 4920 solum
2708 4864 2886 4929 factis,
2934 4863 3028 4920 sed
3068 4864 3243 4917 etiam
3273 4863 3692 4934 cogitationibus

2106 4957 2489 5027 delinquimus,
2513 4956 2656 5010 sicis
2678 4954 2859 5010 illicito
2887 4955 3299 5010 occurrent-ibus
3329 4952 3688 5006 delectemur.

2106 5046 2241 5102 Nam
2263 5047 2308 5102 si
2336 5046 2485 5116 prius
2506 5059 2686 5116 prava:
2707 5046 3023 5115 cogitationi
3049 5045 3381 5106 resistimus,
3401 5042 3454 5096 in
3477 5043 3686 5112 lapsum

2104 5137 2284 5208 operis
2310 5152 2418 5191 non
2449 5136 2796 5190 incurrimus.

2178 5227 2247 5281 Et
2272 5228 2400 5281 item
2419 5227 2548 5280 dicit
2575 5240 2592 5277 .'
2621 5225 2934 5280 Intellexisti
2962 5225 3300 5294 cogitationes
3319 5240 3462 5277 meas
3484 5222 3687 5290 alonge

2107 5319 2280 5393 (Psal.
2309 5317 2597 5390 cum").
2631 5317 2769 5372 Hinc
2789 5332 2887 5387 per
2921 5315 3264 5371 Salomonem
3289 5314 3487 5368 dicitur
3511 5331 3526 5366 :
3553 5310 3682 5366 0m-

2107 5427 2194 5464 nes
2221 5411 2318 5463 via:
2342 5408 2610 5463 hominum
2636 5407 2946 5478 panduntur
2967 5405 3165 5468 oculis;
3212 5406 3454 5477 infernus
3492 5412 3540 5456 et
3565 5417 3684 5470 per-

2103 5502 2232 5555 ditio
2257 5516 2438 5554 caram
2461 5499 2686 5553 Domino
2717 5495 3064 5568 (Pramum),
3091 5504 3292 5563 quanto
3321 5508 3492 5563 magis
3515 5491 3676 5546 corda

2107 5589 2338 5643 ﬁliorum
2369 5587 2667 5641 hominum.
2695 5585 2738 5637 Α
2761 5584 2915 5654 longe
2944 5584 3088 5638 enim
3121 5583 3267 5652 quod
3287 5583 3442 5646 dicit,
3471 5597 3570 5634 non
3601 5579 3680 5630 Ια-

2107 5675 2539 5750 cumsigniﬁcat,
2575 5675 2668 5729 scd
2713 5684 2956 5743 tempus;
3004 5674 3129 5742 quia
3179 5688 3286 5726 non
3318 5673 3491 5726 solum
3536 5670 3674 5723 facta
