  <div class='ocr_page' id='page_1' title='image "/cluster/home/n/w/nwhite01/storage/ocr_20150623/102/hvd.32044052820032/412.png"; bbox 0 0 3992 6206; ppageno 0'>
   <div class='ocr_carea' id='block_1_1' title="bbox 327 253 434 309">
    <p class='ocr_par' dir='ltr' id='par_1_1' title="bbox 327 253 434 309">
     <span class='ocr_line' id='line_1_1' title="bbox 327 253 434 309; baseline 0.009 -1"><span class='ocrx_word' id='word_1_1' title='bbox 327 253 434 309; x_wconf 67' lang='grc' dir='ltr'><strong>ειδ</strong></span> 
     </span>
    </p>
   </div>
   <div class='ocr_carea' id='block_1_2' title="bbox 1363 215 2547 288">
    <p class='ocr_par' dir='ltr' id='par_1_2' title="bbox 1363 215 2547 288">
     <span class='ocr_line' id='line_1_2' title="bbox 1363 215 2547 288; baseline -0.018 1"><span class='ocrx_word' id='word_1_2' title='bbox 1363 227 1715 288; x_wconf 79' lang='lat' dir='ltr'><strong>COMMENT.</strong></span> <span class='ocrx_word' id='word_1_3' title='bbox 1757 225 1823 282; x_wconf 79' lang='lat' dir='ltr'><strong>IN</strong></span> <span class='ocrx_word' id='word_1_4' title='bbox 1865 223 2020 284; x_wconf 76' lang='lat' dir='ltr'><strong>RBG.</strong></span> <span class='ocrx_word' id='word_1_5' title='bbox 2064 222 2122 278; x_wconf 86' lang='lat' dir='ltr'><strong>S.</strong></span> <span class='ocrx_word' id='word_1_6' title='bbox 2166 215 2547 280; x_wconf 74' lang='lat' dir='ltr'><strong>BENEDICTI.</strong></span> 
     </span>
    </p>
   </div>
   <div class='ocr_carea' id='block_1_3' title="bbox 3482 207 3584 262">
    <p class='ocr_par' dir='ltr' id='par_1_3' title="bbox 3482 207 3584 262">
     <span class='ocr_line' id='line_1_3' title="bbox 3482 207 3584 262; baseline 0 -2"><span class='ocrx_word' id='word_1_7' title='bbox 3482 207 3584 262; x_wconf 70' lang='lat' dir='ltr'><strong>Eli</strong></span> 
     </span>
    </p>
   </div>
   <div class='ocr_carea' id='block_1_4' title="bbox 329 320 3592 430">
    <p class='ocr_par' dir='ltr' id='par_1_4' title="bbox 329 320 3592 430">
     <span class='ocr_line' id='line_1_4' title="bbox 329 320 3592 430; baseline -0.014 -11"><span class='ocrx_word' id='word_1_8' title='bbox 329 371 516 420; x_wconf 85' lang='lat' dir='ltr'><strong>nostra</strong></span> <span class='ocrx_word' id='word_1_9' title='bbox 542 353 800 430; x_wconf 67' lang='lat' dir='ltr'><strong>praevidet</strong></span> <span class='ocrx_word' id='word_1_10' title='bbox 819 353 984 416; x_wconf 84' lang='lat' dir='ltr'><strong>Deus,</strong></span> <span class='ocrx_word' id='word_1_11' title='bbox 1008 361 1196 404; x_wconf 83' lang='lat' dir='ltr'><strong>verum</strong></span> <span class='ocrx_word' id='word_1_12' title='bbox 1217 345 1379 402; x_wconf 86' lang='lat' dir='ltr'><strong>etiam</strong></span> <span class='ocrx_word' id='word_1_13' title='bbox 1408 351 1696 412; x_wconf 78' lang='lat' dir='ltr'><strong>antequam</strong></span> <span class='ocrx_word' id='word_1_14' title='bbox 1719 338 1908 394; x_wconf 77' lang='lat' dir='ltr'><strong>existi-</strong></span> <span class='ocrx_word' id='word_1_15' title='bbox 1938 355 1987 413; x_wconf 69' lang='grc' dir='ltr'>Α</span> <span class='ocrx_word' id='word_1_16' title='bbox 2012 333 2317 406; x_wconf 82' lang='lat' dir='ltr'><strong>exemplum</strong></span> <span class='ocrx_word' id='word_1_17' title='bbox 2345 326 2621 401; x_wconf 72' lang='lat' dir='ltr'><strong>discipulis</strong></span> <span class='ocrx_word' id='word_1_18' title='bbox 2638 326 2753 382; x_wconf 88' lang='lat' dir='ltr'><strong>suis</strong></span> <span class='ocrx_word' id='word_1_19' title='bbox 2793 325 3056 430; x_wconf 73' lang='lat' dir='ltr'><strong>tribuens,</strong></span> <span class='ocrx_word' id='word_1_20' title='bbox 3076 417 3087 428; x_wconf 39' lang='lat'><strong>&#39;</strong></span> <span class='ocrx_word' id='word_1_21' title='bbox 3111 334 3169 377; x_wconf 83' lang='lat' dir='ltr'><strong>ut</strong></span> <span class='ocrx_word' id='word_1_22' title='bbox 3203 338 3316 430; x_wconf 46' lang='lat' dir='ltr'><strong>Imm</strong></span> <span class='ocrx_word' id='word_1_23' title='bbox 3347 320 3592 380; x_wconf 76' lang='lat' dir='ltr'><strong>volunta-</strong></span> 
     </span>
    </p>
   </div>
   <div class='ocr_carea' id='block_1_5' title="bbox 330 427 1912 520">
    <p class='ocr_par' dir='ltr' id='par_1_5' title="bbox 330 427 1912 520">
     <span class='ocr_line' id='line_1_5' title="bbox 330 427 1912 520; baseline -0.019 -8"><span class='ocrx_word' id='word_1_24' title='bbox 330 427 673 520; x_wconf 42' lang='lat' dir='ltr'><strong>mamus—ipsi</strong></span> <span class='ocrx_word' id='word_1_25' title='bbox 700 460 820 508; x_wconf 89' lang='lat' dir='ltr'><strong>nos,</strong></span> <span class='ocrx_word' id='word_1_26' title='bbox 851 441 1206 512; x_wconf 88' lang='lat' dir='ltr'><strong>cogitationes</strong></span> <span class='ocrx_word' id='word_1_27' title='bbox 1227 446 1444 496; x_wconf 87' lang='lat' dir='ltr'><strong>nostras</strong></span> <span class='ocrx_word' id='word_1_28' title='bbox 1466 432 1763 506; x_wconf 79' lang='lat' dir='ltr'><strong>cognoscit.</strong></span> <span class='ocrx_word' id='word_1_29' title='bbox 1793 427 1912 484; x_wconf 84' lang='lat' dir='ltr'><strong>Non</strong></span> 
     </span>
    </p>
   </div>
   <div class='ocr_carea' id='block_1_6' title="bbox 331 524 1915 601">
    <p class='ocr_par' dir='ltr' id='par_1_6' title="bbox 331 524 1915 601">
     <span class='ocr_line' id='line_1_6' title="bbox 331 524 1915 601; baseline -0.018 0"><span class='ocrx_word' id='word_1_30' title='bbox 331 554 416 601; x_wconf 87' lang='lat' dir='ltr'><strong>est</strong></span> <span class='ocrx_word' id='word_1_31' title='bbox 438 539 756 600; x_wconf 88' lang='lat' dir='ltr'><strong>timendum,</strong></span> <span class='ocrx_word' id='word_1_32' title='bbox 785 534 830 592; x_wconf 89' lang='lat' dir='ltr'><strong>si</strong></span> <span class='ocrx_word' id='word_1_33' title='bbox 857 534 995 588; x_wconf 86' lang='lat' dir='ltr'><strong>bona</strong></span> <span class='ocrx_word' id='word_1_34' title='bbox 1021 530 1270 599; x_wconf 87' lang='lat' dir='ltr'><strong>malaque</strong></span> <span class='ocrx_word' id='word_1_35' title='bbox 1325 529 1376 580; x_wconf 89' lang='lat' dir='ltr'><strong>in</strong></span> <span class='ocrx_word' id='word_1_36' title='bbox 1407 524 1794 596; x_wconf 76' lang='lat' dir='ltr'><strong>cogitationem</strong></span> <span class='ocrx_word' id='word_1_37' title='bbox 1825 536 1915 574; x_wconf 89' lang='lat' dir='ltr'><strong>ve-</strong></span> 
     </span>
    </p>
   </div>
   <div class='ocr_carea' id='block_1_7' title="bbox 337 616 1913 698">
    <p class='ocr_par' dir='ltr' id='par_1_7' title="bbox 337 616 1913 698">
     <span class='ocr_line' id='line_1_7' title="bbox 337 616 1913 698; baseline -0.014 -7"><span class='ocrx_word' id='word_1_38' title='bbox 337 637 506 696; x_wconf 87' lang='lat' dir='ltr'><strong>niant,</strong></span> <span class='ocrx_word' id='word_1_39' title='bbox 540 631 637 686; x_wconf 89' lang='lat' dir='ltr'><strong>sed</strong></span> <span class='ocrx_word' id='word_1_40' title='bbox 666 629 840 697; x_wconf 82' lang='lat' dir='ltr'><strong>magis</strong></span> <span class='ocrx_word' id='word_1_41' title='bbox 869 624 1209 698; x_wconf 78' lang='lat' dir='ltr'><strong>gloriandum</strong></span> <span class='ocrx_word' id='word_1_42' title='bbox 1244 631 1346 687; x_wconf 91' lang='lat' dir='ltr'><strong>cst,</strong></span> <span class='ocrx_word' id='word_1_43' title='bbox 1404 622 1449 675; x_wconf 92' lang='lat' dir='ltr'><strong>si</strong></span> <span class='ocrx_word' id='word_1_44' title='bbox 1503 634 1659 674; x_wconf 80' lang='lat' dir='ltr'><strong>mens</strong></span> <span class='ocrx_word' id='word_1_45' title='bbox 1709 616 1848 671; x_wconf 85' lang='lat' dir='ltr'><strong>mala</strong></span> <span class='ocrx_word' id='word_1_46' title='bbox 1883 632 1913 670; x_wconf 89' lang='lat' dir='ltr'><strong>a</strong></span> 
     </span>
    </p>
   </div>
   <div class='ocr_carea' id='block_1_8' title="bbox 337 711 1917 784">
    <p class='ocr_par' dir='ltr' id='par_1_8' title="bbox 337 711 1917 784">
     <span class='ocr_line' id='line_1_8' title="bbox 337 711 1917 784; baseline -0.014 0"><span class='ocrx_word' id='word_1_47' title='bbox 337 727 494 784; x_wconf 86' lang='lat' dir='ltr'><strong>bonis</strong></span> <span class='ocrx_word' id='word_1_48' title='bbox 544 721 819 782; x_wconf 88' lang='lat' dir='ltr'><strong>intellectu</strong></span> <span class='ocrx_word' id='word_1_49' title='bbox 870 718 1100 775; x_wconf 81' lang='lat' dir='ltr'><strong>rationis</strong></span> <span class='ocrx_word' id='word_1_50' title='bbox 1132 717 1426 777; x_wconf 79' lang='lat' dir='ltr'><strong>discernat,</strong></span> <span class='ocrx_word' id='word_1_51' title='bbox 1481 720 1535 766; x_wconf 90' lang='lat' dir='ltr'><strong>ct</strong></span> <span class='ocrx_word' id='word_1_52' title='bbox 1584 711 1729 780; x_wconf 91' lang='lat' dir='ltr'><strong>quod</strong></span> <span class='ocrx_word' id='word_1_53' title='bbox 1777 711 1917 764; x_wconf 78' lang='lat' dir='ltr'><strong>inter</strong></span> 
     </span>
    </p>
   </div>
   <div class='ocr_carea' id='block_1_9' title="bbox 340 802 1920 878">
    <p class='ocr_par' dir='ltr' id='par_1_9' title="bbox 340 802 1920 878">
     <span class='ocr_line' id='line_1_9' title="bbox 340 802 1920 878; baseline -0.014 -4"><span class='ocrx_word' id='word_1_54' title='bbox 340 821 538 874; x_wconf 89' lang='lat' dir='ltr'><strong>bonum</strong></span> <span class='ocrx_word' id='word_1_55' title='bbox 581 823 638 870; x_wconf 90' lang='lat' dir='ltr'><strong>et</strong></span> <span class='ocrx_word' id='word_1_56' title='bbox 679 812 878 870; x_wconf 88' lang='lat' dir='ltr'><strong>malum</strong></span> <span class='ocrx_word' id='word_1_57' title='bbox 929 825 1089 864; x_wconf 89' lang='lat' dir='ltr'><strong>sensu</strong></span> <span class='ocrx_word' id='word_1_58' title='bbox 1139 805 1477 878; x_wconf 87' lang='lat' dir='ltr'><strong>prudentiori</strong></span> <span class='ocrx_word' id='word_1_59' title='bbox 1512 802 1785 863; x_wconf 87' lang='lat' dir='ltr'><strong>discernit,</strong></span> <span class='ocrx_word' id='word_1_60' title='bbox 1825 806 1920 856; x_wconf 86' lang='lat' dir='ltr'><strong>aut</strong></span> 
     </span>
    </p>
   </div>
   <div class='ocr_carea' id='block_1_10' title="bbox 334 894 1772 976">
    <p class='ocr_par' dir='ltr' id='par_1_10' title="bbox 334 894 1772 976">
     <span class='ocr_line' id='line_1_10' title="bbox 334 894 1772 976; baseline -0.013 -12"><span class='ocrx_word' id='word_1_61' title='bbox 334 909 480 964; x_wconf 87' lang='lat' dir='ltr'><strong>mala</strong></span> <span class='ocrx_word' id='word_1_62' title='bbox 513 905 730 976; x_wconf 88' lang='lat' dir='ltr'><strong>cognita</strong></span> <span class='ocrx_word' id='word_1_63' title='bbox 761 909 974 967; x_wconf 80' lang='lat' dir='ltr'><strong>caveat,</strong></span> <span class='ocrx_word' id='word_1_64' title='bbox 998 908 1090 955; x_wconf 88' lang='lat' dir='ltr'><strong>aut</strong></span> <span class='ocrx_word' id='word_1_65' title='bbox 1121 898 1390 952; x_wconf 76' lang='lat' dir='ltr'><strong>intellecta</strong></span> <span class='ocrx_word' id='word_1_66' title='bbox 1421 897 1560 951; x_wconf 85' lang='lat' dir='ltr'><strong>bona</strong></span> <span class='ocrx_word' id='word_1_67' title='bbox 1589 894 1772 950; x_wconf 82' lang='lat' dir='ltr'><strong>faciat.</strong></span> 
     </span>
    </p>
   </div>
   <div class='ocr_carea' id='block_1_11' title="bbox 417 981 1916 1067">
    <p class='ocr_par' dir='ltr' id='par_1_11' title="bbox 417 981 1916 1067">
     <span class='ocr_line' id='line_1_11' title="bbox 417 981 1916 1067; baseline -0.011 -15"><span class='ocrx_word' id='word_1_68' title='bbox 417 999 481 1051; x_wconf 86' lang='lat' dir='ltr'><strong>Et</strong></span> <span class='ocrx_word' id='word_1_69' title='bbox 522 999 647 1067; x_wconf 87' lang='lat' dir='ltr'><strong>quia</strong></span> <span class='ocrx_word' id='word_1_70' title='bbox 690 993 937 1064; x_wconf 78' lang='lat' dir='ltr'><strong>cogitatio</strong></span> <span class='ocrx_word' id='word_1_71' title='bbox 979 990 1203 1044; x_wconf 83' lang='lat' dir='ltr'><strong>hominis</strong></span> <span class='ocrx_word' id='word_1_72' title='bbox 1243 986 1579 1057; x_wconf 79' lang='lat' dir='ltr'><strong>conﬁtebitur</strong></span> <span class='ocrx_word' id='word_1_73' title='bbox 1625 986 1716 1038; x_wconf 83' lang='lat' dir='ltr'><strong>tibi</strong></span> <span class='ocrx_word' id='word_1_74' title='bbox 1742 981 1916 1055; x_wconf 80' lang='lat' dir='ltr'><strong>(Psal.</strong></span> 
     </span>
    </p>
   </div>
   <div class='ocr_carea' id='block_1_12' title="bbox 339 1075 1920 1158">
    <p class='ocr_par' dir='ltr' id='par_1_12' title="bbox 339 1075 1920 1158">
     <span class='ocr_line' id='line_1_12' title="bbox 339 1075 1920 1158; baseline -0.01 -15"><span class='ocrx_word' id='word_1_75' title='bbox 339 1085 524 1158; x_wconf 77' lang='lat' dir='ltr'><strong>uxv).</strong></span> <span class='ocrx_word' id='word_1_76' title='bbox 559 1083 825 1153; x_wconf 76' lang='lat' dir='ltr'><strong>Cogitatio</strong></span> <span class='ocrx_word' id='word_1_77' title='bbox 854 1094 984 1135; x_wconf 89' lang='lat' dir='ltr'><strong>vero</strong></span> <span class='ocrx_word' id='word_1_78' title='bbox 1009 1078 1244 1134; x_wconf 86' lang='lat' dir='ltr'><strong>hominis</strong></span> <span class='ocrx_word' id='word_1_79' title='bbox 1293 1086 1426 1133; x_wconf 92' lang='lat' dir='ltr'><strong>tunc</strong></span> <span class='ocrx_word' id='word_1_80' title='bbox 1469 1078 1580 1132; x_wconf 87' lang='lat' dir='ltr'><strong>Deo</strong></span> <span class='ocrx_word' id='word_1_81' title='bbox 1609 1075 1920 1138; x_wconf 82' lang='lat' dir='ltr'><strong>conﬁtetur,</strong></span> 
     </span>
    </p>
   </div>
   <div class='ocr_carea' id='block_1_13' title="bbox 338 1166 1922 1250">
    <p class='ocr_par' dir='ltr' id='par_1_13' title="bbox 338 1166 1922 1250">
     <span class='ocr_line' id='line_1_13' title="bbox 338 1166 1922 1250; baseline -0.008 -16"><span class='ocrx_word' id='word_1_82' title='bbox 338 1178 558 1250; x_wconf 82' lang='lat' dir='ltr'><strong>quando</strong></span> <span class='ocrx_word' id='word_1_83' title='bbox 587 1183 811 1246; x_wconf 85' lang='lat' dir='ltr'><strong>peccata</strong></span> <span class='ocrx_word' id='word_1_84' title='bbox 830 1170 1102 1242; x_wconf 64' lang='lat' dir='ltr'><strong>praeterita</strong></span> <span class='ocrx_word' id='word_1_85' title='bbox 1125 1170 1315 1225; x_wconf 91' lang='lat' dir='ltr'><strong>humili</strong></span> <span class='ocrx_word' id='word_1_86' title='bbox 1341 1169 1712 1229; x_wconf 75' lang='lat' dir='ltr'><strong>satisfactione</strong></span> <span class='ocrx_word' id='word_1_87' title='bbox 1737 1167 1807 1222; x_wconf 86' lang='lat' dir='ltr'><strong>ab</strong></span> <span class='ocrx_word' id='word_1_88' title='bbox 1833 1166 1922 1222; x_wconf 86' lang='lat' dir='ltr'><strong>illo</strong></span> 
     </span>
    </p>
   </div>
   <div class='ocr_carea' id='block_1_14' title="bbox 343 1258 1925 1340">
    <p class='ocr_par' dir='ltr' id='par_1_14' title="bbox 343 1258 1925 1340">
     <span class='ocr_line' id='line_1_14' title="bbox 343 1258 1925 1340; baseline -0.005 -16"><span class='ocrx_word' id='word_1_89' title='bbox 343 1270 672 1324; x_wconf 85' lang='lat' dir='ltr'><strong>damnantur</strong></span> <span class='ocrx_word' id='word_1_90' title='bbox 700 1283 713 1318; x_wconf 91' lang='lat'><strong>:</strong></span> <span class='ocrx_word' id='word_1_91' title='bbox 738 1265 867 1340; x_wconf 85' lang='lat' dir='ltr'><strong>quia</strong></span> <span class='ocrx_word' id='word_1_92' title='bbox 894 1263 1020 1316; x_wconf 88' lang='lat' dir='ltr'><strong>dum</strong></span> <span class='ocrx_word' id='word_1_93' title='bbox 1045 1261 1419 1330; x_wconf 81' lang='lat' dir='ltr'><strong>unusquisque</strong></span> <span class='ocrx_word' id='word_1_94' title='bbox 1451 1260 1630 1322; x_wconf 85' lang='lat' dir='ltr'><strong>divina</strong></span> <span class='ocrx_word' id='word_1_95' title='bbox 1655 1258 1925 1316; x_wconf 74' lang='lat' dir='ltr'><strong>illumina-</strong></span> 
     </span>
    </p>
   </div>
   <div class='ocr_carea' id='block_1_15' title="bbox 340 1353 1928 1432">
    <p class='ocr_par' dir='ltr' id='par_1_15' title="bbox 340 1353 1928 1432">
     <span class='ocr_line' id='line_1_15' title="bbox 340 1353 1928 1432; baseline -0.006 -14"><span class='ocrx_word' id='word_1_96' title='bbox 340 1363 496 1418; x_wconf 76' lang='lat' dir='ltr'><strong>tione</strong></span> <span class='ocrx_word' id='word_1_97' title='bbox 517 1359 867 1432; x_wconf 72' lang='lat' dir='ltr'><strong>praevenitur,</strong></span> <span class='ocrx_word' id='word_1_98' title='bbox 897 1357 1080 1412; x_wconf 81' lang='lat' dir='ltr'><strong>statim</strong></span> <span class='ocrx_word' id='word_1_99' title='bbox 1121 1355 1384 1411; x_wconf 88' lang='lat' dir='ltr'><strong>molestiis</strong></span> <span class='ocrx_word' id='word_1_100' title='bbox 1438 1355 1675 1424; x_wconf 80' lang='lat' dir='ltr'><strong>turpium</strong></span> <span class='ocrx_word' id='word_1_101' title='bbox 1723 1353 1928 1423; x_wconf 75' lang='lat' dir='ltr'><strong>cogita-</strong></span> 
     </span>
    </p>
   </div>
   <div class='ocr_carea' id='block_1_16' title="bbox 340 1444 1928 1520">
    <p class='ocr_par' dir='ltr' id='par_1_16' title="bbox 340 1444 1928 1520">
     <span class='ocr_line' id='line_1_16' title="bbox 340 1444 1928 1520; baseline -0.007 -12"><span class='ocrx_word' id='word_1_102' title='bbox 340 1453 557 1508; x_wconf 85' lang='lat' dir='ltr'><strong>tionum</strong></span> <span class='ocrx_word' id='word_1_103' title='bbox 583 1450 852 1520; x_wconf 78' lang='lat' dir='ltr'><strong>pulsatur,</strong></span> <span class='ocrx_word' id='word_1_104' title='bbox 884 1450 980 1503; x_wconf 89' lang='lat' dir='ltr'><strong>sed</strong></span> <span class='ocrx_word' id='word_1_105' title='bbox 1006 1463 1099 1502; x_wconf 89' lang='lat' dir='ltr'><strong>eas</strong></span> <span class='ocrx_word' id='word_1_106' title='bbox 1123 1448 1350 1502; x_wconf 85' lang='lat' dir='ltr'><strong>Domine</strong></span> <span class='ocrx_word' id='word_1_107' title='bbox 1367 1446 1615 1502; x_wconf 71' lang='lat' dir='ltr'><strong>conﬁteri</strong></span> <span class='ocrx_word' id='word_1_108' title='bbox 1651 1444 1928 1500; x_wconf 79' lang='lat' dir='ltr'><strong>humiliter</strong></span> 
     </span>
    </p>
   </div>
   <div class='ocr_carea' id='block_1_17' title="bbox 347 1551 719 1600">
    <p class='ocr_par' dir='ltr' id='par_1_17' title="bbox 347 1551 719 1600">
     <span class='ocr_line' id='line_1_17' title="bbox 347 1551 719 1600; baseline -0.013 0"><span class='ocrx_word' id='word_1_109' title='bbox 347 1562 456 1600; x_wconf 84' lang='lat' dir='ltr'><strong>non</strong></span> <span class='ocrx_word' id='word_1_110' title='bbox 480 1551 719 1600; x_wconf 82' lang='lat' dir='ltr'><strong>veretur.</strong></span> 
     </span>
    </p>
   </div>
   <div class='ocr_carea' id='block_1_18' title="bbox 422 1629 1924 1700">
    <p class='ocr_par' dir='ltr' id='par_1_18' title="bbox 422 1629 1924 1700">
     <span class='ocr_line' id='line_1_18' title="bbox 422 1629 1924 1700; baseline -0.005 -11"><span class='ocrx_word' id='word_1_111' title='bbox 422 1635 567 1689; x_wconf 83' lang='lat' dir='ltr'><strong>Nam</strong></span> <span class='ocrx_word' id='word_1_112' title='bbox 589 1643 644 1687; x_wconf 84' lang='lat' dir='ltr'><strong>ut</strong></span> <span class='ocrx_word' id='word_1_113' title='bbox 666 1632 920 1693; x_wconf 81' lang='lat' dir='ltr'><strong>sollicitus</strong></span> <span class='ocrx_word' id='word_1_114' title='bbox 942 1631 1008 1685; x_wconf 86' lang='lat' dir='ltr'><strong>sit</strong></span> <span class='ocrx_word' id='word_1_115' title='bbox 1032 1631 1172 1685; x_wconf 87' lang='lat' dir='ltr'><strong>circa</strong></span> <span class='ocrx_word' id='word_1_116' title='bbox 1196 1629 1536 1700; x_wconf 76' lang='lat' dir='ltr'><strong>cogitationes</strong></span> <span class='ocrx_word' id='word_1_117' title='bbox 1569 1643 1695 1684; x_wconf 85' lang='lat' dir='ltr'><strong>suas</strong></span> <span class='ocrx_word' id='word_1_118' title='bbox 1714 1641 1924 1695; x_wconf 73' lang='lat' dir='ltr'><strong>power-</strong></span> 
     </span>
    </p>
   </div>
   <div class='ocr_carea' id='block_1_19' title="bbox 2017 415 3591 490">
    <p class='ocr_par' dir='ltr' id='par_1_19' title="bbox 2017 415 3591 490">
     <span class='ocr_line' id='line_1_19' title="bbox 2017 415 3591 490; baseline -0.011 -6"><span class='ocrx_word' id='word_1_119' title='bbox 2017 438 2125 483; x_wconf 85' lang='lat' dir='ltr'><strong>tem</strong></span> <span class='ocrx_word' id='word_1_120' title='bbox 2172 440 2346 490; x_wconf 86' lang='lat' dir='ltr'><strong>suam,</strong></span> <span class='ocrx_word' id='word_1_121' title='bbox 2391 423 2486 478; x_wconf 88' lang='lat' dir='ltr'><strong>sed</strong></span> <span class='ocrx_word' id='word_1_122' title='bbox 2514 421 2610 476; x_wconf 91' lang='lat' dir='ltr'><strong>Dei</strong></span> <span class='ocrx_word' id='word_1_123' title='bbox 2642 420 2872 483; x_wconf 79' lang='lat' dir='ltr'><strong>faciant,</strong></span> <span class='ocrx_word' id='word_1_124' title='bbox 2909 417 3116 472; x_wconf 85' lang='lat' dir='ltr'><strong>addidit</strong></span> <span class='ocrx_word' id='word_1_125' title='bbox 3147 436 3160 470; x_wconf 91' lang='lat'><strong>:</strong></span> <span class='ocrx_word' id='word_1_126' title='bbox 3203 415 3591 477; x_wconf 78' lang='lat' dir='ltr'><strong>Verumtamen,</strong></span> 
     </span>
    </p>
   </div>
   <div class='ocr_carea' id='block_1_20' title="bbox 2013 507 3591 590">
    <p class='ocr_par' dir='ltr' id='par_1_20' title="bbox 2013 507 3591 590">
     <span class='ocr_line' id='line_1_20' title="bbox 2013 507 3591 590; baseline -0.01 -16"><span class='ocrx_word' id='word_1_127' title='bbox 2013 537 2118 576; x_wconf 82' lang='lat' dir='ltr'><strong>non</strong></span> <span class='ocrx_word' id='word_1_128' title='bbox 2166 517 2306 590; x_wconf 79' lang='lat' dir='ltr'><strong>quod</strong></span> <span class='ocrx_word' id='word_1_129' title='bbox 2336 532 2431 588; x_wconf 83' lang='lat' dir='ltr'><strong>ego</strong></span> <span class='ocrx_word' id='word_1_130' title='bbox 2461 513 2595 580; x_wconf 78' lang='lat' dir='ltr'><strong>uolo,</strong></span> <span class='ocrx_word' id='word_1_131' title='bbox 2625 511 2716 567; x_wconf 79' lang='lat' dir='ltr'><strong>sed</strong></span> <span class='ocrx_word' id='word_1_132' title='bbox 2743 509 2884 582; x_wconf 81' lang='lat' dir='ltr'><strong>quod</strong></span> <span class='ocrx_word' id='word_1_133' title='bbox 2909 520 2985 568; x_wconf 85' lang='lat' dir='ltr'><strong>tu.</strong></span> <span class='ocrx_word' id='word_1_134' title='bbox 3032 509 3098 570; x_wconf 76' lang='lat' dir='ltr'><strong>Et</strong></span> <span class='ocrx_word' id='word_1_135' title='bbox 3141 508 3245 564; x_wconf 89' lang='lat' dir='ltr'><strong>alio</strong></span> <span class='ocrx_word' id='word_1_136' title='bbox 3275 507 3394 570; x_wconf 84' lang='lat' dir='ltr'><strong>loco</strong></span> <span class='ocrx_word' id='word_1_137' title='bbox 3419 507 3550 564; x_wconf 87' lang='lat' dir='ltr'><strong>dicit</strong></span> <span class='ocrx_word' id='word_1_138' title='bbox 3581 526 3591 558; x_wconf 93' lang='lat'><strong>:</strong></span> 
     </span>
    </p>
   </div>
   <div class='ocr_carea' id='block_1_21' title="bbox 2017 605 3595 676">
    <p class='ocr_par' dir='ltr' id='par_1_21' title="bbox 2017 605 3595 676">
     <span class='ocr_line' id='line_1_21' title="bbox 2017 605 3595 676; baseline -0.004 -7"><span class='ocrx_word' id='word_1_139' title='bbox 2017 614 2273 670; x_wconf 76' lang='lat' dir='ltr'><strong>Descendi</strong></span> <span class='ocrx_word' id='word_1_140' title='bbox 2313 613 2377 666; x_wconf 84' lang='lat' dir='ltr'><strong>de</strong></span> <span class='ocrx_word' id='word_1_141' title='bbox 2414 610 2564 675; x_wconf 60' lang='lat' dir='ltr'><strong>cado,</strong></span> <span class='ocrx_word' id='word_1_142' title='bbox 2596 626 2700 664; x_wconf 86' lang='lat' dir='ltr'><strong>non</strong></span> <span class='ocrx_word' id='word_1_143' title='bbox 2732 619 2786 662; x_wconf 88' lang='lat' dir='ltr'><strong>ut</strong></span> <span class='ocrx_word' id='word_1_144' title='bbox 2812 607 3006 676; x_wconf 71' lang='lat' dir='ltr'><strong>faciam</strong></span> <span class='ocrx_word' id='word_1_145' title='bbox 3041 605 3359 662; x_wconf 63' lang='lat' dir='ltr'><strong>voluntatem</strong></span> <span class='ocrx_word' id='word_1_146' title='bbox 3404 621 3595 667; x_wconf 73' lang='lat' dir='ltr'><strong>mam.</strong></span> 
     </span>
    </p>
   </div>
   <div class='ocr_carea' id='block_1_22' title="bbox 2017 693 3600 775">
    <p class='ocr_par' dir='ltr' id='par_1_22' title="bbox 2017 693 3600 775">
     <span class='ocr_line' id='line_1_22' title="bbox 2017 693 3600 775; baseline -0.007 -16"><span class='ocrx_word' id='word_1_147' title='bbox 2017 703 2106 760; x_wconf 87' lang='lat' dir='ltr'><strong>sed</strong></span> <span class='ocrx_word' id='word_1_148' title='bbox 2129 704 2244 774; x_wconf 78' lang='lat' dir='ltr'><strong>ejus</strong></span> <span class='ocrx_word' id='word_1_149' title='bbox 2265 702 2354 775; x_wconf 84' lang='lat' dir='ltr'><strong>qui</strong></span> <span class='ocrx_word' id='word_1_150' title='bbox 2373 702 2517 756; x_wconf 86' lang='lat' dir='ltr'><strong>misit</strong></span> <span class='ocrx_word' id='word_1_151' title='bbox 2548 716 2629 753; x_wconf 88' lang='lat' dir='ltr'><strong>me</strong></span> <span class='ocrx_word' id='word_1_152' title='bbox 2670 696 2851 768; x_wconf 75' lang='lat' dir='ltr'><strong>(loco.</strong></span> <span class='ocrx_word' id='word_1_153' title='bbox 2901 694 2999 767; x_wconf 83' lang='lat' dir='ltr'><strong>vt).</strong></span> <span class='ocrx_word' id='word_1_154' title='bbox 3025 695 3180 763; x_wconf 82' lang='lat' dir='ltr'><strong>Quod</strong></span> <span class='ocrx_word' id='word_1_155' title='bbox 3209 695 3254 749; x_wconf 84' lang='lat' dir='ltr'><strong>si</strong></span> <span class='ocrx_word' id='word_1_156' title='bbox 3287 693 3432 752; x_wconf 69' lang='lat' dir='ltr'><strong>(ilius</strong></span> <span class='ocrx_word' id='word_1_157' title='bbox 3469 693 3600 749; x_wconf 83' lang='lat' dir='ltr'><strong>obc-</strong></span> 
     </span>
    </p>
   </div>
   <div class='ocr_carea' id='block_1_23' title="bbox 2019 785 3601 857">
    <p class='ocr_par' dir='ltr' id='par_1_23' title="bbox 2019 785 3601 857">
     <span class='ocr_line' id='line_1_23' title="bbox 2019 785 3601 857; baseline -0.007 -8"><span class='ocrx_word' id='word_1_158' title='bbox 2019 793 2154 850; x_wconf 74' lang='lat' dir='ltr'><strong>din&#39;t</strong></span> <span class='ocrx_word' id='word_1_159' title='bbox 2177 792 2359 847; x_wconf 83' lang='lat' dir='ltr'><strong>facere</strong></span> <span class='ocrx_word' id='word_1_160' title='bbox 2387 790 2718 846; x_wconf 82' lang='lat' dir='ltr'><strong>voluntatem</strong></span> <span class='ocrx_word' id='word_1_161' title='bbox 2745 787 2940 857; x_wconf 81' lang='lat' dir='ltr'><strong>patris,</strong></span> <span class='ocrx_word' id='word_1_162' title='bbox 2986 793 3190 856; x_wconf 85' lang='lat' dir='ltr'><strong>quanto</strong></span> <span class='ocrx_word' id='word_1_163' title='bbox 3217 785 3389 854; x_wconf 77' lang='lat' dir='ltr'><strong>magis</strong></span> <span class='ocrx_word' id='word_1_164' title='bbox 3411 798 3601 840; x_wconf 78' lang='lat' dir='ltr'><strong>servus</strong></span> 
     </span>
    </p>
   </div>
   <div class='ocr_carea' id='block_1_24' title="bbox 2020 877 3600 946">
    <p class='ocr_par' dir='ltr' id='par_1_24' title="bbox 2020 877 3600 946">
     <span class='ocr_line' id='line_1_24' title="bbox 2020 877 3600 946; baseline -0.008 -2"><span class='ocrx_word' id='word_1_165' title='bbox 2020 889 2181 944; x_wconf 83' lang='lat' dir='ltr'><strong>debet</strong></span> <span class='ocrx_word' id='word_1_166' title='bbox 2205 886 2446 943; x_wconf 85' lang='lat' dir='ltr'><strong>obedire.</strong></span> <span class='ocrx_word' id='word_1_167' title='bbox 2474 891 2531 940; x_wconf 82' lang='lat' dir='ltr'><strong>et</strong></span> <span class='ocrx_word' id='word_1_168' title='bbox 2552 898 2660 937; x_wconf 86' lang='lat' dir='ltr'><strong>non</strong></span> <span class='ocrx_word' id='word_1_169' title='bbox 2702 895 2878 946; x_wconf 89' lang='lat' dir='ltr'><strong>suam,</strong></span> <span class='ocrx_word' id='word_1_170' title='bbox 2919 881 3016 936; x_wconf 89' lang='lat' dir='ltr'><strong>sed</strong></span> <span class='ocrx_word' id='word_1_171' title='bbox 3044 878 3262 936; x_wconf 83' lang='lat' dir='ltr'><strong>Domini</strong></span> <span class='ocrx_word' id='word_1_172' title='bbox 3295 877 3475 934; x_wconf 79' lang='lat' dir='ltr'><strong>facere</strong></span> <span class='ocrx_word' id='word_1_173' title='bbox 3503 892 3600 932; x_wconf 84' lang='lat' dir='ltr'><strong>vo-</strong></span> 
     </span>
    </p>
   </div>
   <div class='ocr_carea' id='block_1_25' title="bbox 2020 976 2321 1033">
    <p class='ocr_par' dir='ltr' id='par_1_25' title="bbox 2020 976 2321 1033">
     <span class='ocr_line' id='line_1_25' title="bbox 2020 976 2321 1033; baseline -0.007 -1"><span class='ocrx_word' id='word_1_174' title='bbox 2020 977 2281 1033; x_wconf 84' lang='lat' dir='ltr'><strong>luntatem</strong></span> <span class='ocrx_word' id='word_1_175' title='bbox 2306 976 2321 1030; x_wconf 87' lang='grc' dir='ltr'><strong>ι</strong></span> 
     </span>
    </p>
   </div>
   <div class='ocr_carea' id='block_1_26' title="bbox 2091 1090 3604 1168">
    <p class='ocr_par' dir='ltr' id='par_1_26' title="bbox 2091 1090 3604 1168">
     <span class='ocr_line' id='line_1_26' title="bbox 2091 1090 3604 1168; baseline -0.007 -14"><span class='ocrx_word' id='word_1_176' title='bbox 2091 1098 2358 1153; x_wconf 72' lang='lat' dir='ltr'><strong>Docesnur</strong></span> <span class='ocrx_word' id='word_1_177' title='bbox 2383 1112 2505 1168; x_wconf 80' lang='lat' dir='ltr'><strong>ergo</strong></span> <span class='ocrx_word' id='word_1_178' title='bbox 2541 1095 2724 1149; x_wconf 84' lang='lat' dir='ltr'><strong>merito</strong></span> <span class='ocrx_word' id='word_1_179' title='bbox 2751 1109 2856 1146; x_wconf 84' lang='lat' dir='ltr'><strong>non</strong></span> <span class='ocrx_word' id='word_1_180' title='bbox 2881 1091 3054 1162; x_wconf 80' lang='lat' dir='ltr'><strong>facere</strong></span> <span class='ocrx_word' id='word_1_181' title='bbox 3093 1101 3327 1145; x_wconf 77' lang='lat' dir='ltr'><strong>nostram</strong></span> <span class='ocrx_word' id='word_1_182' title='bbox 3357 1090 3604 1145; x_wconf 77' lang='lat' dir='ltr'><strong>uolunta-</strong></span> 
     </span>
    </p>
   </div>
   <div class='ocr_carea' id='block_1_27' title="bbox 2021 1182 3604 1257">
    <p class='ocr_par' dir='ltr' id='par_1_27' title="bbox 2021 1182 3604 1257">
     <span class='ocr_line' id='line_1_27' title="bbox 2021 1182 3604 1257; baseline -0.006 -12"><span class='ocrx_word' id='word_1_183' title='bbox 2021 1199 2160 1255; x_wconf 79' lang='lat' dir='ltr'><strong>tem;</strong></span> <span class='ocrx_word' id='word_1_184' title='bbox 2188 1207 2308 1244; x_wconf 82' lang='lat' dir='ltr'><strong>cum</strong></span> <span class='ocrx_word' id='word_1_185' title='bbox 2334 1205 2608 1244; x_wconf 75' lang='lat' dir='ltr'><strong>caueamus</strong></span> <span class='ocrx_word' id='word_1_186' title='bbox 2635 1187 2786 1248; x_wconf 81' lang='lat' dir='ltr'><strong>illud,</strong></span> <span class='ocrx_word' id='word_1_187' title='bbox 2821 1184 2962 1257; x_wconf 75' lang='lat' dir='ltr'><strong>quod</strong></span> <span class='ocrx_word' id='word_1_188' title='bbox 2988 1185 3113 1238; x_wconf 84' lang='lat' dir='ltr'><strong>dicit</strong></span> <span class='ocrx_word' id='word_1_189' title='bbox 3151 1194 3332 1238; x_wconf 86' lang='lat' dir='ltr'><strong>sancta</strong></span> <span class='ocrx_word' id='word_1_190' title='bbox 3363 1182 3604 1254; x_wconf 86' lang='lat' dir='ltr'><strong>Scriptu-</strong></span> 
     </span>
    </p>
   </div>
   <div class='ocr_carea' id='block_1_28' title="bbox 2021 1275 3601 1350">
    <p class='ocr_par' dir='ltr' id='par_1_28' title="bbox 2021 1275 3601 1350">
     <span class='ocr_line' id='line_1_28' title="bbox 2021 1275 3601 1350; baseline -0.004 -16"><span class='ocrx_word' id='word_1_191' title='bbox 2021 1297 2086 1334; x_wconf 82' lang='lat' dir='ltr'><strong>ra</strong></span> <span class='ocrx_word' id='word_1_192' title='bbox 2109 1295 2127 1332; x_wconf 91' lang='lat'><strong>:</strong></span> <span class='ocrx_word' id='word_1_193' title='bbox 2144 1279 2282 1335; x_wconf 82' lang='lat' dir='ltr'><strong>Sunt</strong></span> <span class='ocrx_word' id='word_1_194' title='bbox 2299 1281 2397 1334; x_wconf 70' lang='lat' dir='ltr'><strong>uite</strong></span> <span class='ocrx_word' id='word_1_195' title='bbox 2430 1295 2549 1350; x_wconf 66' lang='lat' dir='ltr'><strong>qua:</strong></span> <span class='ocrx_word' id='word_1_196' title='bbox 2577 1278 2822 1332; x_wconf 77' lang='lat' dir='ltr'><strong>videntur</strong></span> <span class='ocrx_word' id='word_1_197' title='bbox 2848 1275 3144 1329; x_wconf 84' lang='lat' dir='ltr'><strong>hominibus</strong></span> <span class='ocrx_word' id='word_1_198' title='bbox 3178 1285 3352 1337; x_wconf 71' lang='lat' dir='ltr'><strong>rectm,</strong></span> <span class='ocrx_word' id='word_1_199' title='bbox 3377 1290 3601 1347; x_wconf 86' lang='lat' dir='ltr'><strong>quarum</strong></span> 
     </span>
    </p>
   </div>
   <div class='ocr_carea' id='block_1_29' title="bbox 2022 1365 3604 1444">
    <p class='ocr_par' dir='ltr' id='par_1_29' title="bbox 2022 1365 3604 1444">
     <span class='ocr_line' id='line_1_29' title="bbox 2022 1365 3604 1444; baseline -0.004 -18"><span class='ocrx_word' id='word_1_200' title='bbox 2022 1373 2148 1442; x_wconf 67' lang='lat' dir='ltr'><strong>ﬁnis</strong></span> <span class='ocrx_word' id='word_1_201' title='bbox 2169 1388 2332 1444; x_wconf 78' lang='lat' dir='ltr'><strong>usque</strong></span> <span class='ocrx_word' id='word_1_202' title='bbox 2351 1371 2420 1425; x_wconf 83' lang='lat' dir='ltr'><strong>ad</strong></span> <span class='ocrx_word' id='word_1_203' title='bbox 2445 1371 2764 1442; x_wconf 72' lang='lat' dir='ltr'><strong>profundum</strong></span> <span class='ocrx_word' id='word_1_204' title='bbox 2779 1368 2976 1438; x_wconf 76' lang='lat' dir='ltr'><strong>inferni</strong></span> <span class='ocrx_word' id='word_1_205' title='bbox 2994 1367 3245 1437; x_wconf 79' lang='lat' dir='ltr'><strong>demergit</strong></span> <span class='ocrx_word' id='word_1_206' title='bbox 3263 1365 3450 1438; x_wconf 84' lang='lat' dir='ltr'><strong>(Prov.</strong></span> <span class='ocrx_word' id='word_1_207' title='bbox 3468 1365 3604 1436; x_wconf 63' lang='grc' dir='ltr'><strong>ΠΙ).</strong></span> 
     </span>
    </p>
   </div>
   <div class='ocr_carea' id='block_1_30' title="bbox 2023 1457 3608 1529">
    <p class='ocr_par' dir='ltr' id='par_1_30' title="bbox 2023 1457 3608 1529">
     <span class='ocr_line' id='line_1_30' title="bbox 2023 1457 3608 1529; baseline -0.005 -11"><span class='ocrx_word' id='word_1_208' title='bbox 2023 1463 2154 1518; x_wconf 68' lang='lat' dir='ltr'><strong>Haec</strong></span> <span class='ocrx_word' id='word_1_209' title='bbox 2171 1471 2254 1517; x_wconf 90' lang='lat' dir='ltr'><strong>est</strong></span> <span class='ocrx_word' id='word_1_210' title='bbox 2277 1462 2367 1516; x_wconf 84' lang='lat' dir='ltr'><strong>illa</strong></span> <span class='ocrx_word' id='word_1_211' title='bbox 2395 1462 2503 1516; x_wconf 86' lang='lat' dir='ltr'><strong>lata</strong></span> <span class='ocrx_word' id='word_1_212' title='bbox 2523 1469 2579 1516; x_wconf 86' lang='lat' dir='ltr'><strong>et</strong></span> <span class='ocrx_word' id='word_1_213' title='bbox 2607 1461 2840 1529; x_wconf 82' lang='lat' dir='ltr'><strong>spatiosa</strong></span> <span class='ocrx_word' id='word_1_214' title='bbox 2869 1459 2977 1524; x_wconf 86' lang='lat' dir='ltr'><strong>via,</strong></span> <span class='ocrx_word' id='word_1_215' title='bbox 3006 1473 3125 1527; x_wconf 73' lang='lat' dir='ltr'><strong>qua:</strong></span> <span class='ocrx_word' id='word_1_216' title='bbox 3153 1471 3254 1527; x_wconf 86' lang='lat' dir='ltr'><strong>per</strong></span> <span class='ocrx_word' id='word_1_217' title='bbox 3274 1473 3332 1511; x_wconf 90' lang='lat' dir='ltr'><strong>se</strong></span> <span class='ocrx_word' id='word_1_218' title='bbox 3357 1457 3576 1525; x_wconf 85' lang='lat' dir='ltr'><strong>gradien</strong></span> <span class='ocrx_word' id='word_1_219' title='bbox 3591 1485 3608 1496; x_wconf 87' lang='lat'><strong>-</strong></span> 
     </span>
    </p>
   </div>
   <div class='ocr_carea' id='block_1_31' title="bbox 2029 1545 3611 1617">
    <p class='ocr_par' dir='ltr' id='par_1_31' title="bbox 2029 1545 3611 1617">
     <span class='ocr_line' id='line_1_31' title="bbox 2029 1545 3611 1617; baseline -0.005 -13"><span class='ocrx_word' id='word_1_220' title='bbox 2029 1560 2112 1604; x_wconf 85' lang='lat' dir='ltr'><strong>tes</strong></span> <span class='ocrx_word' id='word_1_221' title='bbox 2130 1550 2280 1604; x_wconf 89' lang='lat' dir='ltr'><strong>ducit</strong></span> <span class='ocrx_word' id='word_1_222' title='bbox 2300 1550 2365 1603; x_wconf 84' lang='lat' dir='ltr'><strong>ad</strong></span> <span class='ocrx_word' id='word_1_223' title='bbox 2388 1548 2772 1617; x_wconf 78' lang='lat' dir='ltr'><strong>perditionem,</strong></span> <span class='ocrx_word' id='word_1_224' title='bbox 2800 1561 2900 1616; x_wconf 85' lang='lat' dir='ltr'><strong>per</strong></span> <span class='ocrx_word' id='word_1_225' title='bbox 2930 1560 3088 1615; x_wconf 87' lang='lat' dir='ltr'><strong>quam</strong></span> <span class='ocrx_word' id='word_1_226' title='bbox 3119 1545 3276 1600; x_wconf 85' lang='lat' dir='ltr'><strong>multi</strong></span> <span class='ocrx_word' id='word_1_227' title='bbox 3304 1545 3611 1600; x_wconf 86' lang='lat' dir='ltr'><strong>voluntates</strong></span> 
     </span>
    </p>
   </div>
   <div class='ocr_carea' id='block_1_32' title="bbox 2029 1635 3605 1710">
    <p class='ocr_par' dir='ltr' id='par_1_32' title="bbox 2029 1635 3605 1710">
     <span class='ocr_line' id='line_1_32' title="bbox 2029 1635 3605 1710; baseline -0.005 -14"><span class='ocrx_word' id='word_1_228' title='bbox 2029 1656 2160 1699; x_wconf 86' lang='lat' dir='ltr'><strong>suas</strong></span> <span class='ocrx_word' id='word_1_229' title='bbox 2183 1640 2461 1710; x_wconf 83' lang='lat' dir='ltr'><strong>sequendo</strong></span> <span class='ocrx_word' id='word_1_230' title='bbox 2483 1646 2733 1708; x_wconf 86' lang='lat' dir='ltr'><strong>pereunt,</strong></span> <span class='ocrx_word' id='word_1_231' title='bbox 2774 1645 2832 1692; x_wconf 82' lang='lat' dir='ltr'><strong>et</strong></span> <span class='ocrx_word' id='word_1_232' title='bbox 2869 1637 3203 1692; x_wconf 85' lang='lat' dir='ltr'><strong>descendunt</strong></span> <span class='ocrx_word' id='word_1_233' title='bbox 3229 1638 3282 1691; x_wconf 88' lang='lat' dir='ltr'><strong>in</strong></span> <span class='ocrx_word' id='word_1_234' title='bbox 3314 1635 3605 1691; x_wconf 80' lang='lat' dir='ltr'><strong>infernum.</strong></span> 
     </span>
    </p>
   </div>
   <div class='ocr_carea' id='block_1_33' title="bbox 349 1709 1948 1798">
    <p class='ocr_par' dir='ltr' id='par_1_33' title="bbox 349 1715 1926 1791">
     <span class='ocr_line' id='line_1_33' title="bbox 349 1715 1926 1791; baseline -0.008 -9"><span class='ocrx_word' id='word_1_235' title='bbox 349 1742 460 1788; x_wconf 85' lang='lat' dir='ltr'><strong>sas,</strong></span> <span class='ocrx_word' id='word_1_236' title='bbox 491 1723 631 1777; x_wconf 81' lang='lat' dir='ltr'><strong>dicat</strong></span> <span class='ocrx_word' id='word_1_237' title='bbox 655 1738 855 1791; x_wconf 85' lang='lat' dir='ltr'><strong>semper</strong></span> <span class='ocrx_word' id='word_1_238' title='bbox 877 1719 1020 1774; x_wconf 81' lang='lat' dir='ltr'><strong>utilis</strong></span> <span class='ocrx_word' id='word_1_239' title='bbox 1049 1719 1216 1788; x_wconf 77' lang='lat' dir='ltr'><strong>frater</strong></span> <span class='ocrx_word' id='word_1_240' title='bbox 1235 1719 1293 1772; x_wconf 78' lang='lat' dir='ltr'><strong>iss</strong></span> <span class='ocrx_word' id='word_1_241' title='bbox 1326 1717 1487 1772; x_wconf 78' lang='lat' dir='ltr'><strong>corde</strong></span> <span class='ocrx_word' id='word_1_242' title='bbox 1499 1733 1601 1774; x_wconf 84' lang='lat' dir='ltr'><strong>suo</strong></span> <span class='ocrx_word' id='word_1_243' title='bbox 1623 1729 1643 1770; x_wconf 90' lang='lat'><strong>:</strong></span> <span class='ocrx_word' id='word_1_244' title='bbox 1670 1715 1812 1770; x_wconf 80' lang='lat' dir='ltr'><strong>Tunc</strong></span> <span class='ocrx_word' id='word_1_245' title='bbox 1837 1730 1926 1770; x_wconf 86' lang='lat' dir='ltr'><strong>ero</strong></span> 
     </span>
    </p>
   </div>
   <div class='ocr_carea' id='block_1_34' title="bbox 2054 1709 3609 1798">
    <p class='ocr_par' dir='ltr' id='par_1_34' title="bbox 2054 1723 3609 1798">
     <span class='ocr_line' id='line_1_34' title="bbox 2054 1723 3609 1798; baseline -0.004 -16"><span class='ocrx_word' id='word_1_246' title='bbox 2054 1728 2170 1784; x_wconf 77' lang='lat' dir='ltr'><strong>line</strong></span> <span class='ocrx_word' id='word_1_247' title='bbox 2193 1727 2412 1798; x_wconf 85' lang='lat' dir='ltr'><strong>quidam</strong></span> <span class='ocrx_word' id='word_1_248' title='bbox 2442 1728 2658 1796; x_wconf 76' lang='lat' dir='ltr'><strong>sapiens</strong></span> <span class='ocrx_word' id='word_1_249' title='bbox 2679 1727 2811 1781; x_wconf 84' lang='lat' dir='ltr'><strong>dicit</strong></span> <span class='ocrx_word' id='word_1_250' title='bbox 2842 1745 2855 1778; x_wconf 88' lang='lat'><strong>:</strong></span> <span class='ocrx_word' id='word_1_251' title='bbox 2904 1723 3004 1779; x_wconf 83' lang='lat' dir='ltr'><strong>Via</strong></span> <span class='ocrx_word' id='word_1_252' title='bbox 3029 1727 3356 1796; x_wconf 73' lang='lat' dir='ltr'><strong>peccantium</strong></span> <span class='ocrx_word' id='word_1_253' title='bbox 3379 1727 3609 1794; x_wconf 87' lang='lat' dir='ltr'><strong>compla-</strong></span> 
     </span>
    </p>
   </div>
   <div class='ocr_carea' id='block_1_35' title="bbox 350 1805 1926 1877">
    <p class='ocr_par' dir='ltr' id='par_1_35' title="bbox 350 1805 1926 1877">
     <span class='ocr_line' id='line_1_35' title="bbox 350 1805 1926 1877; baseline -0.008 -7"><span class='ocrx_word' id='word_1_254' title='bbox 350 1812 721 1870; x_wconf 81' lang='lat' dir='ltr'><strong>immaculatus</strong></span> <span class='ocrx_word' id='word_1_255' title='bbox 746 1827 925 1866; x_wconf 86' lang='lat' dir='ltr'><strong>coram</strong></span> <span class='ocrx_word' id='word_1_256' title='bbox 950 1827 1031 1874; x_wconf 86' lang='lat' dir='ltr'><strong>eo,</strong></span> <span class='ocrx_word' id='word_1_257' title='bbox 1052 1810 1098 1864; x_wconf 89' lang='lat' dir='ltr'><strong>si</strong></span> <span class='ocrx_word' id='word_1_258' title='bbox 1127 1809 1464 1864; x_wconf 73' lang='lat' dir='ltr'><strong>obseruat-ero</strong></span> <span class='ocrx_word' id='word_1_259' title='bbox 1507 1824 1590 1861; x_wconf 86' lang='lat' dir='ltr'><strong>me</strong></span> <span class='ocrx_word' id='word_1_260' title='bbox 1633 1807 1697 1860; x_wconf 83' lang='lat' dir='ltr'><strong>ab</strong></span> <span class='ocrx_word' id='word_1_261' title='bbox 1730 1805 1926 1877; x_wconf 80' lang='lat' dir='ltr'><strong>iniqui-</strong></span> 
     </span>
    </p>
   </div>
   <div class='ocr_carea' id='block_1_36' title="bbox 346 1898 1931 1975">
    <p class='ocr_par' dir='ltr' id='par_1_36' title="bbox 346 1898 1931 1975">
     <span class='ocr_line' id='line_1_36' title="bbox 346 1898 1931 1975; baseline -0.004 -15"><span class='ocrx_word' id='word_1_262' title='bbox 346 1916 462 1960; x_wconf 74' lang='lat' dir='ltr'><strong>tate</strong></span> <span class='ocrx_word' id='word_1_263' title='bbox 486 1921 601 1958; x_wconf 82' lang='lat' dir='ltr'><strong>mea</strong></span> <span class='ocrx_word' id='word_1_264' title='bbox 625 1901 798 1975; x_wconf 87' lang='lat' dir='ltr'><strong>(Psal.</strong></span> <span class='ocrx_word' id='word_1_265' title='bbox 825 1901 980 1971; x_wconf 81' lang='lat' dir='ltr'><strong>xvn).</strong></span> <span class='ocrx_word' id='word_1_266' title='bbox 1016 1900 1300 1962; x_wconf 77' lang='lat' dir='ltr'><strong>Subtiliter</strong></span> <span class='ocrx_word' id='word_1_267' title='bbox 1323 1902 1602 1958; x_wconf 82' lang='lat' dir='ltr'><strong>beatorum</strong></span> <span class='ocrx_word' id='word_1_268' title='bbox 1640 1898 1931 1954; x_wconf 85' lang='lat' dir='ltr'><strong>monacho—</strong></span> 
     </span>
    </p>
   </div>
   <div class='ocr_carea' id='block_1_37' title="bbox 355 1992 1934 2063">
    <p class='ocr_par' dir='ltr' id='par_1_37' title="bbox 355 1992 1934 2063">
     <span class='ocr_line' id='line_1_37' title="bbox 355 1992 1934 2063; baseline -0.005 -12"><span class='ocrx_word' id='word_1_269' title='bbox 355 2013 476 2052; x_wconf 91' lang='lat' dir='ltr'><strong>rum</strong></span> <span class='ocrx_word' id='word_1_270' title='bbox 500 1997 609 2050; x_wconf 88' lang='lat' dir='ltr'><strong>vita</strong></span> <span class='ocrx_word' id='word_1_271' title='bbox 634 1993 980 2058; x_wconf 88' lang='lat' dir='ltr'><strong>describitur,</strong></span> <span class='ocrx_word' id='word_1_272' title='bbox 1001 1994 1093 2063; x_wconf 88' lang='lat' dir='ltr'><strong>qui</strong></span> <span class='ocrx_word' id='word_1_273' title='bbox 1123 1995 1339 2063; x_wconf 88' lang='lat' dir='ltr'><strong>quando</strong></span> <span class='ocrx_word' id='word_1_274' title='bbox 1369 1993 1432 2047; x_wconf 87' lang='lat' dir='ltr'><strong>ad</strong></span> <span class='ocrx_word' id='word_1_275' title='bbox 1464 1992 1698 2061; x_wconf 83' lang='lat' dir='ltr'><strong>aliquam</strong></span> <span class='ocrx_word' id='word_1_276' title='bbox 1725 2006 1789 2047; x_wconf 78' lang='lat' dir='ltr'><strong>se</strong></span> <span class='ocrx_word' id='word_1_277' title='bbox 1809 2006 1934 2061; x_wconf 82' lang='lat' dir='ltr'><strong>gra-</strong></span> 
     </span>
    </p>
   </div>
   <div class='ocr_carea' id='block_1_38' title="bbox 351 2083 1935 2155">
    <p class='ocr_par' dir='ltr' id='par_1_38' title="bbox 351 2083 1935 2155">
     <span class='ocr_line' id='line_1_38' title="bbox 351 2083 1935 2155; baseline -0.003 -13"><span class='ocrx_word' id='word_1_278' title='bbox 351 2088 487 2142; x_wconf 76' lang='lat' dir='ltr'><strong>tiam</strong></span> <span class='ocrx_word' id='word_1_279' title='bbox 515 2085 730 2142; x_wconf 86' lang='lat' dir='ltr'><strong>Domini</strong></span> <span class='ocrx_word' id='word_1_280' title='bbox 757 2084 1065 2155; x_wconf 73' lang='lat' dir='ltr'><strong>pervenisse</strong></span> <span class='ocrx_word' id='word_1_281' title='bbox 1092 2092 1444 2154; x_wconf 78' lang='lat' dir='ltr'><strong>cognoscunt,</strong></span> <span class='ocrx_word' id='word_1_282' title='bbox 1495 2090 1691 2140; x_wconf 88' lang='lat' dir='ltr'><strong>cavent</strong></span> <span class='ocrx_word' id='word_1_283' title='bbox 1731 2097 1801 2138; x_wconf 91' lang='lat' dir='ltr'><strong>ne</strong></span> <span class='ocrx_word' id='word_1_284' title='bbox 1835 2083 1935 2138; x_wconf 79' lang='lat' dir='ltr'><strong>ite—</strong></span> 
     </span>
    </p>
   </div>
   <div class='ocr_carea' id='block_1_39' title="bbox 353 2177 1929 2248">
    <p class='ocr_par' dir='ltr' id='par_1_39' title="bbox 353 2177 1929 2248">
     <span class='ocr_line' id='line_1_39' title="bbox 353 2177 1929 2248; baseline -0.002 -14"><span class='ocrx_word' id='word_1_285' title='bbox 353 2197 478 2234; x_wconf 83' lang='lat' dir='ltr'><strong>rum</strong></span> <span class='ocrx_word' id='word_1_286' title='bbox 521 2179 824 2248; x_wconf 76' lang='lat' dir='ltr'><strong>iniquitatis</strong></span> <span class='ocrx_word' id='word_1_287' title='bbox 862 2179 1108 2248; x_wconf 68' lang='lat' dir='ltr'><strong>antiqua:</strong></span> <span class='ocrx_word' id='word_1_288' title='bbox 1158 2177 1558 2234; x_wconf 69' lang='lat' dir='ltr'><strong>calamitatibus</strong></span> <span class='ocrx_word' id='word_1_289' title='bbox 1587 2177 1929 2232; x_wconf 86' lang='lat' dir='ltr'><strong>innodentu-r.</strong></span> 
     </span>
    </p>
   </div>
   <div class='ocr_carea' id='block_1_40' title="bbox 356 2267 1934 2341">
    <p class='ocr_par' dir='ltr' id='par_1_40' title="bbox 356 2267 1934 2341">
     <span class='ocr_line' id='line_1_40' title="bbox 356 2267 1934 2341; baseline -0.001 -18"><span class='ocrx_word' id='word_1_290' title='bbox 356 2269 493 2324; x_wconf 77' lang='lat' dir='ltr'><strong>Nam</strong></span> <span class='ocrx_word' id='word_1_291' title='bbox 517 2269 871 2341; x_wconf 80' lang='lat' dir='ltr'><strong>cogitationes</strong></span> <span class='ocrx_word' id='word_1_292' title='bbox 895 2267 1109 2323; x_wconf 83' lang='lat' dir='ltr'><strong>illicitas</strong></span> <span class='ocrx_word' id='word_1_293' title='bbox 1161 2268 1478 2334; x_wconf 86' lang='lat' dir='ltr'><strong>immittere,</strong></span> <span class='ocrx_word' id='word_1_294' title='bbox 1504 2268 1808 2323; x_wconf 66' lang='lat' dir='ltr'><strong>daemonum</strong></span> <span class='ocrx_word' id='word_1_295' title='bbox 1827 2276 1934 2332; x_wconf 83' lang='lat' dir='ltr'><strong>est,</strong></span> 
     </span>
    </p>
   </div>
   <div class='ocr_carea' id='block_1_41' title="bbox 353 2357 1934 2432">
    <p class='ocr_par' dir='ltr' id='par_1_41' title="bbox 353 2357 1934 2432">
     <span class='ocr_line' id='line_1_41' title="bbox 353 2357 1934 2432; baseline -0.002 -18"><span class='ocrx_word' id='word_1_296' title='bbox 353 2359 776 2428; x_wconf 79' lang='lat' dir='ltr'><strong>cogitationibus</strong></span> <span class='ocrx_word' id='word_1_297' title='bbox 803 2373 932 2412; x_wconf 89' lang='lat' dir='ltr'><strong>vero</strong></span> <span class='ocrx_word' id='word_1_298' title='bbox 956 2357 1216 2413; x_wconf 88' lang='lat' dir='ltr'><strong>obiectari</strong></span> <span class='ocrx_word' id='word_1_299' title='bbox 1239 2359 1531 2432; x_wconf 82' lang='lat' dir='ltr'><strong>perversis,</strong></span> <span class='ocrx_word' id='word_1_300' title='bbox 1553 2359 1808 2414; x_wconf 83' lang='lat' dir='ltr'><strong>nocivum</strong></span> <span class='ocrx_word' id='word_1_301' title='bbox 1829 2365 1934 2413; x_wconf 86' lang='lat' dir='ltr'><strong>est.</strong></span> 
     </span>
    </p>
   </div>
   <div class='ocr_carea' id='block_1_42' title="bbox 357 2445 1938 2518">
    <p class='ocr_par' dir='ltr' id='par_1_42' title="bbox 357 2445 1938 2518">
     <span class='ocr_line' id='line_1_42' title="bbox 357 2445 1938 2518; baseline 0 -16"><span class='ocrx_word' id='word_1_302' title='bbox 357 2448 704 2517; x_wconf 80' lang='lat' dir='ltr'><strong>lniquitatem</strong></span> <span class='ocrx_word' id='word_1_303' title='bbox 729 2447 833 2504; x_wconf 91' lang='lat' dir='ltr'><strong>hoc</strong></span> <span class='ocrx_word' id='word_1_304' title='bbox 863 2446 916 2502; x_wconf 92' lang='lat' dir='ltr'><strong>in</strong></span> <span class='ocrx_word' id='word_1_305' title='bbox 928 2447 1051 2516; x_wconf 86' lang='lat' dir='ltr'><strong>loco</strong></span> <span class='ocrx_word' id='word_1_306' title='bbox 1062 2447 1247 2516; x_wconf 78' lang='lat' dir='ltr'><strong>posuit</strong></span> <span class='ocrx_word' id='word_1_307' title='bbox 1266 2461 1373 2516; x_wconf 74' lang='lat' dir='ltr'><strong>pro</strong></span> <span class='ocrx_word' id='word_1_308' title='bbox 1397 2447 1745 2518; x_wconf 78' lang='lat' dir='ltr'><strong>cogitatione.</strong></span> <span class='ocrx_word' id='word_1_309' title='bbox 1765 2445 1938 2502; x_wconf 85' lang='lat' dir='ltr'><strong>Omne</strong></span> 
     </span>
    </p>
   </div>
   <div class='ocr_carea' id='block_1_43' title="bbox 354 2537 1940 2608">
    <p class='ocr_par' dir='ltr' id='par_1_43' title="bbox 354 2537 1940 2608">
     <span class='ocr_line' id='line_1_43' title="bbox 354 2537 1940 2608; baseline -0.001 -16"><span class='ocrx_word' id='word_1_310' title='bbox 354 2538 510 2593; x_wconf 85' lang='lat' dir='ltr'><strong>enim</strong></span> <span class='ocrx_word' id='word_1_311' title='bbox 539 2537 681 2608; x_wconf 92' lang='lat' dir='ltr'><strong>quod</strong></span> <span class='ocrx_word' id='word_1_312' title='bbox 703 2552 916 2608; x_wconf 65' lang='lat' dir='ltr'><strong>acquum</strong></span> <span class='ocrx_word' id='word_1_313' title='bbox 939 2552 1044 2594; x_wconf 87' lang='lat' dir='ltr'><strong>non</strong></span> <span class='ocrx_word' id='word_1_314' title='bbox 1074 2545 1176 2604; x_wconf 88' lang='lat' dir='ltr'><strong>est,</strong></span> <span class='ocrx_word' id='word_1_315' title='bbox 1203 2539 1444 2607; x_wconf 84' lang='lat' dir='ltr'><strong>iniquum</strong></span> <span class='ocrx_word' id='word_1_316' title='bbox 1465 2547 1573 2594; x_wconf 74' lang='lat' dir='ltr'><strong>est.</strong></span> <span class='ocrx_word' id='word_1_317' title='bbox 1598 2537 1748 2608; x_wconf 79' lang='lat' dir='ltr'><strong>Ergo</strong></span> <span class='ocrx_word' id='word_1_318' title='bbox 1765 2537 1940 2607; x_wconf 79' lang='lat' dir='ltr'><strong>quise</strong></span> 
     </span>
    </p>
   </div>
   <div class='ocr_carea' id='block_1_44' title="bbox 356 2627 1943 2699">
    <p class='ocr_par' dir='ltr' id='par_1_44' title="bbox 356 2627 1943 2699">
     <span class='ocr_line' id='line_1_44' title="bbox 356 2627 1943 2699; baseline -0.002 -17"><span class='ocrx_word' id='word_1_319' title='bbox 356 2644 395 2682; x_wconf 84' lang='lat' dir='ltr'><strong>a</strong></span> <span class='ocrx_word' id='word_1_320' title='bbox 419 2627 603 2697; x_wconf 84' lang='lat' dir='ltr'><strong>pravis</strong></span> <span class='ocrx_word' id='word_1_321' title='bbox 625 2627 874 2686; x_wconf 89' lang='lat' dir='ltr'><strong>observat</strong></span> <span class='ocrx_word' id='word_1_322' title='bbox 898 2627 1338 2699; x_wconf 82' lang='lat' dir='ltr'><strong>cogitationibus,</strong></span> <span class='ocrx_word' id='word_1_323' title='bbox 1382 2627 1556 2682; x_wconf 82' lang='lat' dir='ltr'><strong>levius</strong></span> <span class='ocrx_word' id='word_1_324' title='bbox 1602 2642 1662 2683; x_wconf 84' lang='lat' dir='ltr'><strong>se</strong></span> <span class='ocrx_word' id='word_1_325' title='bbox 1688 2628 1943 2682; x_wconf 83' lang='lat' dir='ltr'><strong>observat</strong></span> 
     </span>
    </p>
   </div>
   <div class='ocr_carea' id='block_1_45' title="bbox 366 2715 1938 2792">
    <p class='ocr_par' dir='ltr' id='par_1_45' title="bbox 366 2715 1938 2792">
     <span class='ocr_line' id='line_1_45' title="bbox 366 2715 1938 2792; baseline -0.003 -20"><span class='ocrx_word' id='word_1_326' title='bbox 366 2734 397 2772; x_wconf 90' lang='lat' dir='ltr'><strong>a</strong></span> <span class='ocrx_word' id='word_1_327' title='bbox 425 2719 608 2792; x_wconf 78' lang='lat' dir='ltr'><strong>pravis</strong></span> <span class='ocrx_word' id='word_1_328' title='bbox 635 2717 906 2788; x_wconf 83' lang='lat' dir='ltr'><strong>operibus.</strong></span> <span class='ocrx_word' id='word_1_329' title='bbox 937 2717 1005 2770; x_wconf 83' lang='lat' dir='ltr'><strong>Et</strong></span> <span class='ocrx_word' id='word_1_330' title='bbox 1035 2717 1155 2772; x_wconf 79' lang='lat' dir='ltr'><strong>ideo</strong></span> <span class='ocrx_word' id='word_1_331' title='bbox 1182 2717 1320 2774; x_wconf 81' lang='lat' dir='ltr'><strong>dixit</strong></span> <span class='ocrx_word' id='word_1_332' title='bbox 1353 2734 1366 2770; x_wconf 92' lang='lat'><strong>:</strong></span> <span class='ocrx_word' id='word_1_333' title='bbox 1403 2716 1471 2771; x_wconf 84' lang='lat' dir='ltr'><strong>Et</strong></span> <span class='ocrx_word' id='word_1_334' title='bbox 1496 2733 1592 2770; x_wconf 82' lang='lat' dir='ltr'><strong>ero</strong></span> <span class='ocrx_word' id='word_1_335' title='bbox 1621 2715 1938 2772; x_wconf 66' lang='lat' dir='ltr'><strong>immacula-</strong></span> 
     </span>
    </p>
   </div>
   <div class='ocr_carea' id='block_1_46' title="bbox 369 2807 1942 2877">
    <p class='ocr_par' dir='ltr' id='par_1_46' title="bbox 369 2807 1942 2877">
     <span class='ocr_line' id='line_1_46' title="bbox 369 2807 1942 2877; baseline 0.001 -17"><span class='ocrx_word' id='word_1_336' title='bbox 369 2819 451 2862; x_wconf 74' lang='lat' dir='ltr'><strong>tus</strong></span> <span class='ocrx_word' id='word_1_337' title='bbox 476 2825 652 2862; x_wconf 88' lang='lat' dir='ltr'><strong>coram</strong></span> <span class='ocrx_word' id='word_1_338' title='bbox 689 2824 770 2872; x_wconf 86' lang='lat' dir='ltr'><strong>eo,</strong></span> <span class='ocrx_word' id='word_1_339' title='bbox 819 2808 866 2861; x_wconf 91' lang='lat' dir='ltr'><strong>si</strong></span> <span class='ocrx_word' id='word_1_340' title='bbox 907 2807 1240 2864; x_wconf 81' lang='lat' dir='ltr'><strong>observavero</strong></span> <span class='ocrx_word' id='word_1_341' title='bbox 1277 2824 1360 2862; x_wconf 75' lang='lat' dir='ltr'><strong>me</strong></span> <span class='ocrx_word' id='word_1_342' title='bbox 1404 2807 1468 2860; x_wconf 77' lang='lat' dir='ltr'><strong>ab</strong></span> <span class='ocrx_word' id='word_1_343' title='bbox 1514 2807 1789 2877; x_wconf 74' lang='lat' dir='ltr'><strong>iniquitate</strong></span> <span class='ocrx_word' id='word_1_344' title='bbox 1827 2822 1942 2861; x_wconf 73' lang='lat' dir='ltr'><strong>mea</strong></span> 
     </span>
    </p>
   </div>
   <div class='ocr_carea' id='block_1_47' title="bbox 364 2895 1944 2970">
    <p class='ocr_par' dir='ltr' id='par_1_47' title="bbox 364 2895 1944 2970">
     <span class='ocr_line' id='line_1_47' title="bbox 364 2895 1944 2970; baseline 0.006 -21"><span class='ocrx_word' id='word_1_345' title='bbox 364 2895 544 2970; x_wconf 21' lang='lat' dir='ltr'><strong>v-(Psal.</strong></span> <span class='ocrx_word' id='word_1_346' title='bbox 576 2895 730 2967; x_wconf 82' lang='lat' dir='ltr'><strong>xvn).</strong></span> <span class='ocrx_word' id='word_1_347' title='bbox 757 2896 836 2952; x_wconf 83' lang='lat' dir='ltr'><strong>Ac</strong></span> <span class='ocrx_word' id='word_1_348' title='bbox 861 2899 906 2952; x_wconf 89' lang='lat' dir='ltr'><strong>si</strong></span> <span class='ocrx_word' id='word_1_349' title='bbox 936 2899 1176 2956; x_wconf 84' lang='lat' dir='ltr'><strong>diceret:</strong></span> <span class='ocrx_word' id='word_1_350' title='bbox 1210 2897 1362 2954; x_wconf 84' lang='lat' dir='ltr'><strong>Tunc</strong></span> <span class='ocrx_word' id='word_1_351' title='bbox 1416 2896 1944 2966; x_wconf 76' lang='lat' dir='ltr'><strong>immaculatautpo-</strong></span> 
     </span>
    </p>
   </div>
   <div class='ocr_carea' id='block_1_48' title="bbox 368 2988 1945 3060">
    <p class='ocr_par' dir='ltr' id='par_1_48' title="bbox 368 2988 1945 3060">
     <span class='ocr_line' id='line_1_48' title="bbox 368 2988 1945 3060; baseline -0.002 -12"><span class='ocrx_word' id='word_1_352' title='bbox 368 3003 490 3048; x_wconf 80' lang='lat' dir='ltr'><strong>tero</strong></span> <span class='ocrx_word' id='word_1_353' title='bbox 511 2993 705 3049; x_wconf 87' lang='lat' dir='ltr'><strong>ducere</strong></span> <span class='ocrx_word' id='word_1_354' title='bbox 734 2992 924 3060; x_wconf 73' lang='lat' dir='ltr'><strong>vitam,</strong></span> <span class='ocrx_word' id='word_1_355' title='bbox 949 2992 994 3048; x_wconf 88' lang='lat' dir='ltr'><strong>si</strong></span> <span class='ocrx_word' id='word_1_356' title='bbox 1031 3007 1117 3045; x_wconf 88' lang='lat' dir='ltr'><strong>me</strong></span> <span class='ocrx_word' id='word_1_357' title='bbox 1144 3006 1252 3046; x_wconf 88' lang='lat' dir='ltr'><strong>non</strong></span> <span class='ocrx_word' id='word_1_358' title='bbox 1289 2989 1640 3052; x_wconf 77' lang='lat' dir='ltr'><strong>maculaverit</strong></span> <span class='ocrx_word' id='word_1_359' title='bbox 1687 2988 1945 3059; x_wconf 71' lang='lat' dir='ltr'><strong>cogitatio</strong></span> 
     </span>
    </p>
   </div>
   <div class='ocr_carea' id='block_1_49' title="bbox 2029 1815 3608 1889">
    <p class='ocr_par' dir='ltr' id='par_1_49' title="bbox 2029 1815 3608 1889">
     <span class='ocr_line' id='line_1_49' title="bbox 2029 1815 3608 1889; baseline -0.004 -16"><span class='ocrx_word' id='word_1_360' title='bbox 2029 1829 2158 1874; x_wconf 68' lang='lat' dir='ltr'><strong>nata</strong></span> <span class='ocrx_word' id='word_1_361' title='bbox 2184 1818 2467 1889; x_wconf 65' lang='lat' dir='ltr'><strong>lapidibus,</strong></span> <span class='ocrx_word' id='word_1_362' title='bbox 2499 1828 2546 1871; x_wconf 82' lang='lat' dir='ltr'><strong>et</strong></span> <span class='ocrx_word' id='word_1_363' title='bbox 2575 1817 2628 1872; x_wconf 86' lang='lat' dir='ltr'><strong>in</strong></span> <span class='ocrx_word' id='word_1_364' title='bbox 2649 1816 2754 1885; x_wconf 72' lang='lat' dir='ltr'><strong>ﬁne</strong></span> <span class='ocrx_word' id='word_1_365' title='bbox 2789 1815 3004 1869; x_wconf 78' lang='lat' dir='ltr'><strong>illorum</strong></span> <span class='ocrx_word' id='word_1_366' title='bbox 3057 1816 3236 1885; x_wconf 76' lang='lat' dir='ltr'><strong>inferi,</strong></span> <span class='ocrx_word' id='word_1_367' title='bbox 3282 1824 3328 1869; x_wconf 87' lang='lat' dir='ltr'><strong>et</strong></span> <span class='ocrx_word' id='word_1_368' title='bbox 3363 1815 3608 1877; x_wconf 68' lang='lat' dir='ltr'><strong>tenebra&#39;,</strong></span> 
     </span>
    </p>
   </div>
   <div class='ocr_carea' id='block_1_50' title="bbox 2029 1903 3616 1981">
    <p class='ocr_par' dir='ltr' id='par_1_50' title="bbox 2029 1903 3616 1981">
     <span class='ocr_line' id='line_1_50' title="bbox 2029 1903 3616 1981; baseline -0.004 -17"><span class='ocrx_word' id='word_1_369' title='bbox 2029 1921 2080 1964; x_wconf 89' lang='lat' dir='ltr'><strong>et</strong></span> <span class='ocrx_word' id='word_1_370' title='bbox 2099 1926 2262 1981; x_wconf 68' lang='lat' dir='ltr'><strong>pruna,-</strong></span> <span class='ocrx_word' id='word_1_371' title='bbox 2283 1906 2620 1979; x_wconf 52' lang='lat' dir='ltr'><strong>(Exitum).</strong></span> <span class='ocrx_word' id='word_1_372' title='bbox 2648 1908 2725 1961; x_wconf 83' lang='lat' dir='ltr'><strong>De</strong></span> <span class='ocrx_word' id='word_1_373' title='bbox 2765 1907 2962 1976; x_wconf 83' lang='lat' dir='ltr'><strong>quibus</strong></span> <span class='ocrx_word' id='word_1_374' title='bbox 2999 1915 3058 1961; x_wconf 84' lang='lat' dir='ltr'><strong>et.</strong></span> <span class='ocrx_word' id='word_1_375' title='bbox 3106 1907 3160 1961; x_wconf 81' lang='lat' dir='ltr'><strong>iu</strong></span> <span class='ocrx_word' id='word_1_376' title='bbox 3196 1906 3335 1961; x_wconf 91' lang='lat' dir='ltr'><strong>libro</strong></span> <span class='ocrx_word' id='word_1_377' title='bbox 3360 1903 3460 1960; x_wconf 88' lang='lat' dir='ltr'><strong>Job</strong></span> <span class='ocrx_word' id='word_1_378' title='bbox 3489 1905 3616 1975; x_wconf 80' lang='lat' dir='ltr'><strong>legi-</strong></span> 
     </span>
    </p>
   </div>
   <div class='ocr_carea' id='block_1_51' title="bbox 2033 1992 3679 2068">
    <p class='ocr_par' dir='ltr' id='par_1_51' title="bbox 2033 1992 3679 2068">
     <span class='ocr_line' id='line_1_51' title="bbox 2033 1992 3679 2068; baseline -0.003 -13"><span class='ocrx_word' id='word_1_379' title='bbox 2033 1999 2456 2056; x_wconf 70' lang='lat' dir='ltr'><strong>tur:Essultant</strong></span> <span class='ocrx_word' id='word_1_380' title='bbox 2479 1999 2534 2053; x_wconf 82' lang='lat' dir='ltr'><strong>in</strong></span> <span class='ocrx_word' id='word_1_381' title='bbox 2555 1997 2775 2058; x_wconf 69' lang='lat' dir='ltr'><strong>lusibus,</strong></span> <span class='ocrx_word' id='word_1_382' title='bbox 2813 2007 2984 2052; x_wconf 69' lang='lat' dir='ltr'><strong>tenent</strong></span> <span class='ocrx_word' id='word_1_383' title='bbox 3015 2007 3343 2068; x_wconf 81' lang='lat' dir='ltr'><strong>tympanum,</strong></span> <span class='ocrx_word' id='word_1_384' title='bbox 3364 2008 3412 2052; x_wconf 88' lang='lat' dir='ltr'><strong>et</strong></span> <span class='ocrx_word' id='word_1_385' title='bbox 3445 1997 3614 2051; x_wconf 87' lang='lat' dir='ltr'><strong>citlm-</strong></span> <span class='ocrx_word' id='word_1_386' title='bbox 3676 1992 3679 1996; x_wconf 69' lang='grc'><em>’</em></span> 
     </span>
    </p>
   </div>
   <div class='ocr_carea' id='block_1_52' title="bbox 2034 2087 3615 2160">
    <p class='ocr_par' dir='ltr' id='par_1_52' title="bbox 2034 2087 3615 2160">
     <span class='ocr_line' id='line_1_52' title="bbox 2034 2087 3615 2160; baseline -0.004 -14"><span class='ocrx_word' id='word_1_387' title='bbox 2034 2109 2170 2154; x_wconf 76' lang='lat' dir='ltr'><strong>ram,</strong></span> <span class='ocrx_word' id='word_1_388' title='bbox 2193 2100 2242 2144; x_wconf 73' lang='lat' dir='ltr'><strong>et</strong></span> <span class='ocrx_word' id='word_1_389' title='bbox 2260 2089 2490 2160; x_wconf 74' lang='lat' dir='ltr'><strong>gaudent</strong></span> <span class='ocrx_word' id='word_1_390' title='bbox 2509 2089 2580 2142; x_wconf 81' lang='lat' dir='ltr'><strong>ad</strong></span> <span class='ocrx_word' id='word_1_391' title='bbox 2607 2089 2836 2142; x_wconf 78' lang='lat' dir='ltr'><strong>sonitum</strong></span> <span class='ocrx_word' id='word_1_392' title='bbox 2863 2089 3082 2158; x_wconf 83' lang='lat' dir='ltr'><strong>organi;</strong></span> <span class='ocrx_word' id='word_1_393' title='bbox 3109 2087 3376 2142; x_wconf 71' lang='lat' dir='ltr'><strong>deducunt</strong></span> <span class='ocrx_word' id='word_1_394' title='bbox 3392 2087 3448 2142; x_wconf 88' lang='lat' dir='ltr'><strong>in</strong></span> <span class='ocrx_word' id='word_1_395' title='bbox 3467 2088 3615 2142; x_wconf 81' lang='lat' dir='ltr'><strong>bonis</strong></span> 
     </span>
    </p>
   </div>
   <div class='ocr_carea' id='block_1_53' title="bbox 2033 2176 3616 2250">
    <p class='ocr_par' dir='ltr' id='par_1_53' title="bbox 2033 2176 3616 2250">
     <span class='ocr_line' id='line_1_53' title="bbox 2033 2176 3616 2250; baseline -0.004 -14"><span class='ocrx_word' id='word_1_396' title='bbox 2033 2182 2144 2237; x_wconf 71' lang='lat' dir='ltr'><strong>dies</strong></span> <span class='ocrx_word' id='word_1_397' title='bbox 2155 2198 2299 2246; x_wconf 79' lang='lat' dir='ltr'><strong>suos,</strong></span> <span class='ocrx_word' id='word_1_398' title='bbox 2312 2189 2363 2234; x_wconf 86' lang='lat' dir='ltr'><strong>et</strong></span> <span class='ocrx_word' id='word_1_399' title='bbox 2385 2181 2439 2234; x_wconf 80' lang='lat' dir='ltr'><strong>in</strong></span> <span class='ocrx_word' id='word_1_400' title='bbox 2454 2188 2645 2250; x_wconf 76' lang='lat' dir='ltr'><strong>puncto</strong></span> <span class='ocrx_word' id='word_1_401' title='bbox 2666 2179 2736 2232; x_wconf 78' lang='lat' dir='ltr'><strong>ad</strong></span> <span class='ocrx_word' id='word_1_402' title='bbox 2756 2178 2965 2247; x_wconf 74' lang='lat' dir='ltr'><strong>inferna</strong></span> <span class='ocrx_word' id='word_1_403' title='bbox 2980 2177 3298 2232; x_wconf 82' lang='lat' dir='ltr'><strong>descendunt</strong></span> <span class='ocrx_word' id='word_1_404' title='bbox 3314 2176 3458 2242; x_wconf 78' lang='lat' dir='ltr'><strong>(Job.</strong></span> <span class='ocrx_word' id='word_1_405' title='bbox 3476 2177 3616 2244; x_wconf 63' lang='grc' dir='ltr'>χχι).</span> 
     </span>
    </p>
   </div>
   <div class='ocr_carea' id='block_1_54' title="bbox 2035 2267 3613 2339">
    <p class='ocr_par' dir='ltr' id='par_1_54' title="bbox 2035 2267 3613 2339">
     <span class='ocr_line' id='line_1_54' title="bbox 2035 2267 3613 2339; baseline -0.004 -14"><span class='ocrx_word' id='word_1_406' title='bbox 2035 2270 2172 2325; x_wconf 78' lang='lat' dir='ltr'><strong>Nam</strong></span> <span class='ocrx_word' id='word_1_407' title='bbox 2214 2276 2271 2325; x_wconf 87' lang='lat' dir='ltr'><strong>et</strong></span> <span class='ocrx_word' id='word_1_408' title='bbox 2297 2269 2363 2324; x_wconf 86' lang='lat' dir='ltr'><strong>de</strong></span> <span class='ocrx_word' id='word_1_409' title='bbox 2389 2268 2493 2323; x_wconf 81' lang='lat' dir='ltr'><strong>illis</strong></span> <span class='ocrx_word' id='word_1_410' title='bbox 2523 2267 2748 2339; x_wconf 78' lang='lat' dir='ltr'><strong>intelligi</strong></span> <span class='ocrx_word' id='word_1_411' title='bbox 2775 2275 2977 2338; x_wconf 84' lang='lat' dir='ltr'><strong>potest,</strong></span> <span class='ocrx_word' id='word_1_412' title='bbox 3015 2267 3109 2336; x_wconf 89' lang='lat' dir='ltr'><strong>qui</strong></span> <span class='ocrx_word' id='word_1_413' title='bbox 3135 2281 3281 2322; x_wconf 90' lang='lat' dir='ltr'><strong>nunc</strong></span> <span class='ocrx_word' id='word_1_414' title='bbox 3303 2267 3461 2322; x_wconf 88' lang='lat' dir='ltr'><strong>electi</strong></span> <span class='ocrx_word' id='word_1_415' title='bbox 3485 2282 3613 2319; x_wconf 70' lang='lat' dir='ltr'><strong>esse</strong></span> 
     </span>
    </p>
   </div>
   <div class='ocr_carea' id='block_1_55' title="bbox 2037 2356 3618 2429">
    <p class='ocr_par' dir='ltr' id='par_1_55' title="bbox 2037 2356 3618 2429">
     <span class='ocr_line' id='line_1_55' title="bbox 2037 2356 3618 2429; baseline -0.003 -14"><span class='ocrx_word' id='word_1_416' title='bbox 2037 2361 2319 2426; x_wconf 79' lang='lat' dir='ltr'><strong>videntur;</strong></span> <span class='ocrx_word' id='word_1_417' title='bbox 2351 2359 2446 2414; x_wconf 87' lang='lat' dir='ltr'><strong>sed</strong></span> <span class='ocrx_word' id='word_1_418' title='bbox 2470 2359 2600 2429; x_wconf 80' lang='lat' dir='ltr'><strong>quia</strong></span> <span class='ocrx_word' id='word_1_419' title='bbox 2627 2374 2736 2413; x_wconf 86' lang='lat' dir='ltr'><strong>non</strong></span> <span class='ocrx_word' id='word_1_420' title='bbox 2759 2365 2906 2424; x_wconf 82' lang='lat' dir='ltr'><strong>sunt,</strong></span> <span class='ocrx_word' id='word_1_421' title='bbox 2936 2373 2964 2412; x_wconf 86' lang='lat' dir='ltr'><strong>a</strong></span> <span class='ocrx_word' id='word_1_422' title='bbox 2985 2357 3214 2412; x_wconf 76' lang='lat' dir='ltr'><strong>Domino</strong></span> <span class='ocrx_word' id='word_1_423' title='bbox 3233 2356 3618 2428; x_wconf 76' lang='lat' dir='ltr'><strong>reprobanmr,</strong></span> 
     </span>
    </p>
   </div>
   <div class='ocr_carea' id='block_1_56' title="bbox 2037 2449 3619 2522">
    <p class='ocr_par' dir='ltr' id='par_1_56' title="bbox 2037 2449 3619 2522">
     <span class='ocr_line' id='line_1_56' title="bbox 2037 2449 3619 2522; baseline -0.006 -13"><span class='ocrx_word' id='word_1_424' title='bbox 2037 2456 2253 2509; x_wconf 59' lang='lat' dir='ltr'><strong>(ﬂectite</strong></span> <span class='ocrx_word' id='word_1_425' title='bbox 2297 2453 2560 2522; x_wconf 72' lang='lat' dir='ltr'><strong>propheta</strong></span> <span class='ocrx_word' id='word_1_426' title='bbox 2596 2469 2613 2506; x_wconf 86' lang='lat'><strong>:</strong></span> <span class='ocrx_word' id='word_1_427' title='bbox 2670 2449 2879 2506; x_wconf 78' lang='lat' dir='ltr'><strong>Vocavit</strong></span> <span class='ocrx_word' id='word_1_428' title='bbox 2931 2451 3190 2505; x_wconf 80' lang='lat' dir='ltr'><strong>Dominus</strong></span> <span class='ocrx_word' id='word_1_429' title='bbox 3233 2449 3499 2520; x_wconf 73' lang='lat' dir='ltr'><strong>judicium</strong></span> <span class='ocrx_word' id='word_1_430' title='bbox 3550 2450 3619 2501; x_wconf 81' lang='lat' dir='ltr'><strong>ml</strong></span> 
     </span>
    </p>
   </div>
   <div class='ocr_carea' id='block_1_57' title="bbox 2039 2539 3626 2616">
    <p class='ocr_par' dir='ltr' id='par_1_57' title="bbox 2039 2539 3626 2616">
     <span class='ocr_line' id='line_1_57' title="bbox 2039 2539 3626 2616; baseline -0.003 -17"><span class='ocrx_word' id='word_1_431' title='bbox 2039 2547 2232 2616; x_wconf 70' lang='lat' dir='ltr'><strong>ignem,</strong></span> <span class='ocrx_word' id='word_1_432' title='bbox 2275 2554 2332 2599; x_wconf 86' lang='lat' dir='ltr'><strong>et</strong></span> <span class='ocrx_word' id='word_1_433' title='bbox 2373 2543 2642 2598; x_wconf 78' lang='lat' dir='ltr'><strong>deuorauit</strong></span> <span class='ocrx_word' id='word_1_434' title='bbox 2675 2553 2876 2614; x_wconf 79' lang='lat' dir='ltr'><strong>partem</strong></span> <span class='ocrx_word' id='word_1_435' title='bbox 2923 2543 3111 2597; x_wconf 86' lang='lat' dir='ltr'><strong>domus</strong></span> <span class='ocrx_word' id='word_1_436' title='bbox 3133 2539 3316 2613; x_wconf 80' lang='lat' dir='ltr'><strong>(Amos</strong></span> <span class='ocrx_word' id='word_1_437' title='bbox 3343 2540 3464 2610; x_wconf 85' lang='lat' dir='ltr'><strong>vn).</strong></span> <span class='ocrx_word' id='word_1_438' title='bbox 3491 2541 3626 2598; x_wconf 79' lang='lat' dir='ltr'><strong>Pars</strong></span> 
     </span>
    </p>
   </div>
   <div class='ocr_carea' id='block_1_58' title="bbox 2040 2631 3628 2706">
    <p class='ocr_par' dir='ltr' id='par_1_58' title="bbox 2040 2631 3628 2706">
     <span class='ocr_line' id='line_1_58' title="bbox 2040 2631 3628 2706; baseline -0.002 -16"><span class='ocrx_word' id='word_1_439' title='bbox 2040 2637 2239 2706; x_wconf 80' lang='lat' dir='ltr'><strong>quippe</strong></span> <span class='ocrx_word' id='word_1_440' title='bbox 2257 2637 2451 2690; x_wconf 78' lang='lat' dir='ltr'><strong>(tomus</strong></span> <span class='ocrx_word' id='word_1_441' title='bbox 2474 2636 2837 2700; x_wconf 83' lang='lat' dir='ltr'><strong>devorabitur,</strong></span> <span class='ocrx_word' id='word_1_442' title='bbox 2857 2635 2987 2704; x_wconf 82' lang='lat' dir='ltr'><strong>quia</strong></span> <span class='ocrx_word' id='word_1_443' title='bbox 3035 2633 3156 2689; x_wconf 83' lang='lat' dir='ltr'><strong>illos</strong></span> <span class='ocrx_word' id='word_1_444' title='bbox 3180 2633 3348 2689; x_wconf 82' lang='lat' dir='ltr'><strong>etiam</strong></span> <span class='ocrx_word' id='word_1_445' title='bbox 3381 2631 3628 2689; x_wconf 81' lang='lat' dir='ltr'><strong>infernus</strong></span> 
     </span>
    </p>
   </div>
   <div class='ocr_carea' id='block_1_59' title="bbox 2044 2725 3626 2796">
    <p class='ocr_par' dir='ltr' id='par_1_59' title="bbox 2044 2725 3626 2796">
     <span class='ocr_line' id='line_1_59' title="bbox 2044 2725 3626 2796; baseline -0.004 -14"><span class='ocrx_word' id='word_1_446' title='bbox 2044 2727 2374 2792; x_wconf 67' lang='lat' dir='ltr'><strong>abmbebit,</strong></span> <span class='ocrx_word' id='word_1_447' title='bbox 2416 2726 2508 2796; x_wconf 85' lang='lat' dir='ltr'><strong>qui</strong></span> <span class='ocrx_word' id='word_1_448' title='bbox 2562 2741 2706 2782; x_wconf 85' lang='lat' dir='ltr'><strong>nunc</strong></span> <span class='ocrx_word' id='word_1_449' title='bbox 2753 2741 2812 2782; x_wconf 87' lang='lat' dir='ltr'><strong>se</strong></span> <span class='ocrx_word' id='word_1_450' title='bbox 2862 2725 2915 2779; x_wconf 89' lang='lat' dir='ltr'><strong>in</strong></span> <span class='ocrx_word' id='word_1_451' title='bbox 2973 2726 3258 2796; x_wconf 68' lang='lat' dir='ltr'><strong>pmceptis</strong></span> <span class='ocrx_word' id='word_1_452' title='bbox 3313 2725 3626 2788; x_wconf 80' lang='lat' dir='ltr'><strong>ccelestibus</strong></span> 
     </span>
    </p>
   </div>
   <div class='ocr_carea' id='block_1_60' title="bbox 2044 2817 3629 2891">
    <p class='ocr_par' dir='ltr' id='par_1_60' title="bbox 2044 2817 3629 2891">
     <span class='ocr_line' id='line_1_60' title="bbox 2044 2817 3629 2891; baseline -0.005 -15"><span class='ocrx_word' id='word_1_453' title='bbox 2044 2828 2196 2876; x_wconf 73' lang='lat' dir='ltr'><strong>stare</strong></span> <span class='ocrx_word' id='word_1_454' title='bbox 2223 2819 2542 2891; x_wconf 86' lang='lat' dir='ltr'><strong>gloriantur.</strong></span> <span class='ocrx_word' id='word_1_455' title='bbox 2564 2817 2753 2872; x_wconf 79' lang='lat' dir='ltr'><strong>Potest</strong></span> <span class='ocrx_word' id='word_1_456' title='bbox 2777 2825 2832 2873; x_wconf 87' lang='lat' dir='ltr'><strong>et</strong></span> <span class='ocrx_word' id='word_1_457' title='bbox 2859 2817 2925 2872; x_wconf 86' lang='lat' dir='ltr'><strong>de</strong></span> <span class='ocrx_word' id='word_1_458' title='bbox 2954 2817 3060 2871; x_wconf 84' lang='lat' dir='ltr'><strong>illis</strong></span> <span class='ocrx_word' id='word_1_459' title='bbox 3083 2832 3189 2871; x_wconf 91' lang='lat' dir='ltr'><strong>non</strong></span> <span class='ocrx_word' id='word_1_460' title='bbox 3241 2817 3629 2872; x_wconf 78' lang='lat' dir='ltr'><strong>inconvenien-</strong></span> 
     </span>
    </p>
   </div>
   <div class='ocr_carea' id='block_1_61' title="bbox 2046 2907 3634 2981">
    <p class='ocr_par' dir='ltr' id='par_1_61' title="bbox 2046 2907 3634 2981">
     <span class='ocr_line' id='line_1_61' title="bbox 2046 2907 3634 2981; baseline -0.004 -15"><span class='ocrx_word' id='word_1_461' title='bbox 2046 2921 2132 2966; x_wconf 82' lang='lat' dir='ltr'><strong>ter</strong></span> <span class='ocrx_word' id='word_1_462' title='bbox 2160 2910 2406 2981; x_wconf 57' lang='lat' dir='ltr'><strong>intelligi,</strong></span> <span class='ocrx_word' id='word_1_463' title='bbox 2431 2924 2572 2979; x_wconf 80' lang='lat' dir='ltr'><strong>quos</strong></span> <span class='ocrx_word' id='word_1_464' title='bbox 2597 2909 2724 2962; x_wconf 88' lang='lat' dir='ltr'><strong>vitia</strong></span> <span class='ocrx_word' id='word_1_465' title='bbox 2753 2909 2852 2963; x_wconf 87' lang='lat' dir='ltr'><strong>sub</strong></span> <span class='ocrx_word' id='word_1_466' title='bbox 2880 2908 3227 2964; x_wconf 88' lang='lat' dir='ltr'><strong>simulatione</strong></span> <span class='ocrx_word' id='word_1_467' title='bbox 3257 2908 3515 2962; x_wconf 85' lang='lat' dir='ltr'><strong>virtutum</strong></span> <span class='ocrx_word' id='word_1_468' title='bbox 3539 2907 3634 2961; x_wconf 78' lang='lat' dir='ltr'><strong>de-</strong></span> 
     </span>
    </p>
   </div>
   <div class='ocr_carea' id='block_1_62' title="bbox 2043 2997 3637 3072">
    <p class='ocr_par' dir='ltr' id='par_1_62' title="bbox 2043 2997 3637 3072">
     <span class='ocr_line' id='line_1_62' title="bbox 2043 2997 3637 3072; baseline -0.003 -14"><span class='ocrx_word' id='word_1_469' title='bbox 2043 3003 2274 3072; x_wconf 81' lang='lat' dir='ltr'><strong>cipiunt.</strong></span> <span class='ocrx_word' id='word_1_470' title='bbox 2319 3000 2582 3068; x_wconf 62' lang='lat' dir='ltr'><strong>Qumdam</strong></span> <span class='ocrx_word' id='word_1_471' title='bbox 2651 2999 2786 3054; x_wconf 78' lang='lat' dir='ltr'><strong>vitia</strong></span> <span class='ocrx_word' id='word_1_472' title='bbox 2832 3000 3066 3069; x_wconf 86' lang='lat' dir='ltr'><strong>speciem</strong></span> <span class='ocrx_word' id='word_1_473' title='bbox 3113 2999 3371 3053; x_wconf 73' lang='lat' dir='ltr'><strong>\irtutum</strong></span> <span class='ocrx_word' id='word_1_474' title='bbox 3433 2997 3637 3054; x_wconf 85' lang='lat' dir='ltr'><strong>habere</strong></span> 
     </span>
    </p>
   </div>
   <div class='ocr_carea' id='block_1_63' title="bbox 368 3081 3638 3157">
    <p class='ocr_par' dir='ltr' id='par_1_63' title="bbox 368 3081 3638 3157">
     <span class='ocr_line' id='line_1_63' title="bbox 368 3081 3638 3157; baseline -0.002 -6"><span class='ocrx_word' id='word_1_475' title='bbox 368 3101 559 3156; x_wconf 67' lang='lat' dir='ltr'><strong>prava.</strong></span> <span class='ocrx_word' id='word_1_476' title='bbox 591 3083 775 3154; x_wconf 82' lang='lat' dir='ltr'><strong>Neque</strong></span> <span class='ocrx_word' id='word_1_477' title='bbox 797 3083 940 3138; x_wconf 79' lang='lat' dir='ltr'><strong>enim</strong></span> <span class='ocrx_word' id='word_1_478' title='bbox 965 3091 1150 3154; x_wconf 68' lang='lat' dir='ltr'><strong>cmest</strong></span> <span class='ocrx_word' id='word_1_479' title='bbox 1173 3083 1290 3140; x_wconf 81' lang='lat' dir='ltr'><strong>sine</strong></span> <span class='ocrx_word' id='word_1_480' title='bbox 1312 3082 1525 3138; x_wconf 78' lang='lat' dir='ltr'><strong>macula</strong></span> <span class='ocrx_word' id='word_1_481' title='bbox 1549 3081 1762 3146; x_wconf 59' lang='grc' dir='ltr'><strong>νίπθιιεν.</strong></span> <span class='ocrx_word' id='word_1_482' title='bbox 1793 3081 1947 3150; x_wconf 66' lang='lat' dir='ltr'><strong>cuius</strong></span> <span class='ocrx_word' id='word_1_483' title='bbox 1974 3081 2018 3109; x_wconf 67' lang='grc' dir='ltr'>υ</span> <span class='ocrx_word' id='word_1_484' title='bbox 2052 3095 2327 3157; x_wconf 80' lang='lat' dir='ltr'><strong>videntur,</strong></span> <span class='ocrx_word' id='word_1_485' title='bbox 2383 3093 2476 3152; x_wconf 77' lang='lat' dir='ltr'><strong>sed</strong></span> <span class='ocrx_word' id='word_1_486' title='bbox 2504 3092 2735 3146; x_wconf 74' lang='lat' dir='ltr'><strong>virtutes</strong></span> <span class='ocrx_word' id='word_1_487' title='bbox 2762 3107 2868 3145; x_wconf 89' lang='lat' dir='ltr'><strong>non</strong></span> <span class='ocrx_word' id='word_1_488' title='bbox 2902 3098 3045 3144; x_wconf 84' lang='lat' dir='ltr'><strong>sunt.</strong></span> <span class='ocrx_word' id='word_1_489' title='bbox 3074 3089 3210 3144; x_wconf 82' lang='lat' dir='ltr'><strong>Nam</strong></span> <span class='ocrx_word' id='word_1_490' title='bbox 3241 3089 3508 3145; x_wconf 84' lang='lat' dir='ltr'><strong>interdum</strong></span> <span class='ocrx_word' id='word_1_491' title='bbox 3537 3089 3638 3145; x_wconf 78' lang='lat' dir='ltr'><strong>sub</strong></span> 
     </span>
    </p>
   </div>
   <div class='ocr_carea' id='block_1_64' title="bbox 375 3173 1948 3258">
    <p class='ocr_par' dir='ltr' id='par_1_64' title="bbox 375 3173 1948 3246">
     <span class='ocr_line' id='line_1_64' title="bbox 375 3173 1948 3246; baseline 0 -18"><span class='ocrx_word' id='word_1_492' title='bbox 375 3174 558 3244; x_wconf 87' lang='lat' dir='ltr'><strong>iniqua</strong></span> <span class='ocrx_word' id='word_1_493' title='bbox 582 3175 835 3246; x_wconf 73' lang='lat' dir='ltr'><strong>cogitndo</strong></span> <span class='ocrx_word' id='word_1_494' title='bbox 853 3173 1048 3244; x_wconf 80' lang='lat' dir='ltr'><strong>polluit</strong></span> <span class='ocrx_word' id='word_1_495' title='bbox 1067 3183 1322 3230; x_wconf 88' lang='lat' dir='ltr'><strong>mentem.</strong></span> <span class='ocrx_word' id='word_1_496' title='bbox 1340 3174 1447 3230; x_wconf 87' lang='lat' dir='ltr'><strong>Sed</strong></span> <span class='ocrx_word' id='word_1_497' title='bbox 1469 3174 1560 3232; x_wconf 82' lang='lat' dir='ltr'><strong>ille</strong></span> <span class='ocrx_word' id='word_1_498' title='bbox 1585 3181 1794 3233; x_wconf 71' lang='lat' dir='ltr'><strong>tantum</strong></span> <span class='ocrx_word' id='word_1_499' title='bbox 1810 3175 1948 3230; x_wconf 69' lang='lat' dir='ltr'><strong>hmo</strong></span> 
     </span>
    </p>
   </div>
   <div class='ocr_carea' id='block_1_65' title="bbox 2054 3173 3642 3258">
    <p class='ocr_par' dir='ltr' id='par_1_65' title="bbox 2054 3179 3642 3258">
     <span class='ocr_line' id='line_1_65' title="bbox 2054 3179 3642 3258; baseline -0.005 -16"><span class='ocrx_word' id='word_1_500' title='bbox 2054 3194 2315 3258; x_wconf 69' lang='lat' dir='ltr'><strong>prietestu</strong></span> <span class='ocrx_word' id='word_1_501' title='bbox 2339 3185 2564 3254; x_wconf 72' lang='lat' dir='ltr'><strong>iustitia:</strong></span> <span class='ocrx_word' id='word_1_502' title='bbox 2592 3182 2884 3238; x_wconf 88' lang='lat' dir='ltr'><strong>crudelitas</strong></span> <span class='ocrx_word' id='word_1_503' title='bbox 2912 3182 3110 3254; x_wconf 88' lang='lat' dir='ltr'><strong>agitur,</strong></span> <span class='ocrx_word' id='word_1_504' title='bbox 3163 3189 3219 3236; x_wconf 91' lang='lat' dir='ltr'><strong>et</strong></span> <span class='ocrx_word' id='word_1_505' title='bbox 3246 3179 3373 3236; x_wconf 86' lang='lat' dir='ltr'><strong>inde</strong></span> <span class='ocrx_word' id='word_1_506' title='bbox 3417 3195 3476 3236; x_wconf 90' lang='lat' dir='ltr'><strong>se</strong></span> <span class='ocrx_word' id='word_1_507' title='bbox 3504 3196 3642 3235; x_wconf 86' lang='lat' dir='ltr'><strong>non-</strong></span> 
     </span>
    </p>
   </div>
   <div class='ocr_carea' id='block_1_66' title="bbox 374 3265 1948 3346">
    <p class='ocr_par' dir='ltr' id='par_1_66' title="bbox 374 3265 1948 3338">
     <span class='ocr_line' id='line_1_66' title="bbox 374 3265 1948 3338; baseline 0 -16"><span class='ocrx_word' id='word_1_508' title='bbox 374 3265 758 3322; x_wconf 74' lang='lat' dir='ltr'><strong>immaculatus</strong></span> <span class='ocrx_word' id='word_1_509' title='bbox 787 3267 938 3330; x_wconf 88' lang='lat' dir='ltr'><strong>vivit,</strong></span> <span class='ocrx_word' id='word_1_510' title='bbox 970 3266 1062 3336; x_wconf 86' lang='lat' dir='ltr'><strong>qui</strong></span> <span class='ocrx_word' id='word_1_511' title='bbox 1094 3281 1154 3327; x_wconf 83' lang='lat' dir='ltr'><strong>se</strong></span> <span class='ocrx_word' id='word_1_512' title='bbox 1183 3267 1254 3322; x_wconf 83' lang='lat' dir='ltr'><strong>ab</strong></span> <span class='ocrx_word' id='word_1_513' title='bbox 1279 3267 1567 3336; x_wconf 77' lang='lat' dir='ltr'><strong>iniquitate</strong></span> <span class='ocrx_word' id='word_1_514' title='bbox 1590 3281 1776 3336; x_wconf 72' lang='lat' dir='ltr'><strong>prava:</strong></span> <span class='ocrx_word' id='word_1_515' title='bbox 1804 3267 1948 3338; x_wconf 75' lang='lat' dir='ltr'><strong>cogi-</strong></span> 
     </span>
    </p>
   </div>
   <div class='ocr_carea' id='block_1_67' title="bbox 2054 3265 3645 3346">
    <p class='ocr_par' dir='ltr' id='par_1_67' title="bbox 2054 3271 3645 3346">
     <span class='ocr_line' id='line_1_67' title="bbox 2054 3271 3645 3346; baseline -0.004 -16"><span class='ocrx_word' id='word_1_516' title='bbox 2054 3275 2188 3330; x_wconf 90' lang='lat' dir='ltr'><strong>nulli</strong></span> <span class='ocrx_word' id='word_1_517' title='bbox 2209 3274 2390 3346; x_wconf 70' lang='lat' dir='ltr'><strong>iustos</strong></span> <span class='ocrx_word' id='word_1_518' title='bbox 2416 3287 2539 3329; x_wconf 89' lang='lat' dir='ltr'><strong>esse</strong></span> <span class='ocrx_word' id='word_1_519' title='bbox 2561 3271 2860 3335; x_wconf 78' lang='lat' dir='ltr'><strong>conﬁdunt,</strong></span> <span class='ocrx_word' id='word_1_520' title='bbox 2884 3271 3024 3326; x_wconf 88' lang='lat' dir='ltr'><strong>unde</strong></span> <span class='ocrx_word' id='word_1_521' title='bbox 3046 3271 3280 3325; x_wconf 81' lang='lat' dir='ltr'><strong>maxime</strong></span> <span class='ocrx_word' id='word_1_522' title='bbox 3301 3272 3440 3340; x_wconf 83' lang='lat' dir='ltr'><strong>apud</strong></span> <span class='ocrx_word' id='word_1_523' title='bbox 3462 3271 3645 3325; x_wconf 86' lang='lat' dir='ltr'><strong>Domi-</strong></span> 
     </span>
    </p>
   </div>
   <div class='ocr_carea' id='block_1_68' title="bbox 375 3359 3644 3436">
    <p class='ocr_par' dir='ltr' id='par_1_68' title="bbox 375 3359 3644 3436">
     <span class='ocr_line' id='line_1_68' title="bbox 375 3359 3644 3436; baseline 0 -23"><span class='ocrx_word' id='word_1_524' title='bbox 375 3359 601 3414; x_wconf 84' lang='lat' dir='ltr'><strong>tationis</strong></span> <span class='ocrx_word' id='word_1_525' title='bbox 629 3359 885 3416; x_wconf 88' lang='lat' dir='ltr'><strong>custodit.</strong></span> <span class='ocrx_word' id='word_1_526' title='bbox 922 3359 991 3414; x_wconf 86' lang='lat' dir='ltr'><strong>Et</strong></span> <span class='ocrx_word' id='word_1_527' title='bbox 1020 3375 1087 3414; x_wconf 91' lang='lat' dir='ltr'><strong>ne</strong></span> <span class='ocrx_word' id='word_1_528' title='bbox 1115 3359 1310 3429; x_wconf 83' lang='lat' dir='ltr'><strong>aliquis</strong></span> <span class='ocrx_word' id='word_1_529' title='bbox 1335 3361 1480 3417; x_wconf 87' lang='lat' dir='ltr'><strong>dicat</strong></span> <span class='ocrx_word' id='word_1_530' title='bbox 1506 3378 1519 3414; x_wconf 92' lang='lat'><strong>:</strong></span> <span class='ocrx_word' id='word_1_531' title='bbox 1554 3359 1805 3431; x_wconf 74' lang='lat' dir='ltr'><strong>Cogitare</strong></span> <span class='ocrx_word' id='word_1_532' title='bbox 1829 3368 1953 3414; x_wconf 81' lang='lat' dir='ltr'><strong>.tan-</strong></span> <span class='ocrx_word' id='word_1_533' title='bbox 2053 3362 2187 3423; x_wconf 70' lang='grc' dir='ltr'>ιιίιηι</span> <span class='ocrx_word' id='word_1_534' title='bbox 2233 3366 2610 3436; x_wconf 62' lang='lat' dir='ltr'><strong>mprobant&quot;.</strong></span> <span class='ocrx_word' id='word_1_535' title='bbox 2671 3363 2931 3418; x_wconf 75' lang='lat' dir='ltr'><strong>Gai-nales</strong></span> <span class='ocrx_word' id='word_1_536' title='bbox 2989 3370 3168 3416; x_wconf 85' lang='lat' dir='ltr'><strong>autem</strong></span> <span class='ocrx_word' id='word_1_537' title='bbox 3197 3361 3518 3430; x_wconf 86' lang='lat' dir='ltr'><strong>plerumque</strong></span> <span class='ocrx_word' id='word_1_538' title='bbox 3545 3377 3644 3430; x_wconf 90' lang='lat' dir='ltr'><strong>per</strong></span> 
     </span>
    </p>
   </div>
   <div class='ocr_carea' id='block_1_69' title="bbox 376 3449 3649 3522">
    <p class='ocr_par' dir='ltr' id='par_1_69' title="bbox 376 3449 3649 3522">
     <span class='ocr_line' id='line_1_69' title="bbox 376 3449 3649 3522; baseline -0.002 -12"><span class='ocrx_word' id='word_1_539' title='bbox 376 3456 516 3513; x_wconf 58' lang='lat' dir='ltr'><strong>tum.</strong></span> <span class='ocrx_word' id='word_1_540' title='bbox 544 3464 651 3503; x_wconf 81' lang='lat' dir='ltr'><strong>non</strong></span> <span class='ocrx_word' id='word_1_541' title='bbox 681 3449 880 3516; x_wconf 65' lang='lat' dir='ltr'><strong>facere.</strong></span> <span class='ocrx_word' id='word_1_542' title='bbox 907 3465 1016 3504; x_wconf 72' lang='lat' dir='ltr'><strong>n00</strong></span> <span class='ocrx_word' id='word_1_543' title='bbox 1047 3457 1132 3505; x_wconf 71' lang='grc' dir='ltr'><strong>ρει</strong></span> <span class='ocrx_word' id='word_1_544' title='bbox 1175 3451 1380 3520; x_wconf 76' lang='lat' dir='ltr'><strong>grande</strong></span> <span class='ocrx_word' id='word_1_545' title='bbox 1427 3458 1738 3521; x_wconf 60' lang='lat' dir='ltr'><strong>Peccatum.</strong></span> <span class='ocrx_word' id='word_1_546' title='bbox 1769 3449 1954 3503; x_wconf 67' lang='grc' dir='ltr'>ειιιάίιιι</span> <span class='ocrx_word' id='word_1_547' title='bbox 2059 3457 2528 3514; x_wconf 83' lang='lat' dir='ltr'><strong>insensibilitatem</strong></span> <span class='ocrx_word' id='word_1_548' title='bbox 2559 3454 2759 3508; x_wconf 88' lang='lat' dir='ltr'><strong>mentis</strong></span> <span class='ocrx_word' id='word_1_549' title='bbox 2809 3467 2915 3506; x_wconf 92' lang='lat' dir='ltr'><strong>non</strong></span> <span class='ocrx_word' id='word_1_550' title='bbox 2960 3459 3266 3522; x_wconf 84' lang='lat' dir='ltr'><strong>agnoscunt</strong></span> <span class='ocrx_word' id='word_1_551' title='bbox 3306 3450 3496 3504; x_wconf 87' lang='lat' dir='ltr'><strong>vitium</strong></span> <span class='ocrx_word' id='word_1_552' title='bbox 3525 3466 3649 3505; x_wconf 84' lang='lat' dir='ltr'><strong>csse</strong></span> 
     </span>
    </p>
   </div>
   <div class='ocr_carea' id='block_1_70' title="bbox 375 3541 3650 3621">
    <p class='ocr_par' dir='ltr' id='par_1_70' title="bbox 375 3541 3650 3621">
     <span class='ocr_line' id='line_1_70' title="bbox 375 3541 3650 3621; baseline -0.006 -7"><span class='ocrx_word' id='word_1_553' title='bbox 375 3543 509 3613; x_wconf 71' lang='lat' dir='ltr'><strong>quid</strong></span> <span class='ocrx_word' id='word_1_554' title='bbox 539 3543 606 3598; x_wconf 78' lang='lat' dir='ltr'><strong>de</strong></span> <span class='ocrx_word' id='word_1_555' title='bbox 637 3542 898 3600; x_wconf 75' lang='lat' dir='ltr'><strong>malorum</strong></span> <span class='ocrx_word' id='word_1_556' title='bbox 921 3543 1437 3614; x_wconf 65' lang='grc' dir='ltr'><strong>ωείιειιίουίιιυεείι</strong></span> <span class='ocrx_word' id='word_1_557' title='bbox 1485 3542 1768 3612; x_wconf 63' lang='lat' dir='ltr'><strong>scriptun</strong></span> <span class='ocrx_word' id='word_1_558' title='bbox 1814 3541 1958 3596; x_wconf 68' lang='lat' dir='ltr'><strong>Dicit</strong></span> <span class='ocrx_word' id='word_1_559' title='bbox 2060 3549 2343 3621; x_wconf 82' lang='lat' dir='ltr'><strong>culpabile,</strong></span> <span class='ocrx_word' id='word_1_560' title='bbox 2391 3546 2535 3616; x_wconf 86' lang='lat' dir='ltr'><strong>quod</strong></span> <span class='ocrx_word' id='word_1_561' title='bbox 2581 3545 2809 3618; x_wconf 79' lang='lat' dir='ltr'><strong>dignum</strong></span> <span class='ocrx_word' id='word_1_562' title='bbox 2859 3544 3074 3598; x_wconf 85' lang='lat' dir='ltr'><strong>videtur</strong></span> <span class='ocrx_word' id='word_1_563' title='bbox 3113 3543 3479 3596; x_wconf 88' lang='lat' dir='ltr'><strong>damnatione.</strong></span> <span class='ocrx_word' id='word_1_564' title='bbox 3509 3541 3650 3595; x_wconf 83' lang='lat' dir='ltr'><strong>Hinc</strong></span> 
     </span>
    </p>
   </div>
   <div class='ocr_carea' id='block_1_71' title="bbox 380 3632 3648 3711">
    <p class='ocr_par' dir='ltr' id='par_1_71' title="bbox 380 3632 3648 3711">
     <span class='ocr_line' id='line_1_71' title="bbox 380 3632 3648 3711; baseline -0.001 -23"><span class='ocrx_word' id='word_1_565' title='bbox 380 3636 528 3690; x_wconf 84' lang='lat' dir='ltr'><strong>enim</strong></span> <span class='ocrx_word' id='word_1_566' title='bbox 561 3634 884 3705; x_wconf 83' lang='lat' dir='ltr'><strong>Scriptura:</strong></span> <span class='ocrx_word' id='word_1_567' title='bbox 921 3633 1180 3708; x_wconf 81' lang='lat' dir='ltr'><strong>Cogitatio</strong></span> <span class='ocrx_word' id='word_1_568' title='bbox 1208 3635 1355 3692; x_wconf 74' lang='lat' dir='ltr'><strong>stulti</strong></span> <span class='ocrx_word' id='word_1_569' title='bbox 1381 3644 1649 3706; x_wconf 69' lang='lat' dir='ltr'><strong>peccatum</strong></span> <span class='ocrx_word' id='word_1_570' title='bbox 1676 3643 1753 3688; x_wconf 87' lang='lat' dir='ltr'><strong>est</strong></span> <span class='ocrx_word' id='word_1_571' title='bbox 1772 3632 1954 3704; x_wconf 77' lang='lat' dir='ltr'><strong>(Prov.</strong></span> <span class='ocrx_word' id='word_1_572' title='bbox 2055 3657 2160 3711; x_wconf 67' lang='lat' dir='ltr'><strong>per</strong></span> <span class='ocrx_word' id='word_1_573' title='bbox 2208 3639 2553 3694; x_wconf 83' lang='lat' dir='ltr'><strong>Salomonem</strong></span> <span class='ocrx_word' id='word_1_574' title='bbox 2605 3636 2846 3692; x_wconf 85' lang='lat' dir='ltr'><strong>dicitur:</strong></span> <span class='ocrx_word' id='word_1_575' title='bbox 2891 3633 3020 3688; x_wconf 77' lang='lat' dir='ltr'><strong>Viae</strong></span> <span class='ocrx_word' id='word_1_576' title='bbox 3048 3650 3163 3706; x_wconf 74' lang='lat' dir='ltr'><strong>qua:</strong></span> <span class='ocrx_word' id='word_1_577' title='bbox 3213 3651 3244 3686; x_wconf 77' lang='grc' dir='ltr'>(ι</span> <span class='ocrx_word' id='word_1_578' title='bbox 3299 3632 3498 3686; x_wconf 72' lang='lat' dir='ltr'><strong>dextris</strong></span> <span class='ocrx_word' id='word_1_579' title='bbox 3527 3641 3648 3684; x_wconf 72' lang='lat' dir='ltr'><strong>sunt</strong></span> 
     </span>
    </p>
   </div>
   <div class='ocr_carea' id='block_1_72' title="bbox 387 3723 3652 3801">
    <p class='ocr_par' dir='ltr' id='par_1_72' title="bbox 387 3723 3652 3801">
     <span class='ocr_line' id='line_1_72' title="bbox 387 3723 3652 3801; baseline -0.002 -16"><span class='ocrx_word' id='word_1_580' title='bbox 387 3727 646 3800; x_wconf 73' lang='lat' dir='ltr'><strong>ulv).Et</strong></span> <span class='ocrx_word' id='word_1_581' title='bbox 665 3736 725 3782; x_wconf 82' lang='lat' dir='ltr'><strong>ut</strong></span> <span class='ocrx_word' id='word_1_582' title='bbox 757 3729 1088 3801; x_wconf 83' lang='lat' dir='ltr'><strong>intelligeres</strong></span> <span class='ocrx_word' id='word_1_583' title='bbox 1111 3728 1272 3797; x_wconf 82' lang='lat' dir='ltr'><strong>quale</strong></span> <span class='ocrx_word' id='word_1_584' title='bbox 1297 3725 1747 3798; x_wconf 58' lang='lat' dir='ltr'><strong>peccatumdicit</strong></span> <span class='ocrx_word' id='word_1_585' title='bbox 1769 3725 1990 3786; x_wconf 81' lang='lat' dir='ltr'><strong>eadem&#39;</strong></span> <span class='ocrx_word' id='word_1_586' title='bbox 2065 3731 2202 3785; x_wconf 77' lang='lat' dir='ltr'><strong>norit</strong></span> <span class='ocrx_word' id='word_1_587' title='bbox 2259 3729 2537 3791; x_wconf 83' lang='lat' dir='ltr'><strong>Dominus,</strong></span> <span class='ocrx_word' id='word_1_588' title='bbox 2580 3743 2838 3798; x_wconf 80' lang='lat' dir='ltr'><strong>perversa:</strong></span> <span class='ocrx_word' id='word_1_589' title='bbox 2887 3742 3005 3780; x_wconf 73' lang='lat' dir='ltr'><strong>vero</strong></span> <span class='ocrx_word' id='word_1_590' title='bbox 3037 3735 3176 3789; x_wconf 74' lang='lat' dir='ltr'><strong>sunt,</strong></span> <span class='ocrx_word' id='word_1_591' title='bbox 3215 3741 3331 3796; x_wconf 79' lang='lat' dir='ltr'><strong>qua:</strong></span> <span class='ocrx_word' id='word_1_592' title='bbox 3353 3741 3383 3776; x_wconf 87' lang='lat' dir='ltr'><strong>a</strong></span> <span class='ocrx_word' id='word_1_593' title='bbox 3423 3723 3652 3778; x_wconf 81' lang='lat' dir='ltr'><strong>sinistris</strong></span> 
     </span>
    </p>
   </div>
   <div class='ocr_carea' id='block_1_73' title="bbox 384 3815 3650 3893">
    <p class='ocr_par' dir='ltr' id='par_1_73' title="bbox 384 3815 3650 3893">
     <span class='ocr_line' id='line_1_73' title="bbox 384 3815 3650 3893; baseline -0.002 -21"><span class='ocrx_word' id='word_1_594' title='bbox 384 3817 668 3888; x_wconf 81' lang='lat' dir='ltr'><strong>Scriptura</strong></span> <span class='ocrx_word' id='word_1_595' title='bbox 710 3819 764 3873; x_wconf 90' lang='lat' dir='ltr'><strong>in</strong></span> <span class='ocrx_word' id='word_1_596' title='bbox 817 3818 922 3873; x_wconf 89' lang='lat' dir='ltr'><strong>alio</strong></span> <span class='ocrx_word' id='word_1_597' title='bbox 964 3819 1081 3874; x_wconf 89' lang='lat' dir='ltr'><strong>loco</strong></span> <span class='ocrx_word' id='word_1_598' title='bbox 1112 3837 1125 3872; x_wconf 88' lang='lat'><strong>:</strong></span> <span class='ocrx_word' id='word_1_599' title='bbox 1158 3817 1424 3874; x_wconf 77' lang='lat' dir='ltr'><strong>Peruerstc</strong></span> <span class='ocrx_word' id='word_1_600' title='bbox 1453 3815 1789 3886; x_wconf 75' lang='lat' dir='ltr'><strong>cogitationes</strong></span> <span class='ocrx_word' id='word_1_601' title='bbox 1815 3829 1965 3884; x_wconf 72' lang='grc' dir='ltr'><strong>δερα-</strong></span> <span class='ocrx_word' id='word_1_602' title='bbox 2065 3830 2185 3874; x_wconf 83' lang='lat' dir='ltr'><strong>sunt</strong></span> <span class='ocrx_word' id='word_1_603' title='bbox 2220 3819 2401 3893; x_wconf 87' lang='lat' dir='ltr'><strong>(Prov.</strong></span> <span class='ocrx_word' id='word_1_604' title='bbox 2437 3817 2533 3890; x_wconf 85' lang='lat' dir='ltr'><strong>tv).</strong></span> <span class='ocrx_word' id='word_1_605' title='bbox 2567 3817 2890 3889; x_wconf 69' lang='lat' dir='ltr'><strong>{intelligitur</strong></span> <span class='ocrx_word' id='word_1_606' title='bbox 2917 3826 2972 3871; x_wconf 91' lang='lat' dir='ltr'><strong>et</strong></span> <span class='ocrx_word' id='word_1_607' title='bbox 3013 3816 3080 3870; x_wconf 88' lang='lat' dir='ltr'><strong>de</strong></span> <span class='ocrx_word' id='word_1_608' title='bbox 3103 3815 3391 3879; x_wconf 65' lang='lat' dir='ltr'><strong>haereticis,</strong></span> <span class='ocrx_word' id='word_1_609' title='bbox 3419 3830 3650 3884; x_wconf 87' lang='lat' dir='ltr'><strong>quorum</strong></span> 
     </span>
    </p>
   </div>
   <div class='ocr_carea' id='block_1_74' title="bbox 389 3902 3656 3983">
    <p class='ocr_par' dir='ltr' id='par_1_74' title="bbox 389 3902 3656 3983">
     <span class='ocr_line' id='line_1_74' title="bbox 389 3902 3656 3983; baseline 0.002 -25"><span class='ocrx_word' id='word_1_610' title='bbox 389 3920 508 3964; x_wconf 78' lang='lat' dir='ltr'><strong>mm</strong></span> <span class='ocrx_word' id='word_1_611' title='bbox 532 3927 563 3962; x_wconf 88' lang='lat' dir='ltr'><strong>a</strong></span> <span class='ocrx_word' id='word_1_612' title='bbox 588 3907 1035 3981; x_wconf 75' lang='lat' dir='ltr'><strong>Deo(Sapien.1).</strong></span> <span class='ocrx_word' id='word_1_613' title='bbox 1066 3907 1181 3962; x_wconf 83' lang='grc' dir='ltr'><strong>Νοη</strong></span> <span class='ocrx_word' id='word_1_614' title='bbox 1209 3907 1353 3962; x_wconf 84' lang='lat' dir='ltr'><strong>enim</strong></span> <span class='ocrx_word' id='word_1_615' title='bbox 1373 3903 1737 3977; x_wconf 81' lang='lat' dir='ltr'><strong>parvum,sed</strong></span> <span class='ocrx_word' id='word_1_616' title='bbox 1757 3902 1966 3973; x_wconf 78' lang='lat' dir='ltr'><strong>grande</strong></span> <span class='ocrx_word' id='word_1_617' title='bbox 2068 3913 2262 3983; x_wconf 87' lang='lat' dir='ltr'><strong>dogma</strong></span> <span class='ocrx_word' id='word_1_618' title='bbox 2308 3911 2452 3966; x_wconf 89' lang='lat' dir='ltr'><strong>illius</strong></span> <span class='ocrx_word' id='word_1_619' title='bbox 2483 3911 2698 3966; x_wconf 85' lang='lat' dir='ltr'><strong>videtur</strong></span> <span class='ocrx_word' id='word_1_620' title='bbox 2724 3922 2957 3976; x_wconf 85' lang='lat' dir='ltr'><strong>rectum,</strong></span> <span class='ocrx_word' id='word_1_621' title='bbox 3001 3910 3093 3964; x_wconf 89' lang='lat' dir='ltr'><strong>scd</strong></span> <span class='ocrx_word' id='word_1_622' title='bbox 3131 3926 3160 3963; x_wconf 88' lang='lat' dir='ltr'><strong>a</strong></span> <span class='ocrx_word' id='word_1_623' title='bbox 3211 3909 3494 3965; x_wconf 87' lang='lat' dir='ltr'><strong>catholicis</strong></span> <span class='ocrx_word' id='word_1_624' title='bbox 3521 3910 3656 3964; x_wconf 83' lang='lat' dir='ltr'><strong>viris</strong></span> 
     </span>
    </p>
   </div>
   <div class='ocr_carea' id='block_1_75' title="bbox 386 3995 3656 4073">
    <p class='ocr_par' dir='ltr' id='par_1_75' title="bbox 386 3995 3656 4073">
     <span class='ocr_line' id='line_1_75' title="bbox 386 3995 3656 4073; baseline -0 -19"><span class='ocrx_word' id='word_1_625' title='bbox 386 4008 670 4073; x_wconf 83' lang='lat' dir='ltr'><strong>peccatum</strong></span> <span class='ocrx_word' id='word_1_626' title='bbox 693 4009 774 4054; x_wconf 89' lang='lat' dir='ltr'><strong>est</strong></span> <span class='ocrx_word' id='word_1_627' title='bbox 791 4000 1030 4068; x_wconf 85' lang='lat' dir='ltr'><strong>separari</strong></span> <span class='ocrx_word' id='word_1_628' title='bbox 1061 4015 1091 4053; x_wconf 91' lang='lat' dir='ltr'><strong>a</strong></span> <span class='ocrx_word' id='word_1_629' title='bbox 1119 3999 1250 4064; x_wconf 86' lang='lat' dir='ltr'><strong>Deo,</strong></span> <span class='ocrx_word' id='word_1_630' title='bbox 1274 4006 1331 4052; x_wconf 84' lang='lat' dir='ltr'><strong>et</strong></span> <span class='ocrx_word' id='word_1_631' title='bbox 1345 3997 1500 4068; x_wconf 70' lang='lat' dir='ltr'><strong>iungi</strong></span> <span class='ocrx_word' id='word_1_632' title='bbox 1527 3996 1763 4054; x_wconf 83' lang='lat' dir='ltr'><strong>diabolo.</strong></span> <span class='ocrx_word' id='word_1_633' title='bbox 1792 3995 1834 4048; x_wconf 85' lang='lat' dir='ltr'><strong>A</strong></span> <span class='ocrx_word' id='word_1_634' title='bbox 1857 4009 1967 4064; x_wconf 87' lang='lat' dir='ltr'><strong>quo</strong></span> <span class='ocrx_word' id='word_1_635' title='bbox 2071 4001 2419 4065; x_wconf 76' lang='lat' dir='ltr'><strong>discernitur,</strong></span> <span class='ocrx_word' id='word_1_636' title='bbox 2449 4009 2504 4054; x_wconf 88' lang='lat' dir='ltr'><strong>et</strong></span> <span class='ocrx_word' id='word_1_637' title='bbox 2519 4000 2794 4071; x_wconf 81' lang='lat' dir='ltr'><strong>judicatur</strong></span> <span class='ocrx_word' id='word_1_638' title='bbox 2814 4015 2934 4054; x_wconf 89' lang='lat' dir='ltr'><strong>esse</strong></span> <span class='ocrx_word' id='word_1_639' title='bbox 2965 4015 3222 4070; x_wconf 79' lang='lat' dir='ltr'><strong>pravum;</strong></span> <span class='ocrx_word' id='word_1_640' title='bbox 3246 4001 3371 4070; x_wconf 89' lang='lat' dir='ltr'><strong>quia</strong></span> <span class='ocrx_word' id='word_1_641' title='bbox 3392 4015 3656 4068; x_wconf 75' lang='lat' dir='ltr'><strong>sequaces</strong></span> 
     </span>
    </p>
   </div>
   <div class='ocr_carea' id='block_1_76' title="bbox 393 4089 3658 4164">
    <p class='ocr_par' dir='ltr' id='par_1_76' title="bbox 393 4089 3658 4164">
     <span class='ocr_line' id='line_1_76' title="bbox 393 4089 3658 4164; baseline -0.001 -15"><span class='ocrx_word' id='word_1_642' title='bbox 393 4107 454 4149; x_wconf 84' lang='lat' dir='ltr'><strong>se</strong></span> <span class='ocrx_word' id='word_1_643' title='bbox 498 4093 634 4148; x_wconf 88' lang='lat' dir='ltr'><strong>bene</strong></span> <span class='ocrx_word' id='word_1_644' title='bbox 677 4095 948 4156; x_wconf 88' lang='lat' dir='ltr'><strong>observat,</strong></span> <span class='ocrx_word' id='word_1_645' title='bbox 995 4094 1086 4162; x_wconf 90' lang='lat' dir='ltr'><strong>qui</strong></span> <span class='ocrx_word' id='word_1_646' title='bbox 1142 4093 1497 4164; x_wconf 82' lang='lat' dir='ltr'><strong>cogitationes</strong></span> <span class='ocrx_word' id='word_1_647' title='bbox 1541 4093 1779 4164; x_wconf 81' lang='lat' dir='ltr'><strong>iniquas,</strong></span> <span class='ocrx_word' id='word_1_648' title='bbox 1839 4093 1967 4147; x_wconf 82' lang='lat' dir='ltr'><strong>dum</strong></span> <span class='ocrx_word' id='word_1_649' title='bbox 2073 4106 2200 4145; x_wconf 85' lang='lat' dir='ltr'><strong>suos</strong></span> <span class='ocrx_word' id='word_1_650' title='bbox 2219 4091 2364 4154; x_wconf 82' lang='lat' dir='ltr'><strong>,dicit</strong></span> <span class='ocrx_word' id='word_1_651' title='bbox 2390 4091 2460 4146; x_wconf 86' lang='lat' dir='ltr'><strong>ad</strong></span> <span class='ocrx_word' id='word_1_652' title='bbox 2486 4098 2771 4144; x_wconf 83' lang='lat' dir='ltr'><strong>tartarum.</strong></span> <span class='ocrx_word' id='word_1_653' title='bbox 2811 4090 2950 4146; x_wconf 81' lang='lat' dir='ltr'><strong>Hinc</strong></span> <span class='ocrx_word' id='word_1_654' title='bbox 2968 4089 3232 4148; x_wconf 80' lang='lat' dir='ltr'><strong>Salomon</strong></span> <span class='ocrx_word' id='word_1_655' title='bbox 3273 4093 3388 4147; x_wconf 90' lang='lat' dir='ltr'><strong>ait:</strong></span> <span class='ocrx_word' id='word_1_656' title='bbox 3430 4091 3529 4148; x_wconf 80' lang='lat' dir='ltr'><strong>Via</strong></span> <span class='ocrx_word' id='word_1_657' title='bbox 3554 4094 3658 4148; x_wconf 85' lang='lat' dir='ltr'><strong>im-</strong></span> 
     </span>
    </p>
   </div>
   <div class='ocr_carea' id='block_1_77' title="bbox 395 4181 3656 4256">
    <p class='ocr_par' dir='ltr' id='par_1_77' title="bbox 395 4181 3656 4256">
     <span class='ocr_line' id='line_1_77' title="bbox 395 4181 3656 4256; baseline -0.001 -18"><span class='ocrx_word' id='word_1_658' title='bbox 395 4184 571 4239; x_wconf 89' lang='lat' dir='ltr'><strong>adhuc</strong></span> <span class='ocrx_word' id='word_1_659' title='bbox 595 4192 719 4238; x_wconf 84' lang='lat' dir='ltr'><strong>sunt</strong></span> <span class='ocrx_word' id='word_1_660' title='bbox 751 4184 1010 4254; x_wconf 56' lang='lat' dir='ltr'><strong>parvula,</strong></span> <span class='ocrx_word' id='word_1_661' title='bbox 1043 4193 1189 4239; x_wconf 87' lang='lat' dir='ltr'><strong>tenet</strong></span> <span class='ocrx_word' id='word_1_662' title='bbox 1213 4192 1269 4239; x_wconf 89' lang='lat' dir='ltr'><strong>et</strong></span> <span class='ocrx_word' id='word_1_663' title='bbox 1297 4184 1468 4240; x_wconf 82' lang='lat' dir='ltr'><strong>allidit</strong></span> <span class='ocrx_word' id='word_1_664' title='bbox 1493 4185 1558 4238; x_wconf 87' lang='lat' dir='ltr'><strong>ad</strong></span> <span class='ocrx_word' id='word_1_665' title='bbox 1594 4192 1824 4255; x_wconf 84' lang='lat' dir='ltr'><strong>petram.</strong></span> <span class='ocrx_word' id='word_1_666' title='bbox 2073 4183 2282 4254; x_wconf 81' lang='lat' dir='ltr'><strong>piorum</strong></span> <span class='ocrx_word' id='word_1_667' title='bbox 2329 4182 2621 4244; x_wconf 67' lang='lat' dir='ltr'><strong>tenebroso,</strong></span> <span class='ocrx_word' id='word_1_668' title='bbox 2654 4183 2890 4236; x_wconf 85' lang='lat' dir='ltr'><strong>nesciunt</strong></span> <span class='ocrx_word' id='word_1_669' title='bbox 2941 4183 3027 4236; x_wconf 87' lang='lat' dir='ltr'><strong>ubi</strong></span> <span class='ocrx_word' id='word_1_670' title='bbox 3076 4193 3322 4238; x_wconf 86' lang='lat' dir='ltr'><strong>corruant</strong></span> <span class='ocrx_word' id='word_1_671' title='bbox 3348 4181 3530 4256; x_wconf 85' lang='lat' dir='ltr'><strong>(Prov.</strong></span> <span class='ocrx_word' id='word_1_672' title='bbox 3559 4183 3656 4254; x_wconf 83' lang='lat' dir='ltr'><strong>tv).</strong></span> 
     </span>
    </p>
   </div>
   <div class='ocr_carea' id='block_1_78' title="bbox 479 4270 3661 4348">
    <p class='ocr_par' dir='ltr' id='par_1_78' title="bbox 479 4270 3661 4348">
     <span class='ocr_line' id='line_1_78' title="bbox 479 4270 3661 4348; baseline 0 -21"><span class='ocrx_word' id='word_1_673' title='bbox 479 4274 804 4330; x_wconf 79' lang='lat' dir='ltr'><strong>Voluntatcm</strong></span> <span class='ocrx_word' id='word_1_674' title='bbox 835 4293 953 4330; x_wconf 86' lang='lat' dir='ltr'><strong>vero</strong></span> <span class='ocrx_word' id='word_1_675' title='bbox 998 4277 1267 4347; x_wconf 78' lang='lat' dir='ltr'><strong>prapriam</strong></span> <span class='ocrx_word' id='word_1_676' title='bbox 1306 4277 1388 4330; x_wconf 83' lang='lat' dir='ltr'><strong>ita</strong></span> <span class='ocrx_word' id='word_1_677' title='bbox 1415 4277 1589 4346; x_wconf 78' lang='lat' dir='ltr'><strong>facere</strong></span> <span class='ocrx_word' id='word_1_678' title='bbox 1613 4275 1966 4346; x_wconf 73' lang='lat' dir='ltr'><strong>prohibentur,</strong></span> <span class='ocrx_word' id='word_1_679' title='bbox 2075 4273 2216 4328; x_wconf 78' lang='lat' dir='ltr'><strong>Hinc</strong></span> <span class='ocrx_word' id='word_1_680' title='bbox 2239 4273 2438 4327; x_wconf 87' lang='lat' dir='ltr'><strong>iterum</strong></span> <span class='ocrx_word' id='word_1_681' title='bbox 2483 4271 2652 4326; x_wconf 83' lang='lat' dir='ltr'><strong>dicit:</strong></span> <span class='ocrx_word' id='word_1_682' title='bbox 2687 4270 2753 4326; x_wconf 79' lang='lat' dir='ltr'><strong>In</strong></span> <span class='ocrx_word' id='word_1_683' title='bbox 2797 4272 2983 4326; x_wconf 84' lang='lat' dir='ltr'><strong>itinere</strong></span> <span class='ocrx_word' id='word_1_684' title='bbox 3024 4282 3432 4343; x_wconf 76' lang='lat' dir='ltr'><strong>contempturum</strong></span> <span class='ocrx_word' id='word_1_685' title='bbox 3471 4290 3661 4348; x_wconf 77' lang='lat' dir='ltr'><strong>uorago</strong></span> 
     </span>
    </p>
   </div>
   <div class='ocr_carea' id='block_1_79' title="bbox 391 4361 2435 4456">
    <p class='ocr_par' dir='ltr' id='par_1_79' title="bbox 391 4361 2435 4456">
     <span class='ocr_line' id='line_1_79' title="bbox 391 4361 2435 4456; baseline -0.002 -36"><span class='ocrx_word' id='word_1_686' title='bbox 391 4383 516 4420; x_wconf 82' lang='lat' dir='ltr'><strong>cum</strong></span> <span class='ocrx_word' id='word_1_687' title='bbox 539 4367 664 4419; x_wconf 86' lang='lat' dir='ltr'><strong>dicit</strong></span> <span class='ocrx_word' id='word_1_688' title='bbox 689 4366 963 4436; x_wconf 78' lang='lat' dir='ltr'><strong>Scriptura</strong></span> <span class='ocrx_word' id='word_1_689' title='bbox 978 4367 1124 4422; x_wconf 80' lang='lat' dir='ltr'><strong>nobis</strong></span> <span class='ocrx_word' id='word_1_690' title='bbox 1140 4383 1163 4420; x_wconf 65' lang='grc' dir='ltr'><strong><em>ε</em></strong></span> <span class='ocrx_word' id='word_1_691' title='bbox 1178 4366 1246 4420; x_wconf 87' lang='lat' dir='ltr'><strong>Et</strong></span> <span class='ocrx_word' id='word_1_692' title='bbox 1269 4384 1302 4422; x_wconf 83' lang='grc' dir='ltr'><strong>ιι</strong></span> <span class='ocrx_word' id='word_1_693' title='bbox 1324 4365 1674 4425; x_wconf 70' lang='lat' dir='ltr'><strong>voluntatibus</strong></span> <span class='ocrx_word' id='word_1_694' title='bbox 1698 4368 1801 4422; x_wconf 84' lang='lat' dir='ltr'><strong>tuis</strong></span> <span class='ocrx_word' id='word_1_695' title='bbox 1822 4382 1973 4420; x_wconf 64' lang='grc' dir='ltr'><strong>συοτ-</strong></span> <span class='ocrx_word' id='word_1_696' title='bbox 2000 4395 2052 4456; x_wconf 81' lang='lat' dir='ltr'><strong>D</strong></span> <span class='ocrx_word' id='word_1_697' title='bbox 2083 4363 2265 4434; x_wconf 77' lang='lat' dir='ltr'><strong>(Prae.</strong></span> <span class='ocrx_word' id='word_1_698' title='bbox 2293 4361 2435 4433; x_wconf 74' lang='lat' dir='ltr'><strong>xm).</strong></span> 
     </span>
    </p>
   </div>
   <div class='ocr_carea' id='block_1_80' title="bbox 397 4456 1974 4528">
    <p class='ocr_par' dir='ltr' id='par_1_80' title="bbox 397 4456 1974 4528">
     <span class='ocr_line' id='line_1_80' title="bbox 397 4456 1974 4528; baseline 0.001 -18"><span class='ocrx_word' id='word_1_699' title='bbox 397 4466 506 4510; x_wconf 85' lang='lat' dir='ltr'><strong>tere</strong></span> <span class='ocrx_word' id='word_1_700' title='bbox 536 4456 908 4528; x_wconf 77' lang='lat' dir='ltr'><strong>(Eccli.xvm).</strong></span> <span class='ocrx_word' id='word_1_701' title='bbox 965 4456 1024 4510; x_wconf 88' lang='lat' dir='ltr'><strong>In</strong></span> <span class='ocrx_word' id='word_1_702' title='bbox 1065 4457 1252 4520; x_wconf 86' lang='lat' dir='ltr'><strong>multis</strong></span> <span class='ocrx_word' id='word_1_703' title='bbox 1294 4458 1406 4528; x_wconf 83' lang='lat' dir='ltr'><strong>jam</strong></span> <span class='ocrx_word' id='word_1_704' title='bbox 1442 4458 1644 4514; x_wconf 83' lang='lat' dir='ltr'><strong>dictum</strong></span> <span class='ocrx_word' id='word_1_705' title='bbox 1691 4466 1795 4522; x_wconf 87' lang='lat' dir='ltr'><strong>est,</strong></span> <span class='ocrx_word' id='word_1_706' title='bbox 1847 4458 1974 4527; x_wconf 82' lang='lat' dir='ltr'><strong>quia</strong></span> 
     </span>
    </p>
   </div>
   <div class='ocr_carea' id='block_1_81' title="bbox 403 4549 1979 4620">
    <p class='ocr_par' dir='ltr' id='par_1_81' title="bbox 403 4549 1979 4620">
     <span class='ocr_line' id='line_1_81' title="bbox 403 4549 1979 4620; baseline 0.001 -18"><span class='ocrx_word' id='word_1_707' title='bbox 403 4549 674 4620; x_wconf 87' lang='lat' dir='ltr'><strong>propriam</strong></span> <span class='ocrx_word' id='word_1_708' title='bbox 705 4550 1038 4605; x_wconf 83' lang='lat' dir='ltr'><strong>voluntatem</strong></span> <span class='ocrx_word' id='word_1_709' title='bbox 1084 4551 1216 4604; x_wconf 91' lang='lat' dir='ltr'><strong>nulli</strong></span> <span class='ocrx_word' id='word_1_710' title='bbox 1275 4565 1514 4620; x_wconf 83' lang='lat' dir='ltr'><strong>unquam</strong></span> <span class='ocrx_word' id='word_1_711' title='bbox 1541 4549 1724 4605; x_wconf 74' lang='lat' dir='ltr'><strong>facere</strong></span> <span class='ocrx_word' id='word_1_712' title='bbox 1747 4553 1979 4620; x_wconf 66' lang='lat' dir='ltr'><strong>permit-</strong></span> 
     </span>
    </p>
   </div>
   <div class='ocr_carea' id='block_1_82' title="bbox 405 4640 1978 4712">
    <p class='ocr_par' dir='ltr' id='par_1_82' title="bbox 405 4640 1978 4712">
     <span class='ocr_line' id='line_1_82' title="bbox 405 4640 1978 4712; baseline 0.001 -18"><span class='ocrx_word' id='word_1_713' title='bbox 405 4640 624 4694; x_wconf 78' lang='lat' dir='ltr'><strong>tendum</strong></span> <span class='ocrx_word' id='word_1_714' title='bbox 654 4648 758 4704; x_wconf 88' lang='lat' dir='ltr'><strong>est,</strong></span> <span class='ocrx_word' id='word_1_715' title='bbox 786 4641 893 4694; x_wconf 86' lang='lat' dir='ltr'><strong>nisi</strong></span> <span class='ocrx_word' id='word_1_716' title='bbox 907 4641 1130 4712; x_wconf 88' lang='lat' dir='ltr'><strong>judicio,</strong></span> <span class='ocrx_word' id='word_1_717' title='bbox 1155 4650 1210 4696; x_wconf 86' lang='lat' dir='ltr'><strong>et</strong></span> <span class='ocrx_word' id='word_1_718' title='bbox 1234 4643 1549 4710; x_wconf 75' lang='lat' dir='ltr'><strong>probatione</strong></span> <span class='ocrx_word' id='word_1_719' title='bbox 1563 4642 1646 4694; x_wconf 88' lang='lat' dir='ltr'><strong>vel</strong></span> <span class='ocrx_word' id='word_1_720' title='bbox 1663 4642 1978 4707; x_wconf 89' lang='lat' dir='ltr'><strong>multorum,</strong></span> 
     </span>
    </p>
   </div>
   <div class='ocr_carea' id='block_1_83' title="bbox 405 4731 1981 4806">
    <p class='ocr_par' dir='ltr' id='par_1_83' title="bbox 405 4731 1981 4806">
     <span class='ocr_line' id='line_1_83' title="bbox 405 4731 1981 4806; baseline 0.004 -23"><span class='ocrx_word' id='word_1_721' title='bbox 405 4731 491 4786; x_wconf 89' lang='lat' dir='ltr'><strong>vel</strong></span> <span class='ocrx_word' id='word_1_722' title='bbox 520 4747 704 4786; x_wconf 90' lang='lat' dir='ltr'><strong>eorum</strong></span> <span class='ocrx_word' id='word_1_723' title='bbox 730 4733 820 4802; x_wconf 90' lang='lat' dir='ltr'><strong>qui</strong></span> <span class='ocrx_word' id='word_1_724' title='bbox 849 4743 1108 4804; x_wconf 72' lang='lat' dir='ltr'><strong>przesunt.</strong></span> <span class='ocrx_word' id='word_1_725' title='bbox 1162 4734 1298 4792; x_wconf 86' lang='lat' dir='ltr'><strong>Nam</strong></span> <span class='ocrx_word' id='word_1_726' title='bbox 1349 4735 1496 4790; x_wconf 78' lang='lat' dir='ltr'><strong>illam</strong></span> <span class='ocrx_word' id='word_1_727' title='bbox 1548 4736 1776 4790; x_wconf 82' lang='lat' dir='ltr'><strong>dicimus</strong></span> <span class='ocrx_word' id='word_1_728' title='bbox 1802 4735 1981 4806; x_wconf 79' lang='lat' dir='ltr'><strong>perfe-</strong></span> 
     </span>
    </p>
   </div>
   <div class='ocr_carea' id='block_1_84' title="bbox 408 4824 1986 4895">
    <p class='ocr_par' dir='ltr' id='par_1_84' title="bbox 408 4824 1986 4895">
     <span class='ocr_line' id='line_1_84' title="bbox 408 4824 1986 4895; baseline 0.003 -19"><span class='ocrx_word' id='word_1_729' title='bbox 408 4832 551 4876; x_wconf 89' lang='lat' dir='ltr'><strong>ctam</strong></span> <span class='ocrx_word' id='word_1_730' title='bbox 575 4824 982 4890; x_wconf 89' lang='lat' dir='ltr'><strong>continentiam,</strong></span> <span class='ocrx_word' id='word_1_731' title='bbox 1006 4840 1111 4894; x_wconf 86' lang='lat' dir='ltr'><strong>qua</strong></span> <span class='ocrx_word' id='word_1_732' title='bbox 1143 4841 1203 4882; x_wconf 86' lang='lat' dir='ltr'><strong>se</strong></span> <span class='ocrx_word' id='word_1_733' title='bbox 1232 4842 1262 4878; x_wconf 91' lang='lat' dir='ltr'><strong>a</strong></span> <span class='ocrx_word' id='word_1_734' title='bbox 1305 4827 1540 4895; x_wconf 87' lang='lat' dir='ltr'><strong>propriis</strong></span> <span class='ocrx_word' id='word_1_735' title='bbox 1561 4828 1674 4881; x_wconf 82' lang='lat' dir='ltr'><strong>suis</strong></span> <span class='ocrx_word' id='word_1_736' title='bbox 1695 4826 1986 4880; x_wconf 73' lang='lat' dir='ltr'><strong>voluntati-</strong></span> 
     </span>
    </p>
   </div>
   <div class='ocr_carea' id='block_1_85' title="bbox 409 4912 1981 4985">
    <p class='ocr_par' dir='ltr' id='par_1_85' title="bbox 409 4912 1981 4985">
     <span class='ocr_line' id='line_1_85' title="bbox 409 4912 1981 4985; baseline 0.002 -19"><span class='ocrx_word' id='word_1_737' title='bbox 409 4912 510 4966; x_wconf 90' lang='lat' dir='ltr'><strong>bus</strong></span> <span class='ocrx_word' id='word_1_738' title='bbox 537 4913 794 4968; x_wconf 87' lang='lat' dir='ltr'><strong>continet.</strong></span> <span class='ocrx_word' id='word_1_739' title='bbox 827 4913 1096 4981; x_wconf 85' lang='lat' dir='ltr'><strong>Quantum</strong></span> <span class='ocrx_word' id='word_1_740' title='bbox 1131 4923 1311 4970; x_wconf 83' lang='lat' dir='ltr'><strong>autem</strong></span> <span class='ocrx_word' id='word_1_741' title='bbox 1357 4915 1555 4970; x_wconf 85' lang='lat' dir='ltr'><strong>habeat</strong></span> <span class='ocrx_word' id='word_1_742' title='bbox 1604 4915 1846 4985; x_wconf 88' lang='lat' dir='ltr'><strong>periculi,</strong></span> <span class='ocrx_word' id='word_1_743' title='bbox 1889 4915 1981 4985; x_wconf 86' lang='lat' dir='ltr'><strong>qui</strong></span> 
     </span>
    </p>
   </div>
   <div class='ocr_carea' id='block_1_86' title="bbox 408 5005 1986 5076">
    <p class='ocr_par' dir='ltr' id='par_1_86' title="bbox 408 5005 1986 5076">
     <span class='ocr_line' id='line_1_86' title="bbox 408 5005 1986 5076; baseline 0.004 -20"><span class='ocrx_word' id='word_1_744' title='bbox 408 5005 741 5060; x_wconf 77' lang='lat' dir='ltr'><strong>voluntatem</strong></span> <span class='ocrx_word' id='word_1_745' title='bbox 766 5007 1041 5076; x_wconf 86' lang='lat' dir='ltr'><strong>propriam</strong></span> <span class='ocrx_word' id='word_1_746' title='bbox 1065 5006 1242 5062; x_wconf 81' lang='lat' dir='ltr'><strong>facere</strong></span> <span class='ocrx_word' id='word_1_747' title='bbox 1265 5005 1396 5070; x_wconf 75' lang='lat' dir='ltr'><strong>tht,</strong></span> <span class='ocrx_word' id='word_1_748' title='bbox 1415 5013 1597 5061; x_wconf 90' lang='lat' dir='ltr'><strong>etnon</strong></span> <span class='ocrx_word' id='word_1_749' title='bbox 1615 5007 1986 5072; x_wconf 74' lang='lat' dir='ltr'><strong>Dotnini,eer-</strong></span> 
     </span>
    </p>
   </div>
   <div class='ocr_carea' id='block_1_87' title="bbox 418 5098 1988 5168">
    <p class='ocr_par' dir='ltr' id='par_1_87' title="bbox 418 5098 1988 5168">
     <span class='ocr_line' id='line_1_87' title="bbox 418 5098 1988 5168; baseline 0.004 -20"><span class='ocrx_word' id='word_1_750' title='bbox 418 5107 529 5152; x_wconf 88' lang='lat' dir='ltr'><strong>tum</strong></span> <span class='ocrx_word' id='word_1_751' title='bbox 579 5107 753 5154; x_wconf 76' lang='lat' dir='ltr'><strong>estex</strong></span> <span class='ocrx_word' id='word_1_752' title='bbox 789 5099 1042 5168; x_wconf 73' lang='lat' dir='ltr'><strong>Apostolo</strong></span> <span class='ocrx_word' id='word_1_753' title='bbox 1072 5101 1284 5156; x_wconf 78' lang='lat' dir='ltr'><strong>dicente</strong></span> <span class='ocrx_word' id='word_1_754' title='bbox 1321 5121 1334 5153; x_wconf 84' lang='lat'><strong>:</strong></span> <span class='ocrx_word' id='word_1_755' title='bbox 1377 5098 1652 5153; x_wconf 81' lang='lat' dir='ltr'><strong>Facientes</strong></span> <span class='ocrx_word' id='word_1_756' title='bbox 1697 5099 1988 5156; x_wconf 80' lang='lat' dir='ltr'><strong>roluntatcs</strong></span> 
     </span>
    </p>
   </div>
   <div class='ocr_carea' id='block_1_88' title="bbox 416 5187 1982 5259">
    <p class='ocr_par' dir='ltr' id='par_1_88' title="bbox 416 5187 1982 5259">
     <span class='ocr_line' id='line_1_88' title="bbox 416 5187 1982 5259; baseline 0 -19"><span class='ocrx_word' id='word_1_757' title='bbox 416 5187 591 5240; x_wconf 78' lang='lat' dir='ltr'><strong>carnis</strong></span> <span class='ocrx_word' id='word_1_758' title='bbox 619 5198 666 5239; x_wconf 89' lang='lat' dir='ltr'><strong>et</strong></span> <span class='ocrx_word' id='word_1_759' title='bbox 704 5189 1075 5258; x_wconf 72' lang='lat' dir='ltr'><strong>cogitationum</strong></span> <span class='ocrx_word' id='word_1_760' title='bbox 1110 5206 1317 5244; x_wconf 73' lang='lat' dir='ltr'><strong>eramus</strong></span> <span class='ocrx_word' id='word_1_761' title='bbox 1359 5188 1644 5259; x_wconf 80' lang='lat' dir='ltr'><strong>aliquando</strong></span> <span class='ocrx_word' id='word_1_762' title='bbox 1683 5200 1730 5242; x_wconf 86' lang='lat' dir='ltr'><strong>et</strong></span> <span class='ocrx_word' id='word_1_763' title='bbox 1767 5206 1857 5242; x_wconf 85' lang='lat' dir='ltr'><strong>nos</strong></span> <span class='ocrx_word' id='word_1_764' title='bbox 1889 5205 1982 5241; x_wconf 83' lang='lat' dir='ltr'><strong>na-</strong></span> 
     </span>
    </p>
   </div>
   <div class='ocr_carea' id='block_1_89' title="bbox 419 5277 1540 5350">
    <p class='ocr_par' dir='ltr' id='par_1_89' title="bbox 419 5277 1540 5350">
     <span class='ocr_line' id='line_1_89' title="bbox 419 5277 1540 5350; baseline 0.001 -20"><span class='ocrx_word' id='word_1_765' title='bbox 419 5287 540 5330; x_wconf 83' lang='lat' dir='ltr'><strong>tura</strong></span> <span class='ocrx_word' id='word_1_766' title='bbox 563 5277 660 5344; x_wconf 83' lang='lat' dir='ltr'><strong>ﬁlii</strong></span> <span class='ocrx_word' id='word_1_767' title='bbox 692 5279 806 5342; x_wconf 69' lang='grc' dir='ltr'><strong>ἕνα),</strong></span> <span class='ocrx_word' id='word_1_768' title='bbox 834 5279 966 5332; x_wconf 80' lang='lat' dir='ltr'><strong>sicut</strong></span> <span class='ocrx_word' id='word_1_769' title='bbox 992 5293 1035 5332; x_wconf 76' lang='lat' dir='ltr'><strong>et</strong></span> <span class='ocrx_word' id='word_1_770' title='bbox 1063 5280 1235 5334; x_wconf 66' lang='lat' dir='ltr'><strong>caueri</strong></span> <span class='ocrx_word' id='word_1_771' title='bbox 1259 5279 1424 5350; x_wconf 72' lang='lat' dir='ltr'><strong>(Epit.</strong></span> <span class='ocrx_word' id='word_1_772' title='bbox 1457 5277 1540 5348; x_wconf 83' lang='grc' dir='ltr'>ιι).</span> 
     </span>
    </p>
   </div>
   <div class='ocr_carea' id='block_1_90' title="bbox 494 5363 1995 5438">
    <p class='ocr_par' dir='ltr' id='par_1_90' title="bbox 494 5363 1995 5438">
     <span class='ocr_line' id='line_1_90' title="bbox 494 5363 1995 5438; baseline 0.004 -23"><span class='ocrx_word' id='word_1_773' title='bbox 494 5363 560 5418; x_wconf 83' lang='lat' dir='ltr'><strong>Et</strong></span> <span class='ocrx_word' id='word_1_774' title='bbox 586 5367 771 5422; x_wconf 81' lang='lat' dir='ltr'><strong>iterum</strong></span> <span class='ocrx_word' id='word_1_775' title='bbox 794 5381 811 5418; x_wconf 87' lang='lat'><strong>.&#39;</strong></span> <span class='ocrx_word' id='word_1_776' title='bbox 839 5366 1100 5438; x_wconf 79' lang='lat' dir='ltr'><strong>Rogemus</strong></span> <span class='ocrx_word' id='word_1_777' title='bbox 1123 5367 1289 5423; x_wconf 82' lang='lat' dir='ltr'><strong>Deum</strong></span> <span class='ocrx_word' id='word_1_778' title='bbox 1312 5369 1364 5421; x_wconf 87' lang='lat' dir='ltr'><strong>in</strong></span> <span class='ocrx_word' id='word_1_779' title='bbox 1386 5369 1644 5430; x_wconf 86' lang='lat' dir='ltr'><strong>oratione,</strong></span> <span class='ocrx_word' id='word_1_780' title='bbox 1663 5378 1715 5420; x_wconf 83' lang='lat' dir='ltr'><strong>ut</strong></span> <span class='ocrx_word' id='word_1_781' title='bbox 1737 5369 1830 5435; x_wconf 76' lang='lat' dir='ltr'><strong>ﬁat</strong></span> <span class='ocrx_word' id='word_1_782' title='bbox 1852 5367 1995 5421; x_wconf 75' lang='lat' dir='ltr'><strong>illius</strong></span> 
     </span>
    </p>
   </div>
   <div class='ocr_carea' id='block_1_91' title="bbox 423 5459 1996 5530">
    <p class='ocr_par' dir='ltr' id='par_1_91' title="bbox 423 5459 1996 5530">
     <span class='ocr_line' id='line_1_91' title="bbox 423 5459 1996 5530; baseline 0.001 -18"><span class='ocrx_word' id='word_1_783' title='bbox 423 5459 658 5516; x_wconf 79' lang='lat' dir='ltr'><strong>uoluntas</strong></span> <span class='ocrx_word' id='word_1_784' title='bbox 703 5461 757 5516; x_wconf 86' lang='lat' dir='ltr'><strong>in</strong></span> <span class='ocrx_word' id='word_1_785' title='bbox 806 5461 952 5514; x_wconf 81' lang='lat' dir='ltr'><strong>nobis</strong></span> <span class='ocrx_word' id='word_1_786' title='bbox 985 5459 1195 5528; x_wconf 76' lang='lat' dir='ltr'><strong>(Matth.</strong></span> <span class='ocrx_word' id='word_1_787' title='bbox 1222 5459 1320 5530; x_wconf 80' lang='lat' dir='ltr'><strong>vi).</strong></span> <span class='ocrx_word' id='word_1_788' title='bbox 1343 5461 1606 5518; x_wconf 81' lang='lat' dir='ltr'><strong>Dom-inus</strong></span> <span class='ocrx_word' id='word_1_789' title='bbox 1631 5459 1996 5514; x_wconf 73' lang='lat' dir='ltr'><strong>inﬁrmitatem</strong></span> 
     </span>
    </p>
   </div>
   <div class='ocr_carea' id='block_1_92' title="bbox 423 5546 2001 5621">
    <p class='ocr_par' dir='ltr' id='par_1_92' title="bbox 423 5546 2001 5621">
     <span class='ocr_line' id='line_1_92' title="bbox 423 5546 2001 5621; baseline -0.003 -15"><span class='ocrx_word' id='word_1_790' title='bbox 423 5550 680 5613; x_wconf 85' lang='lat' dir='ltr'><strong>hominis,</strong></span> <span class='ocrx_word' id='word_1_791' title='bbox 732 5567 892 5620; x_wconf 85' lang='lat' dir='ltr'><strong>quam</strong></span> <span class='ocrx_word' id='word_1_792' title='bbox 923 5551 1198 5621; x_wconf 85' lang='lat' dir='ltr'><strong>portabat,</strong></span> <span class='ocrx_word' id='word_1_793' title='bbox 1237 5550 1528 5608; x_wconf 80' lang='lat' dir='ltr'><strong>ostendens</strong></span> <span class='ocrx_word' id='word_1_794' title='bbox 1575 5550 1651 5605; x_wconf 86' lang='lat' dir='ltr'><strong>ait</strong></span> <span class='ocrx_word' id='word_1_795' title='bbox 1684 5567 1698 5602; x_wconf 92' lang='lat'><strong>:</strong></span> <span class='ocrx_word' id='word_1_796' title='bbox 1738 5546 1918 5613; x_wconf 85' lang='lat' dir='ltr'><strong>Pater,</strong></span> <span class='ocrx_word' id='word_1_797' title='bbox 1955 5549 2001 5603; x_wconf 86' lang='lat' dir='ltr'><strong>si</strong></span> 
     </span>
    </p>
   </div>
   <div class='ocr_carea' id='block_1_93' title="bbox 425 5635 1999 5711">
    <p class='ocr_par' dir='ltr' id='par_1_93' title="bbox 425 5635 1999 5711">
     <span class='ocr_line' id='line_1_93' title="bbox 425 5635 1999 5711; baseline -0.003 -16"><span class='ocrx_word' id='word_1_798' title='bbox 425 5641 542 5711; x_wconf 64' lang='lat' dir='ltr'><strong>ﬁeri</strong></span> <span class='ocrx_word' id='word_1_799' title='bbox 570 5649 755 5707; x_wconf 83' lang='lat' dir='ltr'><strong>potest,</strong></span> <span class='ocrx_word' id='word_1_800' title='bbox 807 5649 1037 5698; x_wconf 71' lang='lat' dir='ltr'><strong>transeat</strong></span> <span class='ocrx_word' id='word_1_801' title='bbox 1067 5657 1098 5691; x_wconf 89' lang='lat' dir='ltr'><strong>a</strong></span> <span class='ocrx_word' id='word_1_802' title='bbox 1127 5654 1207 5692; x_wconf 87' lang='lat' dir='ltr'><strong>me</strong></span> <span class='ocrx_word' id='word_1_803' title='bbox 1234 5637 1377 5691; x_wconf 69' lang='lat' dir='ltr'><strong>calix</strong></span> <span class='ocrx_word' id='word_1_804' title='bbox 1403 5639 1498 5692; x_wconf 85' lang='lat' dir='ltr'><strong>iste</strong></span> <span class='ocrx_word' id='word_1_805' title='bbox 1547 5637 1697 5708; x_wconf 82' lang='lat' dir='ltr'><strong>(Luc.</strong></span> <span class='ocrx_word' id='word_1_806' title='bbox 1731 5635 1888 5708; x_wconf 81' lang='lat' dir='ltr'><strong>xxtt).</strong></span> <span class='ocrx_word' id='word_1_807' title='bbox 1933 5636 1999 5690; x_wconf 87' lang='lat' dir='ltr'><strong>Et</strong></span> 
     </span>
    </p>
   </div>
   <div class='ocr_carea' id='block_1_94' title="bbox 2156 4498 3696 4571">
    <p class='ocr_par' dir='ltr' id='par_1_94' title="bbox 2156 4498 3696 4571">
     <span class='ocr_line' id='line_1_94' title="bbox 2156 4498 3696 4571; baseline 0 -20"><span class='ocrx_word' id='word_1_808' title='bbox 2156 4498 2221 4552; x_wconf 78' lang='lat' dir='ltr'><strong>Et</strong></span> <span class='ocrx_word' id='word_1_809' title='bbox 2252 4515 2368 4550; x_wconf 79' lang='lat' dir='ltr'><strong>runt</strong></span> <span class='ocrx_word' id='word_1_810' title='bbox 2392 4499 2516 4550; x_wconf 77' lang='lat' dir='ltr'><strong>item</strong></span> <span class='ocrx_word' id='word_1_811' title='bbox 2541 4514 2816 4555; x_wconf 65' lang='lat' dir='ltr'><strong>caveamus</strong></span> <span class='ocrx_word' id='word_1_812' title='bbox 2842 4498 2996 4564; x_wconf 81' lang='lat' dir='ltr'><strong>illud,</strong></span> <span class='ocrx_word' id='word_1_813' title='bbox 3037 4516 3068 4570; x_wconf 79' lang='lat' dir='ltr'><strong>q</strong></span> <span class='ocrx_word' id='word_1_814' title='bbox 3109 4499 3178 4562; x_wconf 72' lang='lat' dir='ltr'><strong>ad</strong></span> <span class='ocrx_word' id='word_1_815' title='bbox 3193 4500 3265 4564; x_wconf 65' lang='lat' dir='ltr'><strong>de</strong></span> <span class='ocrx_word' id='word_1_816' title='bbox 3282 4500 3666 4571; x_wconf 58' lang='lat' dir='ltr'><strong>negligentibus</strong></span> <span class='ocrx_word' id='word_1_817' title='bbox 3691 4548 3696 4552; x_wconf 88' lang='lat'><strong>.</strong></span> 
     </span>
    </p>
   </div>
   <div class='ocr_carea' id='block_1_95' title="bbox 2083 4587 3668 4660">
    <p class='ocr_par' dir='ltr' id='par_1_95' title="bbox 2083 4587 3668 4660">
     <span class='ocr_line' id='line_1_95' title="bbox 2083 4587 3668 4660; baseline 0.001 -20"><span class='ocrx_word' id='word_1_818' title='bbox 2083 4587 2281 4642; x_wconf 85' lang='lat' dir='ltr'><strong>dictum</strong></span> <span class='ocrx_word' id='word_1_819' title='bbox 2303 4597 2377 4640; x_wconf 79' lang='lat' dir='ltr'><strong>est</strong></span> <span class='ocrx_word' id='word_1_820' title='bbox 2401 4600 2418 4637; x_wconf 91' lang='lat'><strong>:</strong></span> <span class='ocrx_word' id='word_1_821' title='bbox 2445 4587 2689 4656; x_wconf 78' lang='lat' dir='ltr'><strong>Corrupti</strong></span> <span class='ocrx_word' id='word_1_822' title='bbox 2711 4597 2854 4651; x_wconf 75' lang='lat' dir='ltr'><strong>situt,</strong></span> <span class='ocrx_word' id='word_1_823' title='bbox 2884 4598 2930 4642; x_wconf 87' lang='lat' dir='ltr'><strong>et</strong></span> <span class='ocrx_word' id='word_1_824' title='bbox 2979 4590 3354 4650; x_wconf 80' lang='lat' dir='ltr'><strong>abominabiles</strong></span> <span class='ocrx_word' id='word_1_825' title='bbox 3396 4591 3524 4660; x_wconf 75' lang='lat' dir='ltr'><strong>[acti</strong></span> <span class='ocrx_word' id='word_1_826' title='bbox 3545 4599 3668 4654; x_wconf 76' lang='lat' dir='ltr'><strong>sunt</strong></span> 
     </span>
    </p>
   </div>
   <div class='ocr_carea' id='block_1_96' title="bbox 2085 4676 3673 4752">
    <p class='ocr_par' dir='ltr' id='par_1_96' title="bbox 2085 4676 3673 4752">
     <span class='ocr_line' id='line_1_96' title="bbox 2085 4676 3673 4752; baseline 0.002 -21"><span class='ocrx_word' id='word_1_827' title='bbox 2085 4679 2141 4731; x_wconf 88' lang='lat' dir='ltr'><strong>in</strong></span> <span class='ocrx_word' id='word_1_828' title='bbox 2169 4676 2516 4748; x_wconf 73' lang='lat' dir='ltr'><strong>voluptatibus</strong></span> <span class='ocrx_word' id='word_1_829' title='bbox 2543 4679 2652 4734; x_wconf 83' lang='lat' dir='ltr'><strong>suis</strong></span> <span class='ocrx_word' id='word_1_830' title='bbox 2673 4676 2845 4748; x_wconf 82' lang='lat' dir='ltr'><strong>(Psul.</strong></span> <span class='ocrx_word' id='word_1_831' title='bbox 2868 4679 2984 4748; x_wconf 81' lang='lat' dir='ltr'><strong>LII).</strong></span> <span class='ocrx_word' id='word_1_832' title='bbox 3017 4678 3264 4752; x_wconf 88' lang='lat' dir='ltr'><strong>Corrupti</strong></span> <span class='ocrx_word' id='word_1_833' title='bbox 3283 4691 3416 4740; x_wconf 79' lang='lat' dir='ltr'><strong>sunt</strong></span> <span class='ocrx_word' id='word_1_834' title='bbox 3438 4697 3673 4750; x_wconf 77' lang='lat' dir='ltr'><strong>sequen-</strong></span> 
     </span>
    </p>
   </div>
   <div class='ocr_carea' id='block_1_97' title="bbox 2085 4771 3673 4842">
    <p class='ocr_par' dir='ltr' id='par_1_97' title="bbox 2085 4771 3673 4842">
     <span class='ocr_line' id='line_1_97' title="bbox 2085 4771 3673 4842; baseline 0.003 -17"><span class='ocrx_word' id='word_1_835' title='bbox 2085 4771 2158 4826; x_wconf 90' lang='lat' dir='ltr'><strong>do</strong></span> <span class='ocrx_word' id='word_1_836' title='bbox 2191 4772 2499 4827; x_wconf 83' lang='lat' dir='ltr'><strong>libertatem</strong></span> <span class='ocrx_word' id='word_1_837' title='bbox 2535 4774 2742 4828; x_wconf 87' lang='lat' dir='ltr'><strong>arbitrii</strong></span> <span class='ocrx_word' id='word_1_838' title='bbox 2777 4775 2959 4838; x_wconf 88' lang='lat' dir='ltr'><strong>sui,et</strong></span> <span class='ocrx_word' id='word_1_839' title='bbox 2981 4775 3372 4836; x_wconf 75' lang='lat' dir='ltr'><strong>abominabiles</strong></span> <span class='ocrx_word' id='word_1_840' title='bbox 3393 4775 3520 4842; x_wconf 76' lang='lat' dir='ltr'><strong>laeti</strong></span> <span class='ocrx_word' id='word_1_841' title='bbox 3540 4783 3673 4839; x_wconf 69' lang='lat' dir='ltr'><strong>sunt</strong></span> 
     </span>
    </p>
   </div>
   <div class='ocr_carea' id='block_1_98' title="bbox 2090 4867 3670 4937">
    <p class='ocr_par' dir='ltr' id='par_1_98' title="bbox 2090 4867 3670 4937">
     <span class='ocr_line' id='line_1_98' title="bbox 2090 4867 3670 4937; baseline -0.001 -15"><span class='ocrx_word' id='word_1_842' title='bbox 2090 4868 2367 4937; x_wconf 80' lang='lat' dir='ltr'><strong>sequendo</strong></span> <span class='ocrx_word' id='word_1_843' title='bbox 2397 4868 2702 4926; x_wconf 75' lang='lat' dir='ltr'><strong>voluntates</strong></span> <span class='ocrx_word' id='word_1_844' title='bbox 2730 4867 2929 4937; x_wconf 78' lang='lat' dir='ltr'><strong>proprii</strong></span> <span class='ocrx_word' id='word_1_845' title='bbox 2954 4868 3134 4924; x_wconf 83' lang='lat' dir='ltr'><strong>cordis</strong></span> <span class='ocrx_word' id='word_1_846' title='bbox 3155 4868 3260 4924; x_wconf 85' lang='lat' dir='ltr'><strong>sui.</strong></span> <span class='ocrx_word' id='word_1_847' title='bbox 3314 4867 3390 4926; x_wconf 80' lang='lat' dir='ltr'><strong>De</strong></span> <span class='ocrx_word' id='word_1_848' title='bbox 3419 4868 3505 4926; x_wconf 82' lang='lat' dir='ltr'><strong>bis</strong></span> <span class='ocrx_word' id='word_1_849' title='bbox 3523 4867 3670 4924; x_wconf 83' lang='lat' dir='ltr'><strong>enim</strong></span> 
     </span>
    </p>
   </div>
   <div class='ocr_carea' id='block_1_99' title="bbox 2091 4954 3673 5027">
    <p class='ocr_par' dir='ltr' id='par_1_99' title="bbox 2091 4954 3673 5027">
     <span class='ocr_line' id='line_1_99' title="bbox 2091 4954 3673 5027; baseline -0.001 -17"><span class='ocrx_word' id='word_1_850' title='bbox 2091 4956 2382 5026; x_wconf 84' lang='lat' dir='ltr'><strong>Apostolus</strong></span> <span class='ocrx_word' id='word_1_851' title='bbox 2406 4956 2484 5009; x_wconf 89' lang='lat' dir='ltr'><strong>ait</strong></span> <span class='ocrx_word' id='word_1_852' title='bbox 2513 4974 2525 5008; x_wconf 88' lang='lat'><strong>:</strong></span> <span class='ocrx_word' id='word_1_853' title='bbox 2561 4954 2811 5026; x_wconf 76' lang='lat' dir='ltr'><strong>Homines</strong></span> <span class='ocrx_word' id='word_1_854' title='bbox 2842 4956 3075 5027; x_wconf 77' lang='lat' dir='ltr'><strong>corrupti</strong></span> <span class='ocrx_word' id='word_1_855' title='bbox 3097 4966 3287 5020; x_wconf 85' lang='lat' dir='ltr'><strong>mente,</strong></span> <span class='ocrx_word' id='word_1_856' title='bbox 3331 4957 3533 5027; x_wconf 73' lang='lat' dir='ltr'><strong>reprobi</strong></span> <span class='ocrx_word' id='word_1_857' title='bbox 3561 4956 3673 5014; x_wconf 82' lang='lat' dir='ltr'><strong>siue</strong></span> 
     </span>
    </p>
   </div>
   <div class='ocr_carea' id='block_1_100' title="bbox 2095 5045 3671 5113">
    <p class='ocr_par' dir='ltr' id='par_1_100' title="bbox 2095 5045 3671 5113">
     <span class='ocr_line' id='line_1_100' title="bbox 2095 5045 3671 5113; baseline 0.001 -15"><span class='ocrx_word' id='word_1_858' title='bbox 2095 5045 2308 5113; x_wconf 68' lang='lat' dir='ltr'><strong>affectu,</strong></span> <span class='ocrx_word' id='word_1_859' title='bbox 2341 5045 2792 5113; x_wconf 80' lang='lat' dir='ltr'><strong>prtrvaricatores,</strong></span> <span class='ocrx_word' id='word_1_860' title='bbox 2822 5045 3067 5110; x_wconf 85' lang='lat' dir='ltr'><strong>immites,</strong></span> <span class='ocrx_word' id='word_1_861' title='bbox 3105 5048 3450 5110; x_wconf 73' lang='lat' dir='ltr'><strong>caztterintam</strong></span> <span class='ocrx_word' id='word_1_862' title='bbox 3473 5047 3671 5102; x_wconf 62' lang='lat' dir='ltr'><strong>italica-</strong></span> 
     </span>
    </p>
   </div>
   <div class='ocr_carea' id='block_1_101' title="bbox 2097 5119 3346 5207">
    <p class='ocr_par' dir='ltr' id='par_1_101' title="bbox 2097 5119 3346 5207">
     <span class='ocr_line' id='line_1_101' title="bbox 2097 5119 3346 5207; baseline 0.002 -21"><span class='ocrx_word' id='word_1_863' title='bbox 2097 5144 2170 5188; x_wconf 85' lang='lat' dir='ltr'><strong>tes</strong></span> <span class='ocrx_word' id='word_1_864' title='bbox 2195 5134 2586 5196; x_wconf 86' lang='lat' dir='ltr'><strong>conscientiam,</strong></span> <span class='ocrx_word' id='word_1_865' title='bbox 2621 5141 2725 5187; x_wconf 90' lang='lat' dir='ltr'><strong>ctc.</strong></span> <span class='ocrx_word' id='word_1_866' title='bbox 2759 5133 2810 5202; x_wconf 92' lang='lat' dir='ltr'><strong>(I</strong></span> <span class='ocrx_word' id='word_1_867' title='bbox 2841 5119 2974 5188; x_wconf 80' lang='lat' dir='ltr'><strong>Tim.</strong></span> <span class='ocrx_word' id='word_1_868' title='bbox 3006 5135 3101 5207; x_wconf 80' lang='lat' dir='ltr'><strong>tv).</strong></span> <span class='ocrx_word' id='word_1_869' title='bbox 3331 5135 3346 5147; x_wconf 80' lang='lat'><strong><em>’</em></strong></span> 
     </span>
    </p>
   </div>
   <div class='ocr_carea' id='block_1_102' title="bbox 2175 5266 3672 5324">
    <p class='ocr_par' dir='ltr' id='par_1_102' title="bbox 2175 5266 3672 5324">
     <span class='ocr_line' id='line_1_102' title="bbox 2175 5266 3672 5324; baseline -0.005 -3"><span class='ocrx_word' id='word_1_870' title='bbox 2175 5268 2235 5321; x_wconf 77' lang='lat' dir='ltr'><strong>in</strong></span> <span class='ocrx_word' id='word_1_871' title='bbox 2267 5267 2541 5322; x_wconf 77' lang='lat' dir='ltr'><strong>desideriis</strong></span> <span class='ocrx_word' id='word_1_872' title='bbox 2567 5283 2682 5320; x_wconf 74' lang='lat' dir='ltr'><strong>uero</strong></span> <span class='ocrx_word' id='word_1_873' title='bbox 2706 5269 2884 5320; x_wconf 78' lang='lat' dir='ltr'><strong>carnis</strong></span> <span class='ocrx_word' id='word_1_874' title='bbox 2911 5269 2988 5321; x_wconf 84' lang='lat' dir='ltr'><strong>ita</strong></span> <span class='ocrx_word' id='word_1_875' title='bbox 3017 5270 3164 5324; x_wconf 82' lang='lat' dir='ltr'><strong>nobis</strong></span> <span class='ocrx_word' id='word_1_876' title='bbox 3207 5269 3369 5323; x_wconf 82' lang='lat' dir='ltr'><strong>Deum</strong></span> <span class='ocrx_word' id='word_1_877' title='bbox 3403 5266 3672 5321; x_wconf 81' lang='lat' dir='ltr'><strong>credamus</strong></span> 
     </span>
    </p>
   </div>
   <div class='ocr_carea' id='block_1_103' title="bbox 2096 5355 3672 5430">
    <p class='ocr_par' dir='ltr' id='par_1_103' title="bbox 2096 5355 3672 5430">
     <span class='ocr_line' id='line_1_103' title="bbox 2096 5355 3672 5430; baseline -0.008 -15"><span class='ocrx_word' id='word_1_878' title='bbox 2096 5375 2361 5430; x_wconf 79' lang='lat' dir='ltr'><strong>superesse</strong></span> <span class='ocrx_word' id='word_1_879' title='bbox 2387 5369 2713 5428; x_wconf 64' lang='lat' dir='ltr'><strong>praesentem,</strong></span> <span class='ocrx_word' id='word_1_880' title='bbox 2764 5375 2881 5415; x_wconf 79' lang='lat' dir='ltr'><strong>cum</strong></span> <span class='ocrx_word' id='word_1_881' title='bbox 2925 5362 3056 5416; x_wconf 78' lang='lat' dir='ltr'><strong>dicit</strong></span> <span class='ocrx_word' id='word_1_882' title='bbox 3107 5359 3366 5428; x_wconf 83' lang='lat' dir='ltr'><strong>Propheta</strong></span> <span class='ocrx_word' id='word_1_883' title='bbox 3405 5355 3624 5409; x_wconf 84' lang='lat' dir='ltr'><strong>Domino</strong></span> <span class='ocrx_word' id='word_1_884' title='bbox 3654 5367 3672 5402; x_wconf 91' lang='lat'><strong>:</strong></span> 
     </span>
    </p>
   </div>
   <div class='ocr_carea' id='block_1_104' title="bbox 2098 5441 3672 5514">
    <p class='ocr_par' dir='ltr' id='par_1_104' title="bbox 2098 5441 3672 5514">
     <span class='ocr_line' id='line_1_104' title="bbox 2098 5441 3672 5514; baseline -0.006 -10"><span class='ocrx_word' id='word_1_885' title='bbox 2098 5451 2233 5504; x_wconf 71' lang='lat' dir='ltr'><strong>Ante</strong></span> <span class='ocrx_word' id='word_1_886' title='bbox 2273 5459 2322 5504; x_wconf 88' lang='lat' dir='ltr'><strong>te</strong></span> <span class='ocrx_word' id='word_1_887' title='bbox 2361 5459 2438 5504; x_wconf 85' lang='lat' dir='ltr'><strong>est</strong></span> <span class='ocrx_word' id='word_1_888' title='bbox 2477 5465 2628 5503; x_wconf 81' lang='lat' dir='ltr'><strong>omne</strong></span> <span class='ocrx_word' id='word_1_889' title='bbox 2657 5450 2976 5506; x_wconf 80' lang='lat' dir='ltr'><strong>desiderium</strong></span> <span class='ocrx_word' id='word_1_890' title='bbox 3027 5466 3197 5504; x_wconf 86' lang='lat' dir='ltr'><strong>meum</strong></span> <span class='ocrx_word' id='word_1_891' title='bbox 3245 5447 3413 5514; x_wconf 86' lang='lat' dir='ltr'><strong>(Psal.</strong></span> <span class='ocrx_word' id='word_1_892' title='bbox 3445 5441 3672 5511; x_wconf 71' lang='lat' dir='ltr'><strong>xxxvii).</strong></span> 
     </span>
    </p>
   </div>
   <div class='ocr_carea' id='block_1_105' title="bbox 2099 5537 3674 5610">
    <p class='ocr_par' dir='ltr' id='par_1_105' title="bbox 2099 5537 3674 5610">
     <span class='ocr_line' id='line_1_105' title="bbox 2099 5537 3674 5610; baseline -0.009 -10"><span class='ocrx_word' id='word_1_893' title='bbox 2099 5543 2216 5601; x_wconf 82' lang='lat' dir='ltr'><strong>Non</strong></span> <span class='ocrx_word' id='word_1_894' title='bbox 2239 5543 2382 5597; x_wconf 86' lang='lat' dir='ltr'><strong>enim</strong></span> <span class='ocrx_word' id='word_1_895' title='bbox 2409 5549 2533 5596; x_wconf 83' lang='lat' dir='ltr'><strong>ante</strong></span> <span class='ocrx_word' id='word_1_896' title='bbox 2561 5543 2831 5609; x_wconf 85' lang='lat' dir='ltr'><strong>homines,</strong></span> <span class='ocrx_word' id='word_1_897' title='bbox 2865 5543 3059 5610; x_wconf 82' lang='lat' dir='ltr'><strong>inquit,</strong></span> <span class='ocrx_word' id='word_1_898' title='bbox 3110 5539 3198 5607; x_wconf 79' lang='lat' dir='ltr'><strong>qui</strong></span> <span class='ocrx_word' id='word_1_899' title='bbox 3230 5552 3326 5590; x_wconf 90' lang='lat' dir='ltr'><strong>cor</strong></span> <span class='ocrx_word' id='word_1_900' title='bbox 3360 5537 3539 5589; x_wconf 71' lang='lat' dir='ltr'><strong>viicre</strong></span> <span class='ocrx_word' id='word_1_901' title='bbox 3569 5549 3674 5586; x_wconf 84' lang='lat' dir='ltr'><strong>non</strong></span> 
     </span>
    </p>
   </div>
   <div class='ocr_carea' id='block_1_106' title="bbox 2101 5625 3673 5704">
    <p class='ocr_par' dir='ltr' id='par_1_106' title="bbox 2101 5625 3673 5704">
     <span class='ocr_line' id='line_1_106' title="bbox 2101 5625 3673 5704; baseline -0.01 -15"><span class='ocrx_word' id='word_1_902' title='bbox 2101 5639 2344 5704; x_wconf 85' lang='lat' dir='ltr'><strong>possunt,</strong></span> <span class='ocrx_word' id='word_1_903' title='bbox 2378 5632 2473 5687; x_wconf 83' lang='lat' dir='ltr'><strong>sed</strong></span> <span class='ocrx_word' id='word_1_904' title='bbox 2518 5640 2645 5686; x_wconf 85' lang='lat' dir='ltr'><strong>ante</strong></span> <span class='ocrx_word' id='word_1_905' title='bbox 2693 5640 2749 5686; x_wconf 83' lang='lat' dir='ltr'><strong>te</strong></span> <span class='ocrx_word' id='word_1_906' title='bbox 2786 5639 2869 5685; x_wconf 85' lang='lat' dir='ltr'><strong>est</strong></span> <span class='ocrx_word' id='word_1_907' title='bbox 2896 5643 3057 5684; x_wconf 84' lang='lat' dir='ltr'><strong>omne</strong></span> <span class='ocrx_word' id='word_1_908' title='bbox 3094 5625 3414 5679; x_wconf 79' lang='lat' dir='ltr'><strong>desiderium</strong></span> <span class='ocrx_word' id='word_1_909' title='bbox 3445 5639 3622 5677; x_wconf 70' lang='lat' dir='ltr'><strong>meum</strong></span> <span class='ocrx_word' id='word_1_910' title='bbox 3659 5641 3673 5674; x_wconf 89' lang='lat'><strong>:</strong></span> 
     </span>
    </p>
   </div>
  </div>
