3992 6206
422 283 531 343 Si»
563 292 574 302 ‘

423 402 511 458 cui
538 416 646 456 non
666 399 838 455 latent
859 411 980 468 qua:
1026 401 1152 449 sunt
1174 392 1229 447 in
1274 388 1601 462 cogitatione
1624 387 1707 441 vel
1730 383 1998 441 desiderio
2025 389 2075 449 Α

423 495 606 552 cordis
632 495 755 550 mei.

495 584 793 642 Cavendum
820 596 942 652 ergo
969 580 1086 634 ideo
1110 576 1307 631 malum
1345 574 1685 637 desiderium,
1708 571 1831 642 quia
1861 586 2001 624 mors

423 693 573 732 secus
614 675 881 729 introitum
923 672 1280 727 delectationis
1331 670 1499 741 posita
1521 677 1617 721 est.
1669 664 1812 719 Mors
1862 665 2001 719 dicta

422 767 505 823 vel
538 783 569 821 a
598 780 802 831 morsu,
833 764 918 817 vel
944 764 1071 834 quia
1101 777 1285 817 amara
1315 771 1416 816 est.
1446 759 1569 813 ldeo
1611 774 1641 811 a
1689 772 1870 811 morsu
1922 754 2005 810 di-

288 881 314 901 -
396 867 507 914 'cta
538 864 625 912 est
651 871 817 919 mors,
849 854 992 924 quod
1023 852 1313 908 delectavit
1342 851 1452 904 Eva
1493 849 1560 903 de
1593 848 1736 917 ligno
1764 844 2003 915 paradisi

421 949 708 1004 comedere
736 949 922 1010 vetito,
956 955 1009 1000 et
1035 959 1192 999 suasa
1220 959 1248 996 τι
1276 942 1487 997 diabolo
1517 940 1723 1008 accepit
1758 952 1998 1008 pomum,

422 1049 477 1093 et
504 1037 795 1093 momordit
824 1034 974 1100 illud,
1000 1043 1055 1088 et
1078 1032 1261 1087 statim
1284 1038 1510 1085 mortem
1529 1028 2003 1100 glutivitamaram

392 1143 545 1199 _cauu
573 1142 775 1182 morsu.
807 1124 1103 1180 Delectavit
1128 1131 1182 1178 et
1207 1120 1516 1185 momordit,
1545 1126 1599 1174 et
1636 1117 1819 1177 statim
1854 1131 2001 1171 mor-

423 1222 490 1275 tis
513 1218 805 1290 periculum
838 1215 1085 1271 incurrit.
1136 1212 1362 1267 Intravit
1410 1209 1698 1265 delectatio
1752 1205 1896 1277 pomi
1946 1204 2001 1259 in

424 1310 694 1374 animam;
728 1306 950 1362 intravit
972 1305 1177 1375 pariter
1205 1310 1260 1358 et
1286 1318 1433 1357 mors
1458 1316 1582 1357 cum
1610 1300 1718 1354 illa.
1765 1298 1829 1352 Et
1881 1296 2004 1352 ideo

418 1417 578 1457 secus
599 1401 878 1456 introitum
900 1396 1271 1453 delectationis
1303 1402 1528 1449 mortem
1557 1393 1788 1463 positam
1814 1390 2006 1445 beatus

398 1506 539 1561 csse
562 1489 883 1545 Benedictus
903 1487 1054 1541 dicit.
1081 1484 1216 1539 Nam
1257 1484 1448 1539 eodem
1494 1482 1861 1539 blandimento
1904 1477 2004 1533 dc-

419 1578 729 1634 lcctatiouis
752 1575 1098 1646 decipiuntur
1122 1588 1267 1629 nunc
1294 1588 1391 1642 per
1412 1572 1705 1641 diabolum,
1743 1585 1854 1639 quo
1875 1584 2003 1639 pro-

420 1670 637 1742 t0plasti
660 1669 713 1729 in
737 1669 989 1740 paradiso
1011 1674 1136 1721 sunt
1151 1666 1383 1735 decepti.
1411 1663 1665 1725 Diabolus
1683 1664 1827 1718 enim
1840 1678 2006 1732 quan-

1710 269 2060 329 SMABAGDI
2096 263 2389 326 ABBATIS

3581 263 3687 322 8l6

2100 391 2185 438 est
2210 401 2222 436 :
2253 379 2409 435 Oculi
2432 378 2647 434 Domini
2668 393 2822 449 super
2835 376 3032 448 justas,
3065 383 3113 430 et
3139 389 3292 429 aures
3317 373 3430 445 ejus
3461 370 3531 428 ad
3562 390 3685 445 prc-

2105 491 2188 529 ces
2220 490 2399 528 eorum
2429 469 2603 543 (Psal.
2635 471 2851 541 xxxi").
2874 468 3066 523 Vultus
3106 474 3284 522 autem
3330 465 3545 520 Domini
3591 482 3686 521 su-

2100 584 2196 639 per
2224 567 2484 623 facientes
2509 566 2670 631 mala,
2695 575 2752 619 ut
2777 563 2967 635 perdat
2995 562 3061 617 de
3088 569 3234 615 terra
3264 558 3579 613 memoriam
3602 573 3688 613 co-

2101 674 2243 714 rum.
2285 658 2526 729 Respicit
2548 668 2602 712 et
2631 672 2788 726 super
2814 653 2953 724 ﬁlios
3004 652 3294 717 hominum,
3334 659 3392 703 ut
3425 649 3597 703 rideat
3640 650 3689 703 si

2101 758 2179 803 est
2207 746 2399 817 aliquTs
2422 750 2563 802 inter
2596 762 2689 802 eos
2711 744 3004 814 intelligens
3040 752 3133 796 aut
3176 742 3442 812 requirens
3495 738 3686 794 Deum.

2070 838 2194 894 -llle
2225 839 2368 894 enim
2392 837 2530 909 apud
2553 835 2719 891 Deum
2746 833 3049 904 intelligens
3076 828 3327 895 habetur,
3345 830 3505 899 quiin
3523 844 3691 899 opere

2101 938 2158 984 et
2186 929 2431 983 oratione
2459 942 2563 981 non
2586 926 2770 988 alium,
2813 924 2908 978 sed
2942 922 3118 994 ipsum
3160 920 3460 974 auditorem
3512 919 3690 973 Solum

2103 1019 2335 1091 requirit
2364 1026 2419 1072 et
2443 1024 2651 1071 exorat.
2683 1015 2782 1082 Qui
2811 1030 2915 1068 non
2946 1013 3002 1068 in
3036 1011 3140 1067 alio
3169 1026 3378 1074 curam,
3403 1026 3556 1079 spem
3602 1010 3691 1064 vel

2103 1102 2377 1174 ﬁduciam,
2407 1107 2511 1162 nisi
2538 1107 2589 1161 iu
2620 1105 2734 1175 ipso
2756 1103 2870 1159 solo
2896 1100 3429 1171 Dominoponitlesu
3445 1100 3688 1155 Christo.

2102 1196 2321 1261 Curam,
2351 1204 2408 1250 ut
2432 1194 2664 1249 Jactain
2695 1192 2921 1247 Domino
2963 1207 3145 1245 curam
3186 1200 3351 1244 tuam.
3400 1189 3591 1258 Spem,
3630 1198 3695 1243 ut

2106 1288 2237 1359 Spes
2278 1303 2397 1340 mea
2444 1283 2700 1339 Dominus
2729 1282 3051 1353 ajuventate
3100 1295 3238 1335 mea.
3290 1278 3593 1344 Fiduciam,
3634 1288 3695 1334 ut

2108 1377 2311 1432 Bonum
2327 1385 2405 1431 est
2422 1375 2682 1445 conﬁdere
2696 1376 2761 1428 in
2790 1373 3034 1427 Domino.
3050 1370 3281 1443 Angelos
3295 1370 3451 1427 nobis
3463 1373 3693 1440 deputa-

2109 1478 2194 1525 tus
2217 1469 2369 1533 dicit,
2398 1467 2467 1521 de
2492 1466 2686 1536 quibus
2711 1464 2965 1518 Dominus
2996 1463 3071 1517 ait
3096 1481 3109 1518 :
3134 1462 3321 1534 Ληρειὶ
3350 1479 3531 1516 eorum
3557 1458 3695 1517 sem—

2106 1576 2200 1631 per
2228 1557 2398 1612 rident
2435 1556 2623 1627 faciem
2654 1554 2830 1608 Patris
2855 1555 2976 1620 mei,
2996 1556 3088 1625 qui
3114 1555 3169 1608 in
3201 1552 3341 1608 caelis
3368 1563 3446 1608 est
3470 1553 3691 1627 (Matth.

2106 1648 2291 1721 xvm).
2308 1649 2373 1703 Et
2401 1661 2500 1717 pro
2527 1646 2727 1716 quibus
2756 1643 2955 1699 Paulus
2985 1643 3272 1714 Apostolus
3291 1643 3549 1700 mulieres
3572 1660 3695 1716 pro-

419 1734 496 1817 do
510 1734 760 1830 decipere
794 1760 1028 1829 aliquem
1054 1759 1223 1827 cupit,
1250 1734 1403 1827 prius
1426 1764 1677 1811 naturam
1712 1754 1873 1810 unius
1909 1768 2003 1808 cu-
2029 1752 2077 1812 Β
2105 1740 2254 1796 hibet
2284 1739 2337 1791 in
2364 1734 2660 1791 Ecclesium
2693 1749 2799 1789 non
2828 1734 3019 1790 velatis
3049 1735 3255 1790 intrare
3286 1736 3578 1806 capitibus.
3623 1735 3691 1792 Et

415 1855 609 1927 iusque
641 1850 901 1916 incendit,
951 1858 1005 1903 et
1042 1849 1167 1905 inde
1211 1863 1272 1904 se
1314 1847 1572 1919 applicat,
1624 1845 1766 1900 unde
1817 1853 2004 1914 aptum

418 1944 697 2000 hominem
741 1941 811 1996 ad
860 1947 1141 2010 peccatum
1200 1937 1517 2008 inspexerit.
1560 1934 1818 1990 Diabolus
1858 1934 2003 1989 enim

417 2047 643 2104 serpens
682 2038 768 2086 est
791 2029 1050 2097 lubricus,
1102 2027 1190 2083 cui
1233 2027 1278 2081 si
1324 2027 1380 2081 in
1415 2026 1592 2094 capite
1645 2023 2004 2095 suggestionis

417 2140 526 2181 non
558 2122 863 2185 resistitur,
880 2128 1024 2174 totus
1055 2121 1107 2173 in
1131 2119 1342 2173 interna
1364 2116 1567 2181 cordis,
1589 2115 1723 2171 dum
1751 2131 1858 2170 non
1880 2128 2005 2170 sen-

419 2217 574 2280 titur,
607 2213 864 2268 illabitur.
892 2210 950 2266 Si
974 2220 1154 2267 autcm
1177 2208 1450 2263 eilortiter
1466 2207 1521 2262 in
1548 2207 1726 2277 capite
1747 2222 1777 2261 a
1799 2204 2003 2261 sanctis

419 2307 552 2361 viris
581 2304 885 2368 resistatur,
930 2308 1040 2356 tota
1077 2299 1194 2370 ejus
1219 2297 1492 2370 suggestio
1516 2297 1625 2353 cito
1652 2296 2000 2351 annibilatnr.

419 2396 575 2453 Unde
603 2403 657 2451 et
680 2393 966 2451 Psalmista
1000 2391 1118 2446 ait:
1150 2388 1232 2443 Ad
1269 2387 1490 2445 nihilum
1531 2386 1786 2441 deductus
1831 2394 1908 2440 est
1944 2385 2002 2439 in

417 2496 695 2556 conspectu
738 2484 853 2554 ejus
888 2481 1149 2553 malignus
1177 2478 1351 2553 (Psal.
1388 2478 1537 2550 stv);
1569 2486 1626 2534 et
1646 2494 1660 2547 ;
1684 2476 1882 2532 Beatus
1910 2478 2002 2548 qui

417 2584 553 2633 tenet
573 2585 621 2630 et
642 2573 811 2627 allidit
836 2571 1082 2645 parvulos
1103 2589 1225 2627 suos
1247 2570 1316 2625 ad
1337 2580 1539 2641 petram
1572 2566 1744 2642 (Psal.
1758 2570 1999 2640 cxsxvr).

495 2663 643 2722 Unde
676 2664 950 2736 Scriptura
974 2663 1206 2735 prwcipit
1244 2662 1420 2716 dicens
1449 2675 1468 2714 :
1489 2659 1617 2715 Post
1644 2658 2003 2731 concupiscen-

419 2758 524 2813 tias
560 2767 680 2811 tuas
708 2772 812 2811 non
834 2773 922 2811 eas
951 2742 1281 2827 (Ecclimvm
1302 2752 1343 2825 ).
1361 2753 1499 2808 Hinc
1523 2749 1757 2808 Iacobus
1779 2758 2000 2823 aposto-

416 2847 504 2904 lus
547 2847 661 2902 ait:
690 2844 1053 2918 Unusquisque
1107 2859 1225 2899 vero
1268 2852 1501 2898 tentatur
1522 2859 1557 2896 a
1580 2841 2002 2912 concupiscentia

415 2960 514 3000 sua
554 2942 847 2998 abstractus
884 2950 931 2995 et
975 2938 1178 2993 illectus
1216 2935 1425 3009 (Iacob.
1460 2937 1530 3006 ι).
1558 2934 1881 2991 Abstractus
1923 2932 2003 2988 vi-

416 3036 613 3093 delicet
640 3049 671 3087 a
696 3042 846 3089 recto
877 3032 1090 3098 itinere,
1135 3038 1190 3086 et
1230 3029 1444 3086 illectus
1488 3028 1544 3084 in
1596 3027 1816 3082 Iustum.
1860 3026 1999 3081 Hinc

2109 1832 2176 1887 de
2200 1832 2396 1902 quibus
2422 1833 2563 1887 idem
2608 1829 2716 1886 alio
2766 1830 2884 1884 loco
2921 1828 3072 1894 dicit,
3112 1829 3257 1898 quod
3305 1828 3495 1909 Angcli
3539 1832 3691 1888 missi

2107 1933 2235 1979 sunt
2257 1924 2313 1977 in
2360 1924 2721 1979 ministerium
2768 1930 2989 1994 propter
3032 1937 3126 1977 eos
3182 1922 3274 1992 qui
3318 1923 3693 1979 brercditatem

2104 2015 2327 2085 capiunt
2356 2015 2566 2070 salutis.

2174 2106 2477 2161 Cavendum
2505 2116 2580 2161 est
2607 2121 2729 2176 ergo
2750 2105 2893 2159 omni
2932 2105 3081 2169 hora,
3128 2103 3338 2174 fratres,
3381 2105 3518 2159 sicut
3564 2105 3692 2161 dicit

2102 2195 2160 2250 in
2179 2194 2380 2266 psalmo
2412 2192 2696 2266 Propheta,
2732 2211 2795 2249 ne
2820 2212 2913 2249 nos
2948 2194 3266 2249 declinantes
3295 2197 3349 2249 in
3383 2196 3603 2260 malum,
3643 2207 3692 2253 et

2103 2286 2313 2342 inutiles
2330 2287 2498 2357 factos
2528 2286 2708 2359 aliqua
2729 2287 2860 2342 liora
2884 2287 3105 2358 aspiciat
3140 2287 3302 2354 Deus,
3343 2300 3389 2343 et
3426 2291 3694 2361 parcenJo

2100 2382 2329 2435 nobisin
2350 2380 2694 2451 noctemmre
2733 2379 2887 2452 (quia
2912 2381 3030 2451 pias
3055 2390 3150 2446 est,
3188 2393 3235 2435 et
3283 2392 3546 2452 exspectat
3594 2399 3693 2437 nos

2102 2471 2327 2525 converti
2348 2471 2403 2525 in
2431 2471 2645 2543 melius)
2667 2471 2807 2525 dicat
2830 2471 2973 2526 nobis
3001 2472 3055 2526 in
3087 2473 3264 2540 futuro
3283 2485 3301 2523 :
3323 2471 3455 2527 Haec
3495 2473 3691 2543 fecisti,

2101 2567 2151 2614 et
2182 2561 2327 2614 tacui
2346 2558 2786 2632 (Psal.mx).llle
2800 2561 2947 2614 enim
2976 2559 3209 2615 declinat
3237 2560 3292 2614 in
3327 2558 3552 2623 malum,
3592 2564 3691 2633 qui

2102 2650 2419 2719 priusstctit
2438 2651 2493 2704 in
2525 2651 2689 2712 bono,
2717 2657 2771 2705 et
2802 2650 2893 2721 qui
2915 2651 3065 2720 prius
3084 2651 3137 2705 in
3163 2659 3303 2706 statu
3348 2652 3691 2708 rectitudinis

2101 2743 2270 2807 stetit,
2298 2741 2345 2796 si
2378 2741 2727 2796 declinaverit
2768 2741 2823 2795 in
2866 2741 3089 2807 malum,
3134 2739 3306 2796 factus
3349 2752 3435 2797 est
3482 2742 3692 2800 inutilis

2101 2846 2292 2887 servus
2310 2841 2373 2887 et
2392 2846 2613 2903 pravus.
2640 2833 2717 2887 De
2738 2831 2831 2887 tali
2855 2832 2999 2887 enim
3022 2833 3199 2887 anima
3222 2833 3353 2888 dicit
3371 2834 3675 2903 Propheta:

2102 2923 2277 2990 Quam
2297 2923 2413 2979 vilis
2431 2924 2574 2994 facta
2599 2941 2652 2979 es
2678 2925 2833 2980 nimis
2862 2925 3057 2979 iterans
3088 2925 3195 2979 vias
3222 2933 3342 2980 tuas
3367 2922 3583 2999 (Jerem.
3601 2925 3686 3000 ιι).

2100 3011 2195 3068 llla
2223 3014 2421 3071 misera
2462 3013 2693 3069 eﬂlcitur
2716 3014 2916 3079 anima,
2947 3028 3066 3084 quae
3094 3014 3162 3068 de
3188 3022 3332 3069 statu
3352 3014 3690 3072 rectitudinis

418 3125 617 3183 iterum
646 3124 762 3192 ipse
790 3142 803 3176 :
831 3121 1031 3175 Dehinc
1083 3119 1497 3190 concupiscentia
1533 3133 1652 3170 cum
1686 3115 1996 3184 conceperit,
2027 3106 2072 3169 C
2103 3105 2298 3160 crebro
2320 3105 2652 3162 descendens
2677 3106 2967 3162 committit
3014 3105 3248 3178 culpam.
3293 3106 3449 3163 Unde
3485 3116 3541 3163 et
3584 3110 3688 3165 mi-

414 3214 555 3289 parit
575 3220 864 3282 peccatum.
883 3207 1165 3263 Peccatum
1178 3223 1297 3262 vero
1315 3222 1431 3261 cum
1453 3213 1868 3260 consummatum
1889 3204 2005 3272 fue-

416 3305 510 3377 rit,
564 3311 775 3375 generat
816 3310 1034 3359 mortem
1066 3295 1289 3371 (Ibid.).
1313 3297 1573 3353 Teutatus
1597 3302 1680 3350 est
1714 3294 1883 3351 David
1924 3294 2004 3349 vi-

417 3412 481 3455 su
509 3395 698 3451 uxoris
724 3393 938 3457 alienat,
965 3392 1087 3448 etin
1107 3387 1539 3460 concupiscentia
1569 3402 1669 3444 sua
1693 3387 2001 3447 abstractus

416 3494 473 3545 et
499 3484 709 3541 illectus
734 3491 836 3539 est.
865 3480 1044 3552 Atque
1064 3481 1153 3535 ubi
1178 3486 1495 3549 conceptum
1542 3477 1720 3533 scelus
1747 3477 1997 3547 perfecit.

417 3577 472 3635 in
497 3586 706 3634 reatum
734 3574 923 3631 mortis
948 3573 1112 3628 etiam
1139 3566 1746 3643 proprioorejudicatus
1772 3567 1995 3632 incidit;

418 3683 577 3736 quem
602 3675 780 3720 tamen
816 3661 1127 3734 pteuiteudo
1152 3659 1345 3715 evasit.
1401 3656 1665 3712 Tentatus
1710 3663 1796 3711 est
1829 3653 2002 3710 ludas

416 3773 515 3829 per
542 3753 948 3827 pltilargyriam,
978 3759 1034 3805 et
1050 3750 1175 3820 quia
1203 3755 1323 3804 erat
1360 3761 1576 3815 avarus,
1621 3744 1690 3800 ab
1719 3745 1833 3814 ipsa
1862 3759 1998 3800 cou-

418 3843 751 3916 cupiscentia
777 3857 872 3897 sua
900 3841 1205 3895 abstractus
1245 3845 1301 3892 et
1344 3835 1552 3891 illectus
1604 3835 1671 3889 ad
1719 3834 1997 3891 interitum

417 3935 803 3995 consentiendo
822 3942 907 3989 est
930 3929 1211 3987 deductus.
1236 3928 1499 3984 Teutalus
1524 3934 1608 3982 est
1642 3924 1842 3995 Ioseph
1871 3941 1995 3979 ver-

417 4033 502 4090 bis
529 4029 792 4094 domince;
824 4025 919 4081 sed
943 4024 1069 4096 quia
1087 4037 1186 4078 nec
1212 4018 1706 4092 concupiscentiam
1736 4017 1995 4083 libidinis,

417 4139 519 4180 nec
538 4118 947 4179 delectationem
975 4114 1163 4171 habuit
1203 4112 1406 4178 carnis,
1433 4127 1465 4167 a
1492 4109 1788 4167 teutatione
1821 4108 1998 4187 xjc‘or

419 4215 609 4271 evasit.

427 4300 431 4305 ⁷
490 4302 631 4375 Ergo
657 4302 702 4358 si
734 4297 870 4355 oculi
895 4295 1104 4353 Domini
1150 4291 1486 4367 speculantur
1528 4290 1690 4346 bonos
1735 4300 1784 4346 et
1827 4288 1996 4347 malos

420 4393 590 4468 (Psal.
609 4390 874 4459 xxxnt),et
887 4385 1140 4442 Dominus
1160 4384 1223 4439 de
1249 4381 1376 4438 calo
1399 4397 1599 4454 semper
1620 4382 1825 4453 respicit
1838 4397 1997 4453 super

2103 3209 2225 3251 sera
2259 3203 2313 3251 et
2338 3196 2545 3251 inutilis
2572 3204 2658 3252 est
2681 3195 2855 3263 facta;
2889 3196 2984 3252 sed
3012 3210 3112 3253 nec
3137 3197 3335 3253 talibus
3361 3198 3682 3256 interdicen—

2102 3286 2172 3341 da
2195 3294 2281 3342 est
2298 3287 2479 3342 venia.
2511 3285 2619 3342 Sed
2649 3289 2751 3343 hoc
2778 3300 3003 3343 necesse
3020 3297 3101 3344 est
3126 3294 3185 3343 ut
3203 3290 3496 3357 custodiat,
3524 3299 3583 3345 ut
3610 3292 3689 3349 sic

2100 3378 2433 3446 praeteritam
2463 3377 2682 3449 plangat
2709 3378 2943 3448 culpam,
2969 3394 3037 3434 ne
3074 3379 3273 3435 iterum
3320 3380 3687 3454 plangendum

2100 3469 2425 3533 committat,
2455 3476 2511 3524 et
2545 3482 2670 3524 eum
2719 3468 2978 3525 Dominus
3019 3469 3334 3542 frequenter
3370 3482 3686 3544 peccantem

2100 3560 2391 3631 aspiciam,
2417 3568 2477 3617 et
2504 3561 2700 3619 reverti
2729 3561 2820 3616 diu
2850 3562 2917 3616 ad
2934 3561 3310 3632 paenitentiam
3332 3574 3683 3634 exspectans,

2098 3650 2176 3705 illi
2212 3651 2427 3706 nolenti
2463 3651 2641 3726 dicat:
2667 3650 2795 3707 Han:
2834 3652 3007 3721 fecisti
3047 3661 3096 3708 et
3132 3655 3276 3708 tacui
3303 3650 3474 3727 (Psal.
3510 3657 3683 3728 χιιι).

2100 3741 2360 3813 Superius
2386 3744 2533 3798 enim
2558 3744 2829 3813 peccaturi
2869 3744 3131 3800 Dominus
3165 3743 3419 3801 dixerat:
3456 3745 3534 3801 Tu
3566 3766 3685 3805 vero

2099 3834 2254 3889 odisti
2280 3834 2630 3905 disciplinam,
2658 3844 2707 3889 et
2730 3836 2996 3906 projecisti
3026 3853 3289 3892 sermones
3314 3855 3454 3894 meos
3486 3850 3683 3894 retror—

2097 3924 2602 3998 sum(Psal.mx);
2633 3936 2689 3983 et
2708 3938 2925 3995 cratera,
2956 3946 3076 4001 qua:
3099 3930 3183 3985 ibi
3204 3932 3473 4003 descripta
3495 3949 3685 4004 pecca-

2097 4028 2276 4075 torum
2302 4018 2470 4074 multa
2497 4018 2804 4075 retinentur
2824 4018 2984 4074 mala.
3014 4021 3081 4076 Et
3106 4028 3233 4078 tunc
3259 4022 3364 4077 ista
3387 4022 3685 4092 subjiciens

2098 4110 2235 4166 dixit
2261 4110 2534 4180 peecatori
2557 4111 2611 4166 in
2636 4111 2954 4168 vindictam.
2984 4112 3062 4168 Ac
3085 4114 3129 4169 si
3162 4114 3365 4170 diceret
3398 4134 3410 4168 :
3442 4114 3569 4171 llmc
3589 4132 3684 4172 su-

2097 4200 2339 4270 pradicta
2367 4200 2676 4271 frequenter
2700 4204 3019 4259 commisisti
3047 4215 3292 4273 peccata,
3319 4215 3374 4260 et
3422 4223 3532 4262 non
3580 4207 3681 4263 tibi

2099 4290 2307 4346 reddidi
2334 4290 2549 4363 dignam
2573 4292 2755 4362 operis
2808 4294 2883 4346 tui
2912 4293 3064 4363 pravi
3099 4294 3411 4358 vindictam,
3451 4295 3548 4351 sed
3583 4312 3684 4368 po-

2098 4382 2205 4438 tius
2225 4383 2387 4449 tacui,
2418 4392 2476 4439 et
2503 4384 2813 4455 exspectavi
2838 4391 2894 4439 te
2920 4386 3161 4439 converti
3174 4385 3242 4440 ad
3283 4386 3682 4456 pmnitentiam.

417 4452 557 4559 ληίου
582 4452 874 4547 hominum,
897 4488 954 4534 ut
983 4478 1154 4534 rideat
1176 4475 1222 4530 si
1251 4484 1326 4530 est
1364 4452 1657 4544 intelligens
1690 4452 1781 4527 aut
1819 4452 1995 4544 requi-
2019 4452 2073 4512 Ῑ)
2098 4473 2217 4530 Non
2244 4474 2341 4530 tibi
2365 4489 2466 4545 pro
2491 4452 2648 4530 malis
2683 4474 2909 4531 reddere
2944 4474 3085 4531 volui
3112 4452 3397 4542 mala,‘sed
3432 4479 3590 4544 tacui,
3624 4486 3683 4533 et

390 4594 536 4635 .rens
558 4577 748 4641 Deum,
782 4581 831 4628 et
860 4571 906 4626 si
929 4569 994 4625 ab
1035 4566 1233 4639 angelis
1276 4565 1423 4621 nobis
1466 4565 1728 4637 deputatis
1764 4564 1996 4637 quotidie

421 4674 640 4728 Domino
659 4671 846 4743 [actori
866 4676 1040 4723 nostro
1067 4681 1222 4737 opera
1263 4671 1440 4719 nostra
1482 4664 1794 4719 nuntiantur
1819 4660 1992 4734 (Psal.

421 4766 560 4836 xui).
583 4762 733 4817 Oculi
755 4758 967 4816 Domini
995 4756 1261 4827 respectio
1283 4763 1367 4810 est
1392 4754 1596 4819 divina,
1639 4768 1743 4824 qua
1780 4766 1995 4821 semper

422 4854 639 4924 respicit
659 4867 822 4924 super
838 4852 1026 4915 bonos,
1052 4856 1112 4903 ut
1133 4858 1228 4905 eus
1255 4847 1321 4901 ab
1342 4845 1553 4901 insidiis
1582 4842 1787 4898 inimici
1815 4841 1997 4897 delen-

419 4947 530 5009 dat,
553 4958 583 4997 a
610 4941 846 5013 peccatis
873 4940 1157 5005 custodiat,
1209 4944 1264 4993 et
1300 4936 1354 4990 in
1392 4933 1548 4990 bonis
1580 4932 1781 5004 jugiter
1817 4929 1994 5001 cperi-

420 5034 520 5087 bls
574 5031 869 5103 persistere
922 5029 1102 5084 faciat.
1156 5028 1536 5099 Respexerunt
1588 5025 1727 5081 oculi
1782 5024 1993 5079 Domini

420 5126 663 5187 Petrum,
712 5131 769 5176 et
793 5121 882 5176 ille
924 5121 1108 5176 statim
1153 5134 1405 5176 reversus
1445 5133 1475 5172 a
1512 5116 1815 5189 negationis
1860 5115 1993 5171 vitio

420 5214 669 5287 cognovit
703 5212 1010 5277 Dominum,
1040 5218 1096 5265 et
1120 5225 1303 5265 amare
1349 5206 1524 5264 ﬂendo
1560 5204 1865 5262 emendavit
1901 5205 1988 5259 de-

420 5307 625 5362 lictum.
652 5300 1011 5374 Speculantur
1036 5314 1162 5370 ergo
1185 5300 1326 5356 oculi
1364 5297 1576 5353 Domini
1612 5296 1783 5351 bonos
1805 5302 1857 5349 et
1882 5308 1993 5348 ma-

419 5397 520 5465 los,
542 5405 601 5452 ut
632 5395 791 5463 bonis
824 5394 984 5456 bona,
1012 5399 1069 5446 ct
1093 5390 1248 5446 malis
1274 5389 1578 5446 retribuam
1597 5387 1758 5444 mala.
1786 5387 1857 5444 Ut
1887 5386 1990 5441 illis

418 5473 519 5559 pro
543 5488 698 5543 bonis
722 5485 976 5557 operibus
1013 5481 1254 5552 praemia,
1282 5480 1404 5536 istis
1426 5495 1526 5550 pro
1552 5480 1735 5549 pravis
1762 5477 1991 5533 actioni-

422 5564 519 5633 bus
578 5591 794 5649 pcenam
815 5576 1015 5630 tribuat
1044 5571 1445 5642 sempiternam.
1471 5568 1609 5624 Istos
1649 5576 1707 5623 ut
1735 5568 1989 5623 exaudiat

2097 4563 2405 4634 exspectavi
2435 4569 2496 4618 ut
2517 4563 2891 4633 pmniteutiam
2921 4565 3101 4633 agenti
3127 4564 3407 4621 redderem
3433 4567 3678 4636 praemia.

2099 4653 2302 4709 Tacere
2328 4654 2474 4709 enim
2497 4653 2708 4709 Domini
2742 4662 2850 4721 est,
2876 4655 3149 4725 peccatori
3175 4655 3374 4710 malum
3401 4671 3500 4726 pro
3536 4658 3681 4713 malo

2096 4761 2205 4801 non
2254 4745 2501 4811 reddere,
2548 4747 2645 4801 sui
2679 4745 2771 4800 diu
2817 4747 2885 4802 ad
2919 4746 3299 4818 penitentiam
3336 4758 3676 4819 exspectare.

2096 4836 2375 4894 Peccatori
2414 4837 2559 4893 etaim
2594 4837 2854 4894 Dominus
2888 4852 2996 4893 non
3036 4845 3258 4907 taceret,
3314 4840 3406 4895 sed
3448 4857 3678 4913 respon-

2097 4930 2269 4995 deret,
2298 4930 2345 4985 si
2376 4930 2666 4985 vindictam
2696 4929 2762 4983 de
2788 4928 2905 4998 ejus
2930 4930 3112 4999 pravis
3150 4931 3453 4986 actionibus
3491 4932 3675 4987 statim

2096 5026 2456 5089 exspeclaret.
2494 5018 2607 5074 Sed
2638 5032 2797 5090 quem
2835 5018 2927 5074 diu
2967 5027 3247 5088 exspectat
3277 5026 3337 5075 ut
3374 5021 3672 5091 paeniteat:

2096 5112 2142 5168 si
2177 5110 2551 5183 paenitentiam
2580 5124 2689 5165 non
2733 5110 2924 5182 egerit,
2964 5111 3145 5166 subito
3180 5109 3311 5166 ferit
3353 5119 3413 5165 ut
3461 5121 3672 5183 pereat.

2474 5211 2552 5262 De
2572 5212 2789 5260 secundo
2812 5211 3097 5260 humilitatis
3118 5211 3292 5272 gradu.

2166 5296 2443 5353 Secundus
2470 5293 2783 5348 humilitatis.
2815 5292 3012 5363 gradus
3037 5302 3131 5356 est,
3162 5298 3206 5347 st
3243 5294 3510 5364 propriam
3558 5298 3674 5367 quis

2098 5403 2201 5442 non
2234 5401 2419 5440 amans
2451 5383 2791 5449 uoluntatem,
2830 5383 3089 5438 desideria
3118 5401 3217 5438 sua
3248 5382 3367 5439 non
3389 5384 3676 5440 delectetur

2093 5476 2336 5546 implere,
2362 5475 2455 5530 sed
2476 5489 2659 5528 uocem
2684 5472 2834 5527 illam
2870 5472 3086 5528 Domini
3112 5474 3268 5544 [actis
3305 5475 3558 5541 imitetur,
3589 5477 3675 5530 di-

2093 5569 2257 5623 centis
2283 5582 2300 5620 :
2329 5567 2452 5622 Non
2480 5566 2592 5621 veni
2620 5565 2796 5635 facere
2848 5564 3165 5622 uoluntatem
3204 5584 3391 5632 meam,
3436 5568 3531 5622 sed
3556 5568 3672 5638 ejus

425 5676 479 5722 et
499 5667 683 5734 salt-et,
718 5667 839 5723 illos
868 5674 928 5721 ut
950 5664 1141 5736 perdat
1163 5670 1217 5717 et
1258 5663 1497 5724 damnet,
1540 5660 1677 5713 sicut
1724 5659 1985 5726 scriptum
2090 5660 2181 5729 qui
2209 5660 2348 5712 misit
2381 5673 2462 5712 me
2488 5655 2668 5729 (Joan.
2688 5654 2787 5727 vt).
2811 5654 2965 5713 Sicut
2998 5672 3102 5713 non
3130 5665 3310 5730 potest
3349 5658 3515 5714 homo
3559 5657 3672 5713 Deo
