3968 6204
307 353 407 409 817

1330 353 1689 410 COMMENT.
1729 351 1797 408 1N
1837 351 1994 409 REG.
2039 351 2098 408 S.
2138 345 2498 407 BENEDICTI

3466 361 3570 414 818

307 471 466 536 simul
497 479 553 526 et
581 485 902 527 mammona)
929 471 1155 538 servire,
1199 471 1278 528 sic
1325 489 1431 528 non
1482 481 1661 544 potest
1693 473 1885 527 volun-
1915 475 1967 534 Α
1993 480 2152 537 trem,
2179 479 2234 526 et
2254 471 2423 525 simus
2454 486 2552 541 pro
2595 469 2737 524 illius
2791 483 2974 524 amore
3021 469 3314 538 majoribus
3371 474 3572 528 subditi

311 572 478 619 tatem
507 562 786 633 prepriam
814 569 868 616 et
899 562 991 616 Dei
1021 562 1226 630 pariter
1275 564 1498 632 implere
1529 564 1888 618 voluntatem.

312 654 430 710 Uno
465 653 612 706 enim
638 668 734 708 vas
781 653 971 721 poculo
1021 654 1234 724 plenum
1282 656 1492 726 impleri
1546 656 1739 726 poculo
1782 671 1891 710 non

307 743 508 813 poterit
545 743 736 798 altero.
768 742 884 798 Nisi
911 745 1055 798 enim
1105 746 1438 802 esbaurierit
1486 746 1755 810 nocivum,
1785 761 1892 800 non

309 831 514 903 poterit
539 830 839 886 hauriendo
867 831 1089 900 implere
1132 833 1392 902 prolicno.
1438 832 1549 888 Nec
1590 834 1748 888 unius
1793 849 1890 904 pe-

308 925 478 980 ctoris
505 939 640 979 urna
669 924 852 978 carnis
881 925 1040 978 simul
1065 933 1122 979 et
1143 924 1439 992 majestatis
1479 927 1751 981 sustinere
1795 942 1892 996 po-

315 1016 438 1070 terit
465 1014 754 1078 desideria,
796 1015 891 1069 sed
935 1015 1076 1069 unde
1120 1017 1378 1071 recedunt
1421 1033 1570 1082 unae,
1597 1018 1894 1074 succedunt

311 1107 450 1171 aliae,
474 1106 527 1160 id
562 1112 664 1170 est,
695 1121 727 1159 a
759 1121 862 1174 qna
897 1115 1076 1160 mente
1114 1107 1373 1161 recedunt
1422 1107 1552 1161 vitia
1595 1107 1891 1162 succedens

310 1197 570 1250 virtutum
604 1196 760 1264 copia
787 1194 1046 1264 possidet.
1083 1195 1224 1266 Ergo
1250 1211 1278 1249 a
1308 1196 1476 1249 nostri
1500 1197 1735 1265 pectoris
1762 1209 1890 1249 arca

307 1285 673 1338 exhaurienda
707 1293 832 1339 sunt
865 1285 1103 1340 carnalia
1144 1285 1430 1348 desideria,
1487 1295 1545 1340 ut
1586 1295 1642 1340 et
1682 1285 1890 1355 impleri

307 1377 476 1446 possit
502 1377 756 1429 virtutum
783 1376 1108 1445 spiritalium
1151 1377 1325 1446 copia,
1359 1385 1414 1431 et
1450 1395 1478 1431 a
1520 1378 1630 1432 Deo
1667 1377 1887 1432 venien-

308 1464 381 1518 tia
413 1473 598 1518 tenere
617 1465 784 1532 possit
802 1465 1065 1534 spiritalia
1095 1465 1378 1520 desideria.
1411 1465 1546 1520 llinc
1577 1467 1719 1520 enim
1754 1467 1891 1520 scri-

305 1565 453 1626 ptum
476 1565 560 1612 est
588 1574 604 1610 :
639 1556 859 1626 Lignum
877 1558 993 1610 vita:
1020 1558 1338 1612 desiderium
1359 1561 1586 1624 veniens,
1609 1570 1656 1614 et
1679 1561 1888 1614 deside-

304 1651 443 1704 rium
463 1667 615 1705 suum
635 1650 796 1719 justis
832 1650 1048 1704 dabitur
1090 1650 1274 1722 (Prov.
1315 1653 1454 1722 xm).
1479 1653 1554 1708 De
1603 1653 1889 1722 impiorum

303 1750 486 1798 autem
517 1743 782 1799 desiderio
813 1745 884 1798 ita
917 1746 1177 1814 scriptum
1210 1756 1323 1802 est:
1345 1746 1674 1801 Desiderium
1705 1749 1890 1818 impio-

1994 579 2164 632 usque
2189 564 2258 618 ad
2287 572 2517 619 mortem
2551 563 2716 632 :quia
2744 569 2799 616 et
2838 562 2945 628 ille,
2976 578 3099 618 cum
3155 564 3208 618 in
3260 563 3432 619 forma
3474 567 3570 622 Dei

1993 662 2156 718 esset,
2188 669 2293 708 non
2329 655 2574 724 rapinam
2599 653 2891 708 arbitratus
2914 661 2997 708 est
3037 669 3155 708 esse
3201 669 3260 708 se
3309 655 3571 723 aequalem

1995 743 2126 809 Deo,
2178 745 2273 799 sed
2319 744 2666 814 semetipsum
2710 744 3004 797 exinanivit
3047 743 3272 797 formam
3309 745 3450 798 servi
3483 760 3572 801 ac-

1995 834 2222 903 cip’ens,
2245 834 2298 888 in
2321 835 2725 889 similitudinem
2755 835 3030 888 hominum
3057 834 3256 899 factus,
3289 844 3343 890 et
3385 837 3568 892 habitu

1994 925 2244 980 inventus
2266 934 2326 980 ut
2349 925 2511 980 homo
2539 925 2842 979 humiliavit
2867 925 3214 994 semetipsum
3248 925 3424 982 factus
3445 927 3574 982 obe—

1994 1015 2146 1070 dicns
2181 1031 2346 1084 usque
2366 1015 2432 1070 ad
2463 1023 2710 1070 mortem.
2763 1014 2939 1068 Videte
2976 1032 3117 1084 ergo,
3143 1017 3282 1070 idem
3311 1017 3388 1071 ait
3429 1016 3572 1087 Apo-

1993 1103 2183 1170 stolus,
2209 1105 2414 1175 qualem
2444 1106 2750 1159 charitatem
2774 1105 2915 1159 dedit
2963 1106 3106 1160 nobis
3138 1105 3318 1172 Pater,
3369 1117 3424 1161 ut
3473 1108 3572 1176 lilii

1992 1194 2089 1248 Dei
2118 1197 2445 1250 nominentur
2471 1206 2518 1251 et
2545 1197 2708 1251 simus
2739 1196 2792 1268 (Ι
2822 1197 2980 1252 Joan.
3017 1197 3119 1269 ιιι).
3156 1197 3232 1253 Ita
3271 1201 3413 1254 enim
3450 1216 3574 1270 per-

1993 1289 2118 1344 fecti
2150 1290 2355 1346 erimus
2383 1291 2661 1353 charitate,
2695 1291 2738 1345 si
2763 1291 2960 1346 nullius
3001 1291 3242 1355 alterius,
3286 1293 3390 1356 nisi
3434 1293 3575 1348 sicut

1993 1379 2082 1434 ille
2113 1381 2299 1435 salutis
2327 1379 2525 1437 nostra:
2545 1383 2720 1453 gratia
2749 1384 2896 1454 prior
2923 1399 3021 1438 nos
3041 1383 3258 1449 dilexit;
3288 1386 3361 1438 ita
3396 1395 3450 1440 et
3473 1401 3574 1440 nos

1994 1471 2191 1526 nullius
2211 1471 2434 1526 alterius
2453 1473 2551 1535 rei,
2575 1473 2678 1527 nisi
2711 1481 2921 1527 tantum
2943 1473 3024 1526 sui
3041 1473 3241 1527 amoris
3263 1473 3571 1538 dilectione,

1993 1571 2047 1614 et
2073 1559 2366 1629 majoribus
2389 1560 2568 1628 subdi,
2596 1570 2651 1615 et
2677 1577 2774 1630 pro
2802 1562 2892 1616 illo
2915 1563 3051 1617 mori
3078 1563 3248 1618 simus
3267 1564 3463 1633 parati.

2283 1709 2311 1740 θ
2403 1661 2478 1710 De
2498 1667 2672 1722 quarto
2691 1661 2970 1711 humilitatis
2992 1663 3167 1724 gradu.

2067 1743 2300 1809 Quartus
2327 1743 2638 1799 humilitatis
2665 1744 2862 1813 gradus
2884 1754 2980 1808 est,
2995 1745 3042 1798 si
3059 1746 3113 1798 in
3141 1745 3253 1814 ipsa
3281 1745 3574 1804 obedientia

303 1850 420 1886 rum
449 1835 824 1889 munimentum
861 1846 933 1889 est
962 1839 1304 1906 pessimorum
1340 1835 1522 1908 (Ρνου.
1559 1838 1677 1909 χιι),
1705 1839 1772 1894 Ει
1790 1839 1888 1894 an-
1916 1832 1964 1890 Β
1990 1832 2138 1887 duris
2159 1841 2207 1885 et
2235 1833 2512 1887 contrariis
2545 1832 2694 1887 rebus
2725 1832 2800 1887 uel
2825 1834 2981 1888 etiam
3001 1834 3310 1903 quibuslibet
3330 1835 3576 1905 irrogatis

301 1923 357 1978 bi
384 1926 640 1995 scriptum
668 1935 750 1980 est
777 1945 790 1980 :
814 1926 881 1981 In
911 1927 1224 1983 allocutione
1253 1930 1495 1985 desiderii
1525 1932 1758 1986 ascendit
1782 1932 1884 1987 illis

301 2016 369 2069 de
393 2018 526 2070 mari
549 2026 917 2087 ortygometra,
964 2029 1012 2073 et
1053 2022 1346 2075 vexationes
1389 2022 1744 2092 peccatoribus
1791 2040 1884 2076 su-

303 2119 642 2173 pervenerunt
673 2108 827 2181 (Sap.
855 2109 990 2183 XIX).
1021 2112 1161 2183 Ergo
1204 2111 1564 2182 relinquendae
1612 2123 1742 2169 sunt
1789 2129 1885 2168 no-

300 2207 430 2254 stne
465 2198 766 2256 voluntates
805 2211 858 2256 et
887 2203 1171 2265 desideria,
1203 2211 1261 2258 ut
1284 2202 1440 2258 factis
1484 2204 1628 2258 illam
1672 2205 1886 2260 Domini

301 2305 494 2345 vocem
531 2291 729 2346 imitari
761 2293 1029 2363 possimus
1062 2310 1166 2363 qua
1196 2295 1362 2349 dicit:
1387 2295 1512 2349 Non
1551 2297 1668 2350 ueni
1714 2297 1889 2366 facere

301 2379 619 2434 voluntatem
648 2398 835 2446 meam,
868 2383 958 2437 sed
988 2383 1100 2452 ejus
1137 2385 1226 2455 qui
1256 2385 1394 2438 misit
1436 2401 1538 2440 me.
1592 2385 1747 2453 Quod
1791 2403 1892 2442 au-

301 2477 414 2524 tem
446 2471 686 2539 sequitur
707 2488 720 2524 :

375 2558 509 2612 Item
546 2560 673 2614 dicit
721 2561 1031 2632 Scriptura:
1066 2561 1321 2620 Voluntas
1364 2567 1515 2621 habet
1561 2584 1786 2638 poenam,
1837 2579 1890 2624 et

303 2651 584 2704 necessitas
628 2653 766 2720 parit
822 2669 1089 2708 coronam.
1143 2655 1344 2712 Fateor
1393 2673 1500 2724 me,
1559 2659 1664 2713 nisi
1710 2659 1885 2727 fallor,

302 2755 584 2810 nunquam
615 2742 793 2798 hocin
838 2744 1033 2800 divinis
1077 2746 1270 2818 legisse
1308 2749 1634 2818 Scripturis;
1668 2759 1722 2805 et
1768 2751 1890 2806 ideo

303 2845 415 2884 non
439 2829 600 2898 hujus
634 2835 914 2889 sententia:
934 2851 1145 2900 sonum,
1186 2839 1282 2893 sed
1313 2840 1485 2907 magis
1524 2839 1762 2908 ejusdem
1807 2842 1890 2896 in-

303 2921 580 2978 tellectum
607 2940 850 2994 quterere
879 2928 1019 2983 volo.
1045 2929 1189 2984 Dicit
1225 2931 1409 2986 enim:
1445 2931 1692 3004 Voluptas
1735 2935 1889 2990 habet

301 3031 528 3083 prauam,
561 3027 606 3070 et
632 3021 905 3076 necessitas
929 3022 1372 3091 parit'coronam.
1421 3024 1501 3079 Ac
1546 3026 1590 3080 si
1637 3027 1883 3083 diceret:

303 3108 441 3164 Lata
467 3119 520 3163 et
542 3113 776 3180 spatiosa
795 3115 876 3170 via
897 3123 999 3181 est,
1023 3131 1142 3184 quae
1159 3116 1308 3172 ducit
1327 3117 1394 3172 ad
1415 3119 1606 3173 mortis
1636 3135 1882 3189 prunam;

1988 1923 2226 1994 injuriis,
2273 1924 2432 1978 tacita
2483 1923 2801 1978 conscientia
2848 1924 3154 1993 patientiam
3208 1923 3568 1995 amplectatur.

1989 2013 2327 2084 Frequenter
2372 2013 2509 2069 solet
2551 2015 2884 2084 contingere,
2937 2023 2999 2070 ut
3049 2024 3310 2084 quantum
3353 2030 3413 2071 se
3460 2031 3575 2069 mo-

1989 2105 2194 2160 nachus
2224 2104 2514 2159 humilitati
2553 2113 2606 2159 et
2645 2105 2965 2160 obedientiu‘.
3001 2106 3320 2171 subdiderit,
3364 2113 3574 2160 tantum

1990 2196 2194 2256 invenit
2225 2196 2367 2266 quod
2395 2196 2599 2251 .durius
2649 2204 2846 2266 portat.
2907 2195 3060 2252 Unde
3105 2211 3327 2252 necesse
3362 2204 3466 2261 est,
3513 2206 3574 2250 ut

1990 2287 2380 2356 unusquisque,
2404 2302 2530 2342 cum
2557 2287 2626 2342 ad
2664 2287 2756 2342 Dei
2793 2288 3001 2342 accedit
3038 2288 3340 2354 servitium,
3367 2289 3435 2344 ad
3455 2305 3574 2344 om-

1989 2378 2080 2432 nia
2117 2378 2395 2433 toleranda
2424 2393 2579 2434 suum
2607 2376 2821 2433 fortiter
2863 2387 3130 2448 prteparet
3164 2379 3436 2445 animum,
3469 2379 3575 2436 sic-

1989 2479 2052 2524 ut
2085 2470 2346 2539 scriptum
2383 2480 2504 2525 est:
2533 2469 2674 2536 Fili,
2717 2470 2968 2526 accedens
3011 2471 3080 2525 ad
3120 2473 3419 2526 seruitutem
3475 2471 3573 2525 Dei

1989 2571 2071 2616 sta
2097 2564 2152 2616 in
2173 2561 2386 2632 justitia
2403 2571 2450 2615 et
2479 2563 2684 2626 timore,
2704 2571 2751 2614 et
2777 2577 3018 2632 prtrpara
3042 2561 3274 2616 animam
3315 2569 3462 2616 tuam
3503 2561 3572 2614 ad

1991 2652 2348 2706 tentationem.
2378 2649 2618 2720 Deprime
2641 2666 2730 2704 cor
2749 2661 2918 2712 tuum,
2946 2659 2994 2704 et
3028 2650 3226 2704 sustine
3256 2647 3454 2720 (Eccli.
3480 2651 3576 2720 tl);

1991 2751 2048 2799 et
2067 2743 2183 2799 sive
2223 2743 2491 2811 irrogatas
2537 2739 2760 2809 injurias
2804 2740 2872 2794 ab
2912 2741 3036 2804 alio,
3089 2741 3202 2795 sive
3251 2741 3575 2796 tcutationes

1990 2835 2270 2889 venientes
2293 2848 2360 2888 ex
2390 2831 2570 2887 animo
2604 2830 2769 2885 tacita
2813 2830 3146 2885 conscientia
3192 2831 3476 2896 sustineat,
3521 2839 3576 2884 et

1993 2923 2284 2978 auxiliante
2326 2925 2435 2979 Deo
2484 2937 2608 2978 cum
2646 2920 2905 2990 patientia
2951 2921 3134 2975 omnia
3177 2920 3378 2975 vincat.
3425 2919 3574 2975 Scri-

1988 3022 2143 3083 ptum
2165 3022 2250 3068 est
2277 3014 2421 3069 enim
2445 3031 2458 3066 :
2484 3013 2542 3068 ln
2571 3013 2830 3082 patientia
2854 3022 3032 3066 vestra
3072 3011 3416 3082 possidebitis
3462 3013 3576 3066 ani—

1992 3119 2111 3158 mas
2140 3110 2368 3158 vestras.
2396 3102 2534 3156 llinc
2557 3102 2790 3156 Iacobus
2813 3101 2889 3155 ait
2913 3120 2924 3153 :
2959 3099 3188 3156 Scientes
3217 3100 3357 3170 quod
3385 3100 3576 3170 proba-

301 3206 455 3254 arcta
482 3210 538 3254 et
558 3178 782 3274 angusta
804 3213 886 3260 est
909 3178 1020 3272 via,
1041 3178 1180 3276 -ῳιω
1200 3207 1349 3262 duci;
1369 3208 1438 3262 ad
1458 3178 1657 3274 ﬁgam;
1680 3211 1768 3265 ubi
1915 3178 1959 3239 C
1991 3196 2065 3248 tio
2105 3194 2230 3264 ﬁdei
2273 3193 2580 3264 patientiam
2627 3202 2904 3262 operatur;
2927 3191 3178 3261 patientia
3231 3200 3404 3244 autent
3446 3206 3574 3260 opus

302 3289 614 3346 cessitatem
651 3309 751 3362 pro
789 3295 1016 3351 Domino
1048 3298 1314 3367 patientes
1351 3313 1582 3354 coronas
1623 3301 1894 3371 recipiant

301 3375 681 3444 sempiternas.
708 3379 844 3435 llinc
887 3380 1084 3437 iterum
1125 3383 1388 3439 Dominus
1435 3385 1603 3440 dicit:
1632 3385 1735 3452 Qui
1778 3387 1886 3442 vult

298 3475 416 3532 post
470 3482 550 3519 me
597 3469 768 3523 uenire
814 3472 1027 3543 abneget
1074 3475 1424 3546 semetipsum,
1475 3476 1624 3530 tollat
1680 3492 1886 3532 crucem

297 3569 473 3617 suam,
500 3566 547 3608 et
575 3569 821 3627 sequatur
859 3578 937 3614 me
966 3562 1178 3632 (Matth.
1204 3581 1315 3629 xvr;
1343 3563 1471 3618 Luc.
1508 3565 1606 3636 ιχ).
1645 3565 1783 3631 Quid
1806 3575 1893 3621 est

298 3642 446 3698 aliud
477 3647 823 3716 semetipsum
859 3651 1128 3719 abnegare
1160 3653 1263 3706 nisi
1287 3653 1451 3706 latam
1491 3664 1547 3708 et
1591 3656 1884 3722 spatiosam

299 3733 444 3787 viam
487 3735 757 3799 deserere,
791 3747 846 3791 et
887 3738 1192 3795 voluntates
1239 3742 1486 3811 proprias
1537 3744 1721 3798 odire?
1749 3744 1888 3812 Quid

299 3833 386 3878 est
421 3825 574 3879 tollat
601 3841 816 3880 crucem
846 3843 999 3882 suam
1037 3837 1092 3883 et
1121 3841 1379 3900 sequatur
1403 3848 1506 3895 me,
1536 3834 1638 3888 nisi
1679 3843 1888 3890 arctam

298 3923 358 3966 ct
381 3923 664 3986 angustam
696 3917 837 3971 viam
862 3919 1107 3989 arripiat,
1132 3922 1220 3977 ubi
1244 3937 1342 3990 pro
1365 3939 1450 3978 me
1475 3924 1673 3980 multas
1698 3942 1890 3984 neces-

298 4004 491 4059 sitates
547 4008 843 4067 sustineat?
886 4016 941 4064 et
996 4009 1076 4064 sic
1118 4011 1185 4066 ad
1240 4015 1433 4083 gaudia
1490 4027 1748 4086 perpetua
1803 4033 1889 4074 me

298 4111 534 4165 sequens
557 4099 760 4166 veniat,
783 4100 873 4156 ubi
914 4110 1173 4158 aeternam
1217 4119 1473 4162 cor0nam
1521 4123 1609 4162 me
1655 4108 1890 4166 donante

300 4185 560 4254 recipiat?

721 4281 794 4332 De
822 4285 971 4334 tertio
994 4285 1282 4336 humilitatis
1305 4288 1480 4348 gradu.

377 4371 580 4426 Tertius
627 4374 822 4444 gradus
869 4374 1180 4432 humilitatis
1231 4389 1328 4444 est,
1378 4390 1433 4434 ut
1486 4382 1603 4452 quis
1651 4399 1746 4452 pro
1794 4384 1892 4440 Dei

299 4476 498 4525 amore,
517 4463 655 4515 omni
685 4462 971 4517 obedientia
993 4481 1048 4519 se
1071 4467 1258 4521 subdat
1284 4470 1509 4538 majori;
1541 4473 1752 4527 imitans
1783 4473 1890 4528 Do-

1991 3286 2276 3354 perfectum
2336 3283 2488 3338 habet
2533 3279 2829 3352 (Jacob.1).
2873 3280 3018 3345 Ideo,
3075 3280 3271 3350 inquit,
3331 3279 3574 3334 adversis

1995 3373 2278 3428 tentamini
2301 3380 2360 3426 ut
2386 3372 2638 3426 virtutem
2659 3371 2931 3441 patientia:
2952 3371 3198 3435 discatis,
3223 3378 3278 3423 et
3301 3385 3396 3440 per
3437 3370 3578 3424 hanc

1990 3465 2280 3517 ostendere
2307 3462 2524 3530 possitis
2558 3475 2624 3514 ac
2667 3461 2918 3530 probare,
2969 3462 3096 3530 quia
3141 3460 3354 3514 firmam
3415 3459 3575 3514 ﬁdem

1988 3554 2255 3608 sustinere
2299 3553 2674 3608 retributionis
2723 3555 2778 3608 in
2826 3554 2988 3609 corde
3033 3553 3281 3624 gustatis.
3338 3552 3475 3608 llinc
3519 3561 3575 3607 et

1989 3643 2186 3698 Paulus
2213 3642 2463 3697 similiter
2493 3642 2593 3708 ait,
2617 3641 2820 3707 dicens,
2862 3644 3004 3712 quod
3044 3642 3334 3696 Tribulatio
3371 3643 3575 3712 patien—

1989 3735 2113 3788 tiam
2159 3744 2438 3805 operatur;
2491 3725 2743 3807 patient'ia
2783 3745 2957 3791 autent
2989 3737 3346 3808 probationem
3387 3735 3565 3807 (Rom.

1990 3821 2045 3896 ν)
2114 3823 2374 3880 Patientia
2406 3825 2552 3880 enim
2589 3825 2959 3896 probationem
2998 3835 3290 3897 operatur;
3319 3828 3446 3897 quia
3478 3842 3574 3881 cn—

1984 3916 2074 3986 jus
2101 3915 2354 3987 patientia
2377 3918 2516 3972 vinci
2545 3933 2648 3973 non
2678 3927 2878 3988 potest,
2905 3919 2989 3972 ille
3007 3918 3423 3986 perfectusesse
3455 3933 3576 3986 pro-

1989 4008 2166 4064 batur.
2196 4009 2286 4063 llla
2335 4009 2476 4062 enim
2529 4008 2666 4062 ratio
2710 4007 2837 4061 facit
2882 4007 3062 4062 ﬁdeles
3111 4023 3209 4077 per
3259 4008 3582 4075 patientiam.

1989 4101 2251 4168 exerceri.
2278 4107 2449 4168 utper
2475 4098 2613 4152 hanc
2653 4097 2786 4151 ﬁdes
2829 4112 3015 4151 eorum
3055 4113 3175 4166 quae
3223 4097 3294 4151 sit
3335 4095 3570 4165 perfecta

1990 4157 2266 4260 probetiir,
2296 4157 2420 4244 duim
2453 4197 2508 4242 ct
2530 4192 2689 4244 rebus
2717 4189 2991 4260 prosperis
3015 4190 3160 4243 utilia
3177 4188 3357 4257 justus
3385 4202 3570 4242 exem-

1991 4280 2075 4350 pla
2099 4289 2317 4350 priestet
2347 4279 2672 4343 hominibus,
2706 4294 2927 4335 necesse
2952 4289 3037 4332 est
3061 4279 3254 4333 iterum
3281 4279 3427 4350 tangi
3467 4279 3566 4332 ad-

1991 4369 2358 4434 versitatibus,
2379 4379 2645 4438 quatenus
2665 4370 2780 4439 ejus
2817 4369 3078 4437 patientia
3119 4369 3317 4423 bonum
3355 4369 3573 4425 czeteris

1992 4460 2084 4515 det
2109 4461 2406 4531 exemplar,
2443 4470 2496 4516 et
2524 4461 2800 4530 patientiae
2826 4476 2937 4518 sua:
2991 4469 3114 4530 post
3160 4469 3389 4516 mortem
3428 4463 3570 4518 rcci-

298 4545 520 4612 minum,
552 4547 615 4621 de
637 4564 738 4618 quo
786 4549 911 4603 dicit
954 4549 1228 4620 Apostolus
1254 4570 1270 4606 :
1297 4529 1502 4609 Frictus
1533 4566 1606 4610 est
1647 4558 1888 4614 obediens
1913 4529 1968 4589 Β
1991 4553 2103 4622 βίαι
2123 4529 2342 4622 pmﬂlia
2368 4571 2381 4607 ε
2407 4529 2539 4622 (ιυίέ
2558 4552 2648 4621 (ιιιὶ
2682 4551 2850 4607 Deum
2880 4529 3251 4622 proiirrogala
3274 4551 3460 4606 laudat
3489 4555 3572 4608 ίῐι·

300 4651 468 4705 usque
495 4635 564 4688 ad
593 4646 816 4690 mortem
842 4635 1065 4712 (Philip.
1093 4640 1172 4714 ιι).
1205 4643 1262 4698 Si
1292 4645 1437 4699 enim
1468 4646 1655 4712 Deum,
1686 4657 1746 4702 ut
1795 4650 1890 4706 de-

299 4732 414 4788 cet,
435 4724 737 4796 diligamus,
767 4743 874 4782 non
917 4729 1089 4785 solum
1130 4733 1182 4785 in
1222 4735 1367 4788 omni
1418 4735 1719 4792 obedientia
1761 4739 1889 4795 sub-

299 4813 356 4867 di
380 4812 593 4882 majori,
625 4817 738 4880 sed,
770 4818 815 4872 si
840 4834 1062 4875 necesse
1102 4820 1283 4888 fuerit,
1328 4825 1502 4892 parati
1547 4842 1668 4882 esse
1724 4828 1885 4883 debe-

299 4924 424 4962 mus
449 4909 610 4963 etiam
637 4925 733 4979 pro
758 4912 847 4967 illo
885 4915 1048 4980 mori;
1077 4914 1216 4969 sicut
1243 4924 1296 4970 et
1326 4916 1414 4970 ille
1439 4933 1538 4986 pro
1565 4919 1719 4975 nobis
1739 4936 1886 4976 mor-

300 5006 429 5054 tuus
470 5009 574 5066 est,
621 5003 762 5057 sicut
809 5005 1096 5074 Apostolus
1141 5007 1236 5072 ait,
1289 5008 1472 5065 dicens
1501 5026 1514 5064 :
1543 5009 1881 5069 Commendat

300 5087 444 5142 Deus
473 5106 626 5144 suam
653 5091 955 5147 charitatem
984 5095 1038 5148 in
1066 5096 1233 5160 nobis,
1259 5100 1506 5168 quoniam
1547 5118 1667 5155 cum
1707 5102 1882 5156 adhuc

299 5191 595 5251 peccatores
621 5200 864 5249 essemus,
911 5184 1150 5240 Christus
1183 5205 1277 5258 pro
1327 5191 1472 5244 nobis
1523 5202 1758 5247 mortuus
1806 5203 1882 5248 est

300 5270 483 5345 (Rom.
515 5272 593 5347 v).
621 5275 686 5328 Et
728 5291 832 5331 non
885 5277 1060 5332 solum
1096 5294 1197 5348 pro
1238 5279 1329 5336 illo
1371 5281 1530 5348 mori,
1587 5284 1682 5338 sed
1717 5285 1879 5339 etiam

299 5383 404 5442 pro
439 5369 697 5428 fratribus
742 5373 952 5430 animas
981 5390 1182 5446 ponere
1218 5377 1474 5432 debemus
1518 5392 1638 5434 esse
1685 5380 1879 5449 parati,

303 5464 449 5518 sicut
469 5463 546 5517 ait
575 5463 717 5519 idem
735 5463 1022 5534 Apostolus
1047 5481 1060 5520 :
1087 5465 1154 5521 In
1187 5467 1282 5521 hoc
1308 5468 1664 5538 cognoscimus
1711 5470 1883 5524 chari-

302 5564 465 5609 tatem
499 5556 634 5625 ejus,
658 5557 853 5626 inquit,
895 5559 1144 5628 quoniam
1188 5557 1278 5613 ille
1321 5576 1416 5629 pro
1464 5559 1608 5614 nobis
1655 5563 1887 5615 animam

301 5662 456 5700 suam
481 5647 670 5715 posuit,
707 5657 754 5700 et
787 5664 878 5701 nos
904 5647 1146 5701 debemus
1167 5664 1261 5718 pro
1292 5647 1544 5716 fratribus
1570 5648 1772 5703 animas
1796 5665 1888 5719 po-

302 5751 426 5795 nere
456 5735 505 5796 U
541 5736 697 5791 Joan.
743 5737 844 5808 ιιι).
886 5738 1178 5807 Diligamns
1214 5752 1341 5806 ergo
1372 5738 1540 5791 Deum
1566 5746 1623 5792 nt
1658 5737 1750 5792 lilii
1798 5753 1890 5808 pao

1979 4644 2146 4713 juria,
2176 4646 2231 4699 et
2252 4645 2540 4701 commissa
2562 4645 2681 4700 sine
2699 4641 2864 4699 dubio
2887 4645 3076 4715 perdet
3099 4643 3438 4711 facinora,.et
3455 4660 3572 4715 pro-

1985 4736 2149 4790 missa
2180 4737 2502 4805 quandoque
2530 4750 2559 4789 a
2597 4735 2708 4789 Deo
2742 4734 2968 4805 recipiet
2992 4735 3231 4805 pmmia.

2053 4828 2122 4882 Et
2140 4830 2400 4884 sustinens
2425 4827 2904 4893 nonlassescat,vel
2917 4827 3173 4892 discedat,
3192 4827 3394 4882 dicente
3428 4827 3575 4883 Scri-
3653 4893 3656 4897 ἢ

1980 4929 2137 4990 ptura
2168 4938 2187 4975 .'
2223 4920 2325 4986 Qui
2355 4921 2752 4991 perseveraverit
2778 4935 2938 4989 usque
2973 4919 3027 4973 in
3052 4918 3231 4987 ﬁnem,
3272 4918 3356 4972 hic
3393 4918 3572 4973 salvus
3652 4917 3656 4922 ⁷

1983 5010 2081 5064 erit
2109 5011 2326 5083 (Matth.
2360 5027 2416 5075 ι,
2463 5013 2633 5082 χχιιι).
2678 5009 2813 5064 Nam
2864 5009 3241 5065 inchoantibus
3289 5009 3570 5078 prtemium

1982 5101 2336 5170 promittitur,
2361 5100 2452 5155 sed
2483 5101 2960 5168 perseverantibus
2999 5099 3176 5152 datur.
3233 5097 3384 5153 Tunc
3424 5097 3571 5152 enim

1981 5192 2158 5263 placet
2180 5193 2287 5247 Deo
2317 5199 2500 5246 nostra
2527 5190 2895 5253 conversatio,
2931 5190 3144 5258 quando
3187 5188 3384 5241 bonum
3425 5180 3572 5253 quod

1984 5284 2270 5353 incipimus
2307 5281 2672 5351 perseveranti
2701 5279 2807 5334 line
2847 5280 3195 5349 complemus.
3230 5277 3324 5332 llle
3374 5289 3568 5330 mona-

1988 5377 2123 5431 chus
2142 5373 2519 5438 lassescit,vel
2544 5374 2792 5440 discedit,
2828 5375 2919 5444 qui
2962 5374 3207 5445 regulare
3248 5386 3382 5440 opus
3425 5369 3570 5440 quod

1992 5468 2155 5537 cwpit
2179 5466 2244 5520 ad
2273 5464 2570 5536 perfectum
2611 5480 2715 5518 non
2768 5464 2946 5530 ducit;
2997 5463 3086 5532 qui
3133 5463 3186 5515 in
3237 5461 3353 5528 ipso
3405 5474 3570 5529 opere
3657 5499 3662 5508 .

1991 5555 2135 5625 quod
2165 5570 2322 5624 agere
2353 5553 2581 5609 ferventi
2605 5553 2786 5606 animo
2823 5553 3006 5622 cmpit,
3048 5548 3303 5619 paulatim
3355 5547 3572 5616 langue~

1993 5659 2150 5708 scens
2172 5645 2414 5714 tepescit,
2450 5653 2504 5698 et
2528 5653 2620 5696 aut
2647 5643 2711 5695 ab
2732 5657 2894 5711 opere
2935 5650 3164 5703 tantum,
3188 5647 3280 5690 aut
3310 5637 3471 5690 simul
3501 5639 3570 5692 ab

1995 5749 2157 5804 opere
2183 5743 2236 5790 et
2262 5733 2590 5788 monasterio
2620 5733 2915 5801 tepefactus
2944 5728 3164 5791 rccciit,
3212 5743 3315 5780 non
3363 5741 3580 5795 ponens.
