3992 6206
351 341 446 394 Sil

1385 331 1736 388 COMMENT.
1779 331 1846 386 IN
1887 330 2046 386 NBG.
2084 331 2145 386 S.
2187 329 2530 386 BENEDIC'I‘
2533 329 2573 386 1.

3519 329 3628 386 82-2

347 455 439 510 Ille
463 454 557 522 qui
607 450 954 504 maledictum
979 463 1089 502 non
1112 447 1286 500 reddit
1319 460 1416 514 pro
1451 444 1753 508 maledicto,
1791 446 1944 498 aufe-
1974 444 2022 502 A
2049 441 2269 509 gniﬁcat
2311 456 2551 503 cursum,
2596 437 2686 494 ubi
2729 437 2913 495 miseri
2949 446 3070 495 sunt
3107 439 3418 509 quicmque
3463 441 3629 497 delin-

347 545 488 600 renti
512 542 750 596 tunicam
788 539 1012 593 dimittit
1032 547 1086 592 et
1111 537 1351 606 pallium.
1377 535 1470 589 Ille
1509 535 1600 605 qui
1637 550 1742 589 non
1775 535 1939 588 vinci-

343 635 671 700 tnramalo,
709 632 805 688 sed
857 630 1028 685 vincit
1079 631 1138 683 in
1185 630 1327 684 bono
1369 627 1588 691 malum,
1636 625 1938 696 angarianti

348 727 602 784 milliaria
625 723 931 778 voluntarie
956 721 1134 790 pergit
1167 721 1293 774 duo.
1317 720 1422 772 Istc
1453 718 1571 772 sine
1609 717 1772 771 dubio
1813 715 1939 770 talis

347 820 616 890 [sitienter
637 831 762 870 eum
785 813 954 868 Paulo
977 813 1142 866 falsos
1168 812 1367 864 fratres
1410 809 1642 864 sustinet
1685 817 1740 863 et
1774 807 1940 862 male-

347 915 594 967 dicentes
645 906 1014 963 benedicendo
1066 903 1332 957 veraciter
1377 899 1703 955 humilitatis
1753 897 1940 968 implet

347 1009 698 1072 prnoeptum.

755 1087 834 1136 De
856 1087 1030 1147 quinto
1053 1081 1336 1132 humilitatis
1357 1079 1531 1141 gradu.

422 1183 651 1246 Quintus
674 1176 985 1232 humilitatis
1007 1174 1201 1244 gradus
1224 1180 1320 1234 est,
1361 1171 1408 1224 si
1441 1185 1618 1222 omnes
1664 1167 1940 1238 cogitatio-

350 1287 440 1324 nes
470 1267 640 1322 malas
668 1265 813 1320 cordi
834 1280 929 1317 suo
951 1263 1297 1323 advenientes,
1327 1258 1403 1311 uel
1423 1257 1564 1310 mala
1585 1275 1620 1310 α
1639 1274 1692 1310 se
1725 1257 1941 1310 absconp

349 1377 408 1416 se
427 1359 734 1418 commissa,
753 1370 846 1426 per
881 1351 1130 1406 humilem
1183 1349 1558 1418 confessionem
1607 1345 1784 1400 abbati
1834 1363 1939 1399 non

348 1451 597 1507 celaverit
619 1465 735 1502 suo.
776 1445 915 1499 ﬁinc
943 1443 1196 1497 Salomon
1235 1443 1348 1495 ait:
1375 1440 1478 1505 Qui
1511 1439 1783 1492 abscondit
1822 1455 1937 1492 see-

345 1541 463 1595 tera
485 1556 606 1598 sua.
637 1554 740 1591 non
763 1536 1018 1604 dirigetur
1038 1545 1056 1587 :
1077 1533 1166 1601 qui
1194 1541 1368 1584 autem
1401 1529 1670 1598 confessus
1712 1528 1870 1598 fuerit
1889 1538 1939 1582 et

352 1632 618 1702 reliquerit
630 1646 712 1695 ea,
727 1626 1140 1684 misericordiam
1155 1633 1494 1693 consequetur
1523 1622 1702 1694 (Prov.
1723 1621 1934 1693 xxvm).

350 1724 670 1781 Amaritudo
697 1722 840 1778 enim
857 1719 1191 1791 poenitentia:
1214 1715 1344 1771 facit
1371 1716 1608 1770 animum
1638 1725 1694 1770 et
1729 1731 1827 1769 sua
1865 1713 1939 1768 fa-

2040 541 2244 601 quunt;
2271 533 2364 588 ubi
2388 532 2469 586 fas
2495 539 2578 588 est
2607 531 2770 586 corda
2796 538 2978 586 nostra
3019 532 3290 596 converti,
3320 540 3377 587 et
3413 532 3629 591 miseri-

2037 622 2279 677 cordiam
2317 622 2609 692 postulari;
2642 621 2714 676 ibi
2757 622 2900 675 enim
2945 621 3220 679 damnatio
3259 631 3344 680 est.
3380 623 3628 680 confiteri

2037 722 2320 782 peccatum
2349 713 2440 767 ubi
2465 714 2577 783 jam
2608 721 2820 768 constat
2845 725 2968 766 esse
2988 709 3284 778 judicium.

2112 804 2314 858 Etiteut
2336 803 2593 872 ProMeta
2609 819 2627 856 .'
2643 802 2904 860 Delietum
2927 818 3096 857 meum
3109 802 3375 872 cognitum
3396 803 3495 858 tibi
3503 803 3625 872 fed,

2039 909 2086 953 et
2114 899 2405 968 injustitias
2439 913 2581 950 nscas
2608 912 2710 950 non
2744 895 2925 965 aperui
2954 892 3130 957 (Psul.
3171 894 3345 963 χχχι).
3378 892 3491 952 Hoc
3517 903 3623 956 est,

2037 989 2304 1058 cognitum
2331 988 2526 1056 facere,
2557 987 2610 1040 in
2649 986 3046 1041 confessionem
3075 985 3256 1040 delicti
3291 986 3623 1055 producere:
3734 1004 3740 1010 ·

2038 1078 2242 1148 operire
2255 1087 2456 1140 autem,
2477 1076 2614 1136 velle
2639 1075 2842 1144 aliquid
2860 1075 3076 1130 silentio
3100 1083 3302 1145 tegere,
3317 1083 3410 1145 aut
3425 1090 3624 1146 corpus

2041 1167 2473 1221 (insimulatione
2500 1165 2698 1221 celare.
2729 1165 2844 1220 Hoc
2867 1164 3072 1221 faciunt
3099 1165 3272 1230 stulti,
3304 1166 3398 1234 qui
3432 1174 3626 1235 putant

2042 1257 2210 1312 Detun
2238 1258 2489 1327 ignorare
2513 1272 2671 1326 posse
2699 1256 2843 1326 quod
2872 1265 3059 1325 agunt.
3089 1256 3312 1321 Contra,
3345 1259 3437 1327 qui
3479 1257 3627 1312 illum

2041 1357 2313 1404 noverunt
2343 1363 2432 1404 res
2458 1362 2648 1403 omnes
2677 1345 2885 1401 habere
2918 1345 3250 1410 mnifestas,
3277 1348 3346 1400 ad
3370 1347 3626 1402 humi-lem

2041 1438 2436 1494 confessionem
2463 1448 2518 1493 et
2541 1438 2874 1508 pauitantia:
2909 1446 3036 1490 vota
3062 1435 3423 1502 descendunt,
3451 1452 3523 1492 ne
3543 1435 3628 1505 iu-

2041 1529 2216 1584 dicem
2259 1529 2534 1596 patiantur
2579 1526 2839 1580 infestum
2887 1541 3051 1594 quem
3088 1527 3383 1595 propitium
3427 1527 3630 1582 habere

2039 1623 2294 1684 poterant
2320 1617 2662 1670 advocatum.
2689 1613 2984 1684 Sequitur:

2112 1706 2260 1771 Diui,
2306 1705 2674 1760 Pronuntiabo
2718 1705 2993 1760 adversum
3040 1721 3121 1759 me
3145 1705 3440 1775 injustitias
3483 1723 3628 1762 meas

351 1823 440 1871 aa
470 1813 720 1869 summus
738 1790 1025 1871 discam,
1052 1817 1110 1863 ει
1135 1809 1273 1863 dom
1305 1808 1424 1872 Dei,
1449 1821 1569 1876 qua,
1590 1805 1933 1874 contempsit,
1965 1819 2011 1878 Β
2043 1795 2302 1859 Domino;
2327 1803 2376 1847 et
2401 1803 2459 1846 tu
2481 1793 2727 1846 remisisti
2762 1793 3081 1862 impietatem
3108 1792 3282 1845 cordis
3311 1795 3411 1853 mei
3450 1790 3624 1863 (Psal.

351 1905 529 1960 ﬂendo
565 1915 1008 1958 commemorare.
1059 1899 1246 1970 Magna
1281 1897 1392 1967 jam
1430 1895 1654 1965 just-itis:
1691 1911 1818 1966 pars
1851 1905 1940 1951 est

353 1993 705 2063 semetipsum
741 2006 903 2046 nosse
943 1989 1172 2044 interius
1208 1989 1502 2052 hominem,
1547 1990 1696 2057 quod
1739 2004 1940 2058 pravus

349 2093 462 2149 est,
497 2091 558 2138 ut
577 2098 644 2137 ex
674 2097 742 2136 eo
765 2081 962 2135 divinae
989 2080 1175 2133 virtuti
1197 2079 1416 2134 humilis
1450 2079 1714 2133 subdatur
1737 2095 1802 2134 ex
1833 2095 1941 2149 quo

351 2189 452 2228 sua
487 2185 819 2242 cognoscens
850 2178 1072 2240 peccata
1114 2168 1268 2224 alteri
1315 2168 1638 2225 conﬁteatur
1675 2185 1758 2225 ea.
1803 2171 1940 2227 Binc

350 2265 552 2324 iterum
577 2262 830 2316 Salomon
853 2262 930 2315 ait
953 2279 966 2315 :
993 2257 1183 2315 Revela
1219 2260 1445 2314 Domino
1467 2277 1623 2330 opera
1647 2271 1761 2326 tua,
1795 2271 1842 2315 et
1863 2262 1944 2315 di-

353 2355 590 2424 rigantur
631 2353 972 2423 cogitationes
1019 2361 1122 2406 tua:
1161 2349 1345 2422 (Prov.
1387 2352 1522 2422 xw).
1557 2351 1709 2407 Unde
1753 2359 1808 2407 et
1855 2352 1940 2408 hic

354 2445 604 2500 subditur
619 2459 634 2508 ;

431 2533 670 2587 Hortaris
707 2549 804 2587 nos
842 2532 907 2586 de
949 2532 1050 2584 hac
1088 2547 1145 2584 re
1183 2529 1482 2601 Scriptura,
1507 2533 1684 2586 dicens
1706 2550 1724 2586 :
1755 2531 1942 2588 Revela

355 2623 584 2677 Domino
610 2624 748 2677 viain
778 2632 924 2675 tuam
947 2619 1118 2693 (Psal.
1155 2621 1364 2690 xxxvi).
1391 2621 1448 2676 id
1476 2630 1578 2686 est,
1622 2623 1799 2677 revela
1843 2639 1944 2693 per

353 2711 749 2768 confessionem
791 2711 995 2776 abbati,
1042 2726 1202 2780 quem
1238 2713 1334 2766 tibi
1361 2713 1621 2768 Dominus
1649 2728 1747 2782 pro
1775 2719 1834 2768 3e
1863 2713 1943 2766 vi-

351 2803 564 2858 carium
612 2803 779 2866 dedit,
807 2802 1048 2868 actiones
1089 2810 1207 2856 tuas
1250 2802 1304 2856 in
1334 2803 1528 2873 quibus
1569 2804 1776 2872 peccati
1810 2818 1943 2859 con-

357 2893 586 2949 scientia
619 2893 768 2948 latet.

430 2984 502 3037 Et
529 2999 678 3053 spera
717 2983 772 3036 in
810 2981 1094 3036 Dominum
1121 2981 1336 3054 (llud).
1367 2983 1470 3049 Qui
1508 2984 1604 3038 tibi
1631 2985 1844 3040 veniam
1875 2986 1942 3048 de

356 3073 662 3129 commissis
714 3072 1138 3127 misericorditer
1175 3073 1358 3127 donet.
1407 3072 1549 3128 Hinc
1585 3074 1938 3131 Cassiodorus

2040 1885 2212 1955 xxxx).
2262 1884 2399 1940 Hinc
2437 1899 2630 1954 magna
2659 1884 2832 1953 pietas
2872 1883 3182 1940 Divinitatis
3223 1884 3545 1945 ostenditur,
3572 1895 3624 1938 ut

2040 1980 2108 2034 ad
2133 1977 2303 2035 solam
2330 1977 2826 2048 pmnuu-tiationem
2865 1976 3170 2036 devotionis
3207 1976 3390 2034 subito
3410 1977 3623 2035 laxave-

2040 2069 2112 2128 rit
2133 2075 2379 2139 peccata,
2409 2068 2625 2137 quando
2661 2067 2741 2122 sic
2759 2065 2964 2135 judicat
2985 2065 3138 2134 pium
3155 2073 3340 2125 votum
3367 2067 3627 2135 quemad-

2039 2160 2258 2221 modum
2281 2158 2612 2228 operationis
2632 2156 2904 2219 enectum.
2927 2155 3075 2217 Dixit
3095 2155 3238 2216 enim
3263 2155 3317 2212 in
3343 2157 3507 2216 corde
3527 2172 3628 2216 suo

2041 2251 2269 2309 Domino
2306 2267 2413 2309 non
2460 2259 2642 2308 tacere
2670 2265 2792 2319 qua:
2837 2257 3104 2318 gesserat,
3133 2256 3190 2304 et
3231 2255 3493 2317 acquaint.
3511 2248 3624 2316 jam

2037 2351 2236 2402 cuncta
2267 2342 2600 2413 prodiderat,
2648 2342 2722 2396 ita
2753 2340 2831 2396 illi
2867 2341 3096 2398 remissa
3143 2351 3270 2399 sunt
3301 2356 3422 2411 qua:
3460 2343 3625 2396 voluit

2039 2435 2309 2493 conﬁteri.
2341 2435 2625 2493 Confessio
2647 2450 2779 2506 ergo
2816 2451 2938 2493 mea
2966 2436 3145 2492 adhuc
3187 2435 3247 2494 in
3286 2437 3449 2492 corde
3481 2447 3625 2500 erat,

2039 2539 2092 2583 et
2119 2529 2186 2584 ad
2213 2543 2275 2583 os
2300 2528 2540 2583 nondum
2581 2536 2824 2582 venerat.
2874 2527 3129 2583 Dixeram
3164 2529 3330 2591 enim,
3377 2527 3628 2583 Pronun-

2041 2618 2182 2672 tiabo
2209 2619 2484 2676 advertunt
2509 2634 2612 2683 me,
2642 2627 3017 2674 verumtamen
3039 2619 3182 2675 Deus
3209 2620 3425 2676 auditor
3447 2620 3628 2676 cordis

2041 2708 2147 2763 mei
2177 2708 2380 2763 dimisit
2401 2708 2736 2777 impietatem
2767 2709 2977 2778 peccati
3005 2710 3132 2765 mei.

2467 2807 2544 2858 De
2561 2815 2710 2857 sexto
2724 2807 3018 2859 humilitatis
3028 2810 3198 2872 gradu.

2111 2890 2305 2949 Sextus
2339 2889 2652 2944 humilitatis
2682 2889 2879 2960 gradus
2915 2900 3013 2956 est,
3059 2892 3107 2947 si
3141 2893 3282 2948 omni
3310 2893 3510 2949 vilitate
3544 2894 3624 2950 uel

2039 2983 2364 3046 cantauitate
2405 2989 2675 3036 contentus
2733 2981 2800 3035 sit
2865 2982 3172 3038 monachus.
3236 2983 3424 3056 Magna
3486 2986 3626 3055 apml

2041 3072 2208 3128 Deum
2237 3070 2464 3141 refulget
2491 3071 2685 3139 gratia,
2717 3071 2808 3139 qui
2833 3070 2962 3126 huic
2983 3072 3185 3130 mundo
3208 3074 3626 3145 contemptibilis

359 3166 493 3220 dicit
537 3183 550 3218 :
596 3164 786 3219 Velum
825 3163 1096 3234 quoddam
1128 3171 1210 3218 est
1254 3173 1620 3234 peccatorum,
1649 3168 1789 3222 unde
1827 3167 1935 3232 via,
1965 3160 2011 3220 C
2043 3161 2205 3217 fuerit
2241 3170 2298 3217 et
2325 3161 2464 3216 vilis.
2503 3159 2638 3215 Nam
2664 3176 2850 3216 revera
2877 3176 3099 3218 necesse
3120 3172 3206 3219 est
3237 3172 3295 3218 ut
3330 3179 3490 3234 quem
3513 3167 3624 3220 odit

361 3258 414 3312 id
437 3265 521 3310 est
549 3256 658 3308 vita
687 3263 890 3319 nostra,
924 3253 1210 3319 tenebrosa
1251 3255 1480 3309 amictus
1517 3256 1942 3310 circumdatione

360 3345 561 3404 vestita
591 3354 703 3408 est;
738 3345 877 3408 hanc
909 3343 1212 3402 revelamus
1263 3344 1478 3414 quando
1517 3345 1713 3400 delicta
1757 3356 1941 3400 nostra

362 3438 650 3494 tenebrosa
675 3436 1076 3505 promptissime
1112 3435 1452 3494 confitemur.
1482 3435 1763 3492 Revelavit
1795 3436 1941 3490 enim

361 3529 559 3585 Paulus
591 3529 734 3584 viam
783 3543 938 3585 suam
975 3527 1188 3595 quando
1235 3526 1414 3581 dixit:
1446 3525 1583 3581 Caro
1623 3527 1941 3596 concupiscit

358 3619 609 3675 adeamus
652 3619 914 3687 spiritum,
959 3616 1173 3687 spiritus
1215 3626 1387 3673 autem
1438 3618 1684 3670 adversus
1729 3633 1940 3670 carnem

361 3710 565 3782 (Galat.
587 3711 663 3782 v).
694 3709 944 3779 Speravit
967 3717 1146 3769 autem
1175 3709 1228 3763 in
1252 3699 1478 3762 Domino
1500 3709 1624 3762 dum
1641 3707 1898 3762 clamaret
1923 3726 1936 3762 :

363 3801 564 3872 Infelix
588 3819 680 3872 ego
707 3803 883 3868 homo,
903 3804 1020 3872 quis
1057 3819 1140 3856 me
1176 3801 1413 3856 liberabit
1435 3801 1498 3854 de
1518 3817 1731 3870 corpore
1759 3803 1939 3856 mortis

360 3893 522 3963 hujus
552 3893 731 3965 (Rom.
773 3895 905 3967 vn)?
945 3893 1130 3951 Gratia
1177 3895 1272 3949 Dei
1314 3909 1413 3963 per
1449 3893 1633 3948 Jesum
1666 3893 1938 3948 Christum

361 3983 651 4036 Dominum
673 3993 936 4038 nostrum.
980 3982 1116 4038 Hinc
1153 3982 1484 4054 Augustinus
1515 3985 1629 4038 ait:
1657 3983 1809 4050 Quod
1849 3999 1942 4038 au-

363 4082 472 4128 tem
501 4075 670 4129 habes
693 4075 749 4128 in
773 4075 955 4141 corde,
994 4074 1207 4143 patefac
1251 4075 1307 4127 in
1335 4090 1583 4130 sermone
1605 4092 1705 4146 per
1731 4079 1943 4130 confes-

362 4165 590 4218 sionem.
619 4164 787 4234 Spera
821 4166 876 4220 in
917 4181 1064 4231 eum,
1091 4175 1146 4220 et
1182 4166 1298 4235 ipse
1337 4165 1518 4231 faciet,
1550 4167 1653 4222 hoc
1689 4175 1796 4233 est,
1826 4168 1962 4237 ipse

366 4255 460 4308 tibi
490 4256 722 4311 dimittet
742 4266 964 4327 peccata
1009 4266 1122 4322 tua,
1165 4266 1219 4312 et
1260 4259 1492 4314 deducet
1521 4261 1573 4313 in
1616 4259 1939 4314 charitatem

361 4359 526 4413 opera
555 4352 668 4398 tua.
701 4343 960 4416 Sequitur
982 4365 995 4400 :

435 4433 504 4487 Et
524 4436 645 4488 item
667 4435 832 4490 dicit:
855 4435 1186 4505 Conﬁtcmini
1213 4436 1456 4502 Domino,
1479 4439 1728 4507 quoniam
1753 4438 1937 4505 bonus,

2044 3252 2277 3308 mundus
2310 3251 2498 3323 diligat
2528 3251 2689 3307 Deus.
2732 3251 2920 3308 Sancti
2969 3254 3061 3322 qui
3099 3254 3358 3309 vilitatem
3402 3255 3625 3327 diligunt

2041 3355 2096 3401 et
2122 3346 2283 3402 rebus
2326 3347 2732 3416 honoribusque
2776 3347 3108 3412 renuntiant,
3141 3348 3262 3403 ideo
3289 3363 3350 3404 se
3387 3349 3455 3404 ab
3483 3352 3626 3405 omni

2042 3442 2255 3491 terrena
2301 3436 2644 3506 possessione
2693 3437 3046 3502 mortificant,
3098 3447 3158 3491 ut
3207 3438 3262 3492 in
3314 3439 3626 3495 haereditate

2040 3542 2162 3582 cum
2195 3527 2306 3592 Deo
2341 3525 2572 3584 feliciter
2610 3527 2816 3583 vivant.
2861 3522 2986 3585 Ideo
3021 3529 3284 3586 vilitatem
3313 3533 3601 3590 extremita

2042 3623 2257 3686 temque
2283 3625 2488 3682 amant,
2516 3623 2578 3671 ut
2599 3616 2892 3672 validiores
2916 3618 2986 3673 ad
3007 3619 3173 3674 vitam
3199 3620 3344 3675 illam
3377 3637 3499 3692 quae
3523 3622 3624 3678 illis

2039 3715 2312 3778 praeparat
2337 3717 2561 3775 :eterna,
2593 3707 2660 3764 de
2686 3706 2848 3777 hujus
2886 3708 3012 3766 vita:
3051 3710 3467 3769 mortificatione
3493 3729 3624 3769 con-

2041 3807 2285 3869 surgant.
2318 3799 2575 3869 Seqnitnr
2602 3817 2619 3855 :

2114 3895 2182 3948 Et
2210 3895 2279 3949 ad
2311 3896 2487 3949 omnia
2510 3911 2630 3966 quis
2653 3895 2754 3950 sibi
2781 3895 3149 3969 iniunguntur,
3172 3897 3307 3952 velut
3328 3899 3624 3970 operarium

2041 3983 2240 4039 malum
2275 3995 2322 4039 et
2351 3985 2625 4055 indignum
2653 4002 2709 4040 se
2718 3985 2942 4055 iudicet.
2967 3987 3092 4042 Ideo
3118 3989 3415 4044 monachus
3438 4004 3625 4061 opera-

2041 4076 2181 4129 rium
2199 4074 2407 4144 judicat
2426 4091 2486 4130 se
2521 4077 2744 4144 malum,
2789 4079 2914 4147 quia
2937 4081 3208 4148 quomodo
3231 4097 3367 4152 opus
3393 4083 3512 4154 ejus
3541 4099 3626 4140 re-

2041 4168 2275 4237 cipiatur
2301 4168 2476 4222 nescit
2499 4185 2532 4221 a
2561 4168 2808 4225 Domino.
2837 4169 3140 4241 Operamur
3171 4174 3315 4228 enim
3347 4191 3445 4231 nos
3476 4185 3625 4232 exte-

2042 4258 2173 4321 rius,
2216 4257 2312 4312 sed
2350 4257 2618 4326 quomodo
2660 4275 2796 4330 opus
2840 4275 2872 4315 a
2919 4262 3146 4317 Domino
3187 4265 3477 4335 recipiatur
3531 4285 3624 4324 ne-

2042 4347 2244 4401 scimus
2303 4347 2549 4403 interius.
2597 4348 2722 4404 Ideo
2783 4365 2844 4406 se
2901 4352 3178 4421 indignum
3219 4354 3456 4425 judicat,
3499 4361 3623 4428 quia

2043 4439 2184 4493 sicut
2219 4453 2326 4493 non
2377 4446 2504 4494 sunt
2555 4441 2833 4512 condignae
2888 4445 3165 4512 passiones
3204 4447 3363 4518 hujus
3415 4460 3622 4522 tempo-

359 4526 608 4595 quouiant
631 4527 684 4579 in
700 4525 950 4580 sarculum
968 4502 1331 4580 misericordia
1349 4527 1463 4596 ejus
1477 4502 1648 4599 (l’sal.
1671 4528 1780 4598 cv).
1805 4502 1942 4584 Hinc
1963 4502 2018 4561 D
2044 4529 2121 4582 ris
2164 4530 2231 4582 ad
2281 4527 2516 4583 futuram
2555 4502 2784 4600 gloriavm
2810 4502 2930 4601 quin
2979 4502 3320 4591 revelabitur
3338 4502 3619 4607 iniungis,

360 4613 715 4671 Cassiodorus
741 4615 816 4669 ait
840 4635 852 4669 :
879 4616 1285 4671 Confessionem
1314 4617 1471 4671 istam
1518 4618 1584 4670 ad
1616 4618 1939 4672 medicinam

360 4705 710 4773 paenitudinis
748 4706 1119 4776 applicandam
1152 4707 1417 4777 designat.
1452 4706 1556 4761 Sed
1596 4708 1699 4762 hoc
1726 4696 1948 4778 quoque.

359 4793 428 4846 ad
447 4797 712 4862 praeonia
733 4796 945 4852 Domini
963 4798 1234 4868 pertinere
1252 4813 1357 4851 non
1371 4806 1456 4852 est
1468 4796 1709 4864 dubium,
1725 4800 1940 4869 quando

361 4884 534 4954 major
577 4885 743 4955 gloria
784 4896 869 4942 est
905 4889 1120 4958 pietatis
1169 4888 1444 4944 confitenti
1486 4904 1725 4958 parcere,
1773 4906 1936 4960 quam

360 4973 560 5027 viventi
592 4976 708 5030 sine
743 4976 1085 5032 confessione
1120 4987 1399 5048 pnestsre.
1441 4978 1507 5030 Et
1532 4992 1602 5031 ne
1645 4978 1838 5048 aliquis
1872 4979 1940 5035 de

358 5064 636 5132 culparum
667 5082 888 5121 suarum
918 5069 1400 5125 numerositatibus
1425 5077 1754 5134 terreretur,
1795 5070 1941 5124 addi-

357 5151 437 5206 dit
463 5171 474 5205 :
507 5156 754 5225 quoniam
793 5157 977 5214 bonus.
1003 5157 1136 5225 Quis
1163 5159 1308 5212 enim
1348 5158 1561 5213 dubitat
1592 5159 1660 5213 ad
1702 5173 1825 5216 eum
1854 5173 1940 5213 re-

355 5259 598 5310 currere,
621 5262 782 5315 quem
806 5248 908 5303 sibi
952 5250 1100 5305 audit
1131 5249 1264 5304 velle
1301 5249 1585 5308 celerrime
1612 5250 1941 5306 subvenire?

352 5332 592 5398 Addidit,
634 5339 884 5406 quoniam
922 5340 977 5392 in
1019 5339 1268 5396 saeculum
1291 5340 1650 5396 misericordia
1671 5341 1805 5410 ejus.
1828 5340 1939 5395 Au-

353 5424 471 5488 dito
498 5425 639 5483 bono
668 5427 926 5495 Domino,
945 5445 1013 5486 ne
1040 5446 1097 5490 se
1141 5431 1379 5488 humana
1417 5432 1738 5504 negligentia
1766 5447 1795 5486 a
1823 5439 1938 5488 stu-

353 5512 509 5570 diosa
547 5524 602 5570 et
643 5517 828 5572 sedula
861 5519 1252 5588 supplicatione
1288 5521 1666 5592 suspenderat,
1711 5521 1932 5578 remedii

350 5617 572 5661 ausam
615 5607 766 5674 dicit,
802 5616 863 5664 ut
908 5611 977 5666 ad
1014 5611 1406 5670 confessionem
1451 5612 1682 5668 celerem
1721 5613 1934 5668 Domini

351 5696 557 5756 debeat.
570 5699 764 5755 merito
799 5699 1077 5758 festinare.
1121 5703 1188 5758 In
1218 5703 1491 5770 naculum,
1521 5703 1646 5757 vita:
1673 5701 1831 5772 hujus
1853 5705 1932 5760 si-

2041 4618 2114 4670 ita
2173 4633 2281 4674 non
2329 4627 2453 4673 sunt
2515 4619 2710 4690 digna,
2774 4624 3023 4692 quamvis
3078 4625 3189 4680 sint
3256 4627 3396 4683 bona
3457 4645 3620 4701 opera

2040 4715 2246 4772 nostra,
2275 4708 2341 4762 ad
2369 4709 2795 4778 conquirendum
2819 4713 3043 4782 gloriam
3068 4715 3151 4770 vel
3172 4718 3395 4786 prmia
3423 4722 3622 4793 sempi-

2041 4803 2217 4852 terna.

2111 4888 2301 4944 Dicens
2322 4906 2439 4945 cum
2469 4890 2733 4962 Propheta
2755 4907 2774 4946 :
2801 4893 2883 4948 Ad
2909 4895 3126 4950 nihilum
3155 4899 3395 4956 redactus
3420 4903 3537 4957 sum
3569 4916 3618 4959 et

2039 4979 2421 5051 nescivi(Psal.
2501 4981 2644 5055 xw).
2681 4983 2807 5040 Huic
2844 4999 2946 5040 vox
2995 4986 3318 5046 humilitatis
3362 4969 3464 5059 est,
3511 5010 3617 5049 non

2036 5069 2275 5136 timoris;
2295 5071 2554 5142 sapientis
2577 5075 2758 5143 potius
2777 5092 2938 5146 quam
2959 5079 3251 5136 nescientis
3270 5093 3397 5140 sunt
3421 5087 3580 5140 verba
3599 5104 3613 5151 ;

2036 5158 2392 5226 humiliantis,
2424 5177 2534 5222 non
2558 5163 2848 5220 exaltantis
2901 5181 2959 5222 se
3003 5179 3088 5226 est
3123 5176 3409 5230 sententia.
3459 5175 3614 5246 Apud

2035 5249 2182 5306 enim
2203 5251 2457 5307 saeculum
2481 5253 2626 5318 istud
2651 5269 2712 5310 se
2751 5254 2931 5324 justus
2974 5265 3258 5332 cognoscit
3283 5266 3524 5331 stultum,
3555 5275 3615 5320 ut

2038 5340 2343 5398 inveniatur
2365 5345 2579 5413 sapies
2603 5347 2742 5415 apud
2769 5347 3079 5406 Dominum.
3112 5353 3248 5409 Hinc
3273 5355 3471 5410 Paulus
3497 5357 3572 5409 ait
3595 5372 3611 5410 :

2038 5429 2213 5485 Stulta
2233 5434 2416 5490 mundi
2443 5434 2594 5506 elegit
2626 5437 2788 5506 Deus,
2827 5451 2886 5496 ut
2918 5444 3206 5513 confundat
3239 5445 3514 5514 sapientes,
3562 5455 3610 5500 et

2035 5521 2246 5590 inﬁrma
2274 5524 2456 5578 mundi
2496 5525 2667 5596 elegit,
2710 5539 2767 5582 ut
2790 5531 3080 5600 confundat
3102 5532 3262 5599 fortia
3285 5530 3339 5602 (Ι
3378 5529 3500 5587 Cor.
3544 5535 3607 5607 t).

2037 5613 2264 5679 Nescivi,
2297 5616 2448 5680 dixit,
2496 5618 2549 5673 id
2594 5627 2698 5684 est,
2733 5622 3058 5676 nescientem
3099 5635 3186 5675 me
3213 5636 3332 5676 esse
3358 5628 3605 5694 cognovi.

2035 5705 2269 5762 Stultum
2297 5717 2352 5764 et
2379 5711 2659 5779 parvulum
2691 5710 2962 5788 deputari,
2997 5723 3050 5764 et
3075 5710 3220 5766 velut
3263 5711 3604 5784 insipientem
