3992 6206
387 318 487 374 8ἓῦ

1687 319 2040 375 SMABAGDI
2072 319 2362 375 ABBATIS

3548 321 3656 377 8⁸ὶὶ

384 433 624 509 despexi.
671 437 772 504 Qui
802 434 945 491 enim
990 435 1152 492 modo
1181 449 1240 489 se
1267 435 1408 503 apud
1454 449 1515 490 se
1547 434 1824 490 humiliter
1869 451 1966 489 ne-
1995 439 2044 496 Α
2070 445 2170 488 tem
2215 443 2455 504 quierunt
2503 431 2731 486 animum
2777 431 2892 501 ejus
2933 428 3112 499 (Prov.
3157 431 3332 498 ms).
3363 430 3490 488 ilice
3517 437 3657 493 ratio

383 529 644 584 scientem
691 526 958 598 cognovit,
1003 524 1326 594 quandoque
1360 525 1575 596 sapiens
1608 524 1750 595 apud
1795 525 1990 580 Deum.

383 627 440 675 et
463 618 732 674 exaltatus
757 615 1030 686 gaudebit.

455 708 524 763 Ut
536 709 835 778 jumentum
877 707 1048 776 factus
1088 722 1205 761 sum
1247 707 1389 777 apud
1432 716 1501 770 te,
1545 716 1595 762 et
1637 722 1732 776 ego
1766 722 1969 776 semper

381 807 549 854 tecum
586 794 758 868 (Psal.
789 795 980 863 Lxxn).
1010 795 1126 850 Non
1169 796 1275 851 tale
1297 796 1623 866 iumentum,
1661 795 1804 864 quod
1837 794 1967 849 insi-

379 890 640 960 pientiam
677 888 862 944 cordis
892 888 1172 952 haberem,
1211 887 1305 942 sed
1357 887 1448 957 qui
1488 895 1604 941 toto
1649 901 1876 956 corpore
1911 892 1969 940 et

380 969 544 1035 corde
565 979 735 1033 Deum
763 978 1079 1048 baiularem.
1111 975 1423 1032 Iumentum
1447 977 1590 1031 enim
1613 975 1826 1031 Domini
1855 989 1964 1030 non

378 1079 599 1125 recusat
634 1068 776 1123 ferre
797 1069 1160 1137 quodcunque
1199 1067 1275 1122 illi
1305 1066 1470 1122 fuerit
1494 1068 1705 1138 pondus
1744 1065 1969 1136 imposi-

379 1169 520 1224 tum,
550 1158 643 1214 sed
667 1159 936 1229 patienter
975 1158 1215 1212 tolerans
1251 1165 1454 1226 portat,
1486 1158 1656 1213 donec
1681 1159 1750 1213 ad
1788 1157 1967 1211 locum

380 1248 706 1303 destinatum
747 1247 1045 1316 perveniat.
1078 1247 1159 1301 ita
1188 1255 1244 1301 et
1273 1247 1570 1302 monachus
1600 1247 1780 1303 omnia
1819 1261 1959 1316 quaa-

380 1350 594 1405 cunqne
618 1335 692 1389 illi
724 1336 792 1389 ab
823 1335 1018 1390 abbate
1045 1335 1130 1390 vel
1157 1335 1224 1390 ab
1253 1335 1360 1390 alio
1395 1336 1575 1405 aliquo
1609 1336 1789 1406 priore
1814 1351 1968 1408 regu-

379 1424 570 1480 lariter
605 1424 768 1480 fuerit
813 1426 1148 1495 impositum,
1185 1427 1458 1496 patienter
1494 1426 1724 1481 tolerare
1753 1434 1810 1481 et
1849 1426 1967 1482 sine

380 1517 808 1571 murmuratione
859 1517 1018 1570 debet
1061 1515 1309 1581 suﬂcrre,
1360 1519 1529 1571 donec
1577 1519 1646 1571 ad
1683 1518 1808 1572 vita:
1857 1533 1967 1573 suae

379 1609 661 1677 perveniat
701 1607 926 1672 calcem,
968 1607 1081 1669 ubi,
1120 1607 1363 1676 deposito
1401 1606 1602 1661 laboris
1653 1621 1839 1671 onere,
1872 1622 1968 1662 ex-

380 1707 584 1769 spectet
613 1715 644 1753 a
684 1699 912 1753 Domino
941 1699 1158 1768 dignam
1187 1697 1371 1768 operis
1399 1699 1480 1753 sni
1526 1699 1770 1768 accipere
1808 1699 1967 1754 retri-

380 1789 681 1844 butioncm.

767 1879 843 1929 De
865 1881 1077 1942 septimo
1099 1879 1389 1930 humili-tatis
1408 1879 1580 1943 gradu.

451 1971 715 2043 Septimus
737 1971 1049 2026 humilitatis
1070 1972 1266 2042 gradus
1288 1981 1384 2036 est,
1408 1974 1454 2026 si
1475 1972 1712 2027 omnibus
1747 1988 1804 2027 se
1830 1972 1968 2042 infe-

379 2064 571 2116 riorem
597 2071 645 2115 et
672 2061 906 2117 viliorem
945 2079 1048 2117 non
1079 2062 1248 2117 solum
1291 2081 1389 2118 sua
1428 2062 1610 2134 lingua
1639 2066 1961 2134 pronuntiet,

377 2153 469 2208 sed
499 2155 656 2209 etiam
697 2156 881 2209 intimo
923 2156 1097 2210 cordis
1138 2157 1314 2210 credat
1354 2157 1565 2226 affectu.
1597 2156 1699 2224 Qui
1734 2157 1879 2212 enim
1909 2157 1963 2211 in

380 2259 546 2315 regno
569 2244 682 2299 vult
699 2259 820 2300 esse
840 2246 1102 2314 superior,
1131 2261 1352 2302 necesse
1371 2254 1535 2302 estut
1559 2247 1615 2302 in
1635 2248 1739 2303 hoc
1766 2248 1965 2304 mundo

377 2333 476 2389 ﬁat
501 2333 751 2400 inferior;
797 2343 855 2390 et
879 2337 969 2406 qui
998 2337 1112 2391 vult
1151 2353 1273 2393 esse
1302 2338 1636 2404 honoratior,
1685 2337 1779 2393 ﬁat
1807 2339 1967 2395 vilior

377 2434 436 2482 ct
467 2426 794 2496 despectior,
821 2428 1117 2482 secundum
1142 2429 1350 2484 Domini
1383 2430 1709 2484 sententiam
1735 2431 1826 2500 qui
1849 2431 1960 2485 ait:

381 2516 487 2583 Qui
515 2516 732 2572 voluerit
758 2519 893 2572 inter
915 2535 1004 2573 vos
1043 2521 1243 2590 primus
1277 2536 1404 2584 esse,
1439 2522 1539 2574 erit
1573 2530 1738 2575 vester
1763 2537 1962 2576 servus.

379 2610 450 2664 Et
479 2611 773 2680 quicunque
795 2608 1019 2664 voluerit
1042 2611 1180 2664 inter
1207 2627 1292 2665 vos
1312 2610 1486 2680 major
1521 2611 1656 2680 ﬁeri,
1696 2612 1762 2664 sit
1800 2620 1966 2665 vester

379 2703 635 2767 minister,
660 2711 763 2758 etc.
795 2702 988 2775 (Marc.
1028 2701 1106 2773 Χ).
1139 2704 1287 2759 Tunc
1316 2719 1447 2775 ergo
1485 2719 1542 2759 se
1569 2705 1798 2775 quisque
1843 2719 1961 2759 mo-

379 2793 611 2849 nachum
636 2792 858 2864 iudicet,
898 2796 1114 2866 quando
1142 2810 1202 2850 se
1231 2797 1532 2858 minimum,
1570 2794 1880 2851 inferiorem
1909 2803 1966 2850 et

376 2885 624 2941 viliorem
666 2887 878 2942 caeteris
921 2887 1329 2944 existimaverit.
1377 2886 1456 2940 Ad
1504 2886 1608 2940 hoc
1664 2886 1964 2941 monachus

375 2976 514 3032 vivit
547 2977 600 3030 in
631 2977 982 3041 monasterio,
1014 2984 1074 3030 ut
1101 2976 1441 3030 humiliatum
1469 2976 1675 3030 habens
1697 2977 1959 3040 animum,

377 3067 592 3122 ueteris
647 3069 887 3136 praebeat
936 3067 1257 3122 humilitatis
1319 3066 1643 3134 exemplum.
1703 3065 1856 3120 Unde
1902 3073 1960 3120 et

376 3157 574 3211 Petrus
615 3157 886 3225 apostolus
938 3159 1010 3210 ait
1057 3174 1068 3208 :

377 3248 644 3300 insinuate
673 3245 725 3317 (Ι
758 3243 875 3298 Pet.
907 3244 980 3317 v).
1034 3245 1126 3299 llic
1165 3249 1300 3299 bene
1339 3245 1551 3299 caneris
1599 3243 1961 3299 humilitatem

383 3337 637 3398 insinuat,
690 3336 780 3406 qui
818 3351 936 3390 eam
985 3337 1252 3392 veraciter
1298 3336 1352 3390 in
1403 3336 1570 3390 corde
1621 3342 1828 3405 portat;
1867 3335 1960 3405 qui

362 3437 485 3484 non
517 3434 574 3484 se
600 3444 854 3500 maguum
880 3437 933 3482 et
953 3428 1138 3493 altum,
1170 3428 1264 3484 sed
1294 3437 1353 3483 ut
1383 3427 1540 3482 vilem
1567 3436 1623 3480 et
1649 3427 1962 3496 despectum

378 3521 674 3589 componit,
702 3527 756 3573 et
791 3527 941 3589 aptat
969 3535 1164 3590 magno
1204 3520 1382 3589 pium;
1433 3518 1525 3587 qui
1568 3532 1628 3572 se
1669 3531 1961 3588 pauperem

378 3612 570 3682 spiritu
623 3619 680 3666 et
727 3618 786 3665 ut
832 3626 1056 3680 ptierum
1112 3609 1394 3680 parvulum
1442 3609 1496 3663 in
1551 3607 1729 3662 medio
1771 3607 1960 3663 existi-

382 3714 511 3770 mat,
553 3713 609 3758 et
661 3701 881 3756 exhibet
930 3702 1172 3756 fratrem.
1232 3701 1369 3756 Hinc
1416 3701 1610 3754 beatus
1665 3697 1960 3766 Gregorius

381 3796 458 3848 ait
483 3813 496 3847 :
531 3792 818 3847 Sciendum
849 3807 1170 3863 magnopere
1200 3799 1284 3869 est
1312 3791 1438 3860 quia
1471 3798 1678 3844 tantum
1706 3804 1962 3858 unaquaa-

381 3900 487 3952 que
521 3884 699 3938 anima
736 3882 1027 3952 pretiosior
1068 3889 1194 3938 ante
1246 3883 1433 3937 oculos
1478 3881 1572 3936 Dei
1618 3891 1723 3947 est,
1761 3891 1962 3952 quanto

381 3991 492 4047 prie
539 3989 722 4030 amore
763 3975 1006 4030 veritatis
1050 3975 1355 4045 despectior
1402 3975 1565 4030 fuerit
1612 3982 1737 4030 ante
1779 3973 1974 4029 oculos'

380 4082 508 4121 SUOS
520 4103 538 4119 ο

451 4154 754 4211 Humilians
775 4173 828 4211 se
855 4165 904 4210 et
937 4157 1113 4211 dicens
1150 4173 1268 4212 cum
1308 4155 1574 4227 Propheta
1603 4170 1621 4208 :
1652 4155 1760 4226 Ego
1784 4164 1958 4209 autem

375 4261 494 4298 rum
518 4245 706 4298 vermis
730 4253 778 4299 et
806 4262 910 4300 non
931 4246 1108 4309 homo,
1136 4246 1468 4317 opprobrium
1504 4246 1773 4299 hominum
1798 4254 1847 4299 et
1869 4245 1962 4298 ab-

371 4335 532 4403 jectio
571 4334 732 4406 plebis
777 4335 948 4408 (Psal.
999 4336 1134 4406 χχι),
1175 4337 1287 4408 Ego
1315 4349 1494 4392 autem
1533 4355 1648 4391 sum
1689 4340 1873 4392 vermis
1911 4348 1960 4391 et

376 4444 480 4481 non
505 4428 681 4492 homo,
703 4438 921 4498 propter
953 4431 1422 4500 exaggerationem
1459 4430 1591 4486 dicit
1621 4432 1957 4486 humilitatis.

378 4518 589 4575 Vermis
613 4520 755 4574 enim
787 4521 1041 4575 humilior
1073 4521 1282 4577 cunctis
1315 4522 1678 4576 animantibus
1716 4538 1836 4577 esse
1872 4524 1955 4576 vi-

377 4609 534 4661 detur
559 4617 615 4661 et
640 4607 814 4662 vilior.
839 4608 1082 4663 Nutritus
1103 4609 1252 4664 enim
1271 4611 1468 4665 vermis
1493 4625 1557 4665 ex
1583 4611 1727 4680 ligno
1753 4618 1958 4680 quanto

377 4697 820 4768 fragilior,.tanto
854 4713 974 4753 esse
1003 4700 1262 4769 probatur
1287 4707 1342 4754 et
1374 4702 1582 4770 purior.
1614 4701 1711 4755 Cui
1741 4716 1958 4770 compa—

379 4796 532 4843 ratur
575 4792 886 4856 monachus,
923 4791 1015 4861 qui
1060 4800 1261 4861 quanto
1304 4791 1357 4846 in
1397 4794 1498 4847 hoc
1549 4792 1744 4848 saeculo
1795 4792 1958 4847 fuerit

378 4878 702 4944 despectior,
729 4878 993 4935 inﬁrmior
1015 4887 1072 4933 et
1095 4880 1269 4944 vilior,
1301 4887 1450 4935 tanto
1471 4881 1610 4950 apud
1635 4881 1804 4934 Deum
1825 4897 1954 4935 san-

379 4969 519 5022 ctior
546 4963 816 5022 invenitur
841 4977 896 5023 et
930 4971 1196 5026 mundior.
1224 4969 1301 5025 De
1323 4971 1522 5040 quibus
1552 4970 1802 5025 Salomon
1842 4973 1920 5025 ait
1945 4991 1957 5024 :
2021 4991 2040 5006 ο

377 5053 666 5121 Formica,
704 5057 926 5128 populus
968 5060 1233 5127 inﬁmus,
1274 5061 1364 5132 qui
1400 5072 1662 5131 purpurat
1699 5063 1752 5115 in
1797 5077 1962 5116 messe

375 5146 553 5201 cibum
571 5147 670 5200 sibi
694 5144 878 5218 (Prov.
903 5149 1052 5219 xxx).
1076 5151 1230 5217 Quod
1249 5161 1430 5208 autem
1453 5153 1604 5218 dicit,
1627 5153 1960 5223 opprobrium

379 5237 648 5293 hominum
667 5247 716 5292 et
747 5238 968 5306 obiectio
995 5241 1180 5310 plebis,
1210 5251 1400 5299 contra
1429 5245 1688 5313 superbos
1725 5255 1778 5298 et
1800 5245 1961 5301 msti-

379 5347 474 5386 cos
493 5331 714 5401 respicit
730 5330 1034 5402 populares,
1051 5336 1138 5405 qui
1161 5351 1374 5406 semper
1393 5337 1693 5406 despiciunt
1709 5337 1959 5399 humiles,

380 5431 436 5475 et
475 5422 737 5492 abjiciunt
777 5437 1058 5493 pauperes.
1104 5424 1394 5494 Opponunt
1429 5427 1534 5481 illis
1577 5442 1695 5496 qua:
1740 5436 1969 5496 possunt

382 5513 689 5580 opprobria,
736 5514 1000 5584 objiciunt
1038 5517 1312 5570 contraria
1353 5517 1535 5581 verba,
1579 5527 1635 5572 et
1671 5531 1886 5586 semper
1914 5518 1968 5572 in

387 5605 705 5660 abscondito
731 5606 1018 5661 detrahere
1040 5622 1145 5660 non
1167 5615 1400 5662 cessant.
1427 5597 1560 5662 Hinc
1584 5608 1835 5661 Salomon
1855 5609 1931 5662 ait
1954 5613 1971 5650 3

402 5694 512 5746 l'iri
533 5699 845 5765 sanguinum
871 5698 1091 5752 oderunt
1117 5697 1422 5769 simplicem,
1453 5699 1635 5768 injuin
1666 5698 1841 5770 [justi]
1875 5717 1974 5751 au-

2068 512 2326 578 discerhit
2353 525 2496 578 inter
2543 522 2679 576 ﬁlios
2709 522 2801 576 Dei
2843 531 2898 576 ct
2924 521 3062 576 ﬁlios
3107 522 3328 586 diaboli,
3378 526 3504 594 quia
3558 530 3652 583 lilii

2067 615 2264 670 diaboli
2307 625 2492 669 amant
2519 625 2572 669 et
2618 613 2846 683 diligunt
2887 612 3168 678 mundum,
3203 612 3294 667 ﬁlii
3331 625 3510 670 autem
3554 617 3652 674 Dei

2067 714 2252 760 ainant
2281 715 2336 762 et
2364 707 2593 777 diligunt
2630 705 2822 760 Deum.
2855 701 2960 758 Sed
2990 703 3081 758 ﬁlii
3119 704 3315 760 diaboli
3346 705 3514 762 ﬁlium
3557 708 3654 766 Dei

2065 811 2095 848 a
2126 797 2310 851 mundi
2337 811 2522 851 amore
2544 804 2875 866 separatum,
2903 801 2960 848 et
2983 794 3294 851 ccclestibus
3319 805 3531 852 tantum
3558 800 3656 855 de-

2066 883 2284 940 sideriis
2327 886 2610 948 intentum,
2656 899 2842 938 amare
2880 899 2986 938 non
3033 894 3278 953 possunt.
3309 886 3656 946 Abominatio

2066 984 2151 1030 est
2187 977 2354 1042 enim,
2392 985 2452 1031 ut
2489 993 2647 1047 supra
2678 978 2827 1042 dicit,
2858 978 3163 1048 peccatoris
3191 979 3400 1051 religio.

2139 1063 2421 1120 Excitatus
2468 1083 2584 1120 sum
2627 1076 2674 1120 et
2713 1065 3048 1130 humiliatus,
3097 1077 3146 1122 et
3182 1070 3431 1140 confusus
3477 1073 3652 1144 (Psal.

2067 1151 2331 1225 Lxxxvn).
2365 1154 2477 1209 Hoc
2507 1156 2812 1224 specialiter
2836 1158 3129 1213 convenire
3163 1161 3426 1229 probatur
3444 1165 3653 1224 electis.

2067 1243 2372 1298 Exaitatum
2410 1260 2467 1299 se
2497 1260 2615 1298 esse
2651 1245 2781 1300 dicit
2821 1247 2943 1314 quis
2975 1247 3209 1310 illorum,
3239 1252 3457 1318 quando
3501 1255 3658 1322 prius

2066 1349 2156 1388 res
2175 1333 2434 1390 humanas
2451 1334 2723 1405 cogitabat
2737 1336 2898 1389 corde
2919 1337 3142 1391 tumido.
3166 1337 3494 1397 Humiliatus
3514 1361 3656 1410 sum,

2068 1422 2264 1492 inquit,
2291 1424 2509 1493 quando
2533 1425 2600 1478 ad
2628 1423 3047 1490 confessionem,
3079 1428 3397 1485 medicabile
3425 1431 3655 1500 donum,

2069 1514 2248 1569 divina
2278 1516 2449 1586 gratia
2483 1515 2796 1580 miserante,
2827 1518 3092 1587 pervenit.
3125 1517 3412 1588 Confusus,
3437 1527 3658 1593 quando

2068 1601 2157 1656 illa
2185 1619 2303 1673 quae
2330 1603 2468 1659 male
2489 1605 2735 1675 gesserit,
2775 1607 3104 1675 poenitentia:
3128 1609 3467 1677 professione
3503 1615 3659 1670 dam-

2067 1693 2234 1748 navit.
2269 1692 2314 1748 0
2356 1695 2514 1748 beata
2539 1693 2784 1750 confusio
2823 1711 2942 1764 qua:
2965 1705 3226 1752 aeternum
3271 1700 3415 1757 tollis
3459 1718 3658 1773 oppro-

1997 1793 2043 1852 Β
2071 1784 2278 1840 brium!
2303 1783 2437 1838 Nam
2460 1785 2720 1856 quidquid
2741 1785 2796 1840 in
2819 1795 3025 1841 reatum
3045 1789 3253 1844 venerit
3273 1792 3653 1861 paenitentum,

2071 1873 2348 1942 perpetuis
2373 1873 2586 1940 stecuiis
2611 1874 2852 1929 redditur
2878 1875 3210 1934 absolutum.

2138 1962 2206 2016 Et
2227 1965 2348 2018 item
2369 1963 2561 2018 bonum
2589 1964 2734 2029 mihi,
2760 1965 2899 2036 quod
2925 1967 3215 2023 humiliasti
3237 1985 3339 2034 me,
3367 1982 3424 2026 ut
3447 1974 3652 2030 discam

2066 2054 2318 2108 mandata
2363 2064 2456 2109 tua
2496 2053 2667 2127 (Psal.
2710 2056 2920 2126 cxvm).
2970 2057 3205 2127 Exponit
3251 2064 3396 2116 enim
3439 2064 3508 2119 de
3563 2066 3654 2120 illa

2065 2143 2348 2199 dulcedine
2395 2155 2632 2214 gustare,
2667 2161 2790 2215 qua:
2827 2162 3017 2203 omnes
3059 2151 3356 2208 suavitates
3390 2157 3656 2223 probatur

2064 2240 2350 2305 excedere,
2379 2249 2436 2295 et
2467 2241 2598 2296 dicit
2627 2260 2641 2295 :
2671 2242 2876 2296 Bonum
2904 2243 3032 2298 mihi
3061 2247 3202 2315 quod
3231 2249 3523 2305 humiliasti
3547 2270 3655 2320 me,

2064 2326 2121 2381 id
2168 2336 2268 2391 est,
2319 2337 2380 2383 ut
2419 2329 2795 2386 mandatorum
2849 2339 3068 2388 tuorum
3108 2333 3372 2391 discerem
3414 2340 3654 2408 copiam,

2063 2431 2224 2488 quam
2251 2427 2411 2472 antea
2434 2419 2674 2489 recipere
2701 2421 2936 2476 tumidus
2967 2421 3048 2476 vel
3089 2426 3352 2494 superbus
3375 2443 3481 2482 non
3503 2439 3660 2497 pote-

2064 2524 2202 2564 ram.
2234 2509 2521 2565 liumiiitas
2545 2511 2689 2566 enim
2727 2511 2828 2566 ista
2872 2510 3172 2569 Jerusalem
3209 2517 3381 2587 tangit
3418 2519 3656 2590 gloriosa

2063 2598 2298 2668 fastigia.
2328 2598 2462 2654 Nam
2490 2601 2628 2655 sicut
2656 2602 2908 2670 superbia
2939 2605 3135 2675 mergit
3155 2604 3222 2659 ad
3255 2615 3542 2675 tartarum,
3573 2611 3653 2666 ita

2063 2690 2166 2744 ista
2212 2690 2350 2746 tollit
2395 2691 2461 2746 ad
2493 2693 2705 2747 caelum.
2752 2693 2857 2749 ista
2898 2695 3095 2765 quippe
3140 2695 3445 2754 humiliatio
3489 2702 3655 2770 quale

2062 2786 2346 2855 praemium
2380 2786 2591 2847 habeat,
2622 2797 3018 2857 consequenter
3045 2791 3287 2860 exponit,
3315 2808 3440 2847 cum
3470 2794 3649 2851 dicit:

2065 2878 2136 2934 Ut
2164 2879 2369 2934 discam
2401 2880 2652 2933 mandata
2679 2887 2787 2934 tua.
2821 2880 2974 2935 Tunc
2995 2881 3138 2934 enim
3163 2882 3406 2951 perfecte
3433 2885 3658 2942 discun-

2065 2978 2154 3026 tur
2175 2971 2428 3024 mandata
2469 2970 2684 3040 quando
2710 2972 2921 3025 Domini
2952 2971 3179 3027 ﬁdeliter
3205 2974 3496 3044 implentur
3514 2992 3656 3047 pra:-

2064 3069 2248 3131 cepta;
2278 3061 2493 3131 quando
2527 3077 2646 3132 qua:
2691 3070 2838 3118 recto
2884 3061 3256 3133 intelliguntur
3300 3067 3487 3134 corde,
3532 3066 3654 3124 δεῖ.

1115 3154 1306 3210 Omnes
1349 3157 1564 3208 invicem
1613 3154 1960 3208 humilitatem
1987 3141 2031 3201 C
2061 3151 2178 3205 caci
2206 3151 2496 3220 implentur
2516 3161 2571 3207 et
2587 3167 2770 3224 opere.

2476 3262 2550 3311 De
2570 3270 2740 3312 octavo
2763 3263 3044 3313 humilitatis
3063 3264 3233 3328 gradu.

2131 3340 2354 3396 Octavus
2383 3342 2690 3396 humilitatis
2713 3343 2909 3414 gradus
2934 3354 3030 3410 est,
3074 3346 3121 3399 si
3154 3347 3286 3400 nihil
3310 3358 3433 3418 agat
3453 3365 3648 3403 mona-

2060 3431 2210 3497 chus,
2243 3432 2343 3486 nisi
2364 3431 2504 3502 quod
2532 3433 2821 3486 communis
2847 3435 3153 3488 monasterii
3173 3434 3354 3505 regula
3377 3435 3454 3489 uel
3479 3436 3654 3506 majo-

2061 3536 2176 3573 rum
2200 3521 2543 3575 cohortantur
2563 3521 2818 3592 exempla.
2843 3521 2924 3576 A‘c
2941 3523 2988 3577 si
3009 3524 3212 3579 diceret
3237 3543 3250 3578 :
3275 3524 3391 3580 Non
3415 3525 3649 3594 aliquam

2061 3611 2299 3666 inveniat
2327 3613 2621 3666 monachus
2649 3612 2878 3691 arbitrio
2903 3628 3001 3668 suo
3032 3614 3426 3670 institutionem
3463 3615 3649 3670 novel-

2061 3703 2186 3762 iam.
2220 3703 2314 3758 sed
2343 3703 2520 3772 potius
2557 3703 2736 3756 omnia
2781 3719 2902 3773 quae
2927 3703 2994 3759 ab
3017 3704 3138 3759 aliis
3163 3705 3363 3759 viderit
3387 3706 3470 3776 agi
3500 3713 3646 3775 agat,

2060 3801 2115 3847 et
2143 3808 2265 3862 qua:
2282 3801 2506 3846 caeteros
2536 3793 2725 3846 viderit
2748 3793 2946 3860 facere,
2977 3795 3208 3865 pieniter
3233 3795 3421 3860 faciat,
3452 3805 3508 3851 et
3529 3811 3650 3866 qua:

2060 3883 2259 3952 scripta
2297 3889 2548 3936 tenentur
2593 3883 2646 3936 in
2697 3883 2922 3954 Regula,
2971 3883 3199 3940 ﬁrmiter
3245 3885 3536 3948 custodiat.
3591 3893 3651 3940 et

2060 3972 2307 4040 expedite
2363 3981 2556 4026 cuncta
2603 3973 2857 4042 operibus
2897 3972 3184 4042 compleat,
3226 3981 3283 4029 et
3323 3974 3404 4028 sic
3431 3974 3648 4028 demum

2059 4062 2349 4116 ordinatim
2380 4063 2444 4116 ad
2473 4065 2750 4132 exemplar
2789 4064 3049 4134 majorum
3096 4065 3379 4134 perveniat
3407 4074 3646 4134 patrum,

2059 4161 2116 4208 et
2141 4151 2446 4221 exemplum
2469 4153 2698 4222 accipiat
2728 4153 3050 4209 humilitatis
3076 4170 3107 4208 a
3140 4155 3380 4220 Christo,
3407 4154 3651 4209 devotio-

2061 4243 2146 4297 nis
2192 4257 2224 4296 a
2269 4242 2454 4307 Petro,
2501 4243 2783 4298 charitatis
2829 4258 2870 4297 a
2905 4243 3142 4307 Joanne,
3194 4245 3520 4300 obedientia:
3577 4244 3650 4298 ab

2060 4331 2357 4396 Abraham,
2389 4331 2660 4399 patientia:
2703 4334 2772 4386 ab
2797 4332 2967 4397 lsaac,
3007 4333 3311 4388 tolerantia:
3335 4349 3366 4387 a
3396 4332 3562 4388 Jacob
3591 4343 3652 4388 et

2061 4419 2186 4484 Job,
2219 4422 2552 4476 castimonia:
2595 4437 2625 4475 a
2657 4419 2877 4490 Joseph,
2924 4422 3352 4477 mansuetudinis
3388 4439 3417 4476 a
3447 4421 3649 4492 Moyse,

2063 4517 2383 4571 constantia:
2431 4532 2458 4568 a
2508 4515 2692 4582 Iosue,
2730 4517 3076 4584 benignitatis
3109 4532 3137 4569 a
3167 4516 3406 4578 Samuel,
3439 4515 3655 4569 miseri-

2062 4608 2260 4661 cordia:
2285 4623 2315 4660 a
2357 4606 2542 4670 David,
2571 4607 2909 4661 abstinentia:
2935 4621 2966 4659 a
2990 4605 3230 4659 Daniele.
3259 4604 3352 4658 Sic
3373 4613 3425 4658 et
3453 4611 3651 4658 cetera

2062 4683 2199 4752 facta
2239 4697 2449 4765 piorum
2495 4711 2601 4765 quo
2646 4696 2864 4760 labore,
2913 4711 3020 4765 quo
3063 4695 3433 4749 moderamine
3477 4707 3655 4762 quave

2063 4787 2359 4842 intentione
2385 4785 2469 4842 vel
2507 4787 2919 4855 compunclione
2964 4794 3240 4854 gerantur,
3273 4794 3498 4839 sanctus
3524 4784 3654 4837 imi-

2065 4877 2226 4930 tando
2256 4877 2558 4930 consideret
2588 4877 2898 4937 monachus,
2931 4884 2991 4929 ut
3017 4875 3132 4941 ejus
3161 4875 3454 4928 auxiliante
3488 4873 3656 4927 Chri-

2064 4974 2150 5019 sto
2174 4982 2341 5034 usquc
2377 4965 2441 5018 ad
2469 4981 2655 5019 eoruzn
2687 4965 2961 5033 exemplar
2983 4964 3286 5034 proteletur
3309 4978 3466 5032 opus.

2489 5076 2561 5124 De
2589 5088 2717 5123 nono
2743 5074 3032 5124 humilitatis
3055 5075 3227 5134 gradu.

2138 5158 2324 5212 Nonus
2345 5157 2652 5212 humilitatis
2677 5157 2870 5228 gradus
2899 5167 2992 5222 est,
3025 5159 3066 5213 si
3091 5158 3322 5228 linguam
3345 5159 3414 5211 ad
3437 5159 3650 5229 loquen-

2062 5249 2187 5302 dum
2226 5248 2494 5319 prohibeat
2540 5249 2846 5310 monachus,
2898 5256 2948 5302 et
2999 5250 3408 5302 taciturnitatem
3454 5248 3651 5302 habens

2065 5355 2225 5407 usque
2267 5338 2337 5390 ad
2366 5338 2820 5406 interrogationem
2867 5355 2972 5391 non
3014 5337 3280 5408 loquatur,
3327 5347 3652 5392 monstrante

2069 5429 2338 5498 Scriptura
2361 5429 2483 5500 quia
2511 5429 2566 5481 in
2587 5426 2915 5499 multiloquio
2944 5447 3046 5483 non
3074 5431 3350 5499 e/fugietur
3377 5441 3648 5498 peccatum

2071 5519 2251 5592 (Prov.
2279 5520 2354 5586 x).
2386 5518 2510 5571 ideo
2535 5517 2770 5588 linguam
2795 5533 2946 5572 suam
2973 5519 3259 5588 prohibere
3279 5519 3442 5573 debet
3463 5533 3652 5572 mona-

2072 5610 2206 5662 chus
2245 5607 2310 5660 ad
2341 5607 2682 5675 loquentium,
2720 5623 2788 5662 ne
2825 5609 2877 5661 in
2907 5607 3228 5675 multiloquii
3258 5607 3418 5662 cadat
3452 5620 3655 5676 [terca-

2084 5709 2216 5752 tum.
2245 5696 2635 5770 Jacitnruitas
2685 5699 2830 5753 enim
2879 5698 3108 5751 Virtutes
3153 5697 3419 5767 plurimas
3474 5696 3653 5752 nutrit
