3992 6206
453 342 561 403 325
1477 329 1829 388 COMMENT.
1869 328 1937 386 IN
1976 329 2133 388 nec.
2173 332 2232 387 s.
2278 329 2663 390 MENEDICTI.
3602 333 3710 392 sas

456 453 754 529 hiquacitas
781 463 909 506 vero
934 447 1098 505 etiam
1135 445 1369 501 nutritas
1402 442 1683 516 dispergit.
1711 444 1849 499 Hinc
1873 443 2032 499 Salo~
2057 445 2229 504 A'aut
2262 444 2487 500 stultum
2513 453 2606 500 aut
2634 445 2827 509 levem,
2856 452 2950 500 aut
2982 452 3134 502 certe
3156 460 3357 501 vanum
3378 447 3712 502 tumeliam

456 564 585 607 mon
608 545 725 601 ait:
763 541 910 598 Sicut
935 540 1059 595 urbs
1085 548 1290 611 patens,
1319 546 1368 591 et
1406 536 1598 606 absque
1625 549 1893 589 murorum
1921 548 2035 586 απι-
2137 554 2260 595 esse
2292 539 2631 594 denuntiant.
2674 537 2962 593 Humiliter
2997 539 3235 605 enim,et
3277 554 3398 594 cum
3455 539 3717 609 gravitate

457 640 588 702 bitu,
613 636 691 689 ita
711 634 793 688 vir
817 631 907 702 qui
930 647 1033 684 non
1059 638 1223 702 potest
1249 630 1306 682 iu
1340 627 1596 700 loquendo
1620 626 1856 681 cohibere
1880 625 2037 695 spiri-

459 741 568 785 tum
591 742 744 782 suum
760 722 939 797 (Prov.
964 737 1075 777 xxv
1107 721 1148 790 ).
1166 720 1372 777 Civitas
1389 720 1532 775 enim
1553 725 1742 790 patens
1759 727 1814 772 et
1834 717 2038 785 absque

458 820 709 877 clausura
733 830 840 870 non
870 823 1051 869 servat
1076 813 1302 867 interius
1324 811 1466 881 quod
1492 818 1637 865 tenet
1659 809 1905 872 illaesum,
1929 807 2035 862 nisi

459 917 704 978 tempore
738 918 975 975 congruo
1002 911 1096 958 aut
1134 902 1273 957 seris
1299 900 1582 957 claudatur
1623 906 1717 954 aut
1745 914 1933 964 muro;
1960 898 2037 952 ita

458 1008 515 1054 et
544 994 842 1051 monachus
871 993 974 1048 nisi
1004 992 1241 1062 linguam
1266 989 1548 1061 prohibeat
1584 990 1654 1044 ad
1688 988 2034 1057 loquendum,

458 1090 689 1144 virtutes
738 1102 873 1157 quas
903 1094 1049 1140 tenet
1084 1084 1313 1140 interius
1340 1097 1439 1154 per
1478 1082 1820 1153 loquacitatis
1860 1078 2039 1152 perdit

460 1180 674 1242 vitium,
705 1177 809 1231 nisi
855 1176 936 1231 ori
981 1189 1079 1231 suo
1117 1173 1417 1230 custodiam
1461 1172 1704 1244 posuerit
1731 1180 1787 1227 et
1813 1170 2037 1228 ostium.

463 1270 725 1339 Sequitur
749 1285 763 1321 :

535 1360 603 1414 Et
647 1360 771 1430 quia
818 1360 896 1414 vir
931 1359 1200 1429 linguosus
1230 1373 1333 1413 non
1363 1358 1620 1429 dirigetur
1657 1372 1814 1429 super
1844 1365 2040 1411 terram

465 1448 639 1523 (Psal.
676 1449 922 1519 cxxxix).
953 1448 1207 1516 Quamvis
1234 1448 1464 1520 linguosi
1492 1455 1717 1519 possunt
1746 1446 1854 1502 dici
1880 1453 1937 1501 et
1958 1444 2039 1500 illi

464 1543 553 1612 qui
606 1542 802 1612 linguae
846 1541 1091 1595 ubertate
1124 1539 1338 1595 facundi
1377 1548 1522 1607 sunt,
1565 1549 1743 1595 tamen
1788 1539 1894 1594 illis
1937 1541 2041 1594 hoc

463 1631 774 1701 specialiter
798 1645 993 1686 nomen
1035 1639 1246 1686 constat
1280 1631 1589 1701 impositum
1620 1630 1710 1700 qui
1739 1626 2042 1684 inconside-

466 1732 581 1778 rata
609 1722 880 1777 locutione
914 1721 1126 1777 verbosi
1154 1730 1297 1775 sunt.
1331 1721 1421 1776 Sic
1450 1720 1591 1775 enim
1620 1719 1921 1775 contrarios
1954 1733 2043 1774 sa-

2137 629 2298 684 debet
2338 629 2633 683 monachus
2669 628 2834 697 loqui,
2876 629 3003 697 quia
3029 628 3289 698 scriptum
3318 636 3446 683 est:
3482 627 3610 683 Noli
3641 630 3720 681 ci-

2137 723 2278 770 tatus
2299 733 2408 772 esse
2435 717 2488 770 in
2517 717 2697 787 lingua
2727 715 2917 788 (Eccli.
2942 716 3039 788 iv).
3063 717 3131 771 Et
3159 735 3172 770 :
3203 716 3306 782 Qui
3343 718 3450 772 odit
3483 718 3718 789 loquaci-

2137 816 2317 877 tatem,
2371 808 2653 878 exstinguit
2702 807 2960 862 malitiam
3005 806 3195 879 (Eccli.
3243 807 3377 880 xix).
3434 808 3497 861 Et
3543 822 3713 876 pauca

2134 897 2304 951 verba
2355 904 2410 951 et
2454 895 2792 951 rationabilis
2838 896 3107 966 loquatur.
3162 897 3286 953 ldeo
3340 913 3532 967 pauca,
3589 899 3716 968 quia

2139 989 2398 1058 scriptum
2425 996 2511 1042 est
2536 1006 2550 1042 :
2575 987 2634 1043 In
2660 988 2998 1058 multiloquio
3030 1005 3137 1044 non
3163 988 3388 1061 etl'ugies
3411 996 3714 1060 peccatum,

2138 1088 2195 1134 et
2215 1080 2305 1150 qui
2327 1080 2508 1135 multis
2526 1081 2698 1136 utitur
2721 1081 2901 1137 verbis
2920 1081 3079 1137 laedet
3101 1081 3335 1136 animam
3360 1096 3511 1135 suam
3534 1078 3717 1151 (Prov.

2138 1169 2219 1245 x).
2254 1171 2379 1227 Ideo
2406 1172 2769 1238 rationabilia,
2801 1174 2924 1243 quia
2957 1174 3219 1244 scriptum
3245 1181 3330 1229 est
3357 1191 3370 1227 :
3406 1171 3511 1239 Qui
3542 1171 3725 1227 mode-

2139 1271 2291 1317 ratur
2308 1261 2449 1318 labia
2471 1280 2568 1317 sua
2589 1263 3024 1334 prudentissimus
3046 1272 3120 1317 est
3143 1261 3195 1334 (1
3200 1262 3331 1336 bid.)
3379 1261 3504 1317 Ideo
3526 1275 3717 1330 pauca,

2139 1351 2265 1423 quia
2291 1352 2550 1424 scriptum
2577 1359 2660 1408 est
2685 1370 2699 1406 :
2733 1350 2938 1407 Stultus
2967 1351 3119 1407 verba
3146 1349 3480 1422 multiplicat.
3522 1349 3590 1402 Et
3631 1346 3723 1402 ubi

2138 1452 2261 1496 sunt
2280 1443 2431 1497 verba
2463 1442 2716 1515 plurima,
2747 1443 2819 1497 ibi
2863 1443 3158 1513 frequenter
3196 1451 3395 1511 egestas
3425 1441 3543 1510 (Pr.
3580 1438 3716 1509 xiv).

2139 1532 2265 1589 Ideo
2292 1532 2650 1597 rationabilia,
2689 1534 2815 1603 quia
2846 1533 3108 1601 scriptum
3147 1538 3272 1586 est:
3315 1529 3484 1584 Homo
3512 1529 3722 1598 sapiens

2140 1622 2330 1677 tacebit
2365 1639 2528 1694 usque
2550 1624 2620 1676 ad
2647 1633 2869 1693 tempus,
2893 1621 3118 1676 lascivus
3145 1630 3318 1674 autem
3344 1630 3390 1673 et
3422 1619 3721 1690 imprudens

2142 1730 2246 1767 non
2274 1713 2555 1768 servabunt
2596 1722 2819 1784 tempus.
2856 1710 2926 1766 Et
2968 1723 3041 1767 est
3074 1710 3283 1766 odibilis
3310 1711 3399 1781 qui
3426 1724 3625 1782 procax
3648 1717 3723 1762 est

462 1813 734 1883 pientihus
771 1820 825 1868 et
852 1812 1061 1868 diverso
1105 1826 1354 1867 sermone
1391 1819 1687 1865 tractantes
1729 1816 1914 1864 monet
1954 1806 2041 1862 Ja—
2064 1790 2114 1850 Β
2139 1802 2210 1856 ad
2231 1800 2546 1874 loquendum
2577 1799 2765 1875 (Eccli.
2800 1800 2916 1871 xx).
2941 1801 3044 1856 Et:
3079 1799 3183 1865 Qui
3203 1798 3623 1854 inconsideratus
3647 1807 3725 1851 est

466 1903 634 1959 cohus
661 1901 938 1972 apostolus
968 1901 1152 1956 dicens
1178 1919 1192 1955 :
1222 1900 1302 1956 Sit
1323 1909 1494 1955 autem
1514 1901 1683 1954 omnis
1706 1899 1861 1953 homo
1892 1896 2044 1952 velox

464 1994 535 2048 ad
562 1993 903 2057 audiendum,
925 1992 1107 2046 tardus
1130 2002 1301 2046 autem
1324 1990 1394 2044 ad
1412 1988 1728 2061 loquendum
1752 1985 1957 2060 (Iacob.
1972 1984 2037 2057 ι).

465 2084 623 2138 Tales
646 2082 791 2137 enim
818 2096 981 2152 super
1007 2089 1205 2136 terram
1252 2080 1475 2135 minime
1516 2079 1851 2149 diriguntur,
1907 2076 2039 2147 quia

464 2172 796 2227 ﬂexibilitate
842 2186 939 2226 sua
992 2169 1315 2240 frequenter
1348 2167 1635 2224 excedunt.
1687 2164 1911 2220 Dimcile
1956 2172 2044 2219 est

463 2262 607 2317 enim
642 2261 1046 2317 indeliberatum
1078 2269 1283 2315 rectum
1321 2274 1442 2315 esse
1468 2250 1796 2314 sermonem.

881 2362 954 2411 De
977 2362 1167 2411 decimo
1186 2360 1471 2410 humilitatis
1492 2361 1664 2423 gradu.

541 2445 781 2500 Decimus
807 2444 1119 2498 humilitatis
1145 2443 1342 2514 gradus
1371 2452 1467 2509 est,
1495 2444 1665 2497 sinon
1684 2442 1751 2496 sit
1782 2441 1956 2512 facilis
1977 2458 2040 2495 ac

464 2546 731 2607 promotus
755 2537 809 2589 in
835 2537 964 2599 risu,
990 2535 1112 2605 quia
1157 2537 1409 2604 scriptum
1446 2542 1523 2588 est
1545 2548 1564 2585 :
1591 2532 1795 2588 Stultus
1835 2534 1889 2588 in
1930 2534 2039 2588 risu

465 2635 663 2679 excitat
685 2643 861 2680 vocem
893 2642 1039 2679 suam
1069 2624 1259 2699 (Eccli.
1300 2626 1437 2697 xxi).
1468 2626 1686 2681 Levitas
1717 2626 1882 2680 animi
1914 2626 2042 2681 facit

467 2716 789 2770 monachum
839 2714 1050 2769 facilem
1100 2731 1163 2770 ac
1200 2725 1503 2786 promptum
1550 2731 1670 2771 esse
1719 2731 1933 2786 semper
1983 2716 2039 2771 in

466 2806 599 2858 risu.
648 2803 763 2858 Non
804 2805 947 2859 enim
995 2805 1239 2860 timorem
1284 2805 1494 2860 Domini
1541 2814 1717 2877 gestat
1755 2807 1809 2860 in
1849 2806 2036 2871 corde,

468 2894 589 2949 ideo
632 2895 686 2949 in
718 2895 982 2950 cachinno
1016 2895 1133 2949 vult
1168 2905 1223 2950 et
1251 2896 1358 2951 alta
1414 2910 1626 2965 semper
1668 2897 1843 2951 ridere
1883 2910 2036 2951 voce.

466 2985 585 3039 Non
611 2986 753 3039 enim
780 2986 1013 3040 attendit
1056 2987 1184 3055 quid
1214 3001 1313 3041 nos
1350 2985 1583 3043 Iacobus
1623 2988 1899 3058 apostolus
1938 2988 2037 3042 ad-

468 3083 652 3129 monet
678 3075 901 3130 dicens:
932 3074 1115 3129 Miseri
1150 3084 1327 3139 estote,
1378 3076 1568 3148 lugete,
1606 3075 1825 3147 plorate.
1874 3076 2037 3131 Risus

467 3175 633 3221 vester
668 3177 992 3221 convertetur
1032 3168 1086 3221 in
1122 3167 1337 3232 luctum,
1381 3168 1631 3238 gaudium
1670 3168 1727 3222 in
1764 3183 2038 3221 mererem

469 3254 677 3325 (Jacob.
720 3251 816 3325 Iv).
850 3253 985 3308 Hinc
1018 3252 1271 3309 Salomon
1302 3254 1419 3308 ait:
1449 3252 1607 3308 Risus
1634 3252 1814 3307 dolore
1857 3253 2045 3306 misce-

470 3344 641 3420 bitur;
662 3353 711 3397 et
738 3354 968 3398 extrema
999 3344 1180 3414 gaudii
1207 3342 1376 3398 luctus
1405 3353 1621 3414 occupat
1652 3341 1835 3416 (Prov.
1901 3342 2038 3409 xiv).

470 3434 610 3488 Hinc
635 3435 829 3489 iterum
850 3435 966 3504 ipse
992 3451 1006 3488 :
1040 3433 1225 3487 Risum
1246 3433 1478 3502 reputavi
1504 3448 1750 3496 errorem,
1776 3440 1825 3485 et
1848 3431 2043 3502 gaudio

469 3524 581 3579 dixi
606 3538 625 3576 :
654 3523 795 3590 Quid
834 3525 1031 3595 frustra
1073 3524 1323 3594 deciperis
1355 3521 1552 3597 (Eccle.
1582 3523 1679 3592 tl)?
1718 3521 1882 3591 Magis
1916 3536 2046 3592 ergo

471 3616 721 3670 convenit
769 3615 1035 3670 monacho
1078 3614 1253 3671 luctus
1295 3629 1457 3683 quam
1482 3614 1642 3678 risus,
1679 3613 1804 3682 quia
1832 3627 1930 3683 per
1964 3610 2047 3664 lu-

470 3713 619 3761 ctum
648 3706 864 3760 venitur
888 3706 956 3760 ad
984 3706 1256 3777 gaudium,
1285 3707 1424 3761 sicut
1451 3706 1710 3774 scriptum
1738 3712 1823 3759 est
1851 3721 1864 3757 :
1895 3702 2044 3758 Beati

470 3796 561 3866 qui
580 3795 776 3866 lugent,
798 3795 1041 3867 quoniam
1063 3797 1162 3865 ipsi
1183 3794 1591 3850 consolabuntur
1612 3793 1826 3866 (Matth.
1843 3793 1920 3868 ν).
1945 3794 2048 3849 Per

472 3887 641 3940 risum
683 3899 808 3941 vero
859 3885 1075 3939 venitur
1116 3886 1182 3940 ad
1214 3884 1418 3950 ﬂetum,
1446 3885 1586 3939 sicut
1619 3884 1877 3953 scriptum
1916 3891 2043 3939 est:

486 3973 577 4029 Var
598 3975 740 4029 vobis
766 3975 857 4046 qui
893 3975 1074 4030 ridetis
1101 3992 1259 4039 nunc,
1297 3976 1421 4046 quia
1459 3975 1647 4045 ﬂebitis
1690 3984 1739 4029 et
1775 3974 2051 4044 plorabitis

474 4065 627 4139 (Luc.
658 4066 735 4138 vi)
760 4067 773 4119 !
806 4067 1005 4121 Ridere
1024 4066 1170 4120 enim
1199 4065 1423 4130 homini,
1454 4074 1511 4119 ut
1544 4064 1656 4133 jam
1694 4065 1944 4136 superius
1967 4064 2050 4118 dL

474 4160 617 4212 ctum
649 4164 750 4221 est,
777 4157 994 4226 penitus
1010 4170 1118 4211 non
1141 4164 1374 4221 vetetur,
1403 4156 1527 4226 quia
1551 4156 1628 4210 illi
1654 4156 1753 4210 soli
1781 4157 1884 4211 hoc
1907 4156 2051 4210 inter

473 4262 661 4302 euntes
694 4254 971 4302 creaturas
1008 4261 1327 4303 concessum
1354 4248 1674 4302 naturaliter
1698 4261 1817 4302 esse
1845 4261 2048 4315 cogno-

473 4338 662 4393 scitur.
708 4336 815 4392 Sed
862 4344 923 4390 ut
959 4337 1193 4392 levitatis
1240 4344 1428 4392 caveat
1474 4338 1684 4404 vitium,
1717 4337 1946 4393 facilitas
1995 4342 2051 4392 et

473 4430 584 4485 alta
612 4444 715 4485 vox
746 4428 865 4484 fleri
891 4429 1207 4498 prohibetur
1234 4431 1285 4483 in
1314 4430 1444 4485 risu.

827 4528 902 4579 De
927 4530 1184 4578 undecimo
1209 4529 1490 4578 humilitatis
1512 4528 1686 4590 gradu.

546 4610 863 4664 Undecimus
886 4610 1197 4664 humilitatis
1221 4610 1416 4681 gradus
1446 4620 1537 4672 est,
1584 4611 1629 4664 si
1656 4626 1773 4663 cum
1818 4610 2053 4682 loquitur

475 4702 780 4768 monachus,
826 4701 1012 4756 leniter
1037 4711 1087 4755 et
1111 4702 1223 4755 sine
1250 4704 1380 4766 risu,
1410 4703 1675 4757 humiliter
1710 4720 1826 4757 cum
1870 4706 2052 4775 gravi-

475 4800 603 4857 tate,
627 4790 704 4845 vel
730 4806 899 4862 pauca
920 4791 1071 4846 verba
1096 4800 1145 4845 et
1164 4791 1500 4846 rationabilia
1522 4792 1785 4864 loquatur.
1809 4793 2047 4861 Leniter,

476 4881 528 4936 id
557 4891 662 4946 est,
690 4890 987 4952 temperate
1011 4882 1098 4937 vel
1122 4881 1332 4953 placide
1355 4883 1508 4937 decet
1533 4884 1853 4940 monachum
1880 4884 2049 4954 loqui,

476 4976 604 5045 quia
632 4976 889 5044 scriptum
913 4983 998 5030 est
1022 4993 1036 5028 :
1083 4973 1253 5028 Verba
1286 4975 1619 5045 prudentium
1640 4983 1832 5030 statera
1852 4976 2049 5048 ponde-

477 5067 734 5120 rabuntur
765 5064 953 5138 (Eccli.
999 5065 1136 5137 xxx).
1172 5064 1391 5120 Lenitas
1419 5066 1560 5120 enim
1590 5064 1659 5120 de
1687 5065 1834 5122 fonte
1869 5067 2050 5122 dulce-

476 5155 621 5209 dinis
648 5155 849 5224 pariter
882 5155 1129 5224 procedit
1169 5162 1224 5207 et
1260 5154 1426 5223 pacis.
1463 5152 1598 5209 Hinc
1640 5154 1894 5211 Salomon
1932 5157 2046 5209 ait:

492 5242 713 5298 Verbum
740 5243 892 5299 dulce
912 5244 1225 5314 multiplicat
1245 5244 1462 5310 amicos,
1485 5254 1533 5298 et
1557 5245 1761 5315 mitigat
1786 5246 2045 5310 inimicos,

476 5343 525 5387 et
545 5332 724 5403 lingua
744 5335 976 5404 gratiosa
994 5334 1049 5387 in
1067 5333 1198 5387 bono
1213 5334 1421 5387 homine
1432 5332 1717 5388 abundabit
1741 5332 1929 5404 (Eccli.
1951 5335 2048 5405 vn).

479 5423 619 5479 "ilic
664 5425 859 5478 iterum
904 5425 1020 5494 ipse
1063 5442 1076 5477 τ
1132 5422 1309 5477 Favus
1353 5422 1523 5477 mellis
1564 5424 1716 5478 verba
1766 5426 2052 5494 composita

480 5512 607 5586 (Pr.
642 5515 957 5587 ινι).νθιίιει
976 5516 1121 5571 enim
1141 5514 1280 5570 bene
1294 5515 1590 5585 composita
1613 5524 1670 5570 et
1691 5515 2051 5586 proferentem

482 5605 802 5670 honestam,
848 5612 904 5659 et
953 5604 1179 5675 gratiam
1229 5603 1571 5661 audientibus
1616 5605 2051 5662 subministrant.

484 5697 700 5753 Addidit
722 5698 907 5754 dicens
932 5712 947 5753 :
978 5696 1046 5752 Et
1069 5697 1181 5752 sine
1219 5697 1365 5763 risu;
1395 5698 1561 5754 verba
1586 5696 1733 5753 enim
1753 5696 1866 5753 risu
1894 5697 2052 5770 plena

2070 4475 2124 4535 D

2139 1891 2211 1945 ad
2234 1890 2571 1964 loquendum,
2601 1892 2784 1946 sentiet
2806 1890 2950 1945 mala
2977 1887 3159 1961 (Prov.
3184 1888 3303 1959 xui)

2212 1982 2281 2038 Et
2318 2001 2423 2038 non
2448 1984 2513 2039 sit
2535 1982 2796 2038 clamosus
2822 1984 2880 2037 iu
2906 1999 3044 2037 voce.
3082 1981 3284 2037 Christi
3313 1981 3455 2036 enim
3483 1980 3724 2035 innitatur

2139 2074 2436 2129 monachus
2465 2074 2662 2128 tacitus
2688 2072 2847 2128 debet
2870 2086 3013 2137 esse,
3042 2087 3149 2126 non
3180 2071 3467 2126 clamosus.
3495 2069 3572 2125 De
3615 2069 3720 2125 Do-

2139 2162 2287 2218 mino
2312 2163 2456 2217 enim
2484 2163 2745 2233 scriptum
2784 2171 2867 2218 est
2898 2177 2913 2217 :
2961 2161 3082 2217 Non
3109 2161 3375 2228 clamabit,
3408 2179 3502 2217 nec
3539 2161 3724 2216 audie-

2140 2261 2227 2306 tur
2248 2253 2376 2323 foris
2398 2268 2497 2308 vos:
2535 2252 2651 2323 ejus
2699 2251 2835 2326 (lsa.
2886 2252 3041 2323 xui).
3096 2251 3223 2307 Plus
3264 2253 3409 2307 enim
3448 2252 3720 2307 silentium

2139 2357 2302 2413 quam
2336 2343 2538 2398 clamor
2585 2344 2838 2400 convenit
2881 2345 3162 2400 monacho.
3201 2344 3548 2400 Ilonestatem
3595 2361 3723 2416 ergo

2139 2451 2245 2491 vos
2293 2423 2683 2502 submissa,'et
2728 2437 2998 2493 levitatem
3043 2438 3279 2493 ostendit
3313 2453 3418 2493 vox
3460 2438 3716 2494 clamosa.

2146 2527 2303 2598 Smpe
2342 2529 2485 2584 enim
2515 2546 2621 2585 vox
2662 2528 2895 2586 clamosa
2947 2531 3218 2587 hominem
3267 2531 3518 2587 odihilem
3570 2531 3721 2598 facit,

2140 2618 2410 2673 submissa
2456 2628 2637 2675 autem
2687 2620 2975 2676 amabilem
3026 2622 3221 2676 reddit.
3265 2621 3415 2677 Unde
3461 2622 3720 2692 scriptum

2140 2718 2261 2763 est:
2297 2707 2518 2779 Sapiens
2542 2710 2599 2763 iu
2629 2710 2790 2764 verbis
2815 2712 3037 2781 seipsum
3072 2709 3348 2765 amabilem
3373 2710 3499 2779 facit
3526 2709 3718 2781 (Eccli.

2140 2800 2255 2871 xx).
2284 2798 2408 2855 Ideo
2437 2800 2742 2866 amabilem,
2794 2802 2917 2871 quia
2954 2803 3246 2872 prudenter
3289 2801 3627 2856 rationabilia
3669 2808 3726 2856 et

2140 2892 2388 2947 amabilia
2431 2892 2671 2962 loquitur
2718 2895 2903 2948 verba.
2954 2893 3090 2949 Hinc
3133 2894 3365 2949 Basilius
3407 2894 3527 2948 ait:
3563 2894 3725 2950 Vocis

2141 3000 2451 3039 mensuram
2481 2985 2723 3040 definivit
2751 2986 2999 3041 audiendi
3031 2986 3242 3041 modus.
3289 2984 3346 3040 Si
3374 2987 3519 3040 enim
3553 2986 3727 3057 major

2142 3074 2304 3130 fuerit
2331 3091 2433 3132 vox
2460 3092 2620 3147 quam
2647 3076 2894 3146 requirit,
2924 3090 3046 3132 cum
3076 3075 3247 3146 possit
3292 3074 3479 3131 audire
3508 3074 3599 3129 ille
3629 3091 3719 3129 cut

2143 3165 2396 3235 liquitur,
2427 3166 2613 3230 etiam,
2641 3165 2685 3219 si
2719 3166 2971 3236 legimus,
3007 3165 3310 3234 loquamur,
3331 3163 3444 3233 jam
3485 3181 3592 3218 non
3621 3164 3723 3220 erit

2141 3271 2270 3322 vox,
2290 3255 2383 3311 sed
2403 3255 2627 3311 clamor.
2657 3254 2810 3323 Quod
2833 3265 2918 3310 est
2937 3253 3193 3321 notabile,
3213 3255 3316 3310 nisi
3348 3255 3483 3310 forte
3511 3255 3725 3327 gravior

2143 3344 2215 3399 sit
2240 3345 2455 3399 auditus
2480 3342 2597 3412 ejus
2639 3344 2723 3399 cui
2754 3343 3014 3415 loquitur,
3043 3352 3098 3399 et
3125 3344 3417 3399 necessitas
3465 3350 3621 3412 cogat
3657 3343 3727 3397 ad

2143 3436 2506 3490 clamandum.
2531 3435 2666 3489 Hinc
2686 3435 3018 3490 Fructuosus
3045 3434 3150 3488 ait:
3174 3434 3476 3488 Clamosum
3502 3434 3553 3487 in
3576 3434 3726 3487 locu-

2146 3523 2291 3579 tione
2340 3524 2662 3580 monachum
2712 3531 2805 3576 aut
2839 3522 3186 3577 ridiculosum
3231 3535 3350 3577 esse
3386 3537 3494 3577 non
3544 3523 3717 3576 decet.

2144 3616 2246 3686 Qui
2274 3628 2455 3673 autem
2482 3614 2746 3685 ejusmodi
2775 3623 2878 3680 est,
2907 3622 2961 3669 et
2987 3627 3129 3684 sape
3155 3613 3446 3684 castigatus
3477 3627 3581 3666 non
3610 3610 3726 3666 fue-

2145 3710 2218 3764 rit
2239 3709 2579 3774 emendatus,
2603 3706 2829 3778 ﬂagellis
2847 3705 3118 3760 curandus
3145 3711 3226 3759 est
3250 3713 3300 3759 et
3322 3703 3522 3758 acriter
3548 3715 3727 3757 emen-

2148 3799 2374 3856 dandus.
2403 3797 2660 3869 Sequitur
2682 3814 2695 3853 :

2218 3889 2365 3947 Sicut
2389 3892 2641 3961 scriptum
2669 3899 2744 3945 est
2768 3903 2786 3942 :
2816 3888 3037 3958 Sapiens
3064 3885 3227 3943 verbis
3246 3888 3519 3961 innotescit
3542 3874 3725 3956 paucis

2148 3983 2337 4056 (Eccli.
2385 3979 2500 4053 xx).
2558 3980 2866 4044 Innotescit,
2902 3978 3052 4041 dicit,
3112 3978 3165 4032 id
3214 3985 3315 4041 est,
3366 3975 3542 4044 qualis
3586 3975 3727 4044 apud

2147 4074 2495 4143 semetipsum
2534 4073 2605 4127 sit
2643 4070 2885 4130 inlerius,
2921 4069 3132 4123 caeteris
3167 4081 3227 4123 se
3258 4066 3542 4122 innotescit
3573 4073 3726 4120 exte«

2146 4162 2280 4218 rius.
2317 4161 2591 4232 Sapientia
2623 4175 2783 4229 quam
2814 4166 3022 4214 secreto
3062 4154 3279 4211 tenebat
3308 4156 3362 4209 in
3395 4157 3576 4218 corde,
3605 4154 3728 4208 aliis

2147 4251 2384 4307 ostendit
2411 4249 2734 4320 proferendo
2758 4262 3028 4303 sermone.
3059 4247 3125 4300 Et
3150 4246 3239 4315 qui
3270 4245 3484 4300 sibimet
3517 4252 3724 4298 tantum

2148 4350 2310 4395 notus
2332 4339 2533 4394 latebat
2561 4338 2792 4403 occulte,
2818 4336 3162 4406 semetipsum
3194 4333 3460 4404 loquendo
3480 4333 3728 4404 producit

2150 4430 2202 4485 in
2237 4430 2529 4501 publicum.
2578 4428 2679 4486 Ubi
2719 4428 2861 4483 enim
2904 4426 3007 4514 ista
3047 4425 3264 4481 traditio
3305 4423 3472 4479 dicit:
3506 4416 3727 4493 Sapienti

2147 4524 2202 4577 in
2223 4523 2390 4577 verbis
2420 4521 2691 4576 innotescit
2718 4520 2900 4590 paucis
2937 4516 3127 4589 (Eccli.
3150 4516 3270 4589 xx),
3297 4517 3399 4571 alia
3427 4516 3557 4571 dicit
3581 4534 3592 4568 :
3626 4514 3729 4570 Sa-

2146 4615 2290 4684 piens
2312 4613 2365 4666 in
2393 4611 2554 4665 verbis
2578 4609 2821 4680 producit
2848 4609 3074 4678 seipsum
3106 4605 3316 4680 (Ibid.),
3346 4605 3398 4660 id
3421 4614 3522 4669 est,
3551 4604 3728 4674 qualis

2148 4702 2375 4757 interius
2410 4707 2587 4754 exstat
2611 4700 2858 4765 tacendo,
2908 4698 3066 4752 talem
3112 4713 3170 4753 se
3214 4698 3464 4767 producit
3490 4696 3729 4752 exterius

2148 4792 2445 4863 loquendo.

2489 4882 2563 4934 De
2582 4881 2872 4933 duodecimo
2895 4878 3181 4930 humilitatis
3214 4879 3383 4941 gradu.

2226 4976 2572 5031 Duodecimus
2603 4972 2915 5028 humilitatis
2958 4970 3155 5042 gradus
3194 4979 3290 5033 est,
3331 4970 3377 5024 si
3418 4986 3521 5024 non
3558 4968 3729 5024 solum

2152 5067 2309 5123 corde
2328 5065 2636 5127 monachus,
2658 5062 2748 5117 sed
2769 5062 2931 5116 etiam
2958 5076 3173 5130 corpore
3194 5058 3537 5113 humilitatem
3560 5057 3730 5112 viden-

2152 5159 2290 5211 tibus
2329 5172 2384 5210 se
2423 5170 2625 5225 semper
2658 5153 2871 5207 indicet.
2904 5151 3273 5207 Humilitatem
3301 5152 3564 5207 veraciter
3593 5149 3730 5203 inte-

2155 5245 2269 5302 rius
2312 5248 2546 5301 retinere
2589 5253 2645 5298 et
2688 5258 2810 5299 eam
2846 5243 3007 5298 debet
3042 5242 3283 5297 exterius
3323 5242 3624 5296 videntibus
3668 5254 3728 5294 se

2154 5337 2450 5390 monachus
2494 5335 2887 5397 demonstrare,
2919 5342 2980 5388 ut
3025 5342 3081 5389 et
3121 5334 3348 5388 interius
3376 5324 3588 5386 interno
3614 5330 3729 5400 pla-

2150 5432 2274 5479 eeat
2315 5424 2506 5495 judici,
2541 5432 2599 5478 et
2639 5423 2879 5479 exterius
2928 5424 3139 5481 cunctis
3189 5420 3449 5488 exemplis
3492 5420 3729 5488 praebeat

2151 5513 2489 5568 humilitatis.
2522 5513 2614 5568 Sic
2638 5514 2692 5568 in
2722 5522 2952 5584 utroque
2996 5508 3318 5567 humilitatis
3347 5508 3544 5562 virtute
3580 5522 3729 5563 com—

2152 5604 2356 5674 pusitus
2385 5604 2604 5659 humilis
2626 5603 2807 5669 corde,
2837 5601 3056 5657 humilis
3075 5598 3381 5653 inveniatur
3401 5605 3455 5651 et
3479 5610 3724 5667 corpore.

2151 5696 2381 5753 Interius
2408 5696 2628 5753 humilis
2665 5695 2847 5750 animo
2875 5701 2931 5749 et
2951 5690 3188 5747 exterius
3228 5704 3453 5759 corpore
3488 5689 3727 5748 invenis.
