3992 6206
237 278 339 336 827

1518 232 1871 312 smmum
1907 242 2203 302 ABBATIS

3402 232 3508 288 818

244 403 331 446 tur
359 388 584 447 humilis
606 384 814 448 habitu,
846 389 908 436 ut
931 378 1048 448 eius
1083 374 1326 429 videntes
1359 368 1662 440 exemplum
1702 365 1820 418 lau-
1847 361 1902 424 Α
1923 359 2074 414 nium
2100 367 2382 427 materque
2412 356 2693 418 virtutum,
2717 360 2773 407 et
2797 354 2958 408 corde
2978 365 3202 405 nouisse
3223 358 3306 404 est
3333 349 3509 405 ﬁrmi-

243 486 372 541 dcnt
405 491 461 537 et
485 478 786 553 gloriﬁcent
827 473 1018 534 Deum,
1049 466 1144 536 qui
1185 464 1264 518 illi
1293 461 1702 518 fundamentum
1727 456 1828 514 hu-

248 551 515 636 militatis,
542 563 901 625 constantiam
925 557 1194 614 concessit
1218 563 1272 609 et
1295 551 1494 622 Operis.

317 705 388 758 Id
425 712 521 767 est,
559 701 614 752 in
658 711 830 767 opere,
870 693 924 745 in
956 689 1206 743 oratorio.
1248 683 1508 739 Videlicet
1533 682 1660 736 dum
1685 687 1825 741 ovat,

251 802 434 852 cantat
464 791 724 863 psalmos,
755 787 1003 855 hymnos,
1032 779 1265 841 cantica,
1297 775 1381 829 vel
1408 772 1550 827 aliud
1578 786 1712 841 opus
1737 769 1830 823 Dei

250 889 303 942 in
329 886 443 955 ipso
472 890 692 937 exercet
722 875 1031 932 sanctuario
1079 884 1293 938 semper
1316 867 1491 937 capite
1523 865 1681 919 debet
1714 877 1834 916 esse

249 976 555 1033 humiliato.

327 1091 394 1144 In
439 1082 852 1146 monasterio,in
877 1081 1050 1141 horto,
1081 1076 1134 1128 in
1177 1073 1284 1136 via,
1314 1071 1373 1124 in
1415 1083 1576 1139 agro;
1606 1064 1685 1119 vel
1720 1064 1837 1118 ubi—

254 1195 456 1252 cunque
486 1175 686 1239 sedens,
717 1168 991 1226 ambulans
1027 1165 1102 1222 vel
1127 1174 1294 1227 stans,
1329 1158 1577 1213 inclinato
1607 1157 1672 1210 sit
1704 1172 1838 1210 sem—

254 1286 348 1339 per
369 1245 554 1339 capite,
580 1263 764 1332 deﬁxis
784 1262 838 1315 in
864 1269 1056 1313 terram
1095 1252 1384 1326 aspectibus
1406 1290 1420 1316 ,
1453 1264 1595 1302 reum
1623 1263 1677 1300 se
1697 1245 1838 1301 omni

254 1359 386 1412 hora
417 1355 480 1410 de
505 1353 728 1423 peccatis
756 1350 864 1405 suis
889 1346 1214 1407 existimans,
1229 1342 1345 1412 jam
1379 1356 1432 1392 se
1459 1336 1723 1390 tremendo
1740 1334 1840 1404 ju-

253 1448 408 1503 dicio-
439 1447 530 1500 Dei
571 1442 875 1515 praesentari
914 1437 1200 1498 existimet,
1247 1432 1422 1485 dicens
1463 1428 1559 1481 sibi
1602 1427 1657 1479 in
1688 1423 1841 1478 corde

258 1551 461 1606 semper
483 1514 615 1587 illud
641 1529 778 1603 quod
812 1523 1119 1598 publicanus
1150 1519 1236 1574 ille
1265 1516 1608 1589 evangelicus,
1625 1515 1748 1584 ﬁxis
1786 1514 1842 1566 in

258 1605 458 1681 terram
499 1621 685 1686 oculis,
726 1618 858 1672 dixit
886 1629 904 1668 :
929 1613 1170 1676 Domine,
1200 1626 1300 1663 non
1343 1623 1457 1661 sum
1500 1605 1708 1675 dignus,
1749 1618 1842 1672 ego

1931 459 2018 506 ter
2046 458 2294 505 teneatur
2322 458 2379 507 et
2417 446 2627 502 cunctis
2657 458 2886 514 corpore
2909 443 3331 497 (lenionstrotur.

2000 543 2144 613 Ergo
2185 542 2267 595 his
2310 540 2550 596 omnibus
2598 537 2914 591 humilitatis
2958 533 3211 604 gradibus
3256 535 3508 598 ascensis,

1931 632 2219 688 monachus
2248 647 2370 686 mea;
2390 629 2458 684 ad
2483 627 2794 683 duritatem
2814 624 2914 678 Dei
2940 621 3199 693 perveniet
3224 622 3372 676 illam
3392 640 3510 691 quis

1929 722 2161 794 perfecta
2186 723 2331 793 {oras
2357 722 2513 776 mittit
2539 721 2800 774 timorem.
2831 717 3092 772 Dominus
3111 714 3242 768 dicit
3265 716 3318 768 in
3343 715 3514 768 Evan-

1931 812 2076 882 gelio
2099 831 2112 865 :
2139 811 2348 882 Diligite
2394 809 2633 868 inimicos
2678 817 2892 868 vestros,
2923 815 2981 868 et,
3013 815 3158 859 orate
3200 819 3294 873 pro
3340 819 3514 873 perse-

1930 902 2201 973 quentibus
2244 918 2352 965 uos,
2385 909 2440 953 ut
2463 899 2579 953 sitis
2617 897 2717 966 ﬁlii
2759 894 2938 948 Patris
2969 895 3123 949 uestri
3164 893 3254 963 qui
3281 893 3335 945 in
3372 893 3513 946 caelis

1931 1003 2008 1048 est
2037 992 2251 1064 (Matth.
2281 989 2356 1062 v).
2407 990 2532 1044 Hch
2577 997 2661 1044 est
2704 987 2852 1042 enim
2891 983 3135 1057 perfecta
3180 984 3419 1038 cbaritas
3445 983 3512 1036 de

1934 1099 2040 1153 qua
2066 1081 2303 1137 Joannes
2327 1079 2601 1151 apostolus
2626 1079 2758 1133 dicit
2783 1096 2795 1130 :
2824 1077 3003 1130 Timor
3024 1092 3128 1128 non
3157 1084 3233 1128 est
3256 1075 3312 1128 in
3336 1075 3514 1127 ebori-

1934 1183 2040 1228 tate
2065 1172 2115 1245 (Ι
2140 1172 2305 1226 Joan.
2332 1171 2444 1242 Iv);
2476 1171 2529 1224 in
2570 1169 2664 1222 tali
2704 1167 2955 1221 videlicet
2981 1167 3250 1221 charitate
3293 1182 3414 1234 qum
3442 1166 3514 1219 ad

1937 1264 2296 1318 imitationem
2343 1261 2540 1315 divina:
2565 1258 2916 1328 benignitatis
2943 1257 3111 1314 etiam
3145 1256 3381 1310 inimicis
3421 1257 3516 1310 be-

1938 1355 2186 1410 nefacere
2217 1353 2396 1409 ethos
2421 1352 2644 1421 diligere
2687 1350 2856 1404 novit.
2903 1347 3010 1404 Sed
3036 1348 3286 1419 perfecta,
3318 1347 3514 1416 inquit,

1939 1446 2173 1500 charitas
2201 1443 2350 1518 foras
2387 1441 2542 1496 mittit
2571 1441 2808 1495 timorem
2835 1438 3022 1509 (Ibid.)
3043 1479 3058 1502 ,
3085 1437 3237 1491 illum
3263 1438 3522 1492 videlicet

1941 1537 2008 1595 de
2029 1551 2137 1604 quo
2162 1534 2422 1603 scriptum
2443 1541 2528 1587 est
2550 1551 2562 1585 :
2586 1530 2804 1585 Initium
2824 1529 3095 1605 sapientiw
3121 1529 3278 1580 timor
3298 1527 3514 1581 Domini

1944 1624 2137 1696 (Eccli.
2171 1624 2235 1693 I).
2268 1623 2386 1690 Quo
2417 1623 2573 1676 timet
2615 1621 2842 1692 quisque
2872 1618 3137 1686 incipiens
3163 1633 3324 1686 opera
3359 1615 3522 1684 justi-

257 1723 522 1786 peccator,
557 1709 726 1766 levare
752 1705 929 1762 oculos
971 1719 1111 1757 meos
1158 1699 1226 1754 ad
1255 1697 1437 1752 cwlum
1467 1694 1618 1767 (Luc.
1662 1691 1838 1763 van).

1963 1718 2053 1784 ire,
2080 1733 2148 1772 ne
2175 1717 2358 1771 veniat
2382 1691 2660 1771 districtus
2681 1713 2868 1785 judex,
2900 1720 2954 1766 et
2996 1727 3054 1765 se
3083 1712 3261 1765 minus
3289 1713 3522 1781 castiga-

260 1781 532 1873 Quantum
557 1800 727 1855 venias
756 1794 1007 1853 ﬁduciam
1032 1792 1192 1862 digne
1210 1785 1598 1858 paenitentibus
1618 1781 1841 1854 prmbct,

203 1881 240 1894 ”
266 1871 410 1966 quod
435 1892 776 1964 publicanus,
805 1887 897 1958 qui
924 1893 1133 1939 reatum
1176 1895 1286 1936 sua:
1330 1875 1584 1946 nequitim
1611 1871 1847 1944 perfecte

267 1964 539 2056 cognovit,
565 1979 733 2044 ﬂevit,
762 1975 1038 2032 confessus
1065 1979 1166 2026 est.
1193 1967 1309 2023 Etsi
1350 1967 1579 2036 iniustus
1614 1964 1680 2020 ad
1719 1971 1851 2015 tem-

265 2054 415 2146 plum
444 2072 612 2138 venit,
646 2068 974 2139 justifieatus
1002 2080 1034 2118 a
1061 2061 1261 2131 templo
1309 2059 1488 2114 rediit.
1529 2057 1678 2111 Unus
1705 2054 1849 2109 enim

269 2141 631 2234 superbiendo
677 2158 904 2216 recessit
947 2153 1284 2216 humiliatus,
1331 2149 1468 2204 alter
1508 2141 1850 2200 lamentando

270 2256 702 2328 appropinquare
727 2247 925 2305 meruit
947 2245 1220 2302 exaltatus
1249 2258 1262 2295 :
1293 2240 1419 2310 quia
1458 2237 1637 2294 omnis
1671 2235 1764 2306 qui
1793 2250 1852 2290 se

269 2326 476 2406 eraltat
518 2341 908 2402 humiliabitur,
939 2345 995 2392 et
1025 2335 1118 2406 qui
1148 2349 1205 2389 se
1231 2330 1480 2386 humiliat
1525 2326 1853 2381 exaltabitur

270 2437 490 2511 (Matth.
531 2432 707 2503 χχιιι).
738 2429 1076 2499 Quapropter
1107 2431 1161 2478 et
1186 2422 1253 2476 de
1279 2419 1460 2475 verbis
1502 2416 1628 2471 elati
1665 2414 1856 2472 Phari—

271 2507 390 2596 saei,
418 2527 614 2597 quibus
648 2519 923 2578 humiliari
963 2515 1184 2579 meruit,
1216 2525 1501 2584 possumus
1535 2524 1602 2568 ex
1640 2507 1853 2561 diverso

272 2622 502 2677 formam
541 2613 879 2677 humilitatis,
907 2625 1011 2679 qua
1051 2605 1424 2668 sublimcmur,
1467 2610 1764 2661 assumere,
1797 2603 1856 2649 ut

273 2713 414 2768 sicut
439 2710 550 2774 ille,
573 2703 927 2763 consideratis
970 2709 1024 2755 et
1067 2697 1312 2768 pejorum
1343 2692 1488 2753 vitiis
1521 2698 1575 2743 et
1603 2689 1715 2743 suis
1741 2687 1854 2740 vir-

273 2801 500 2866 tutibus,
543 2805 626 2854 est
671 2796 846 2852 elatus
881 2793 949 2846 ad
987 2787 1262 2860 injuriam,
1288 2785 1360 2838 ita
1395 2797 1492 2837 nos
1533 2794 1642 2833 non
1669 2783 1852 2832 nostra

275 2891 447 2948 solum
472 2886 715 2959 pigritia,
747 2881 840 2939 sed
868 2889 924 2937 et
950 2878 1233 2936 meliorum
1260 2873 1551 2929 virtutibus
1575 2869 1855 2944 inspectis,

275 2981 624 3039 humiliemur
655 2976 722 3031 ad
755 2973 1002 3045 gloriam,
1047 2979 1314 3045 quatenus
1354 2962 1724 3032 unusquisque
1762 2976 1858 3014 no-

277 3079 455 3127 strum
506 3069 610 3124 hoc
660 3044 800 3135 apud
844 3078 904 3121 se
949 3076 1014 3119 ac
1059 3044 1357 3114 submissus
1399 3053 1648 3110 obsecret
1675 3070 1688 3104 :
1714 3050 1856 3104 Deus
1883 3044 1927 3104 C

279 3164 640 3232 omnipotens,
685 3157 942 3214 miserere
985 3149 1209 3220 supplici
1251 3155 1364 3210 tuo,
1407 3145 1533 3216 quia
1583 3158 1690 3197 non
1735 3157 1854 3196 sum

287 3229 726 3310 sicut-innumeri
754 3245 896 3302 servi
920 3243 996 3300 tui
1021 3248 1332 3309 contemptu
1373 3235 1554 3291 saeculi
1580 3229 1857 3298 sublimes,

282 3343 503 3416 iustitia:
553 3339 747 3403 merito
795 3334 1039 3407 gloriosi,
1090 3331 1355 3389 castitatis
1404 3329 1563 3383 laude
1611 3325 1859 3396 angelici,

289 3413 436 3495 velut
467 3431 631 3489 etiam
671 3426 825 3487 multi
868 3425 1080 3479 illomm
1117 3421 1207 3492 qui
1244 3427 1366 3490 post
1400 3416 1602 3486 flagitia
1648 3413 1862 3486 publica

285 3523 600 3606 pmnitendo
639 3520 736 3578 tibi
764 3523 1074 3574 meruerunt
1109 3529 1230 3568 esse
1266 3510 1463 3568 devoti.
1495 3509 1596 3578 Qui
1627 3509 1789 3563 etiam
1819 3507 1862 3560 si

286 3600 418 3690 quid
440 3615 568 3677 boni
594 3621 686 3668 tua
725 3611 896 3683 gratia
926 3609 1186 3678 largiente
1226 3605 1436 3668 fecero,
1489 3616 1597 3673 quo
1633 3600 1738 3654 line
1759 3600 1864 3653 hoc

289 3691 516 3774 faciam,
565 3718 736 3774 quave
781 3717 813 3756 a
863 3710 915 3756 te
957 3699 1295 3754 districtione
1336 3703 1612 3765 pensatur,
1654 3694 1861 3762 ignoro.

293 3800 362 3864 Ει
390 3799 517 3857 item
538 3810 662 3852 cum
683 3795 942 3864 propheta
970 3810 982 3845 :
1009 3791 1321 3844 Incurvatus
1350 3804 1465 3841 sum
1489 3795 1536 3839 et
1562 3784 1866 3837 humiliatus

291 3905 408 3950 sum
431 3899 812 3958 usquequaque.
841 3881 944 3949 Qui
968 3879 1282 3936 recordatur
1311 3875 1645 3932 altitudinem
1672 3872 1870 3942 quietis

295 3986 532 4040 teternzc,
579 3973 693 4043 ipse
735 3971 880 4027 videt
918 3975 1176 4038 quantum
1214 3966 1284 4021 sit
1317 3963 1627 4019 humiliatus
1673 3961 1726 4014 in
1768 3960 1870 4014 hac

305 4067 476 4124 sarnis
513 4062 875 4133 corruptione.
899 4059 1224 4129 Plangamus
1248 4071 1378 4126 ergo
1423 4062 1478 4108 et
1514 4067 1792 4124 gemamus
1818 4051 1872 4104 in

302 4155 663 4219 :onfessione,
711 4165 1064 4224 agnoscamus
1114 4147 1206 4202 ubi
1257 4159 1478 4208 sumus,
1531 4141 1876 4196 recordemur

299 4247 635 4304 altitudinem
663 4251 878 4298 aeternae
899 4239 1114 4311 quietis,
1143 4244 1196 4292 et
1216 4235 1482 4306 patienter
1501 4239 1876 4300 exspectemus

1947 1817 2063 1866 tum
2091 1809 2328 1866 damnet.
2359 1806 2468 1863 Sed
2495 1814 2552 1861 et
2575 1805 2925 1877 praesentium
2950 1803 3338 1862 adversitatutu
3364 1804 3523 1857 timo-

1947 1915 2061 1955 rem
2089 1898 2331 1970 perfeeta
2367 1897 2605 1956 charitas
2633 1895 2781 1964 ejicit
2805 1911 2872 1950 ex
2901 1895 3104 1958 animo,
3134 1909 3298 1964 quam
3320 1895 3524 1949 habere

1948 1992 2224 2060 quatiebat
2267 1991 2361 2061 qui
2394 1990 2623 2045 Domino
2663 1988 2972 2058 supplicans
3015 1986 3194 2043 aiebat
3219 2004 3233 2040 :
3258 1986 3305 2040 Α
3339 1986 3526 2041 timore

1947 2082 2150 2142 inimici
2189 2083 2330 2152 eripe
2378 2082 2611 2135 animum
2652 2095 2823 2134 meant
2850 2076 3024 2149 (Psal.
3066 2078 3241 2149 LXIII).
3274 2077 3443 2143 Quam
3471 2085 3528 2132 et

1950 2171 2039 2227 ille
2089 2171 2324 2232 habebat
2345 2171 2438 2241 qui
2465 2171 2680 2225 dicebat
2706 2188 2718 2223 :
2746 2168 2878 2234 Quis
2920 2185 3013 2223 nos
3050 2168 3314 2239 separabit
3336 2186 3369 2221 a
3398 2168 3528 2223 cha-

1949 2262 2104 2315 ritate
2144 2258 2379 2314 Christi?
2406 2258 2681 2313 tribulatio
2703 2299 2720 2324 ,
2751 2274 2822 2312 an
2866 2258 3134 2327 angustia,
3181 2273 3250 2310 an
3287 2272 3528 2325 persecu-

1950 2351 2063 2405 tio?
2085 2359 2192 2406 etc.
2231 2349 2404 2422 (Rom.
2447 2349 2588 2422 vIn).
2635 2348 2892 2402 Stimulat
2935 2361 3169 2416 namque
3199 2347 3384 2410 timor,
3429 2345 3526 2399 sed

1951 2442 2061 2498 noli
2087 2442 2297 2496 timere.
2344 2440 2516 2494 Intrat
2541 2439 2803 2502 cbaritas,
2831 2453 2952 2507 qua:
2994 2436 3140 2492 foras
3181 2435 3419 2505 expellat
3460 2436 3528 2489 ti-

1953 2548 2156 2588 morem
2231 2539 2287 2587 et
2328 2539 2486 2586 sanat
2527 2530 2670 2599 quod
2720 2528 3058 2584 vulneratum
3108 2536 3289 2583 erata
3317 2526 3530 2583 timoris

1955 2622 2137 2680 dolore
2153 2656 2171 2674 .

2025 2708 2131 2764 Per
2155 2726 2311 2782 quam
2333 2710 2576 2764 uniuersa
2605 2727 2724 2781 qua:
2763 2710 2909 2779 prius
2953 2725 3056 2763 non
3095 2709 3211 2762 sine
3249 2707 3530 2777 {omidine

1955 2802 2255 2858 observabat
2279 2843 2296 2867 ,
2332 2802 2525 2874 absque
2562 2801 2670 2855 ullo
2709 2801 2888 2854 labore
2931 2799 3068 2855 velut
3113 2799 3426 2854 naturaliter
3467 2815 3531 2854 ex

1957 2894 2328 2952 consuetudine
2374 2895 2584 2964 incipiet
2627 2893 2908 2948 custodire.
2975 2891 3136 2946 Prius
3182 2892 3328 2947 enim
3372 2891 3532 2947 homo

1957 3005 2084 3045 cum
2130 2989 2297 3046 animi
2328 2989 2524 3048 timore
2557 2995 2615 3044 et
2657 2996 2804 3044 metu
2849 2985 3152 3043 formidinis
3179 2985 3249 3040 ad
3288 2984 3534 3042 habitum

1963 3069 2112 3136 venit
2136 3079 2508 3138 comet-iouis
2527 3119 2542 3144 ,
2575 3079 2669 3133 sed
2694 3085 2981 3148 postquam
3013 3085 3254 3144 tempore
3279 3074 3532 3129 diuturno

1961 3171 2020 3225 in
2045 3167 2246 3224 Christi
2283 3166 2582 3236 perstiterit
2623 3167 2866 3230 servitio,
2891 3175 2947 3220 et
2984 3163 3102 3233 ejus
3131 3164 3186 3218 in
3228 3163 3373 3218 bona
3406 3178 3534 3218 con—

1964 3259 2257 3318 suetudine
2293 3257 2670 3327 perduraverit
2697 3257 2867 3322 actio,
2899 3257 3221 3312 succedente
3249 3255 3532 3318 charitate,

1963 3360 2109 3408 metu
2149 3357 2302 3406 caret
2339 3357 2501 3418 atque
2529 3347 2834 3404 formidine.
2866 3348 2934 3403 Et
2960 3364 3081 3418 qua:
3110 3355 3266 3402 antea
3297 3346 3528 3401 faciebat

1961 3455 2085 3496 cum
2116 3439 2310 3494 timore
2333 3438 2657 3502 formidinis,
2683 3438 2874 3507 incipit
2900 3438 3179 3496 custodire
3206 3452 3328 3491 cum
3353 3452 3538 3491 amore

1964 3528 2282 3594 dulcedinis,
2313 3538 2368 3584 et
2397 3529 2546 3584 velut
2582 3529 2904 3586 naturaliter
2938 3528 3132 3598 incipit
3171 3528 3410 3584 suaviter
3449 3544 3540 3582 cu-

1965 3621 2171 3677 stodire
2217 3635 2337 3690 qua:
2377 3621 2528 3690 prius
2571 3620 2781 3675 duriter
2823 3629 2880 3675 et
2923 3618 3263 3678 formidanda
3305 3629 3542 3688 ctepcrat

1966 3730 2147 3788 agere.
2174 3713 2330 3770 Unde
2357 3720 2413 3768 et
2441 3711 2724 3780 sequitur:

2041 3805 2166 3861 Non
2181 3805 2297 3875 jam
2324 3804 2509 3858 timore
2532 3803 2800 3873 gehem,
2821 3801 2910 3857 sed
2937 3817 3115 3856 arnore
3136 3800 3333 3856 Christi
3351 3809 3400 3855 et
3423 3817 3542 3854 con-

1967 3895 2243 3952 suetudine
2289 3894 2404 3964 ipsa
2445 3892 2602 3956 bona,
2630 3900 2679 3945 et
2722 3888 3066 3946 delectatione
3109 3890 3362 3944 virtutum
3384 3929 3399 3953 ,
3427 3905 3540 3960 (μισ

1972 3987 2227 4043 Dominus
2241 3984 2359 4058 jam
2386 3985 2442 4040 in
2467 3983 2707 4053 operario
2731 3997 2827 4036 suo
2850 3980 3046 4038 mundo
3073 3997 3107 4034 a
3133 3979 3271 4036 vitiis
3296 3988 3344 4034 et
3372 3997 3405 4033 a
3432 3995 3542 4048 pee-

1973 4079 2128 4142 eatis‘,
2161 4074 2362 4146 Spiritu
2405 4081 2584 4129 sancto
2607 4070 2914 4143 dignabitur
2952 4070 3337 4126 demonstrare.
3375 4068 3536 4129 Multi,

1975 4175 2038 4222 ut
2055 4180 2218 4236 supra
2236 4164 2440 4220 dictum
2459 4167 2564 4226 est,
2582 4162 2776 4218 timore
2793 4173 3079 4229 pmnarum
3101 4157 3368 4226 incipiunt
3387 4171 3545 4227 agere

1975 4259 2199 4322 bonum,
2227 4256 2320 4310 sed
2347 4267 2532 4308 amore
2555 4250 2760 4308 Christi
2785 4247 3071 4319 perﬁciunt
3111 4247 3262 4302 illud.
3291 4246 3545 4314 Inchoant

301 4339 446 4437 quofi
469 4336 556 4437 me
585 4333 833 4437 promis“
980 4329 1134 4434 "Pus
1170 4327 1227 4437 in
1256 4324 1544 4437 sffnet'ipso
1573 4319 1877 4437 “amplum
1902 4372 1956 4437 Ι)
1980 4365 2012 4403 a
2041 4319 2254 4411 timore,
2287 4344 2380 4399 sed
2411 4350 2600 4399 euntes
2625 4341 2691 4396 de
2717 4340 2918 4393 virtute
2942 4338 2997 4399 in
3027 4337 3304 4400 virtutem,
3332 4339 3401 4392 ad
3428 4330 3548 4404 per-

302 4427 578 4502 patientia:
626 4433 680 4482 et
743 4422 1062 4479 humilitatis
1105 4418 1360 4476 ostendit.
1420 4415 1765 4470 lncurvatum
1820 4426 1880 4467 se

301 4519 435 4582 dixit
459 4525 654 4573 astatu
695 4515 962 4580 elationis,
1008 4521 1063 4570 et
1105 4509 1443 4567 humiliatum
1484 4509 1552 4563 ab
1596 4504 1873 4561 inflatione

310 4608 557 4669 tumoris.

375 4741 443 4794 Et
465 4741 653 4793 iterum
679 4755 798 4792 cum
821 4733 1084 4806 Propheta
1107 4747 1126 4786 :
1149 4732 1178 4786 1
1183 4741 1464 4786 ncuruatus
1489 4740 1536 4784 et
1558 4726 1873 4782 humiliatus

305 4848 424 4887 sum
471 4843 836 4900 usquequaque
864 4824 1038 4898 (Psal.
1073 4821 1283 4893 cxvm).
1333 4821 1391 4875 ld
1427 4828 1514 4876 est
1554 4819 1648 4888 qui
1674 4816 1876 4872 dudum

307 4921 548 4975 elevatus
584 4932 734 4972 eram
781 4916 838 4970 in
882 4913 1078 4970 saaculo
1101 4953 1118 4979 ,
1143 4912 1455 4966 incurvatus
1481 4917 1539 4963 et
1565 4906 1880 4962 humiliatus

309 5027 430 5067 sum
469 5010 628 5064 modo
655 5009 754 5063 sub
782 5008 914 5061 Deo.
951 5006 1052 5072 Qui
1083 5004 1326 5060 smculari
1371 5002 1573 5058 dudum
1614 4999 1882 5054 exaltatus

308 5118 461 5159 eram
501 5101 555 5154 in
585 5097 776 5168 gloria,
821 5097 1131 5151 incurvatus
1159 5103 1214 5150 et
1237 5091 1552 5148 humiliatus
1578 5104 1700 5145 sum
1738 5102 1883 5142 nunc

310 5197 364 5251 in
405 5191 735 5264 paenitentia:
761 5189 1007 5258 penuria.
1046 5187 1149 5253 Qui
1184 5187 1383 5242 dudum
1427 5183 1697 5239 exaltatus
1731 5196 1882 5236 eram

312 5283 369 5337 in
415 5279 602 5334 habitu
653 5272 920 5337 maculari,
946 5272 1255 5325 incurvatus
1295 5277 1352 5324 et
1399 5268 1714 5324 humiliatus
1762 5281 1883 5321 sum

315 5371 477 5426 modo
516 5369 617 5426 sub
650 5381 814 5422 manu
841 5360 1227 5430 omnipotentis
1255 5359 1370 5413 Dei.
1420 5357 1544 5412 Sive
1573 5357 1884 5411 incurvatus

315 5475 563 5529 corpore,
588 5456 902 5514 humiliatus
923 5453 1124 5508 animo.
1148 5449 1302 5517 Quod
1321 5457 1501 5504 autem
1525 5448 1678 5512 dicit,
1694 5461 1887 5518 asque-

223 5548 248 5572 ‘
318 5568 544 5624 quoque,
576 5549 896 5619 intelligitur
934 5561 1002 5601 ex
1030 5543 1176 5600 omni
1208 5549 1363 5613 parte
1401 5549 1457 5596 et
1485 5555 1551 5595 ex
1585 5539 1731 5596 omni
1760 5553 1889 5594 con-

322 5644 669 5700 siderationc.
713 5642 848 5710 Quia
886 5639 1185 5704 humilitas,
1214 5650 1335 5708 qua:
1369 5633 1627 5705 magistra
1659 5639 1744 5687 est
1769 5647 1888 5687 om-

1969 4448 2168 4502 fectam
2213 4435 2418 4492 Christi
2451 4439 2737 4488 transeunt
2775 4430 3118 4489 charitatem.
3149 4427 3218 4482 Et
3246 4441 3365 4496 qua:
3401 4425 3546 4495 prius

1969 4547 2133 4606 agere
2167 4526 2471 4600 ignorantia
2501 4531 2731 4582 nocente
2765 4520 3052 4584 timebant,
3081 4517 3470 4574 consuetudine
3494 4523 3552 4570 et

1969 4605 2193 4680 scientia
2231 4615 2346 4686 jam
2373 4616 2601 4670 docente
2629 4624 2788 4681 agere
2816 4623 2922 4664 non
2953 4607 3266 4667 formidant.
3312 4605 3541 4676 (hpiam

1969 4714 2233 4771 virtutum
2278 4706 2484 4762 habere
2524 4702 2854 4764 desiderant,
2881 4706 2940 4758 et
2989 4697 3111 4752 ideo
3157 4711 3296 4765 opus
3341 4695 3553 4751 bonum

1978 4817 2143 4875 agere
2169 4804 2451 4868 satagunt,
2481 4801 2536 4850 et
2563 4810 2592 4848 a
2622 4792 2770 4850 vitiis
2817 4789 3067 4846 celeriter
3095 4787 3361 4850 mundare
3394 4785 3548 4840 festi-

1985 4905 2134 4955 nant.
2153 4895 2398 4962 Accepto
2428 4889 2664 4960 Spiritus
2689 4885 2862 4942 sancti
2893 4885 3055 4948 dono,
3079 4883 3135 4945 in
3162 4882 3251 4943 his
3275 4896 3393 4952 qua:
3410 4877 3560 4947 iusta

1985 5001 2043 5048 et
2090 4995 2276 5045 sancta
2321 4993 2377 5040 et
2421 4990 2574 5038 recta
2622 4981 2976 5040 delectantur,
3011 4984 3067 5031 et
3097 4989 3222 5045 qua:
3264 4973 3561 5034 deluctant,

1987 5079 2255 5152 sagaciter
2286 5075 2514 5144 implere
2537 5070 2889 5133 contendunt,
2915 5075 2977 5122 ut
2999 5065 3116 5134 ejus
3142 5079 3423 5121 sacrarum
3447 5075 3566 5149 mea

1990 5181 2213 5231 reantur
2246 5169 2384 5227 effici
2412 5167 2670 5238 templum
2696 5164 2785 5220 cui
2815 5179 2874 5219 se
2896 5161 2969 5225 ab
3003 5160 3160 5215 initio
3193 5136 3560 5214 conversionis

1988 5263 2238 5322 monachi
2281 5275 2401 5320 esse
2440 5267 2739 5322 voverunt;
2771 5263 2832 5310 ut
2877 5252 3166 5322 impleatur
3205 5251 3260 5304 in
3307 5249 3386 5304 eis
3431 5247 3560 5302 illud

1989 5357 2338 5428 apostolicum
2365 5371 2379 5406 :
2407 5349 2675 5419 Templum
2711 5347 2807 5402 Dei
2835 5346 2980 5408 estis,
3009 5355 3055 5398 et
3085 5341 3317 5412 Spiritus
3350 5347 3561 5394 sanctus

1990 5449 2188 5502 habitat
2216 5446 2272 5500 in
2293 5445 2434 5506 vobis
2457 5442 2512 5513 (Ι
2568 5441 2693 5496 Cor.
2735 5439 2844 5508 tu).
2872 5438 2988 5505 Quo
3019 5436 3228 5506 Spiritu
3257 5439 3446 5488 saneto
3473 5430 3560 5484 do-

1991 5547 2151 5594 cente
2192 5551 2312 5606 qua
2357 5532 2600 5590 facienda
2636 5539 2763 5586 sunt
2791 5529 3016 5589 faciunt,
3063 5525 3157 5580 illo
3187 5521 3476 5590 adiuvante
3498 5517 3564 5571 ad

1993 5626 2293 5698 perfectum
2335 5625 2636 5688 deducunt,
2665 5621 2757 5680 illo
2796 5619 3044 5674 trahente
3074 5611 3431 5670 desiderando
3455 5617 3563 5666 sta-
