  <div class='ocr_page' id='page_1' title='image "/cluster/home/n/w/nwhite01/storage/ocr_20150623/102/hvd.32044052820032/420.png"; bbox 0 0 3992 6206; ppageno 0'>
   <div class='ocr_carea' id='block_1_1' title="bbox 535 305 640 362">
    <p class='ocr_par' dir='ltr' id='par_1_1' title="bbox 535 305 640 362">
     <span class='ocr_line' id='line_1_1' title="bbox 535 305 640 362; baseline -0.019 -1"><span class='ocrx_word' id='word_1_1' title='bbox 535 305 640 362; x_wconf 71' lang='grc'><strong>829</strong></span> 
     </span>
    </p>
   </div>
   <div class='ocr_carea' id='block_1_2' title="bbox 1557 295 2726 363">
    <p class='ocr_par' dir='ltr' id='par_1_2' title="bbox 1557 295 2726 363">
     <span class='ocr_line' id='line_1_2' title="bbox 1557 295 2726 363; baseline 0.006 -7"><span class='ocrx_word' id='word_1_2' title='bbox 1557 295 1906 356; x_wconf 74' lang='lat' dir='ltr'><strong>COMMENT.</strong></span> <span class='ocrx_word' id='word_1_3' title='bbox 1946 297 2014 355; x_wconf 80' lang='lat' dir='ltr'><strong>IN</strong></span> <span class='ocrx_word' id='word_1_4' title='bbox 2053 297 2210 358; x_wconf 72' lang='lat' dir='ltr'><strong>RBG.</strong></span> <span class='ocrx_word' id='word_1_5' title='bbox 2250 297 2308 359; x_wconf 75' lang='grc' dir='ltr'><strong>Β.</strong></span> <span class='ocrx_word' id='word_1_6' title='bbox 2349 301 2726 363; x_wconf 78' lang='lat' dir='ltr'><strong>BENEDlCTl.</strong></span> 
     </span>
    </p>
   </div>
   <div class='ocr_carea' id='block_1_3' title="bbox 3605 312 3780 367">
    <p class='ocr_par' dir='ltr' id='par_1_3' title="bbox 3605 312 3780 367">
     <span class='ocr_line' id='line_1_3' title="bbox 3605 312 3780 367; baseline 0.006 -1"><span class='ocrx_word' id='word_1_7' title='bbox 3605 363 3608 366; x_wconf 83' lang='lat'><strong>.</strong></span> <span class='ocrx_word' id='word_1_8' title='bbox 3676 312 3780 367; x_wconf 78' lang='lat'><strong>850</strong></span> 
     </span>
    </p>
   </div>
   <div class='ocr_carea' id='block_1_4' title="bbox 511 413 3778 497">
    <p class='ocr_par' dir='ltr' id='par_1_4' title="bbox 511 413 3778 497">
     <span class='ocr_line' id='line_1_4' title="bbox 511 413 3778 497; baseline 0.003 -26"><span class='ocrx_word' id='word_1_9' title='bbox 511 418 657 474; x_wconf 67' lang='lat' dir='ltr'><strong>alium</strong></span> <span class='ocrx_word' id='word_1_10' title='bbox 685 413 920 468; x_wconf 75' lang='lat' dir='ltr'><strong>actionis</strong></span> <span class='ocrx_word' id='word_1_11' title='bbox 960 413 1114 468; x_wconf 72' lang='lat' dir='ltr'><strong>bonae</strong></span> <span class='ocrx_word' id='word_1_12' title='bbox 1141 421 1482 484; x_wconf 81' lang='lat' dir='ltr'><strong>percurrunt,</strong></span> <span class='ocrx_word' id='word_1_13' title='bbox 1514 423 1568 470; x_wconf 84' lang='lat' dir='ltr'><strong>et</strong></span> <span class='ocrx_word' id='word_1_14' title='bbox 1604 418 1872 471; x_wconf 67' lang='lat' dir='ltr'><strong>currendo</strong></span> <span class='ocrx_word' id='word_1_15' title='bbox 1891 417 1960 472; x_wconf 92' lang='lat' dir='ltr'><strong>dc</strong></span> <span class='ocrx_word' id='word_1_16' title='bbox 1987 418 2098 471; x_wconf 84' lang='lat' dir='ltr'><strong>vir-</strong></span> <span class='ocrx_word' id='word_1_17' title='bbox 2125 424 2174 481; x_wconf 79' lang='grc' dir='ltr'><strong>Α</strong></span> <span class='ocrx_word' id='word_1_18' title='bbox 2201 425 2497 475; x_wconf 84' lang='lat' dir='ltr'><strong>nocturnas</strong></span> <span class='ocrx_word' id='word_1_19' title='bbox 2528 435 2648 476; x_wconf 85' lang='lat' dir='ltr'><strong>cum</strong></span> <span class='ocrx_word' id='word_1_20' title='bbox 2696 420 2976 477; x_wconf 80' lang='lat' dir='ltr'><strong>matutinis</strong></span> <span class='ocrx_word' id='word_1_21' title='bbox 3009 423 3246 478; x_wconf 79' lang='lat' dir='ltr'><strong>diximus</strong></span> <span class='ocrx_word' id='word_1_22' title='bbox 3281 422 3434 494; x_wconf 68' lang='lat' dir='ltr'><strong>iungi</strong></span> <span class='ocrx_word' id='word_1_23' title='bbox 3454 465 3468 489; x_wconf 89' lang='lat'><strong>,</strong></span> <span class='ocrx_word' id='word_1_24' title='bbox 3497 433 3556 480; x_wconf 79' lang='lat' dir='ltr'><strong>at</strong></span> <span class='ocrx_word' id='word_1_25' title='bbox 3585 427 3778 497; x_wconf 75' lang='lat' dir='ltr'><strong>digesti</strong></span> 
     </span>
    </p>
   </div>
   <div class='ocr_carea' id='block_1_5' title="bbox 508 501 2088 577">
    <p class='ocr_par' dir='ltr' id='par_1_5' title="bbox 508 501 2088 577">
     <span class='ocr_line' id='line_1_5' title="bbox 508 501 2088 577; baseline -0.001 -15"><span class='ocrx_word' id='word_1_26' title='bbox 508 518 623 562; x_wconf 88' lang='lat' dir='ltr'><strong>tute</strong></span> <span class='ocrx_word' id='word_1_27' title='bbox 649 506 704 560; x_wconf 91' lang='lat' dir='ltr'><strong>in</strong></span> <span class='ocrx_word' id='word_1_28' title='bbox 729 505 984 559; x_wconf 75' lang='lat' dir='ltr'><strong>virtutem</strong></span> <span class='ocrx_word' id='word_1_29' title='bbox 1013 501 1321 574; x_wconf 72' lang='lat' dir='ltr'><strong>proﬁciunt,</strong></span> <span class='ocrx_word' id='word_1_30' title='bbox 1344 514 1399 560; x_wconf 88' lang='lat' dir='ltr'><strong>ct</strong></span> <span class='ocrx_word' id='word_1_31' title='bbox 1425 507 1493 560; x_wconf 81' lang='lat' dir='ltr'><strong>ad</strong></span> <span class='ocrx_word' id='word_1_32' title='bbox 1527 507 1774 561; x_wconf 89' lang='lat' dir='ltr'><strong>bravlum</strong></span> <span class='ocrx_word' id='word_1_33' title='bbox 1803 508 2088 577; x_wconf 83' lang='lat' dir='ltr'><strong>sempiter—</strong></span> 
     </span>
    </p>
   </div>
   <div class='ocr_carea' id='block_1_6' title="bbox 509 598 2088 671">
    <p class='ocr_par' dir='ltr' id='par_1_6' title="bbox 509 598 2088 671">
     <span class='ocr_line' id='line_1_6' title="bbox 509 598 2088 671; baseline 0.001 -19"><span class='ocrx_word' id='word_1_34' title='bbox 509 613 636 652; x_wconf 84' lang='lat' dir='ltr'><strong>num</strong></span> <span class='ocrx_word' id='word_1_35' title='bbox 659 598 946 668; x_wconf 88' lang='lat' dir='ltr'><strong>pervenire</strong></span> <span class='ocrx_word' id='word_1_36' title='bbox 971 599 1324 663; x_wconf 86' lang='lat' dir='ltr'><strong>contendunt,</strong></span> <span class='ocrx_word' id='word_1_37' title='bbox 1347 599 1440 652; x_wconf 76' lang='lat' dir='ltr'><strong>ubi</strong></span> <span class='ocrx_word' id='word_1_38' title='bbox 1471 600 1618 654; x_wconf 81' lang='lat' dir='ltr'><strong>omni</strong></span> <span class='ocrx_word' id='word_1_39' title='bbox 1646 601 1788 654; x_wconf 70' lang='lat' dir='ltr'><strong>bimo</strong></span> <span class='ocrx_word' id='word_1_40' title='bbox 1809 610 1863 654; x_wconf 86' lang='lat' dir='ltr'><strong>et</strong></span> <span class='ocrx_word' id='word_1_41' title='bbox 1893 601 2088 671; x_wconf 82' lang='lat' dir='ltr'><strong>gaudio</strong></span> 
     </span>
    </p>
   </div>
   <div class='ocr_carea' id='block_1_7' title="bbox 509 689 2089 760">
    <p class='ocr_par' dir='ltr' id='par_1_7' title="bbox 509 689 2089 760">
     <span class='ocr_line' id='line_1_7' title="bbox 509 689 2089 760; baseline -0.001 -16"><span class='ocrx_word' id='word_1_42' title='bbox 509 690 821 760; x_wconf 77' lang='lat' dir='ltr'><strong>repleantur</strong></span> <span class='ocrx_word' id='word_1_43' title='bbox 851 696 1074 742; x_wconf 75' lang='lat' dir='ltr'><strong>mterno.</strong></span> <span class='ocrx_word' id='word_1_44' title='bbox 1108 689 1298 743; x_wconf 81' lang='lat' dir='ltr'><strong>Amen.</strong></span> <span class='ocrx_word' id='word_1_45' title='bbox 1329 689 1395 743; x_wconf 87' lang='lat' dir='ltr'><strong>Et</strong></span> <span class='ocrx_word' id='word_1_46' title='bbox 1416 705 1482 744; x_wconf 89' lang='lat' dir='ltr'><strong>ne</strong></span> <span class='ocrx_word' id='word_1_47' title='bbox 1510 691 1642 744; x_wconf 87' lang='lat' dir='ltr'><strong>istos</strong></span> <span class='ocrx_word' id='word_1_48' title='bbox 1671 689 1955 746; x_wconf 79' lang='lat' dir='ltr'><strong>duodecim</strong></span> <span class='ocrx_word' id='word_1_49' title='bbox 1985 692 2089 745; x_wconf 88' lang='lat' dir='ltr'><strong>hu-</strong></span> 
     </span>
    </p>
   </div>
   <div class='ocr_carea' id='block_1_8' title="bbox 507 780 2085 851">
    <p class='ocr_par' dir='ltr' id='par_1_8' title="bbox 507 780 2085 851">
     <span class='ocr_line' id='line_1_8' title="bbox 507 780 2085 851; baseline 0.001 -16"><span class='ocrx_word' id='word_1_50' title='bbox 507 781 753 835; x_wconf 88' lang='lat' dir='ltr'><strong>militatis</strong></span> <span class='ocrx_word' id='word_1_51' title='bbox 793 781 993 851; x_wconf 84' lang='lat' dir='ltr'><strong>gradus</strong></span> <span class='ocrx_word' id='word_1_52' title='bbox 1033 780 1254 834; x_wconf 82' lang='lat' dir='ltr'><strong>confuse</strong></span> <span class='ocrx_word' id='word_1_53' title='bbox 1299 781 1502 851; x_wconf 85' lang='lat' dir='ltr'><strong>positos</strong></span> <span class='ocrx_word' id='word_1_54' title='bbox 1529 796 1558 834; x_wconf 87' lang='lat' dir='ltr'><strong>a</strong></span> <span class='ocrx_word' id='word_1_55' title='bbox 1589 784 1747 835; x_wconf 88' lang='lat' dir='ltr'><strong>beato</strong></span> <span class='ocrx_word' id='word_1_56' title='bbox 1790 782 2085 836; x_wconf 85' lang='lat' dir='ltr'><strong>Benedicto</strong></span> 
     </span>
    </p>
   </div>
   <div class='ocr_carea' id='block_1_9' title="bbox 508 871 2086 941">
    <p class='ocr_par' dir='ltr' id='par_1_9' title="bbox 508 871 2086 941">
     <span class='ocr_line' id='line_1_9' title="bbox 508 871 2086 941; baseline -0.001 -14"><span class='ocrx_word' id='word_1_57' title='bbox 508 872 820 927; x_wconf 72' lang='lat' dir='ltr'><strong>existiment</strong></span> <span class='ocrx_word' id='word_1_58' title='bbox 868 871 1136 941; x_wconf 86' lang='lat' dir='ltr'><strong>imperiti,</strong></span> <span class='ocrx_word' id='word_1_59' title='bbox 1188 883 1374 925; x_wconf 86' lang='lat' dir='ltr'><strong>eorum</strong></span> <span class='ocrx_word' id='word_1_60' title='bbox 1420 871 1799 926; x_wconf 88' lang='lat' dir='ltr'><strong>discretionem</strong></span> <span class='ocrx_word' id='word_1_61' title='bbox 1850 873 2086 926; x_wconf 82' lang='lat' dir='ltr'><strong>breviter</strong></span> 
     </span>
    </p>
   </div>
   <div class='ocr_carea' id='block_1_10' title="bbox 507 963 2086 1034">
    <p class='ocr_par' dir='ltr' id='par_1_10' title="bbox 507 963 2086 1034">
     <span class='ocr_line' id='line_1_10' title="bbox 507 963 2086 1034; baseline 0.001 -16"><span class='ocrx_word' id='word_1_62' title='bbox 507 963 831 1034; x_wconf 78' lang='lat' dir='ltr'><strong>patefactam</strong></span> <span class='ocrx_word' id='word_1_63' title='bbox 879 965 1213 1017; x_wconf 76' lang='lat' dir='ltr'><strong>monstrabo.</strong></span> <span class='ocrx_word' id='word_1_64' title='bbox 1260 963 1473 1018; x_wconf 85' lang='lat' dir='ltr'><strong>Primus</strong></span> <span class='ocrx_word' id='word_1_65' title='bbox 1525 964 1709 1034; x_wconf 80' lang='lat' dir='ltr'><strong>itaque</strong></span> <span class='ocrx_word' id='word_1_66' title='bbox 1765 965 2086 1019; x_wconf 84' lang='lat' dir='ltr'><strong>humilitatis</strong></span> 
     </span>
    </p>
   </div>
   <div class='ocr_carea' id='block_1_11' title="bbox 507 1053 2086 1125">
    <p class='ocr_par' dir='ltr' id='par_1_11' title="bbox 507 1053 2086 1125">
     <span class='ocr_line' id='line_1_11' title="bbox 507 1053 2086 1125; baseline 0.001 -18"><span class='ocrx_word' id='word_1_67' title='bbox 507 1053 706 1125; x_wconf 83' lang='lat' dir='ltr'><strong>gradus</strong></span> <span class='ocrx_word' id='word_1_68' title='bbox 733 1054 924 1122; x_wconf 76' lang='lat' dir='ltr'><strong>incipit</strong></span> <span class='ocrx_word' id='word_1_69' title='bbox 943 1069 975 1106; x_wconf 90' lang='lat' dir='ltr'><strong>a</strong></span> <span class='ocrx_word' id='word_1_70' title='bbox 1001 1054 1213 1107; x_wconf 80' lang='lat' dir='ltr'><strong>timore.</strong></span> <span class='ocrx_word' id='word_1_71' title='bbox 1243 1053 1543 1118; x_wconf 83' lang='lat' dir='ltr'><strong>Secundus,</strong></span> <span class='ocrx_word' id='word_1_72' title='bbox 1573 1063 1760 1109; x_wconf 88' lang='lat' dir='ltr'><strong>utnon</strong></span> <span class='ocrx_word' id='word_1_73' title='bbox 1787 1071 1940 1109; x_wconf 87' lang='lat' dir='ltr'><strong>suam</strong></span> <span class='ocrx_word' id='word_1_74' title='bbox 1970 1071 2086 1109; x_wconf 82' lang='lat' dir='ltr'><strong>mo-</strong></span> 
     </span>
    </p>
   </div>
   <div class='ocr_carea' id='block_1_12' title="bbox 508 1145 2083 1214">
    <p class='ocr_par' dir='ltr' id='par_1_12' title="bbox 508 1145 2083 1214">
     <span class='ocr_line' id='line_1_12' title="bbox 508 1145 2083 1214; baseline 0 -14"><span class='ocrx_word' id='word_1_75' title='bbox 508 1145 731 1209; x_wconf 85' lang='lat' dir='ltr'><strong>nachus,</strong></span> <span class='ocrx_word' id='word_1_76' title='bbox 765 1146 862 1199; x_wconf 86' lang='lat' dir='ltr'><strong>sed</strong></span> <span class='ocrx_word' id='word_1_77' title='bbox 889 1145 1099 1199; x_wconf 87' lang='lat' dir='ltr'><strong>Domini</strong></span> <span class='ocrx_word' id='word_1_78' title='bbox 1133 1145 1353 1214; x_wconf 87' lang='lat' dir='ltr'><strong>impleat</strong></span> <span class='ocrx_word' id='word_1_79' title='bbox 1380 1146 1732 1200; x_wconf 80' lang='lat' dir='ltr'><strong>voluntatem.</strong></span> <span class='ocrx_word' id='word_1_80' title='bbox 1765 1147 1980 1200; x_wconf 86' lang='lat' dir='ltr'><strong>Tertius</strong></span> <span class='ocrx_word' id='word_1_81' title='bbox 2014 1147 2083 1200; x_wconf 87' lang='lat' dir='ltr'><strong>de</strong></span> 
     </span>
    </p>
   </div>
   <div class='ocr_carea' id='block_1_13' title="bbox 504 1237 2082 1308">
    <p class='ocr_par' dir='ltr' id='par_1_13' title="bbox 504 1237 2082 1308">
     <span class='ocr_line' id='line_1_13' title="bbox 504 1237 2082 1308; baseline 0.002 -17"><span class='ocrx_word' id='word_1_82' title='bbox 504 1237 822 1291; x_wconf 80' lang='lat' dir='ltr'><strong>obedientiae</strong></span> <span class='ocrx_word' id='word_1_83' title='bbox 866 1238 998 1292; x_wconf 86' lang='lat' dir='ltr'><strong>dicit</strong></span> <span class='ocrx_word' id='word_1_84' title='bbox 1039 1238 1388 1307; x_wconf 78' lang='lat' dir='ltr'><strong>perfectione.</strong></span> <span class='ocrx_word' id='word_1_85' title='bbox 1433 1239 1672 1304; x_wconf 78' lang='lat' dir='ltr'><strong>Quartus</strong></span> <span class='ocrx_word' id='word_1_86' title='bbox 1713 1240 1780 1293; x_wconf 91' lang='lat' dir='ltr'><strong>de</strong></span> <span class='ocrx_word' id='word_1_87' title='bbox 1810 1241 2082 1308; x_wconf 67' lang='lat' dir='ltr'><strong>patientiae</strong></span> 
     </span>
    </p>
   </div>
   <div class='ocr_carea' id='block_1_14' title="bbox 505 1327 2082 1398">
    <p class='ocr_par' dir='ltr' id='par_1_14' title="bbox 505 1327 2082 1398">
     <span class='ocr_line' id='line_1_14' title="bbox 505 1327 2082 1398; baseline 0.002 -16"><span class='ocrx_word' id='word_1_88' title='bbox 505 1327 932 1398; x_wconf 79' lang='lat' dir='ltr'><strong>longanimitate.</strong></span> <span class='ocrx_word' id='word_1_89' title='bbox 981 1327 1231 1394; x_wconf 82' lang='lat' dir='ltr'><strong>Quintus,</strong></span> <span class='ocrx_word' id='word_1_90' title='bbox 1267 1338 1326 1383; x_wconf 88' lang='lat' dir='ltr'><strong>ut</strong></span> <span class='ocrx_word' id='word_1_91' title='bbox 1371 1330 1744 1398; x_wconf 80' lang='lat' dir='ltr'><strong>unusquisque</strong></span> <span class='ocrx_word' id='word_1_92' title='bbox 1771 1331 1953 1384; x_wconf 79' lang='lat' dir='ltr'><strong>abbati</strong></span> <span class='ocrx_word' id='word_1_93' title='bbox 1982 1345 2082 1385; x_wconf 89' lang='lat' dir='ltr'><strong>suo</strong></span> 
     </span>
    </p>
   </div>
   <div class='ocr_carea' id='block_1_15' title="bbox 501 1419 2076 1490">
    <p class='ocr_par' dir='ltr' id='par_1_15' title="bbox 501 1419 2076 1490">
     <span class='ocr_line' id='line_1_15' title="bbox 501 1419 2076 1490; baseline 0.003 -16"><span class='ocrx_word' id='word_1_94' title='bbox 501 1419 744 1474; x_wconf 89' lang='lat' dir='ltr'><strong>occultas</strong></span> <span class='ocrx_word' id='word_1_95' title='bbox 767 1419 1060 1489; x_wconf 88' lang='lat' dir='ltr'><strong>patefaciat</strong></span> <span class='ocrx_word' id='word_1_96' title='bbox 1084 1421 1456 1490; x_wconf 90' lang='lat' dir='ltr'><strong>c0gitationes.</strong></span> <span class='ocrx_word' id='word_1_97' title='bbox 1482 1421 1698 1485; x_wconf 79' lang='lat' dir='ltr'><strong>Sextus,</strong></span> <span class='ocrx_word' id='word_1_98' title='bbox 1729 1431 1790 1476; x_wconf 88' lang='lat' dir='ltr'><strong>ut</strong></span> <span class='ocrx_word' id='word_1_99' title='bbox 1813 1424 2076 1484; x_wconf 73' lang='lat' dir='ltr'><strong>villtatem</strong></span> 
     </span>
    </p>
   </div>
   <div class='ocr_carea' id='block_1_16' title="bbox 501 1509 2079 1580">
    <p class='ocr_par' dir='ltr' id='par_1_16' title="bbox 501 1509 2079 1580">
     <span class='ocr_line' id='line_1_16' title="bbox 501 1509 2079 1580; baseline 0.002 -16"><span class='ocrx_word' id='word_1_100' title='bbox 501 1519 557 1564; x_wconf 88' lang='lat' dir='ltr'><strong>et</strong></span> <span class='ocrx_word' id='word_1_101' title='bbox 585 1509 984 1564; x_wconf 77' lang='lat' dir='ltr'><strong>extremitatem</strong></span> <span class='ocrx_word' id='word_1_102' title='bbox 1017 1510 1203 1578; x_wconf 81' lang='lat' dir='ltr'><strong>diligat</strong></span> <span class='ocrx_word' id='word_1_103' title='bbox 1237 1513 1550 1565; x_wconf 81' lang='lat' dir='ltr'><strong>monachus.</strong></span> <span class='ocrx_word' id='word_1_104' title='bbox 1589 1511 1884 1580; x_wconf 90' lang='lat' dir='ltr'><strong>Septimus,</strong></span> <span class='ocrx_word' id='word_1_105' title='bbox 1907 1523 1964 1566; x_wconf 90' lang='lat' dir='ltr'><strong>ut</strong></span> <span class='ocrx_word' id='word_1_106' title='bbox 1995 1515 2079 1567; x_wconf 92' lang='lat' dir='ltr'><strong>in-</strong></span> 
     </span>
    </p>
   </div>
   <div class='ocr_carea' id='block_1_17' title="bbox 502 1601 2072 1673">
    <p class='ocr_par' dir='ltr' id='par_1_17' title="bbox 502 1601 2072 1673">
     <span class='ocr_line' id='line_1_17' title="bbox 502 1601 2072 1673; baseline 0.002 -18"><span class='ocrx_word' id='word_1_107' title='bbox 502 1601 757 1656; x_wconf 88' lang='lat' dir='ltr'><strong>feriorem</strong></span> <span class='ocrx_word' id='word_1_108' title='bbox 808 1616 867 1656; x_wconf 88' lang='lat' dir='ltr'><strong>se</strong></span> <span class='ocrx_word' id='word_1_109' title='bbox 913 1611 967 1655; x_wconf 89' lang='lat' dir='ltr'><strong>et</strong></span> <span class='ocrx_word' id='word_1_110' title='bbox 1007 1602 1252 1656; x_wconf 84' lang='lat' dir='ltr'><strong>viliorem</strong></span> <span class='ocrx_word' id='word_1_111' title='bbox 1299 1603 1510 1658; x_wconf 71' lang='lat' dir='ltr'><strong>caeteris</strong></span> <span class='ocrx_word' id='word_1_112' title='bbox 1557 1605 1855 1673; x_wconf 84' lang='lat' dir='ltr'><strong>proclamet</strong></span> <span class='ocrx_word' id='word_1_113' title='bbox 1901 1620 2032 1659; x_wconf 87' lang='lat' dir='ltr'><strong>voce</strong></span> <span class='ocrx_word' id='word_1_114' title='bbox 2058 1645 2072 1670; x_wconf 94' lang='lat'><strong>,</strong></span> 
     </span>
    </p>
   </div>
   <div class='ocr_carea' id='block_1_18' title="bbox 500 1691 2075 1762">
    <p class='ocr_par' dir='ltr' id='par_1_18' title="bbox 500 1691 2075 1762">
     <span class='ocr_line' id='line_1_18' title="bbox 500 1691 2075 1762; baseline 0.001 -16"><span class='ocrx_word' id='word_1_115' title='bbox 500 1692 684 1746; x_wconf 84' lang='lat' dir='ltr'><strong>credat</strong></span> <span class='ocrx_word' id='word_1_116' title='bbox 712 1691 894 1756; x_wconf 91' lang='lat' dir='ltr'><strong>corde,</strong></span> <span class='ocrx_word' id='word_1_117' title='bbox 929 1694 1177 1750; x_wconf 83' lang='lat' dir='ltr'><strong>ostendat</strong></span> <span class='ocrx_word' id='word_1_118' title='bbox 1219 1702 1275 1747; x_wconf 89' lang='lat' dir='ltr'><strong>et</strong></span> <span class='ocrx_word' id='word_1_119' title='bbox 1319 1707 1501 1762; x_wconf 88' lang='lat' dir='ltr'><strong>opere.</strong></span> <span class='ocrx_word' id='word_1_120' title='bbox 1543 1692 1809 1760; x_wconf 82' lang='lat' dir='ltr'><strong>Octavus,</strong></span> <span class='ocrx_word' id='word_1_121' title='bbox 1836 1703 1897 1748; x_wconf 90' lang='lat' dir='ltr'><strong>ut</strong></span> <span class='ocrx_word' id='word_1_122' title='bbox 1939 1695 2075 1749; x_wconf 79' lang='lat' dir='ltr'><strong>nihil</strong></span> 
     </span>
    </p>
   </div>
   <div class='ocr_carea' id='block_1_19' title="bbox 2191 512 3776 587">
    <p class='ocr_par' dir='ltr' id='par_1_19' title="bbox 2191 512 3776 587">
     <span class='ocr_line' id='line_1_19' title="bbox 2191 512 3776 587; baseline 0.006 -24"><span class='ocrx_word' id='word_1_123' title='bbox 2191 526 2220 563; x_wconf 90' lang='lat' dir='ltr'><strong>a</strong></span> <span class='ocrx_word' id='word_1_124' title='bbox 2249 525 2439 565; x_wconf 79' lang='lat' dir='ltr'><strong>sonuio</strong></span> <span class='ocrx_word' id='word_1_125' title='bbox 2481 512 2679 567; x_wconf 81' lang='lat' dir='ltr'><strong>fratres</strong></span> <span class='ocrx_word' id='word_1_126' title='bbox 2717 515 2964 583; x_wconf 76' lang='lat' dir='ltr'><strong>vigilanti</strong></span> <span class='ocrx_word' id='word_1_127' title='bbox 2988 526 3044 568; x_wconf 85' lang='lat' dir='ltr'><strong>et</strong></span> <span class='ocrx_word' id='word_1_128' title='bbox 3069 515 3278 584; x_wconf 79' lang='lat' dir='ltr'><strong>digesto</strong></span> <span class='ocrx_word' id='word_1_129' title='bbox 3314 531 3481 571; x_wconf 73' lang='lat' dir='ltr'><strong>sensu</strong></span> <span class='ocrx_word' id='word_1_130' title='bbox 3503 532 3641 587; x_wconf 88' lang='lat' dir='ltr'><strong>opus</strong></span> <span class='ocrx_word' id='word_1_131' title='bbox 3680 519 3776 573; x_wconf 76' lang='lat' dir='ltr'><strong>Dei</strong></span> 
     </span>
    </p>
   </div>
   <div class='ocr_carea' id='block_1_20' title="bbox 2189 601 3768 676">
    <p class='ocr_par' dir='ltr' id='par_1_20' title="bbox 2189 601 3768 676">
     <span class='ocr_line' id='line_1_20' title="bbox 2189 601 3768 676; baseline 0.006 -22"><span class='ocrx_word' id='word_1_132' title='bbox 2189 601 2365 655; x_wconf 85' lang='lat' dir='ltr'><strong>sobrie</strong></span> <span class='ocrx_word' id='word_1_133' title='bbox 2387 603 2704 672; x_wconf 85' lang='lat' dir='ltr'><strong>compleant,</strong></span> <span class='ocrx_word' id='word_1_134' title='bbox 2734 612 2789 658; x_wconf 91' lang='lat' dir='ltr'><strong>et</strong></span> <span class='ocrx_word' id='word_1_135' title='bbox 2813 605 2956 674; x_wconf 89' lang='lat' dir='ltr'><strong>quod</strong></span> <span class='ocrx_word' id='word_1_136' title='bbox 2984 605 3170 659; x_wconf 90' lang='lat' dir='ltr'><strong>dicunt</strong></span> <span class='ocrx_word' id='word_1_137' title='bbox 3206 617 3524 676; x_wconf 81' lang='lat' dir='ltr'><strong>agnoscant.</strong></span> <span class='ocrx_word' id='word_1_138' title='bbox 3551 608 3616 662; x_wconf 87' lang='lat' dir='ltr'><strong>Et</strong></span> <span class='ocrx_word' id='word_1_139' title='bbox 3647 610 3768 664; x_wconf 78' lang='lat' dir='ltr'><strong>ilco</strong></span> 
     </span>
    </p>
   </div>
   <div class='ocr_carea' id='block_1_21' title="bbox 2187 691 3768 767">
    <p class='ocr_par' dir='ltr' id='par_1_21' title="bbox 2187 691 3768 767">
     <span class='ocr_line' id='line_1_21' title="bbox 2187 691 3768 767; baseline 0.005 -23"><span class='ocrx_word' id='word_1_140' title='bbox 2187 691 2529 746; x_wconf 69' lang='lat' dir='ltr'><strong>inter-Vallum</strong></span> <span class='ocrx_word' id='word_1_141' title='bbox 2558 695 2793 762; x_wconf 86' lang='lat' dir='ltr'><strong>ponitur,</strong></span> <span class='ocrx_word' id='word_1_142' title='bbox 2821 705 2876 748; x_wconf 86' lang='lat' dir='ltr'><strong>ut</strong></span> <span class='ocrx_word' id='word_1_143' title='bbox 2906 694 3115 764; x_wconf 80' lang='lat' dir='ltr'><strong>prolixa</strong></span> <span class='ocrx_word' id='word_1_144' title='bbox 3136 705 3296 751; x_wconf 88' lang='lat' dir='ltr'><strong>nocte</strong></span> <span class='ocrx_word' id='word_1_145' title='bbox 3321 698 3498 751; x_wconf 80' lang='lat' dir='ltr'><strong>somni</strong></span> <span class='ocrx_word' id='word_1_146' title='bbox 3526 701 3768 767; x_wconf 80' lang='lat' dir='ltr'><strong>gravitas</strong></span> 
     </span>
    </p>
   </div>
   <div class='ocr_carea' id='block_1_22' title="bbox 2187 780 3772 855">
    <p class='ocr_par' dir='ltr' id='par_1_22' title="bbox 2187 780 3772 855">
     <span class='ocr_line' id='line_1_22' title="bbox 2187 780 3772 855; baseline 0.004 -20"><span class='ocrx_word' id='word_1_147' title='bbox 2187 780 2425 846; x_wconf 79' lang='lat' dir='ltr'><strong>ﬁniatur,</strong></span> <span class='ocrx_word' id='word_1_148' title='bbox 2456 797 2525 836; x_wconf 82' lang='lat' dir='ltr'><strong>ne</strong></span> <span class='ocrx_word' id='word_1_149' title='bbox 2551 799 2673 838; x_wconf 88' lang='lat' dir='ltr'><strong>cum</strong></span> <span class='ocrx_word' id='word_1_150' title='bbox 2710 793 2836 837; x_wconf 87' lang='lat' dir='ltr'><strong>ante</strong></span> <span class='ocrx_word' id='word_1_151' title='bbox 2866 786 3133 855; x_wconf 87' lang='lat' dir='ltr'><strong>pullorum</strong></span> <span class='ocrx_word' id='word_1_152' title='bbox 3168 794 3384 840; x_wconf 85' lang='lat' dir='ltr'><strong>cantum</strong></span> <span class='ocrx_word' id='word_1_153' title='bbox 3419 787 3473 840; x_wconf 90' lang='lat' dir='ltr'><strong>in</strong></span> <span class='ocrx_word' id='word_1_154' title='bbox 3519 789 3772 842; x_wconf 85' lang='lat' dir='ltr'><strong>brevibus</strong></span> 
     </span>
    </p>
   </div>
   <div class='ocr_carea' id='block_1_23' title="bbox 2187 873 3772 944">
    <p class='ocr_par' dir='ltr' id='par_1_23' title="bbox 2187 873 3772 944">
     <span class='ocr_line' id='line_1_23' title="bbox 2187 873 3772 944; baseline 0.004 -19"><span class='ocrx_word' id='word_1_155' title='bbox 2187 873 2437 927; x_wconf 85' lang='lat' dir='ltr'><strong>noctibus</strong></span> <span class='ocrx_word' id='word_1_156' title='bbox 2464 875 2637 928; x_wconf 84' lang='lat' dir='ltr'><strong>coacti</strong></span> <span class='ocrx_word' id='word_1_157' title='bbox 2661 874 2863 929; x_wconf 88' lang='lat' dir='ltr'><strong>fuerint</strong></span> <span class='ocrx_word' id='word_1_158' title='bbox 2900 875 3101 931; x_wconf 80' lang='lat' dir='ltr'><strong>fratres</strong></span> <span class='ocrx_word' id='word_1_159' title='bbox 3145 891 3388 944; x_wconf 79' lang='lat' dir='ltr'><strong>surgere,</strong></span> <span class='ocrx_word' id='word_1_160' title='bbox 3415 876 3591 933; x_wconf 88' lang='lat' dir='ltr'><strong>adhuc</strong></span> <span class='ocrx_word' id='word_1_161' title='bbox 3618 879 3772 932; x_wconf 86' lang='lat' dir='ltr'><strong>crudi</strong></span> 
     </span>
    </p>
   </div>
   <div class='ocr_carea' id='block_1_24' title="bbox 2187 962 3768 1036">
    <p class='ocr_par' dir='ltr' id='par_1_24' title="bbox 2187 962 3768 1036">
     <span class='ocr_line' id='line_1_24' title="bbox 2187 962 3768 1036; baseline 0.004 -21"><span class='ocrx_word' id='word_1_162' title='bbox 2187 962 2256 1016; x_wconf 87' lang='lat' dir='ltr'><strong>ab</strong></span> <span class='ocrx_word' id='word_1_163' title='bbox 2289 963 2540 1017; x_wconf 86' lang='lat' dir='ltr'><strong>inchoato</strong></span> <span class='ocrx_word' id='word_1_164' title='bbox 2588 965 2818 1028; x_wconf 87' lang='lat' dir='ltr'><strong>somnio,</strong></span> <span class='ocrx_word' id='word_1_165' title='bbox 2849 980 2973 1020; x_wconf 88' lang='lat' dir='ltr'><strong>eum</strong></span> <span class='ocrx_word' id='word_1_166' title='bbox 3021 966 3074 1020; x_wconf 89' lang='lat' dir='ltr'><strong>in</strong></span> <span class='ocrx_word' id='word_1_167' title='bbox 3111 967 3230 1035; x_wconf 88' lang='lat' dir='ltr'><strong>ipso</strong></span> <span class='ocrx_word' id='word_1_168' title='bbox 3272 967 3472 1036; x_wconf 87' lang='lat' dir='ltr'><strong>impetu</strong></span> <span class='ocrx_word' id='word_1_169' title='bbox 3515 984 3768 1022; x_wconf 84' lang='lat' dir='ltr'><strong>venarum</strong></span> 
     </span>
    </p>
   </div>
   <div class='ocr_carea' id='block_1_25' title="bbox 2186 1052 3770 1123">
    <p class='ocr_par' dir='ltr' id='par_1_25' title="bbox 2186 1052 3770 1123">
     <span class='ocr_line' id='line_1_25' title="bbox 2186 1052 3770 1123; baseline 0.006 -20"><span class='ocrx_word' id='word_1_170' title='bbox 2186 1052 2408 1120; x_wconf 80' lang='lat' dir='ltr'><strong>sanguis</strong></span> <span class='ocrx_word' id='word_1_171' title='bbox 2443 1062 2498 1106; x_wconf 89' lang='lat' dir='ltr'><strong>et</strong></span> <span class='ocrx_word' id='word_1_172' title='bbox 2547 1054 2742 1120; x_wconf 80' lang='lat' dir='ltr'><strong>humor</strong></span> <span class='ocrx_word' id='word_1_173' title='bbox 2774 1067 2872 1123; x_wconf 84' lang='lat' dir='ltr'><strong>per</strong></span> <span class='ocrx_word' id='word_1_174' title='bbox 2901 1068 3065 1110; x_wconf 75' lang='lat' dir='ltr'><strong>venas</strong></span> <span class='ocrx_word' id='word_1_175' title='bbox 3108 1055 3378 1122; x_wconf 87' lang='lat' dir='ltr'><strong>bullescit,</strong></span> <span class='ocrx_word' id='word_1_176' title='bbox 3405 1067 3460 1112; x_wconf 87' lang='lat' dir='ltr'><strong>et</strong></span> <span class='ocrx_word' id='word_1_177' title='bbox 3485 1059 3770 1114; x_wconf 83' lang='lat' dir='ltr'><strong>harmonia</strong></span> 
     </span>
    </p>
   </div>
   <div class='ocr_carea' id='block_1_26' title="bbox 2185 1142 3770 1214">
    <p class='ocr_par' dir='ltr' id='par_1_26' title="bbox 2185 1142 3770 1214">
     <span class='ocr_line' id='line_1_26' title="bbox 2185 1142 3770 1214; baseline 0.007 -21"><span class='ocrx_word' id='word_1_178' title='bbox 2185 1142 2492 1209; x_wconf 80' lang='lat' dir='ltr'><strong>gravedinis</strong></span> <span class='ocrx_word' id='word_1_179' title='bbox 2519 1143 2762 1200; x_wconf 85' lang='lat' dir='ltr'><strong>suscitati</strong></span> <span class='ocrx_word' id='word_1_180' title='bbox 2780 1145 2953 1198; x_wconf 90' lang='lat' dir='ltr'><strong>somni</strong></span> <span class='ocrx_word' id='word_1_181' title='bbox 2976 1146 3299 1214; x_wconf 89' lang='lat' dir='ltr'><strong>discoquunt</strong></span> <span class='ocrx_word' id='word_1_182' title='bbox 3328 1149 3566 1202; x_wconf 89' lang='lat' dir='ltr'><strong>membra</strong></span> <span class='ocrx_word' id='word_1_183' title='bbox 3589 1165 3770 1204; x_wconf 81' lang='lat' dir='ltr'><strong>escam</strong></span> 
     </span>
    </p>
   </div>
   <div class='ocr_carea' id='block_1_27' title="bbox 2184 1233 3772 1319">
    <p class='ocr_par' dir='ltr' id='par_1_27' title="bbox 2184 1233 3772 1319">
     <span class='ocr_line' id='line_1_27' title="bbox 2184 1233 3772 1319; baseline 0.006 -35"><span class='ocrx_word' id='word_1_184' title='bbox 2184 1246 2344 1300; x_wconf 84' lang='lat' dir='ltr'><strong>quam</strong></span> <span class='ocrx_word' id='word_1_185' title='bbox 2373 1233 2722 1301; x_wconf 85' lang='lat' dir='ltr'><strong>sumpserint,</strong></span> <span class='ocrx_word' id='word_1_186' title='bbox 2751 1234 2806 1288; x_wconf 91' lang='lat' dir='ltr'><strong>in</strong></span> <span class='ocrx_word' id='word_1_187' title='bbox 2831 1234 2946 1303; x_wconf 88' lang='lat' dir='ltr'><strong>ipso</strong></span> <span class='ocrx_word' id='word_1_188' title='bbox 2975 1235 3151 1290; x_wconf 91' lang='lat' dir='ltr'><strong>adhuc</strong></span> <span class='ocrx_word' id='word_1_189' title='bbox 3176 1237 3375 1319; x_wconf 73' lang='lat' dir='ltr'><strong>incocti</strong></span> <span class='ocrx_word' id='word_1_190' title='bbox 3401 1239 3564 1294; x_wconf 90' lang='lat' dir='ltr'><strong>occisi</strong></span> <span class='ocrx_word' id='word_1_191' title='bbox 3589 1240 3772 1294; x_wconf 89' lang='lat' dir='ltr'><strong>incen-</strong></span> 
     </span>
    </p>
   </div>
   <div class='ocr_carea' id='block_1_28' title="bbox 2184 1325 3770 1397">
    <p class='ocr_par' dir='ltr' id='par_1_28' title="bbox 2184 1325 3770 1397">
     <span class='ocr_line' id='line_1_28' title="bbox 2184 1325 3770 1397; baseline 0.003 -20"><span class='ocrx_word' id='word_1_192' title='bbox 2184 1325 2292 1390; x_wconf 90' lang='lat' dir='ltr'><strong>dio,</strong></span> <span class='ocrx_word' id='word_1_193' title='bbox 2336 1341 2443 1380; x_wconf 90' lang='lat' dir='ltr'><strong>non</strong></span> <span class='ocrx_word' id='word_1_194' title='bbox 2491 1327 2757 1392; x_wconf 84' lang='lat' dir='ltr'><strong>suscitati,</strong></span> <span class='ocrx_word' id='word_1_195' title='bbox 2785 1329 2879 1384; x_wconf 80' lang='lat' dir='ltr'><strong>sed</strong></span> <span class='ocrx_word' id='word_1_196' title='bbox 2921 1328 3102 1397; x_wconf 85' lang='lat' dir='ltr'><strong>potius</strong></span> <span class='ocrx_word' id='word_1_197' title='bbox 3150 1329 3334 1391; x_wconf 89' lang='lat' dir='ltr'><strong>occisi,</strong></span> <span class='ocrx_word' id='word_1_198' title='bbox 3367 1344 3489 1383; x_wconf 85' lang='lat' dir='ltr'><strong>cum</strong></span> <span class='ocrx_word' id='word_1_199' title='bbox 3531 1330 3770 1384; x_wconf 88' lang='lat' dir='ltr'><strong>inchoati</strong></span> 
     </span>
    </p>
   </div>
   <div class='ocr_carea' id='block_1_29' title="bbox 2183 1415 3770 1490">
    <p class='ocr_par' dir='ltr' id='par_1_29' title="bbox 2183 1415 3770 1490">
     <span class='ocr_line' id='line_1_29' title="bbox 2183 1415 3770 1490; baseline 0.004 -20"><span class='ocrx_word' id='word_1_200' title='bbox 2183 1415 2386 1471; x_wconf 86' lang='lat' dir='ltr'><strong>fuerint</strong></span> <span class='ocrx_word' id='word_1_201' title='bbox 2411 1417 2610 1474; x_wconf 84' lang='lat' dir='ltr'><strong>fratres</strong></span> <span class='ocrx_word' id='word_1_202' title='bbox 2636 1435 2878 1490; x_wconf 76' lang='lat' dir='ltr'><strong>surgere,</strong></span> <span class='ocrx_word' id='word_1_203' title='bbox 2906 1420 3058 1489; x_wconf 88' lang='lat' dir='ltr'><strong>gravi</strong></span> <span class='ocrx_word' id='word_1_204' title='bbox 3105 1420 3287 1475; x_wconf 89' lang='lat' dir='ltr'><strong>adhuc</strong></span> <span class='ocrx_word' id='word_1_205' title='bbox 3322 1423 3499 1490; x_wconf 87' lang='lat' dir='ltr'><strong>capite</strong></span> <span class='ocrx_word' id='word_1_206' title='bbox 3527 1432 3581 1476; x_wconf 92' lang='lat' dir='ltr'><strong>et</strong></span> <span class='ocrx_word' id='word_1_207' title='bbox 3628 1424 3770 1477; x_wconf 88' lang='lat' dir='ltr'><strong>indi-</strong></span> 
     </span>
    </p>
   </div>
   <div class='ocr_carea' id='block_1_30' title="bbox 2182 1506 3766 1578">
    <p class='ocr_par' dir='ltr' id='par_1_30' title="bbox 2182 1506 3766 1578">
     <span class='ocr_line' id='line_1_30' title="bbox 2182 1506 3766 1578; baseline 0.005 -19"><span class='ocrx_word' id='word_1_208' title='bbox 2182 1506 2318 1577; x_wconf 84' lang='lat' dir='ltr'><strong>gesti</strong></span> <span class='ocrx_word' id='word_1_209' title='bbox 2340 1516 2516 1572; x_wconf 91' lang='lat' dir='ltr'><strong>ructu,</strong></span> <span class='ocrx_word' id='word_1_210' title='bbox 2541 1507 2800 1578; x_wconf 74' lang='lat' dir='ltr'><strong>effugient</strong></span> <span class='ocrx_word' id='word_1_211' title='bbox 2825 1508 3063 1578; x_wconf 86' lang='lat' dir='ltr'><strong>Spiritus</strong></span> <span class='ocrx_word' id='word_1_212' title='bbox 3084 1510 3258 1564; x_wconf 86' lang='lat' dir='ltr'><strong>sancti</strong></span> <span class='ocrx_word' id='word_1_213' title='bbox 3282 1510 3631 1565; x_wconf 84' lang='lat' dir='ltr'><strong>charismata.</strong></span> <span class='ocrx_word' id='word_1_214' title='bbox 3663 1511 3766 1568; x_wconf 87' lang='lat' dir='ltr'><strong>Se-</strong></span> 
     </span>
    </p>
   </div>
   <div class='ocr_carea' id='block_1_31' title="bbox 2183 1596 2407 1665">
    <p class='ocr_par' dir='ltr' id='par_1_31' title="bbox 2183 1596 2407 1665">
     <span class='ocr_line' id='line_1_31' title="bbox 2183 1596 2407 1665; baseline 0.009 -16"><span class='ocrx_word' id='word_1_215' title='bbox 2183 1596 2370 1665; x_wconf 82' lang='lat' dir='ltr'><strong>quitur</strong></span> <span class='ocrx_word' id='word_1_216' title='bbox 2392 1614 2407 1651; x_wconf 91' lang='lat'><strong>:</strong></span> 
     </span>
    </p>
   </div>
   <div class='ocr_carea' id='block_1_32' title="bbox 2251 1686 3768 1764">
    <p class='ocr_par' dir='ltr' id='par_1_32' title="bbox 2251 1686 3768 1764">
     <span class='ocr_line' id='line_1_32' title="bbox 2251 1686 3768 1764; baseline 0.005 -25"><span class='ocrx_word' id='word_1_217' title='bbox 2251 1686 2406 1751; x_wconf 77' lang='lat' dir='ltr'><strong>Quod</strong></span> <span class='ocrx_word' id='word_1_218' title='bbox 2435 1705 2552 1743; x_wconf 71' lang='lat' dir='ltr'><strong>vero</strong></span> <span class='ocrx_word' id='word_1_219' title='bbox 2583 1697 2742 1743; x_wconf 84' lang='lat' dir='ltr'><strong>restat</strong></span> <span class='ocrx_word' id='word_1_220' title='bbox 2767 1698 2882 1759; x_wconf 90' lang='lat' dir='ltr'><strong>post</strong></span> <span class='ocrx_word' id='word_1_221' title='bbox 2911 1689 3140 1761; x_wconf 69' lang='lat' dir='ltr'><strong>vigilias,</strong></span> <span class='ocrx_word' id='word_1_222' title='bbox 3168 1707 3202 1746; x_wconf 88' lang='lat' dir='ltr'><strong>a</strong></span> <span class='ocrx_word' id='word_1_223' title='bbox 3231 1690 3489 1761; x_wconf 80' lang='lat' dir='ltr'><strong>fratribus</strong></span> <span class='ocrx_word' id='word_1_224' title='bbox 3518 1693 3608 1764; x_wconf 83' lang='lat' dir='ltr'><strong>qui</strong></span> <span class='ocrx_word' id='word_1_225' title='bbox 3627 1693 3768 1762; x_wconf 87' lang='lat' dir='ltr'><strong>psal-</strong></span> 
     </span>
    </p>
   </div>
   <div class='ocr_carea' id='block_1_33' title="bbox 498 1777 3769 1856">
    <p class='ocr_par' dir='ltr' id='par_1_33' title="bbox 498 1777 3769 1856">
     <span class='ocr_line' id='line_1_33' title="bbox 498 1777 3769 1856; baseline 0.003 -25"><span class='ocrx_word' id='word_1_226' title='bbox 498 1791 622 1852; x_wconf 75' lang='lat' dir='ltr'><strong>agat</strong></span> <span class='ocrx_word' id='word_1_227' title='bbox 659 1784 986 1846; x_wconf 83' lang='lat' dir='ltr'><strong>monachus,</strong></span> <span class='ocrx_word' id='word_1_228' title='bbox 1020 1784 1122 1837; x_wconf 83' lang='lat' dir='ltr'><strong>nisi</strong></span> <span class='ocrx_word' id='word_1_229' title='bbox 1157 1785 1300 1853; x_wconf 78' lang='lat' dir='ltr'><strong>quod</strong></span> <span class='ocrx_word' id='word_1_230' title='bbox 1332 1785 1636 1840; x_wconf 81' lang='lat' dir='ltr'><strong>communis</strong></span> <span class='ocrx_word' id='word_1_231' title='bbox 1661 1785 1841 1856; x_wconf 67' lang='lat' dir='ltr'><strong>regula</strong></span> <span class='ocrx_word' id='word_1_232' title='bbox 1868 1795 1923 1840; x_wconf 74' lang='lat' dir='ltr'><strong>et</strong></span> <span class='ocrx_word' id='word_1_233' title='bbox 1955 1800 2074 1839; x_wconf 70' lang='lat' dir='ltr'><strong>nn-</strong></span> <span class='ocrx_word' id='word_1_234' title='bbox 2106 1791 2151 1849; x_wconf 79' lang='grc' dir='ltr'><strong>Β</strong></span> <span class='ocrx_word' id='word_1_235' title='bbox 2179 1779 2297 1832; x_wconf 87' lang='lat' dir='ltr'><strong>terii</strong></span> <span class='ocrx_word' id='word_1_236' title='bbox 2319 1777 2397 1832; x_wconf 78' lang='lat' dir='ltr'><strong>vel</strong></span> <span class='ocrx_word' id='word_1_237' title='bbox 2423 1778 2706 1833; x_wconf 84' lang='lat' dir='ltr'><strong>lectionum</strong></span> <span class='ocrx_word' id='word_1_238' title='bbox 2734 1781 2937 1852; x_wconf 86' lang='lat' dir='ltr'><strong>aliquid</strong></span> <span class='ocrx_word' id='word_1_239' title='bbox 2961 1781 3216 1852; x_wconf 83' lang='lat' dir='ltr'><strong>indigent,</strong></span> <span class='ocrx_word' id='word_1_240' title='bbox 3242 1781 3572 1837; x_wconf 82' lang='lat' dir='ltr'><strong>meditationi</strong></span> <span class='ocrx_word' id='word_1_241' title='bbox 3601 1785 3769 1839; x_wconf 86' lang='lat' dir='ltr'><strong>inser-</strong></span> 
     </span>
    </p>
   </div>
   <div class='ocr_carea' id='block_1_34' title="bbox 491 1873 2073 1945">
    <p class='ocr_par' dir='ltr' id='par_1_34' title="bbox 491 1873 2073 1945">
     <span class='ocr_line' id='line_1_34' title="bbox 491 1873 2073 1945; baseline 0.001 -19"><span class='ocrx_word' id='word_1_242' title='bbox 491 1873 670 1943; x_wconf 81' lang='lat' dir='ltr'><strong>jorum</strong></span> <span class='ocrx_word' id='word_1_243' title='bbox 703 1875 1060 1927; x_wconf 88' lang='lat' dir='ltr'><strong>cohortantur</strong></span> <span class='ocrx_word' id='word_1_244' title='bbox 1098 1873 1363 1943; x_wconf 77' lang='lat' dir='ltr'><strong>exempla.</strong></span> <span class='ocrx_word' id='word_1_245' title='bbox 1415 1873 1619 1940; x_wconf 85' lang='lat' dir='ltr'><strong>Nonus,</strong></span> <span class='ocrx_word' id='word_1_246' title='bbox 1652 1876 1699 1930; x_wconf 89' lang='lat' dir='ltr'><strong>si</strong></span> <span class='ocrx_word' id='word_1_247' title='bbox 1742 1875 1977 1945; x_wconf 75' lang='lat' dir='ltr'><strong>linguam</strong></span> <span class='ocrx_word' id='word_1_248' title='bbox 2003 1875 2073 1928; x_wconf 88' lang='lat' dir='ltr'><strong>ad</strong></span> 
     </span>
    </p>
   </div>
   <div class='ocr_carea' id='block_1_35' title="bbox 495 1965 2071 2036">
    <p class='ocr_par' dir='ltr' id='par_1_35' title="bbox 495 1965 2071 2036">
     <span class='ocr_line' id='line_1_35' title="bbox 495 1965 2071 2036; baseline 0 -17"><span class='ocrx_word' id='word_1_249' title='bbox 495 1965 820 2036; x_wconf 84' lang='lat' dir='ltr'><strong>loquendum</strong></span> <span class='ocrx_word' id='word_1_250' title='bbox 869 1965 1156 2034; x_wconf 88' lang='lat' dir='ltr'><strong>prohibeat</strong></span> <span class='ocrx_word' id='word_1_251' title='bbox 1205 1967 1520 2020; x_wconf 87' lang='lat' dir='ltr'><strong>monachus.</strong></span> <span class='ocrx_word' id='word_1_252' title='bbox 1560 1967 1842 2031; x_wconf 80' lang='lat' dir='ltr'><strong>Decimus,</strong></span> <span class='ocrx_word' id='word_1_253' title='bbox 1886 1967 1931 2019; x_wconf 84' lang='lat' dir='ltr'><strong>si</strong></span> <span class='ocrx_word' id='word_1_254' title='bbox 1967 1981 2071 2019; x_wconf 84' lang='lat' dir='ltr'><strong>non</strong></span> 
     </span>
    </p>
   </div>
   <div class='ocr_carea' id='block_1_36' title="bbox 493 2053 2074 2124">
    <p class='ocr_par' dir='ltr' id='par_1_36' title="bbox 493 2053 2074 2124">
     <span class='ocr_line' id='line_1_36' title="bbox 493 2053 2074 2124; baseline -0.001 -14"><span class='ocrx_word' id='word_1_255' title='bbox 493 2056 566 2110; x_wconf 85' lang='lat' dir='ltr'><strong>sit</strong></span> <span class='ocrx_word' id='word_1_256' title='bbox 593 2054 769 2109; x_wconf 85' lang='lat' dir='ltr'><strong>facilis</strong></span> <span class='ocrx_word' id='word_1_257' title='bbox 799 2055 855 2108; x_wconf 89' lang='lat' dir='ltr'><strong>in</strong></span> <span class='ocrx_word' id='word_1_258' title='bbox 887 2055 1020 2108; x_wconf 88' lang='lat' dir='ltr'><strong>risu.</strong></span> <span class='ocrx_word' id='word_1_259' title='bbox 1058 2053 1405 2119; x_wconf 87' lang='lat' dir='ltr'><strong>Undecimus,</strong></span> <span class='ocrx_word' id='word_1_260' title='bbox 1445 2055 1488 2108; x_wconf 87' lang='lat' dir='ltr'><strong>si</strong></span> <span class='ocrx_word' id='word_1_261' title='bbox 1520 2054 1713 2109; x_wconf 81' lang='lat' dir='ltr'><strong>leniter</strong></span> <span class='ocrx_word' id='word_1_262' title='bbox 1746 2055 1997 2124; x_wconf 83' lang='lat' dir='ltr'><strong>loquatur</strong></span> <span class='ocrx_word' id='word_1_263' title='bbox 2018 2063 2074 2108; x_wconf 87' lang='lat' dir='ltr'><strong>et</strong></span> 
     </span>
    </p>
   </div>
   <div class='ocr_carea' id='block_1_37' title="bbox 493 2145 2069 2210">
    <p class='ocr_par' dir='ltr' id='par_1_37' title="bbox 493 2145 2069 2210">
     <span class='ocr_line' id='line_1_37' title="bbox 493 2145 2069 2210; baseline -0.001 -9"><span class='ocrx_word' id='word_1_264' title='bbox 493 2148 611 2202; x_wconf 83' lang='lat' dir='ltr'><strong>sine</strong></span> <span class='ocrx_word' id='word_1_265' title='bbox 640 2147 771 2202; x_wconf 87' lang='lat' dir='ltr'><strong>risu.</strong></span> <span class='ocrx_word' id='word_1_266' title='bbox 800 2145 1180 2210; x_wconf 87' lang='lat' dir='ltr'><strong>Duodecimus,</strong></span> <span class='ocrx_word' id='word_1_267' title='bbox 1205 2154 1266 2199; x_wconf 85' lang='lat' dir='ltr'><strong>ut</strong></span> <span class='ocrx_word' id='word_1_268' title='bbox 1288 2145 1341 2199; x_wconf 89' lang='lat' dir='ltr'><strong>in</strong></span> <span class='ocrx_word' id='word_1_269' title='bbox 1381 2147 1529 2200; x_wconf 89' lang='lat' dir='ltr'><strong>omni</strong></span> <span class='ocrx_word' id='word_1_270' title='bbox 1558 2145 1676 2200; x_wconf 88' lang='lat' dir='ltr'><strong>loco</strong></span> <span class='ocrx_word' id='word_1_271' title='bbox 1708 2146 2069 2199; x_wconf 82' lang='lat' dir='ltr'><strong>humilitatem</strong></span> 
     </span>
    </p>
   </div>
   <div class='ocr_carea' id='block_1_38' title="bbox 493 2237 2066 2306">
    <p class='ocr_par' dir='ltr' id='par_1_38' title="bbox 493 2237 2066 2306">
     <span class='ocr_line' id='line_1_38' title="bbox 493 2237 2066 2306; baseline -0.001 -13"><span class='ocrx_word' id='word_1_272' title='bbox 493 2237 748 2293; x_wconf 82' lang='lat' dir='ltr'><strong>omnibus</strong></span> <span class='ocrx_word' id='word_1_273' title='bbox 774 2240 939 2293; x_wconf 83' lang='lat' dir='ltr'><strong>corde</strong></span> <span class='ocrx_word' id='word_1_274' title='bbox 983 2243 1039 2290; x_wconf 87' lang='lat' dir='ltr'><strong>et</strong></span> <span class='ocrx_word' id='word_1_275' title='bbox 1077 2250 1245 2306; x_wconf 85' lang='lat' dir='ltr'><strong>opere</strong></span> <span class='ocrx_word' id='word_1_276' title='bbox 1289 2238 1622 2292; x_wconf 78' lang='lat' dir='ltr'><strong>demonstret</strong></span> <span class='ocrx_word' id='word_1_277' title='bbox 1652 2253 1710 2292; x_wconf 88' lang='lat' dir='ltr'><strong>se</strong></span> <span class='ocrx_word' id='word_1_278' title='bbox 1736 2237 2066 2292; x_wconf 85' lang='lat' dir='ltr'><strong>videntibus.</strong></span> 
     </span>
    </p>
   </div>
   <div class='ocr_carea' id='block_1_39' title="bbox 492 2327 2070 2398">
    <p class='ocr_par' dir='ltr' id='par_1_39' title="bbox 492 2327 2070 2398">
     <span class='ocr_line' id='line_1_39' title="bbox 492 2327 2070 2398; baseline 0.001 -17"><span class='ocrx_word' id='word_1_279' title='bbox 492 2327 588 2382; x_wconf 84' lang='lat' dir='ltr'><strong>llis</strong></span> <span class='ocrx_word' id='word_1_280' title='bbox 611 2327 754 2382; x_wconf 88' lang='lat' dir='ltr'><strong>enim</strong></span> <span class='ocrx_word' id='word_1_281' title='bbox 783 2327 1034 2382; x_wconf 80' lang='lat' dir='ltr'><strong>omnibus</strong></span> <span class='ocrx_word' id='word_1_282' title='bbox 1063 2327 1386 2381; x_wconf 81' lang='lat' dir='ltr'><strong>humilitatis</strong></span> <span class='ocrx_word' id='word_1_283' title='bbox 1418 2328 1657 2382; x_wconf 83' lang='lat' dir='ltr'><strong>ascensis</strong></span> <span class='ocrx_word' id='word_1_284' title='bbox 1686 2329 1966 2398; x_wconf 76' lang='lat' dir='ltr'><strong>gradibus,</strong></span> <span class='ocrx_word' id='word_1_285' title='bbox 2000 2329 2070 2383; x_wconf 90' lang='lat' dir='ltr'><strong>ad</strong></span> 
     </span>
    </p>
   </div>
   <div class='ocr_carea' id='block_1_40' title="bbox 489 2415 2066 2487">
    <p class='ocr_par' dir='ltr' id='par_1_40' title="bbox 489 2415 2066 2487">
     <span class='ocr_line' id='line_1_40' title="bbox 489 2415 2066 2487; baseline 0.003 -18"><span class='ocrx_word' id='word_1_286' title='bbox 489 2419 754 2473; x_wconf 83' lang='lat' dir='ltr'><strong>visionem</strong></span> <span class='ocrx_word' id='word_1_287' title='bbox 803 2416 1199 2487; x_wconf 86' lang='lat' dir='ltr'><strong>Omnipotentis</strong></span> <span class='ocrx_word' id='word_1_288' title='bbox 1237 2415 1468 2472; x_wconf 87' lang='lat' dir='ltr'><strong>feliciter</strong></span> <span class='ocrx_word' id='word_1_289' title='bbox 1515 2417 1696 2471; x_wconf 82' lang='lat' dir='ltr'><strong>veniet</strong></span> <span class='ocrx_word' id='word_1_290' title='bbox 1739 2418 2066 2481; x_wconf 85' lang='lat' dir='ltr'><strong>monachus,</strong></span> 
     </span>
    </p>
   </div>
   <div class='ocr_carea' id='block_1_41' title="bbox 490 2504 2069 2574">
    <p class='ocr_par' dir='ltr' id='par_1_41' title="bbox 490 2504 2069 2574">
     <span class='ocr_line' id='line_1_41' title="bbox 490 2504 2069 2574; baseline 0.003 -15"><span class='ocrx_word' id='word_1_291' title='bbox 490 2506 580 2559; x_wconf 90' lang='lat' dir='ltr'><strong>ubi</strong></span> <span class='ocrx_word' id='word_1_292' title='bbox 613 2521 735 2560; x_wconf 90' lang='lat' dir='ltr'><strong>cum</strong></span> <span class='ocrx_word' id='word_1_293' title='bbox 766 2520 864 2560; x_wconf 91' lang='lat' dir='ltr'><strong>suo</strong></span> <span class='ocrx_word' id='word_1_294' title='bbox 889 2504 1118 2559; x_wconf 89' lang='lat' dir='ltr'><strong>Domino</strong></span> <span class='ocrx_word' id='word_1_295' title='bbox 1147 2504 1288 2560; x_wconf 85' lang='lat' dir='ltr'><strong>felici</strong></span> <span class='ocrx_word' id='word_1_296' title='bbox 1336 2504 1549 2558; x_wconf 85' lang='lat' dir='ltr'><strong>fruatur</strong></span> <span class='ocrx_word' id='word_1_297' title='bbox 1575 2505 1800 2574; x_wconf 83' lang='lat' dir='ltr'><strong>gaudio,</strong></span> <span class='ocrx_word' id='word_1_298' title='bbox 1829 2507 1970 2574; x_wconf 90' lang='lat' dir='ltr'><strong>quod</strong></span> <span class='ocrx_word' id='word_1_299' title='bbox 2013 2507 2069 2563; x_wconf 88' lang='lat' dir='ltr'><strong>in</strong></span> 
     </span>
    </p>
   </div>
   <div class='ocr_carea' id='block_1_42' title="bbox 488 2595 2068 2666">
    <p class='ocr_par' dir='ltr' id='par_1_42' title="bbox 488 2595 2068 2666">
     <span class='ocr_line' id='line_1_42' title="bbox 488 2595 2068 2666; baseline 0.001 -15"><span class='ocrx_word' id='word_1_300' title='bbox 488 2598 877 2666; x_wconf 85' lang='lat' dir='ltr'><strong>sempiternum</strong></span> <span class='ocrx_word' id='word_1_301' title='bbox 917 2612 1026 2650; x_wconf 85' lang='lat' dir='ltr'><strong>non</strong></span> <span class='ocrx_word' id='word_1_302' title='bbox 1070 2595 1349 2651; x_wconf 68' lang='lat' dir='ltr'><strong>auferetur</strong></span> <span class='ocrx_word' id='word_1_303' title='bbox 1373 2597 1443 2651; x_wconf 81' lang='lat' dir='ltr'><strong>ab</strong></span> <span class='ocrx_word' id='word_1_304' title='bbox 1469 2611 1553 2651; x_wconf 91' lang='lat' dir='ltr'><strong>eo.</strong></span> <span class='ocrx_word' id='word_1_305' title='bbox 1604 2595 1762 2650; x_wconf 85' lang='lat' dir='ltr'><strong>Ibunt</strong></span> <span class='ocrx_word' id='word_1_306' title='bbox 1809 2599 1953 2651; x_wconf 91' lang='lat' dir='ltr'><strong>enim</strong></span> <span class='ocrx_word' id='word_1_307' title='bbox 2001 2599 2068 2653; x_wconf 92' lang='lat' dir='ltr'><strong>de</strong></span> 
     </span>
    </p>
   </div>
   <div class='ocr_carea' id='block_1_43' title="bbox 487 2685 2066 2760">
    <p class='ocr_par' dir='ltr' id='par_1_43' title="bbox 487 2685 2066 2760">
     <span class='ocr_line' id='line_1_43' title="bbox 487 2685 2066 2760; baseline 0.002 -21"><span class='ocrx_word' id='word_1_308' title='bbox 487 2685 688 2741; x_wconf 89' lang='lat' dir='ltr'><strong>virtute</strong></span> <span class='ocrx_word' id='word_1_309' title='bbox 736 2687 790 2740; x_wconf 84' lang='lat' dir='ltr'><strong>in</strong></span> <span class='ocrx_word' id='word_1_310' title='bbox 820 2687 1096 2752; x_wconf 81' lang='lat' dir='ltr'><strong>virtutem,</strong></span> <span class='ocrx_word' id='word_1_311' title='bbox 1129 2687 1183 2742; x_wconf 87' lang='lat' dir='ltr'><strong>id</strong></span> <span class='ocrx_word' id='word_1_312' title='bbox 1223 2695 1309 2741; x_wconf 88' lang='lat' dir='ltr'><strong>est</strong></span> <span class='ocrx_word' id='word_1_313' title='bbox 1355 2687 1423 2742; x_wconf 90' lang='lat' dir='ltr'><strong>de</strong></span> <span class='ocrx_word' id='word_1_314' title='bbox 1467 2702 1576 2741; x_wconf 82' lang='lat' dir='ltr'><strong>uno</strong></span> <span class='ocrx_word' id='word_1_315' title='bbox 1627 2687 1845 2742; x_wconf 83' lang='lat' dir='ltr'><strong>virtutis</strong></span> <span class='ocrx_word' id='word_1_316' title='bbox 1895 2689 2066 2760; x_wconf 88' lang='lat' dir='ltr'><strong>gradu</strong></span> 
     </span>
    </p>
   </div>
   <div class='ocr_carea' id='block_1_44' title="bbox 487 2779 2068 2844">
    <p class='ocr_par' dir='ltr' id='par_1_44' title="bbox 487 2779 2068 2844">
     <span class='ocr_line' id='line_1_44' title="bbox 487 2779 2068 2844; baseline 0.003 -13"><span class='ocrx_word' id='word_1_317' title='bbox 487 2779 789 2833; x_wconf 80' lang='lat' dir='ltr'><strong>ascendunt</strong></span> <span class='ocrx_word' id='word_1_318' title='bbox 817 2779 870 2832; x_wconf 91' lang='lat' dir='ltr'><strong>in</strong></span> <span class='ocrx_word' id='word_1_319' title='bbox 898 2779 1096 2844; x_wconf 80' lang='lat' dir='ltr'><strong>alium;</strong></span> <span class='ocrx_word' id='word_1_320' title='bbox 1129 2787 1186 2834; x_wconf 90' lang='lat' dir='ltr'><strong>et</strong></span> <span class='ocrx_word' id='word_1_321' title='bbox 1227 2780 1308 2835; x_wconf 89' lang='lat' dir='ltr'><strong>sic</strong></span> <span class='ocrx_word' id='word_1_322' title='bbox 1341 2779 1510 2834; x_wconf 86' lang='lat' dir='ltr'><strong>Deum</strong></span> <span class='ocrx_word' id='word_1_323' title='bbox 1541 2781 1764 2834; x_wconf 89' lang='lat' dir='ltr'><strong>deorum</strong></span> <span class='ocrx_word' id='word_1_324' title='bbox 1809 2780 2068 2837; x_wconf 86' lang='lat' dir='ltr'><strong>videbunt</strong></span> 
     </span>
    </p>
   </div>
   <div class='ocr_carea' id='block_1_45' title="bbox 489 2868 2068 2928">
    <p class='ocr_par' dir='ltr' id='par_1_45' title="bbox 489 2868 2068 2928">
     <span class='ocr_line' id='line_1_45' title="bbox 489 2868 2068 2928; baseline 0.003 -5"><span class='ocrx_word' id='word_1_325' title='bbox 489 2868 546 2923; x_wconf 89' lang='lat' dir='ltr'><strong>in</strong></span> <span class='ocrx_word' id='word_1_326' title='bbox 593 2869 724 2924; x_wconf 84' lang='lat' dir='ltr'><strong>Sion</strong></span> <span class='ocrx_word' id='word_1_327' title='bbox 775 2878 832 2926; x_wconf 91' lang='lat' dir='ltr'><strong>et</strong></span> <span class='ocrx_word' id='word_1_328' title='bbox 875 2869 1173 2926; x_wconf 73' lang='lat' dir='ltr'><strong>Jerusalem</strong></span> <span class='ocrx_word' id='word_1_329' title='bbox 1215 2871 1428 2927; x_wconf 72' lang='lat' dir='ltr'><strong>cmlesti</strong></span> <span class='ocrx_word' id='word_1_330' title='bbox 1472 2887 1594 2926; x_wconf 89' lang='lat' dir='ltr'><strong>cum</strong></span> <span class='ocrx_word' id='word_1_331' title='bbox 1631 2871 1962 2928; x_wconf 87' lang='lat' dir='ltr'><strong>exaltatione</strong></span> <span class='ocrx_word' id='word_1_332' title='bbox 2011 2880 2068 2928; x_wconf 87' lang='lat' dir='ltr'><strong>et</strong></span> 
     </span>
    </p>
   </div>
   <div class='ocr_carea' id='block_1_46' title="bbox 486 2963 1114 3033">
    <p class='ocr_par' dir='ltr' id='par_1_46' title="bbox 486 2963 1114 3033">
     <span class='ocr_line' id='line_1_46' title="bbox 486 2963 1114 3033; baseline 0.005 -17"><span class='ocrx_word' id='word_1_333' title='bbox 486 2963 702 3033; x_wconf 82' lang='lat' dir='ltr'><strong>gaudio.</strong></span> <span class='ocrx_word' id='word_1_334' title='bbox 1105 2984 1114 2994; x_wconf 90' lang='grc'><strong>·</strong></span> 
     </span>
    </p>
   </div>
   <div class='ocr_carea' id='block_1_47' title="bbox 588 3053 1466 3110">
    <p class='ocr_par' dir='ltr' id='par_1_47' title="bbox 588 3053 1466 3110">
     <span class='ocr_line' id='line_1_47' title="bbox 588 3053 1466 3110; baseline -0.001 1"><span class='ocrx_word' id='word_1_335' title='bbox 588 3057 598 3064; x_wconf 86' lang='grc'><em>’</em></span> <span class='ocrx_word' id='word_1_336' title='bbox 1069 3053 1302 3110; x_wconf 80' lang='lat' dir='ltr'><strong>CAPUT</strong></span> <span class='ocrx_word' id='word_1_337' title='bbox 1337 3055 1466 3110; x_wconf 80' lang='lat' dir='ltr'><strong>Vill.</strong></span> 
     </span>
    </p>
   </div>
   <div class='ocr_carea' id='block_1_48' title="bbox 837 3143 1710 3215">
    <p class='ocr_par' dir='ltr' id='par_1_48' title="bbox 837 3143 1710 3215">
     <span class='ocr_line' id='line_1_48' title="bbox 837 3143 1710 3215; baseline 0.007 -18"><span class='ocrx_word' id='word_1_338' title='bbox 837 3143 923 3198; x_wconf 88' lang='lat' dir='ltr'><strong>De</strong></span> <span class='ocrx_word' id='word_1_339' title='bbox 946 3145 1128 3215; x_wconf 70' lang='lat' dir='ltr'><strong>oﬁiciis</strong></span> <span class='ocrx_word' id='word_1_340' title='bbox 1153 3146 1346 3201; x_wconf 77' lang='lat' dir='ltr'><strong>divinis</strong></span> <span class='ocrx_word' id='word_1_341' title='bbox 1373 3149 1428 3202; x_wconf 87' lang='lat' dir='ltr'><strong>in</strong></span> <span class='ocrx_word' id='word_1_342' title='bbox 1452 3149 1710 3203; x_wconf 81' lang='lat' dir='ltr'><strong>noctibus.</strong></span> 
     </span>
    </p>
   </div>
   <div class='ocr_carea' id='block_1_49' title="bbox 559 3233 2071 3316">
    <p class='ocr_par' dir='ltr' id='par_1_49' title="bbox 559 3233 2071 3316">
     <span class='ocr_line' id='line_1_49' title="bbox 559 3233 2071 3316; baseline 0.007 -27"><span class='ocrx_word' id='word_1_343' title='bbox 559 3233 762 3289; x_wconf 66' lang='lat' dir='ltr'><strong>Iliensis</strong></span> <span class='ocrx_word' id='word_1_344' title='bbox 792 3237 1116 3304; x_wconf 80' lang='lat' dir='ltr'><strong>tempore,id</strong></span> <span class='ocrx_word' id='word_1_345' title='bbox 1137 3247 1211 3292; x_wconf 81' lang='lat' dir='ltr'><strong>est</strong></span> <span class='ocrx_word' id='word_1_346' title='bbox 1234 3256 1267 3291; x_wconf 91' lang='lat' dir='ltr'><strong>a</strong></span> <span class='ocrx_word' id='word_1_347' title='bbox 1286 3237 1542 3294; x_wconf 77' lang='lat' dir='ltr'><strong>Kalendis</strong></span> <span class='ocrx_word' id='word_1_348' title='bbox 1572 3240 1880 3298; x_wconf 81' lang='lat' dir='ltr'><strong>Novembris</strong></span> <span class='ocrx_word' id='word_1_349' title='bbox 1908 3259 2071 3316; x_wconf 74' lang='lat' dir='ltr'><strong>usque</strong></span> 
     </span>
    </p>
   </div>
   <div class='ocr_carea' id='block_1_50' title="bbox 483 3323 2070 3398">
    <p class='ocr_par' dir='ltr' id='par_1_50' title="bbox 483 3323 2070 3398">
     <span class='ocr_line' id='line_1_50' title="bbox 483 3323 2070 3398; baseline 0.006 -20"><span class='ocrx_word' id='word_1_350' title='bbox 483 3325 555 3378; x_wconf 80' lang='lat' dir='ltr'><strong>ad</strong></span> <span class='ocrx_word' id='word_1_351' title='bbox 601 3323 810 3379; x_wconf 78' lang='lat' dir='ltr'><strong>Pascha</strong></span> <span class='ocrx_word' id='word_1_352' title='bbox 832 3367 848 3391; x_wconf 90' lang='lat'><strong>,</strong></span> <span class='ocrx_word' id='word_1_353' title='bbox 869 3327 1033 3396; x_wconf 75' lang='lat' dir='ltr'><strong>juxta</strong></span> <span class='ocrx_word' id='word_1_354' title='bbox 1079 3327 1551 3384; x_wconf 71' lang='lat' dir='ltr'><strong>considerationem</strong></span> <span class='ocrx_word' id='word_1_355' title='bbox 1600 3332 1821 3387; x_wconf 78' lang='lat' dir='ltr'><strong>rationis</strong></span> <span class='ocrx_word' id='word_1_356' title='bbox 1841 3373 1858 3398; x_wconf 96' lang='lat'><strong>,</strong></span> <span class='ocrx_word' id='word_1_357' title='bbox 1887 3343 2070 3388; x_wconf 70' lang='lat' dir='ltr'><strong>octava</strong></span> 
     </span>
    </p>
   </div>
   <div class='ocr_carea' id='block_1_51' title="bbox 482 3416 2070 3491">
    <p class='ocr_par' dir='ltr' id='par_1_51' title="bbox 482 3416 2070 3491">
     <span class='ocr_line' id='line_1_51' title="bbox 482 3416 2070 3491; baseline 0.006 -23"><span class='ocrx_word' id='word_1_358' title='bbox 482 3416 613 3468; x_wconf 76' lang='lat' dir='ltr'><strong>liora</strong></span> <span class='ocrx_word' id='word_1_359' title='bbox 645 3416 810 3470; x_wconf 85' lang='lat' dir='ltr'><strong>noctis</strong></span> <span class='ocrx_word' id='word_1_360' title='bbox 838 3417 1160 3487; x_wconf 83' lang='lat' dir='ltr'><strong>surgendum</strong></span> <span class='ocrx_word' id='word_1_361' title='bbox 1196 3428 1290 3482; x_wconf 85' lang='lat' dir='ltr'><strong>est,</strong></span> <span class='ocrx_word' id='word_1_362' title='bbox 1313 3428 1370 3472; x_wconf 83' lang='lat' dir='ltr'><strong>stt</strong></span> <span class='ocrx_word' id='word_1_363' title='bbox 1400 3420 1604 3474; x_wconf 79' lang='lat' dir='ltr'><strong>modice</strong></span> <span class='ocrx_word' id='word_1_364' title='bbox 1626 3421 1854 3491; x_wconf 76' lang='lat' dir='ltr'><strong>amplius</strong></span> <span class='ocrx_word' id='word_1_365' title='bbox 1875 3423 1940 3477; x_wconf 90' lang='lat' dir='ltr'><strong>de</strong></span> <span class='ocrx_word' id='word_1_366' title='bbox 1963 3441 2070 3478; x_wconf 81' lang='lat' dir='ltr'><strong>me-</strong></span> 
     </span>
    </p>
   </div>
   <div class='ocr_carea' id='block_1_52' title="bbox 481 3506 2064 3581">
    <p class='ocr_par' dir='ltr' id='par_1_52' title="bbox 481 3506 2064 3581">
     <span class='ocr_line' id='line_1_52' title="bbox 481 3506 2064 3581; baseline 0.006 -22"><span class='ocrx_word' id='word_1_367' title='bbox 481 3506 572 3559; x_wconf 89' lang='lat' dir='ltr'><strong>dia</strong></span> <span class='ocrx_word' id='word_1_368' title='bbox 603 3517 750 3560; x_wconf 88' lang='lat' dir='ltr'><strong>nocte</strong></span> <span class='ocrx_word' id='word_1_369' title='bbox 776 3517 1028 3576; x_wconf 83' lang='lat' dir='ltr'><strong>pausetur</strong></span> <span class='ocrx_word' id='word_1_370' title='bbox 1053 3518 1104 3562; x_wconf 85' lang='lat' dir='ltr'><strong>et</strong></span> <span class='ocrx_word' id='word_1_371' title='bbox 1118 3509 1236 3578; x_wconf 82' lang='lat' dir='ltr'><strong>jam</strong></span> <span class='ocrx_word' id='word_1_372' title='bbox 1261 3511 1448 3580; x_wconf 82' lang='lat' dir='ltr'><strong>digesti</strong></span> <span class='ocrx_word' id='word_1_373' title='bbox 1484 3521 1721 3581; x_wconf 77' lang='lat' dir='ltr'><strong>surgant.</strong></span> <span class='ocrx_word' id='word_1_374' title='bbox 1768 3511 1916 3568; x_wconf 80' lang='lat' dir='ltr'><strong>Istud</strong></span> <span class='ocrx_word' id='word_1_375' title='bbox 1943 3529 2064 3568; x_wconf 77' lang='lat' dir='ltr'><strong>mo-</strong></span> 
     </span>
    </p>
   </div>
   <div class='ocr_carea' id='block_1_53' title="bbox 483 3598 2064 3674">
    <p class='ocr_par' dir='ltr' id='par_1_53' title="bbox 483 3598 2064 3674">
     <span class='ocr_line' id='line_1_53' title="bbox 483 3598 2064 3674; baseline 0.005 -22"><span class='ocrx_word' id='word_1_376' title='bbox 483 3598 602 3653; x_wconf 85' lang='lat' dir='ltr'><strong>dice</strong></span> <span class='ocrx_word' id='word_1_377' title='bbox 641 3599 872 3668; x_wconf 86' lang='lat' dir='ltr'><strong>amplius</strong></span> <span class='ocrx_word' id='word_1_378' title='bbox 920 3600 987 3653; x_wconf 91' lang='lat' dir='ltr'><strong>de</strong></span> <span class='ocrx_word' id='word_1_379' title='bbox 1026 3601 1201 3655; x_wconf 87' lang='lat' dir='ltr'><strong>media</strong></span> <span class='ocrx_word' id='word_1_380' title='bbox 1249 3608 1407 3656; x_wconf 81' lang='lat' dir='ltr'><strong>nocte</strong></span> <span class='ocrx_word' id='word_1_381' title='bbox 1453 3609 1631 3670; x_wconf 78' lang='lat' dir='ltr'><strong>potest</strong></span> <span class='ocrx_word' id='word_1_382' title='bbox 1675 3603 1902 3674; x_wconf 74' lang='lat' dir='ltr'><strong>intelligi</strong></span> <span class='ocrx_word' id='word_1_383' title='bbox 1931 3605 2064 3660; x_wconf 88' lang='lat' dir='ltr'><strong>hora</strong></span> 
     </span>
    </p>
   </div>
   <div class='ocr_carea' id='block_1_54' title="bbox 482 3689 2064 3764">
    <p class='ocr_par' dir='ltr' id='par_1_54' title="bbox 482 3689 2064 3764">
     <span class='ocr_line' id='line_1_54' title="bbox 482 3689 2064 3764; baseline 0.006 -22"><span class='ocrx_word' id='word_1_384' title='bbox 482 3689 709 3760; x_wconf 80' lang='lat' dir='ltr'><strong>septima</strong></span> <span class='ocrx_word' id='word_1_385' title='bbox 739 3690 916 3745; x_wconf 84' lang='lat' dir='ltr'><strong>noctis</strong></span> <span class='ocrx_word' id='word_1_386' title='bbox 941 3697 1052 3744; x_wconf 88' lang='lat' dir='ltr'><strong>tota</strong></span> <span class='ocrx_word' id='word_1_387' title='bbox 1079 3698 1136 3746; x_wconf 90' lang='lat' dir='ltr'><strong>et</strong></span> <span class='ocrx_word' id='word_1_388' title='bbox 1157 3698 1350 3746; x_wconf 88' lang='lat' dir='ltr'><strong>octava</strong></span> <span class='ocrx_word' id='word_1_389' title='bbox 1394 3691 1635 3746; x_wconf 86' lang='lat' dir='ltr'><strong>dimidia.</strong></span> <span class='ocrx_word' id='word_1_390' title='bbox 1672 3693 1825 3748; x_wconf 85' lang='lat' dir='ltr'><strong>Tunc</strong></span> <span class='ocrx_word' id='word_1_391' title='bbox 1851 3694 2064 3764; x_wconf 81' lang='lat' dir='ltr'><strong>pulsato</strong></span> 
     </span>
    </p>
   </div>
   <div class='ocr_carea' id='block_1_55' title="bbox 479 3780 2061 3854">
    <p class='ocr_par' dir='ltr' id='par_1_55' title="bbox 479 3780 2061 3854">
     <span class='ocr_line' id='line_1_55' title="bbox 479 3780 2061 3854; baseline 0.003 -18"><span class='ocrx_word' id='word_1_392' title='bbox 479 3780 634 3852; x_wconf 84' lang='lat' dir='ltr'><strong>signo</strong></span> <span class='ocrx_word' id='word_1_393' title='bbox 664 3797 855 3837; x_wconf 82' lang='lat' dir='ltr'><strong>omnes</strong></span> <span class='ocrx_word' id='word_1_394' title='bbox 883 3783 1090 3851; x_wconf 88' lang='lat' dir='ltr'><strong>pariter</strong></span> <span class='ocrx_word' id='word_1_395' title='bbox 1119 3789 1364 3854; x_wconf 76' lang='lat' dir='ltr'><strong>surgant,</strong></span> <span class='ocrx_word' id='word_1_396' title='bbox 1397 3790 1451 3837; x_wconf 90' lang='lat' dir='ltr'><strong>et</strong></span> <span class='ocrx_word' id='word_1_397' title='bbox 1477 3783 1557 3838; x_wconf 87' lang='lat' dir='ltr'><strong>sic</strong></span> <span class='ocrx_word' id='word_1_398' title='bbox 1585 3783 1698 3848; x_wconf 90' lang='lat' dir='ltr'><strong>illa,</strong></span> <span class='ocrx_word' id='word_1_399' title='bbox 1725 3800 1844 3853; x_wconf 69' lang='lat' dir='ltr'><strong>quae</strong></span> <span class='ocrx_word' id='word_1_400' title='bbox 1869 3794 2061 3851; x_wconf 80' lang='lat' dir='ltr'><strong>restat,</strong></span> 
     </span>
    </p>
   </div>
   <div class='ocr_carea' id='block_1_56' title="bbox 479 3873 2062 3946">
    <p class='ocr_par' dir='ltr' id='par_1_56' title="bbox 479 3873 2062 3946">
     <span class='ocr_line' id='line_1_56' title="bbox 479 3873 2062 3946; baseline 0.002 -17"><span class='ocrx_word' id='word_1_401' title='bbox 479 3873 699 3929; x_wconf 81' lang='lat' dir='ltr'><strong>dimidia</strong></span> <span class='ocrx_word' id='word_1_402' title='bbox 727 3883 942 3941; x_wconf 88' lang='lat' dir='ltr'><strong>octava,</strong></span> <span class='ocrx_word' id='word_1_403' title='bbox 967 3875 1109 3930; x_wconf 86' lang='lat' dir='ltr'><strong>inter</strong></span> <span class='ocrx_word' id='word_1_404' title='bbox 1130 3877 1404 3946; x_wconf 81' lang='lat' dir='ltr'><strong>signorum</strong></span> <span class='ocrx_word' id='word_1_405' title='bbox 1427 3876 1729 3945; x_wconf 84' lang='lat' dir='ltr'><strong>explicetur</strong></span> <span class='ocrx_word' id='word_1_406' title='bbox 1754 3877 2062 3944; x_wconf 79' lang='lat' dir='ltr'><strong>intervalla,</strong></span> 
     </span>
    </p>
   </div>
   <div class='ocr_carea' id='block_1_57' title="bbox 477 3967 2062 4039">
    <p class='ocr_par' dir='ltr' id='par_1_57' title="bbox 477 3967 2062 4039">
     <span class='ocr_line' id='line_1_57' title="bbox 477 3967 2062 4039; baseline 0.003 -19"><span class='ocrx_word' id='word_1_407' title='bbox 477 3975 540 4020; x_wconf 88' lang='lat' dir='ltr'><strong>ot</strong></span> <span class='ocrx_word' id='word_1_408' title='bbox 571 3968 639 4020; x_wconf 87' lang='lat' dir='ltr'><strong>ab</strong></span> <span class='ocrx_word' id='word_1_409' title='bbox 680 3967 812 4020; x_wconf 88' lang='lat' dir='ltr'><strong>hora</strong></span> <span class='ocrx_word' id='word_1_410' title='bbox 843 3968 1017 4022; x_wconf 87' lang='lat' dir='ltr'><strong>noctis</strong></span> <span class='ocrx_word' id='word_1_411' title='bbox 1043 3981 1185 4023; x_wconf 86' lang='lat' dir='ltr'><strong>nona</strong></span> <span class='ocrx_word' id='word_1_412' title='bbox 1231 3968 1516 4023; x_wconf 72' lang='lat' dir='ltr'><strong>inclinetur</strong></span> <span class='ocrx_word' id='word_1_413' title='bbox 1543 3969 1740 4039; x_wconf 86' lang='lat' dir='ltr'><strong>psalmi</strong></span> <span class='ocrx_word' id='word_1_414' title='bbox 1783 3968 1900 4023; x_wconf 82' lang='lat' dir='ltr'><strong>laus</strong></span> <span class='ocrx_word' id='word_1_415' title='bbox 1943 3969 2062 4038; x_wconf 84' lang='lat' dir='ltr'><strong>ipsa</strong></span> 
     </span>
    </p>
   </div>
   <div class='ocr_carea' id='block_1_58' title="bbox 477 4057 2059 4114">
    <p class='ocr_par' dir='ltr' id='par_1_58' title="bbox 477 4057 2059 4114">
     <span class='ocr_line' id='line_1_58' title="bbox 477 4057 2059 4114; baseline 0.001 -3"><span class='ocrx_word' id='word_1_416' title='bbox 477 4065 761 4111; x_wconf 81' lang='lat' dir='ltr'><strong>nocturna.</strong></span> <span class='ocrx_word' id='word_1_417' title='bbox 795 4057 928 4111; x_wconf 84' lang='lat' dir='ltr'><strong>Nam</strong></span> <span class='ocrx_word' id='word_1_418' title='bbox 955 4066 1012 4112; x_wconf 84' lang='lat' dir='ltr'><strong>et</strong></span> <span class='ocrx_word' id='word_1_419' title='bbox 1034 4059 1087 4112; x_wconf 89' lang='lat' dir='ltr'><strong>in</strong></span> <span class='ocrx_word' id='word_1_420' title='bbox 1125 4058 1231 4112; x_wconf 87' lang='lat' dir='ltr'><strong>alio</strong></span> <span class='ocrx_word' id='word_1_421' title='bbox 1255 4058 1374 4114; x_wconf 85' lang='lat' dir='ltr'><strong>loco</strong></span> <span class='ocrx_word' id='word_1_422' title='bbox 1398 4059 1479 4113; x_wconf 88' lang='lat' dir='ltr'><strong>sic</strong></span> <span class='ocrx_word' id='word_1_423' title='bbox 1504 4059 1636 4114; x_wconf 89' lang='lat' dir='ltr'><strong>dicit</strong></span> <span class='ocrx_word' id='word_1_424' title='bbox 1661 4077 1674 4112; x_wconf 91' lang='lat'><strong>:</strong></span> <span class='ocrx_word' id='word_1_425' title='bbox 1697 4059 1828 4114; x_wconf 84' lang='lat' dir='ltr'><strong>Post</strong></span> <span class='ocrx_word' id='word_1_426' title='bbox 1849 4067 2059 4114; x_wconf 65' lang='lat' dir='ltr'><strong>sextam</strong></span> 
     </span>
    </p>
   </div>
   <div class='ocr_carea' id='block_1_59' title="bbox 475 4148 2062 4219">
    <p class='ocr_par' dir='ltr' id='par_1_59' title="bbox 475 4148 2062 4219">
     <span class='ocr_line' id='line_1_59' title="bbox 475 4148 2062 4219; baseline 0.007 -21"><span class='ocrx_word' id='word_1_427' title='bbox 475 4155 757 4216; x_wconf 78' lang='lat' dir='ltr'><strong>surgentes</strong></span> <span class='ocrx_word' id='word_1_428' title='bbox 779 4162 808 4200; x_wconf 86' lang='lat' dir='ltr'><strong>a</strong></span> <span class='ocrx_word' id='word_1_429' title='bbox 828 4148 992 4202; x_wconf 88' lang='lat' dir='ltr'><strong>missa</strong></span> <span class='ocrx_word' id='word_1_430' title='bbox 1011 4157 1291 4218; x_wconf 83' lang='lat' dir='ltr'><strong>pausetur,</strong></span> <span class='ocrx_word' id='word_1_431' title='bbox 1317 4157 1374 4202; x_wconf 88' lang='lat' dir='ltr'><strong>et</strong></span> <span class='ocrx_word' id='word_1_432' title='bbox 1396 4158 1590 4219; x_wconf 77' lang='lat' dir='ltr'><strong>ogamr</strong></span> <span class='ocrx_word' id='word_1_433' title='bbox 1616 4164 1760 4204; x_wconf 90' lang='lat' dir='ltr'><strong>nona</strong></span> <span class='ocrx_word' id='word_1_434' title='bbox 1786 4150 2062 4208; x_wconf 85' lang='lat' dir='ltr'><strong>mediante</strong></span> 
     </span>
    </p>
   </div>
   <div class='ocr_carea' id='block_1_60' title="bbox 473 4237 2059 4308">
    <p class='ocr_par' dir='ltr' id='par_1_60' title="bbox 473 4237 2059 4308">
     <span class='ocr_line' id='line_1_60' title="bbox 473 4237 2059 4308; baseline 0.005 -18"><span class='ocrx_word' id='word_1_435' title='bbox 473 4244 664 4290; x_wconf 89' lang='lat' dir='ltr'><strong>octava</strong></span> <span class='ocrx_word' id='word_1_436' title='bbox 694 4238 843 4291; x_wconf 87' lang='lat' dir='ltr'><strong>hora.</strong></span> <span class='ocrx_word' id='word_1_437' title='bbox 879 4237 978 4292; x_wconf 91' lang='lat' dir='ltr'><strong>Ubi</strong></span> <span class='ocrx_word' id='word_1_438' title='bbox 1008 4240 1243 4293; x_wconf 89' lang='lat' dir='ltr'><strong>ostendit</strong></span> <span class='ocrx_word' id='word_1_439' title='bbox 1271 4241 1500 4308; x_wconf 82' lang='lat' dir='ltr'><strong>septima</strong></span> <span class='ocrx_word' id='word_1_440' title='bbox 1522 4239 1626 4294; x_wconf 90' lang='lat' dir='ltr'><strong>diei</strong></span> <span class='ocrx_word' id='word_1_441' title='bbox 1657 4247 1768 4293; x_wconf 86' lang='lat' dir='ltr'><strong>tota</strong></span> <span class='ocrx_word' id='word_1_442' title='bbox 1791 4249 1846 4294; x_wconf 84' lang='lat' dir='ltr'><strong>et</strong></span> <span class='ocrx_word' id='word_1_443' title='bbox 1866 4251 2059 4298; x_wconf 84' lang='lat' dir='ltr'><strong>octava</strong></span> 
     </span>
    </p>
   </div>
   <div class='ocr_carea' id='block_1_61' title="bbox 475 4327 2060 4385">
    <p class='ocr_par' dir='ltr' id='par_1_61' title="bbox 475 4327 2060 4385">
     <span class='ocr_line' id='line_1_61' title="bbox 475 4327 2060 4385; baseline 0.003 -4"><span class='ocrx_word' id='word_1_444' title='bbox 475 4327 609 4381; x_wconf 86' lang='lat' dir='ltr'><strong>hora</strong></span> <span class='ocrx_word' id='word_1_445' title='bbox 638 4327 876 4382; x_wconf 89' lang='lat' dir='ltr'><strong>dormire</strong></span> <span class='ocrx_word' id='word_1_446' title='bbox 910 4328 1152 4383; x_wconf 83' lang='lat' dir='ltr'><strong>dimidia.</strong></span> <span class='ocrx_word' id='word_1_447' title='bbox 1203 4328 1350 4384; x_wconf 87' lang='lat' dir='ltr'><strong>Talis</strong></span> <span class='ocrx_word' id='word_1_448' title='bbox 1385 4337 1442 4383; x_wconf 90' lang='lat' dir='ltr'><strong>et</strong></span> <span class='ocrx_word' id='word_1_449' title='bbox 1467 4329 1558 4383; x_wconf 77' lang='lat' dir='ltr'><strong>hic</strong></span> <span class='ocrx_word' id='word_1_450' title='bbox 1587 4328 1722 4382; x_wconf 83' lang='lat' dir='ltr'><strong>mihi</strong></span> <span class='ocrx_word' id='word_1_451' title='bbox 1761 4345 1954 4385; x_wconf 86' lang='lat' dir='ltr'><strong>sensus</strong></span> <span class='ocrx_word' id='word_1_452' title='bbox 1982 4332 2060 4385; x_wconf 81' lang='lat' dir='ltr'><strong>vi-</strong></span> 
     </span>
    </p>
   </div>
   <div class='ocr_carea' id='block_1_62' title="bbox 474 4416 2058 4489">
    <p class='ocr_par' dir='ltr' id='par_1_62' title="bbox 474 4416 2058 4489">
     <span class='ocr_line' id='line_1_62' title="bbox 474 4416 2058 4489; baseline 0.003 -19"><span class='ocrx_word' id='word_1_453' title='bbox 474 4416 632 4471; x_wconf 82' lang='lat' dir='ltr'><strong>detur</strong></span> <span class='ocrx_word' id='word_1_454' title='bbox 651 4431 772 4472; x_wconf 87' lang='lat' dir='ltr'><strong>esse</strong></span> <span class='ocrx_word' id='word_1_455' title='bbox 797 4419 1103 4487; x_wconf 87' lang='lat' dir='ltr'><strong>positus,ut</strong></span> <span class='ocrx_word' id='word_1_456' title='bbox 1123 4429 1248 4489; x_wconf 87' lang='lat' dir='ltr'><strong>post</strong></span> <span class='ocrx_word' id='word_1_457' title='bbox 1271 4435 1368 4474; x_wconf 87' lang='lat' dir='ltr'><strong>sex</strong></span> <span class='ocrx_word' id='word_1_458' title='bbox 1396 4420 1573 4475; x_wconf 88' lang='lat' dir='ltr'><strong>noctis</strong></span> <span class='ocrx_word' id='word_1_459' title='bbox 1609 4421 1774 4474; x_wconf 84' lang='lat' dir='ltr'><strong>horas</strong></span> <span class='ocrx_word' id='word_1_460' title='bbox 1800 4431 2058 4488; x_wconf 79' lang='lat' dir='ltr'><strong>pausetur</strong></span> 
     </span>
    </p>
   </div>
   <div class='ocr_carea' id='block_1_63' title="bbox 2176 1867 3768 1940">
    <p class='ocr_par' dir='ltr' id='par_1_63' title="bbox 2176 1867 3768 1940">
     <span class='ocr_line' id='line_1_63' title="bbox 2176 1867 3768 1940; baseline 0.005 -19"><span class='ocrx_word' id='word_1_461' title='bbox 2176 1868 2371 1924; x_wconf 70' lang='lat' dir='ltr'><strong>cietur.</strong></span> <span class='ocrx_word' id='word_1_462' title='bbox 2397 1867 2514 1923; x_wconf 86' lang='lat' dir='ltr'><strong>Non</strong></span> <span class='ocrx_word' id='word_1_463' title='bbox 2539 1868 2628 1924; x_wconf 89' lang='lat' dir='ltr'><strong>hic</strong></span> <span class='ocrx_word' id='word_1_464' title='bbox 2653 1870 2909 1936; x_wconf 88' lang='lat' dir='ltr'><strong>dormire,</strong></span> <span class='ocrx_word' id='word_1_465' title='bbox 2932 1870 3074 1925; x_wconf 88' lang='lat' dir='ltr'><strong>sicut</strong></span> <span class='ocrx_word' id='word_1_466' title='bbox 3095 1869 3316 1940; x_wconf 84' lang='lat' dir='ltr'><strong>quidam</strong></span> <span class='ocrx_word' id='word_1_467' title='bbox 3341 1871 3550 1938; x_wconf 89' lang='lat' dir='ltr'><strong>volunt,</strong></span> <span class='ocrx_word' id='word_1_468' title='bbox 3577 1874 3768 1929; x_wconf 85' lang='lat' dir='ltr'><strong>beatus</strong></span> 
     </span>
    </p>
   </div>
   <div class='ocr_carea' id='block_1_64' title="bbox 2175 1957 3766 2031">
    <p class='ocr_par' dir='ltr' id='par_1_64' title="bbox 2175 1957 3766 2031">
     <span class='ocr_line' id='line_1_64' title="bbox 2175 1957 3766 2031; baseline 0.005 -19"><span class='ocrx_word' id='word_1_469' title='bbox 2175 1957 2520 2025; x_wconf 85' lang='lat' dir='ltr'><strong>Benedictus,</strong></span> <span class='ocrx_word' id='word_1_470' title='bbox 2549 1960 2644 2014; x_wconf 89' lang='lat' dir='ltr'><strong>sed</strong></span> <span class='ocrx_word' id='word_1_471' title='bbox 2690 1961 2914 2030; x_wconf 87' lang='lat' dir='ltr'><strong>vigilare</strong></span> <span class='ocrx_word' id='word_1_472' title='bbox 2949 1962 3124 2031; x_wconf 77' lang='lat' dir='ltr'><strong>jubet,</strong></span> <span class='ocrx_word' id='word_1_473' title='bbox 3155 1977 3260 2017; x_wconf 88' lang='lat' dir='ltr'><strong>non</strong></span> <span class='ocrx_word' id='word_1_474' title='bbox 3291 1962 3344 2016; x_wconf 91' lang='lat' dir='ltr'><strong>in</strong></span> <span class='ocrx_word' id='word_1_475' title='bbox 3374 1962 3574 2017; x_wconf 90' lang='lat' dir='ltr'><strong>lectulo</strong></span> <span class='ocrx_word' id='word_1_476' title='bbox 3604 1980 3766 2020; x_wconf 86' lang='lat' dir='ltr'><strong>sanos</strong></span> 
     </span>
    </p>
   </div>
   <div class='ocr_carea' id='block_1_65' title="bbox 2175 2049 3765 2124">
    <p class='ocr_par' dir='ltr' id='par_1_65' title="bbox 2175 2049 3765 2124">
     <span class='ocr_line' id='line_1_65' title="bbox 2175 2049 3765 2124; baseline 0.006 -24"><span class='ocrx_word' id='word_1_477' title='bbox 2175 2049 2480 2117; x_wconf 86' lang='lat' dir='ltr'><strong>quiescere,</strong></span> <span class='ocrx_word' id='word_1_478' title='bbox 2509 2051 2607 2104; x_wconf 86' lang='lat' dir='ltr'><strong>sed</strong></span> <span class='ocrx_word' id='word_1_479' title='bbox 2633 2052 2969 2106; x_wconf 68' lang='lat' dir='ltr'><strong>meditationi</strong></span> <span class='ocrx_word' id='word_1_480' title='bbox 2987 2051 3142 2120; x_wconf 80' lang='lat' dir='ltr'><strong>jubet</strong></span> <span class='ocrx_word' id='word_1_481' title='bbox 3172 2053 3456 2108; x_wconf 83' lang='lat' dir='ltr'><strong>inservire.</strong></span> <span class='ocrx_word' id='word_1_482' title='bbox 3491 2053 3765 2124; x_wconf 88' lang='lat' dir='ltr'><strong>Scriptum</strong></span> 
     </span>
    </p>
   </div>
   <div class='ocr_carea' id='block_1_66' title="bbox 2173 2140 3766 2215">
    <p class='ocr_par' dir='ltr' id='par_1_66' title="bbox 2173 2140 3766 2215">
     <span class='ocr_line' id='line_1_66' title="bbox 2173 2140 3766 2215; baseline 0.005 -23"><span class='ocrx_word' id='word_1_483' title='bbox 2173 2146 2258 2193; x_wconf 89' lang='lat' dir='ltr'><strong>est</strong></span> <span class='ocrx_word' id='word_1_484' title='bbox 2291 2140 2435 2194; x_wconf 89' lang='lat' dir='ltr'><strong>enim</strong></span> <span class='ocrx_word' id='word_1_485' title='bbox 2464 2158 2476 2193; x_wconf 92' lang='lat'>:</span> <span class='ocrx_word' id='word_1_486' title='bbox 2500 2140 2568 2194; x_wconf 80' lang='lat' dir='ltr'><strong>In</strong></span> <span class='ocrx_word' id='word_1_487' title='bbox 2593 2140 2783 2196; x_wconf 84' lang='lat' dir='ltr'><strong>lectulo</strong></span> <span class='ocrx_word' id='word_1_488' title='bbox 2814 2159 2926 2196; x_wconf 89' lang='lat' dir='ltr'><strong>meo</strong></span> <span class='ocrx_word' id='word_1_489' title='bbox 2951 2144 3168 2213; x_wconf 60' lang='lat' dir='ltr'><strong>qutrsivi</strong></span> <span class='ocrx_word' id='word_1_490' title='bbox 3192 2161 3346 2215; x_wconf 84' lang='lat' dir='ltr'><strong>quem</strong></span> <span class='ocrx_word' id='word_1_491' title='bbox 3375 2145 3552 2215; x_wconf 82' lang='lat' dir='ltr'><strong>diligit</strong></span> <span class='ocrx_word' id='word_1_492' title='bbox 3582 2147 3766 2200; x_wconf 83' lang='lat' dir='ltr'><strong>animo</strong></span> 
     </span>
    </p>
   </div>
   <div class='ocr_carea' id='block_1_67' title="bbox 2173 2232 3762 2308">
    <p class='ocr_par' dir='ltr' id='par_1_67' title="bbox 2173 2232 3762 2308">
     <span class='ocr_line' id='line_1_67' title="bbox 2173 2232 3762 2308; baseline 0.004 -25"><span class='ocrx_word' id='word_1_493' title='bbox 2173 2245 2290 2284; x_wconf 76' lang='lat' dir='ltr'><strong>mea</strong></span> <span class='ocrx_word' id='word_1_494' title='bbox 2309 2246 2328 2284; x_wconf 73' lang='grc' dir='ltr'><strong><em>ε</em></strong></span> <span class='ocrx_word' id='word_1_495' title='bbox 2347 2232 2562 2301; x_wconf 69' lang='grc' dir='ltr'><strong>(μιωὴιὶ</strong></span> <span class='ocrx_word' id='word_1_496' title='bbox 2583 2241 2632 2285; x_wconf 87' lang='lat' dir='ltr'><strong>et</strong></span> <span class='ocrx_word' id='word_1_497' title='bbox 2655 2249 2758 2287; x_wconf 90' lang='lat' dir='ltr'><strong>non</strong></span> <span class='ocrx_word' id='word_1_498' title='bbox 2779 2234 2948 2289; x_wconf 76' lang='lat' dir='ltr'><strong>inveni</strong></span> <span class='ocrx_word' id='word_1_499' title='bbox 2973 2233 3123 2288; x_wconf 86' lang='lat' dir='ltr'><strong>illum</strong></span> <span class='ocrx_word' id='word_1_500' title='bbox 3147 2235 3324 2307; x_wconf 86' lang='lat' dir='ltr'><strong>(Cant.</strong></span> <span class='ocrx_word' id='word_1_501' title='bbox 3349 2235 3454 2308; x_wconf 89' lang='grc' dir='ltr'><strong>ιιι).</strong></span> <span class='ocrx_word' id='word_1_502' title='bbox 3478 2235 3595 2291; x_wconf 88' lang='lat' dir='ltr'><strong>Non</strong></span> <span class='ocrx_word' id='word_1_503' title='bbox 3617 2239 3762 2292; x_wconf 85' lang='lat' dir='ltr'><strong>enim</strong></span> 
     </span>
    </p>
   </div>
   <div class='ocr_carea' id='block_1_68' title="bbox 2174 2319 3764 2395">
    <p class='ocr_par' dir='ltr' id='par_1_68' title="bbox 2174 2319 3764 2395">
     <span class='ocr_line' id='line_1_68' title="bbox 2174 2319 3764 2395; baseline 0.006 -22"><span class='ocrx_word' id='word_1_504' title='bbox 2174 2319 2227 2374; x_wconf 88' lang='lat' dir='ltr'><strong>in</strong></span> <span class='ocrx_word' id='word_1_505' title='bbox 2256 2319 2452 2374; x_wconf 80' lang='lat' dir='ltr'><strong>lectulo</strong></span> <span class='ocrx_word' id='word_1_506' title='bbox 2497 2321 2797 2377; x_wconf 73' lang='lat' dir='ltr'><strong>carnalium</strong></span> <span class='ocrx_word' id='word_1_507' title='bbox 2846 2323 3190 2395; x_wconf 87' lang='lat' dir='ltr'><strong>voluptatum</strong></span> <span class='ocrx_word' id='word_1_508' title='bbox 3239 2326 3470 2380; x_wconf 89' lang='lat' dir='ltr'><strong>dilectus</strong></span> <span class='ocrx_word' id='word_1_509' title='bbox 3513 2325 3764 2383; x_wconf 82' lang='lat' dir='ltr'><strong>Christus</strong></span> 
     </span>
    </p>
   </div>
   <div class='ocr_carea' id='block_1_69' title="bbox 2171 2411 3762 2483">
    <p class='ocr_par' dir='ltr' id='par_1_69' title="bbox 2171 2411 3762 2483">
     <span class='ocr_line' id='line_1_69' title="bbox 2171 2411 3762 2483; baseline 0.006 -18"><span class='ocrx_word' id='word_1_510' title='bbox 2171 2411 2466 2477; x_wconf 83' lang='lat' dir='ltr'><strong>invenitur,</strong></span> <span class='ocrx_word' id='word_1_511' title='bbox 2498 2414 2590 2470; x_wconf 85' lang='lat' dir='ltr'><strong>sed</strong></span> <span class='ocrx_word' id='word_1_512' title='bbox 2621 2414 2677 2468; x_wconf 90' lang='lat' dir='ltr'><strong>in</strong></span> <span class='ocrx_word' id='word_1_513' title='bbox 2726 2413 3002 2470; x_wconf 79' lang='lat' dir='ltr'><strong>laboribus</strong></span> <span class='ocrx_word' id='word_1_514' title='bbox 3052 2415 3274 2483; x_wconf 87' lang='lat' dir='ltr'><strong>sanctis,</strong></span> <span class='ocrx_word' id='word_1_515' title='bbox 3305 2417 3549 2472; x_wconf 81' lang='lat' dir='ltr'><strong>excubiis</strong></span> <span class='ocrx_word' id='word_1_516' title='bbox 3589 2419 3762 2474; x_wconf 83' lang='lat' dir='ltr'><strong>sacris</strong></span> 
     </span>
    </p>
   </div>
   <div class='ocr_carea' id='block_1_70' title="bbox 2170 2504 3761 2572">
    <p class='ocr_par' dir='ltr' id='par_1_70' title="bbox 2170 2504 3761 2572">
     <span class='ocr_line' id='line_1_70' title="bbox 2170 2504 3761 2572; baseline 0.005 -16"><span class='ocrx_word' id='word_1_517' title='bbox 2170 2508 2226 2556; x_wconf 90' lang='lat' dir='ltr'><strong>et</strong></span> <span class='ocrx_word' id='word_1_518' title='bbox 2267 2504 2608 2558; x_wconf 76' lang='lat' dir='ltr'><strong>orationibus</strong></span> <span class='ocrx_word' id='word_1_519' title='bbox 2634 2505 2909 2560; x_wconf 83' lang='lat' dir='ltr'><strong>invenitur</strong></span> <span class='ocrx_word' id='word_1_520' title='bbox 2951 2507 3192 2572; x_wconf 87' lang='lat' dir='ltr'><strong>crebris,</strong></span> <span class='ocrx_word' id='word_1_521' title='bbox 3217 2523 3327 2562; x_wconf 86' lang='lat' dir='ltr'><strong>non</strong></span> <span class='ocrx_word' id='word_1_522' title='bbox 3355 2508 3410 2562; x_wconf 89' lang='lat' dir='ltr'><strong>in</strong></span> <span class='ocrx_word' id='word_1_523' title='bbox 3436 2509 3614 2564; x_wconf 90' lang='lat' dir='ltr'><strong>somni</strong></span> <span class='ocrx_word' id='word_1_524' title='bbox 3647 2518 3761 2564; x_wconf 90' lang='lat' dir='ltr'><strong>tor-</strong></span> 
     </span>
    </p>
   </div>
   <div class='ocr_carea' id='block_1_71' title="bbox 2168 2595 3764 2664">
    <p class='ocr_par' dir='ltr' id='par_1_71' title="bbox 2168 2595 3764 2664">
     <span class='ocr_line' id='line_1_71' title="bbox 2168 2595 3764 2664; baseline 0.006 -19"><span class='ocrx_word' id='word_1_525' title='bbox 2168 2606 2321 2660; x_wconf 89' lang='lat' dir='ltr'><strong>pore,</strong></span> <span class='ocrx_word' id='word_1_526' title='bbox 2343 2595 2438 2648; x_wconf 91' lang='lat' dir='ltr'><strong>sed</strong></span> <span class='ocrx_word' id='word_1_527' title='bbox 2469 2595 2523 2648; x_wconf 90' lang='lat' dir='ltr'><strong>in</strong></span> <span class='ocrx_word' id='word_1_528' title='bbox 2545 2596 2848 2664; x_wconf 79' lang='lat' dir='ltr'><strong>vigiliarum</strong></span> <span class='ocrx_word' id='word_1_529' title='bbox 2878 2598 3128 2652; x_wconf 82' lang='lat' dir='ltr'><strong>oratione</strong></span> <span class='ocrx_word' id='word_1_530' title='bbox 3153 2606 3209 2653; x_wconf 91' lang='lat' dir='ltr'><strong>et</strong></span> <span class='ocrx_word' id='word_1_531' title='bbox 3241 2599 3507 2654; x_wconf 90' lang='lat' dir='ltr'><strong>orationis</strong></span> <span class='ocrx_word' id='word_1_532' title='bbox 3544 2601 3764 2655; x_wconf 87' lang='lat' dir='ltr'><strong>inveni-</strong></span> 
     </span>
    </p>
   </div>
   <div class='ocr_carea' id='block_1_72' title="bbox 2171 2684 3763 2760">
    <p class='ocr_par' dir='ltr' id='par_1_72' title="bbox 2171 2684 3763 2760">
     <span class='ocr_line' id='line_1_72' title="bbox 2171 2684 3763 2760; baseline 0.006 -26"><span class='ocrx_word' id='word_1_533' title='bbox 2171 2685 2704 2752; x_wconf 76' lang='lat' dir='ltr'><strong>tnrcompunctione.</strong></span> <span class='ocrx_word' id='word_1_534' title='bbox 2731 2684 2870 2740; x_wconf 83' lang='lat' dir='ltr'><strong>Hinc</strong></span> <span class='ocrx_word' id='word_1_535' title='bbox 2890 2685 3181 2742; x_wconf 87' lang='lat' dir='ltr'><strong>Cassianus</strong></span> <span class='ocrx_word' id='word_1_536' title='bbox 3201 2689 3276 2742; x_wconf 90' lang='lat' dir='ltr'><strong>ait</strong></span> <span class='ocrx_word' id='word_1_537' title='bbox 3296 2706 3308 2740; x_wconf 78' lang='grc' dir='ltr'>ε</span> <span class='ocrx_word' id='word_1_538' title='bbox 3326 2686 3576 2744; x_wconf 84' lang='lat' dir='ltr'><strong>Nonnulli</strong></span> <span class='ocrx_word' id='word_1_539' title='bbox 3601 2689 3763 2760; x_wconf 43' lang='lat' dir='ltr'><strong>igno‘</strong></span> 
     </span>
    </p>
   </div>
   <div class='ocr_carea' id='block_1_73' title="bbox 2168 2775 3752 2848">
    <p class='ocr_par' dir='ltr' id='par_1_73' title="bbox 2168 2775 3752 2848">
     <span class='ocr_line' id='line_1_73' title="bbox 2168 2775 3752 2848; baseline 0.004 -22"><span class='ocrx_word' id='word_1_540' title='bbox 2168 2781 2371 2838; x_wconf 84' lang='lat' dir='ltr'><strong>rantes,</strong></span> <span class='ocrx_word' id='word_1_541' title='bbox 2416 2775 2644 2844; x_wconf 79' lang='lat' dir='ltr'><strong>expletis</strong></span> <span class='ocrx_word' id='word_1_542' title='bbox 2687 2778 2967 2832; x_wconf 87' lang='lat' dir='ltr'><strong>matutinis</strong></span> <span class='ocrx_word' id='word_1_543' title='bbox 3015 2778 3251 2848; x_wconf 81' lang='lat' dir='ltr'><strong>hymnis.</strong></span> <span class='ocrx_word' id='word_1_544' title='bbox 3290 2794 3507 2834; x_wconf 85' lang='lat' dir='ltr'><strong>rursum</strong></span> <span class='ocrx_word' id='word_1_545' title='bbox 3567 2795 3752 2834; x_wconf 84' lang='lat' dir='ltr'><strong>rever-</strong></span> 
     </span>
    </p>
   </div>
   <div class='ocr_carea' id='block_1_74' title="bbox 2168 2865 3754 2940">
    <p class='ocr_par' dir='ltr' id='par_1_74' title="bbox 2168 2865 3754 2940">
     <span class='ocr_line' id='line_1_74' title="bbox 2168 2865 3754 2940; baseline 0.005 -24"><span class='ocrx_word' id='word_1_546' title='bbox 2168 2871 2358 2918; x_wconf 82' lang='lat' dir='ltr'><strong>tuntur</strong></span> <span class='ocrx_word' id='word_1_547' title='bbox 2379 2865 2445 2920; x_wconf 90' lang='lat' dir='ltr'><strong>ad</strong></span> <span class='ocrx_word' id='word_1_548' title='bbox 2473 2880 2743 2932; x_wconf 85' lang='lat' dir='ltr'><strong>somnum,</strong></span> <span class='ocrx_word' id='word_1_549' title='bbox 2765 2868 2906 2936; x_wconf 88' lang='lat' dir='ltr'><strong>quod</strong></span> <span class='ocrx_word' id='word_1_550' title='bbox 2933 2867 3259 2923; x_wconf 86' lang='lat' dir='ltr'><strong>omnimodis</strong></span> <span class='ocrx_word' id='word_1_551' title='bbox 3285 2883 3394 2924; x_wconf 90' lang='lat' dir='ltr'><strong>non</strong></span> <span class='ocrx_word' id='word_1_552' title='bbox 3424 2878 3658 2940; x_wconf 67' lang='lat' dir='ltr'><strong>oportet,</strong></span> <span class='ocrx_word' id='word_1_553' title='bbox 3685 2885 3754 2924; x_wconf 87' lang='lat' dir='ltr'><strong>ne</strong></span> 
     </span>
    </p>
   </div>
   <div class='ocr_carea' id='block_1_75' title="bbox 2165 2955 3785 3029">
    <p class='ocr_par' dir='ltr' id='par_1_75' title="bbox 2165 2955 3785 3029">
     <span class='ocr_line' id='line_1_75' title="bbox 2165 2955 3785 3029; baseline 0.006 -23"><span class='ocrx_word' id='word_1_554' title='bbox 2165 2955 2600 3022; x_wconf 88' lang='lat' dir='ltr'><strong>purificationem</strong></span> <span class='ocrx_word' id='word_1_555' title='bbox 2634 2965 2870 3014; x_wconf 88' lang='lat' dir='ltr'><strong>nostram</strong></span> <span class='ocrx_word' id='word_1_556' title='bbox 2898 2957 3238 3014; x_wconf 89' lang='lat' dir='ltr'><strong>confessione</strong></span> <span class='ocrx_word' id='word_1_557' title='bbox 3273 2959 3519 3029; x_wconf 90' lang='lat' dir='ltr'><strong>supplici,</strong></span> <span class='ocrx_word' id='word_1_558' title='bbox 3544 2968 3601 3015; x_wconf 87' lang='lat' dir='ltr'><strong>et</strong></span> <span class='ocrx_word' id='word_1_559' title='bbox 3626 2969 3785 3016; x_wconf 87' lang='lat' dir='ltr'><strong>ante-</strong></span> 
     </span>
    </p>
   </div>
   <div class='ocr_carea' id='block_1_76' title="bbox 2169 3042 3760 3117">
    <p class='ocr_par' dir='ltr' id='par_1_76' title="bbox 2169 3042 3760 3117">
     <span class='ocr_line' id='line_1_76' title="bbox 2169 3042 3760 3117; baseline 0.006 -22"><span class='ocrx_word' id='word_1_560' title='bbox 2169 3042 2423 3098; x_wconf 78' lang='lat' dir='ltr'><strong>lucanum</strong></span> <span class='ocrx_word' id='word_1_561' title='bbox 2473 3045 2828 3115; x_wconf 77' lang='lat' dir='ltr'><strong>acquisitam,</strong></span> <span class='ocrx_word' id='word_1_562' title='bbox 2858 3047 2944 3102; x_wconf 82' lang='lat' dir='ltr'><strong>vel</strong></span> <span class='ocrx_word' id='word_1_563' title='bbox 2971 3063 3256 3117; x_wconf 77' lang='lat' dir='ltr'><strong>emergens</strong></span> <span class='ocrx_word' id='word_1_564' title='bbox 3286 3051 3530 3117; x_wconf 69' lang='lat' dir='ltr'><strong>quaedam</strong></span> <span class='ocrx_word' id='word_1_565' title='bbox 3560 3049 3760 3104; x_wconf 82' lang='lat' dir='ltr'><strong>redun-</strong></span> 
     </span>
    </p>
   </div>
   <div class='ocr_carea' id='block_1_77' title="bbox 2098 3133 3754 3209">
    <p class='ocr_par' dir='ltr' id='par_1_77' title="bbox 2098 3133 3754 3209">
     <span class='ocr_line' id='line_1_77' title="bbox 2098 3133 3754 3209; baseline 0.006 -22"><span class='ocrx_word' id='word_1_566' title='bbox 2098 3133 2142 3194; x_wconf 86' lang='lat' dir='ltr'>C</span> <span class='ocrx_word' id='word_1_567' title='bbox 2174 3134 2358 3189; x_wconf 81' lang='lat' dir='ltr'><strong>dantis</strong></span> <span class='ocrx_word' id='word_1_568' title='bbox 2379 3138 2666 3193; x_wconf 85' lang='lat' dir='ltr'><strong>humerum</strong></span> <span class='ocrx_word' id='word_1_569' title='bbox 2689 3140 3017 3194; x_wconf 86' lang='lat' dir='ltr'><strong>naturalium</strong></span> <span class='ocrx_word' id='word_1_570' title='bbox 3047 3140 3280 3209; x_wconf 90' lang='lat' dir='ltr'><strong>polluat,</strong></span> <span class='ocrx_word' id='word_1_571' title='bbox 3313 3141 3396 3194; x_wconf 85' lang='lat' dir='ltr'><strong>vel</strong></span> <span class='ocrx_word' id='word_1_572' title='bbox 3433 3142 3607 3196; x_wconf 90' lang='lat' dir='ltr'><strong>illusio</strong></span> <span class='ocrx_word' id='word_1_573' title='bbox 3633 3157 3754 3197; x_wconf 81' lang='lat' dir='ltr'><strong>cor-</strong></span> 
     </span>
    </p>
   </div>
   <div class='ocr_carea' id='block_1_78' title="bbox 2173 3227 3759 3303">
    <p class='ocr_par' dir='ltr' id='par_1_78' title="bbox 2173 3227 3759 3303">
     <span class='ocr_line' id='line_1_78' title="bbox 2173 3227 3759 3303; baseline 0.007 -26"><span class='ocrx_word' id='word_1_574' title='bbox 2173 3236 2390 3295; x_wconf 83' lang='lat' dir='ltr'><strong>rumpat</strong></span> <span class='ocrx_word' id='word_1_575' title='bbox 2432 3227 2672 3294; x_wconf 88' lang='lat' dir='ltr'><strong>inimici,</strong></span> <span class='ocrx_word' id='word_1_576' title='bbox 2699 3229 2784 3284; x_wconf 80' lang='lat' dir='ltr'><strong>vel</strong></span> <span class='ocrx_word' id='word_1_577' title='bbox 2813 3238 2959 3286; x_wconf 88' lang='lat' dir='ltr'><strong>certe</strong></span> <span class='ocrx_word' id='word_1_578' title='bbox 2987 3231 3330 3288; x_wconf 88' lang='lat' dir='ltr'><strong>intercedens</strong></span> <span class='ocrx_word' id='word_1_579' title='bbox 3358 3233 3520 3288; x_wconf 90' lang='lat' dir='ltr'><strong>etiam</strong></span> <span class='ocrx_word' id='word_1_580' title='bbox 3545 3234 3664 3303; x_wconf 90' lang='lat' dir='ltr'><strong>puri</strong></span> <span class='ocrx_word' id='word_1_581' title='bbox 3693 3249 3759 3288; x_wconf 87' lang='lat' dir='ltr'><strong>ac</strong></span> 
     </span>
    </p>
   </div>
   <div class='ocr_carea' id='block_1_79' title="bbox 2167 3315 3756 3394">
    <p class='ocr_par' dir='ltr' id='par_1_79' title="bbox 2167 3315 3756 3394">
     <span class='ocr_line' id='line_1_79' title="bbox 2167 3315 3756 3394; baseline 0.008 -27"><span class='ocrx_word' id='word_1_582' title='bbox 2167 3315 2429 3385; x_wconf 85' lang='lat' dir='ltr'><strong>simplicis</strong></span> <span class='ocrx_word' id='word_1_583' title='bbox 2458 3319 2632 3373; x_wconf 89' lang='lat' dir='ltr'><strong>somni</strong></span> <span class='ocrx_word' id='word_1_584' title='bbox 2670 3319 2897 3376; x_wconf 87' lang='lat' dir='ltr'><strong>refectio</strong></span> <span class='ocrx_word' id='word_1_585' title='bbox 2939 3322 3301 3393; x_wconf 89' lang='lat' dir='ltr'><strong>interrumpat</strong></span> <span class='ocrx_word' id='word_1_586' title='bbox 3329 3324 3555 3394; x_wconf 87' lang='lat' dir='ltr'><strong>spiritus</strong></span> <span class='ocrx_word' id='word_1_587' title='bbox 3584 3327 3756 3380; x_wconf 84' lang='lat' dir='ltr'><strong>nostri</strong></span> 
     </span>
    </p>
   </div>
   <div class='ocr_carea' id='block_1_80' title="bbox 2169 3404 3758 3483">
    <p class='ocr_par' dir='ltr' id='par_1_80' title="bbox 2169 3404 3758 3483">
     <span class='ocr_line' id='line_1_80' title="bbox 2169 3404 3758 3483; baseline 0.008 -26"><span class='ocrx_word' id='word_1_588' title='bbox 2169 3404 2474 3472; x_wconf 88' lang='lat' dir='ltr'><strong>fervorem,</strong></span> <span class='ocrx_word' id='word_1_589' title='bbox 2512 3423 2578 3462; x_wconf 91' lang='lat' dir='ltr'><strong>ac</strong></span> <span class='ocrx_word' id='word_1_590' title='bbox 2625 3410 2923 3480; x_wconf 87' lang='lat' dir='ltr'><strong>tepefactos</strong></span> <span class='ocrx_word' id='word_1_591' title='bbox 2959 3414 3136 3466; x_wconf 89' lang='lat' dir='ltr'><strong>somni</strong></span> <span class='ocrx_word' id='word_1_592' title='bbox 3180 3421 3398 3483; x_wconf 89' lang='lat' dir='ltr'><strong>torpore</strong></span> <span class='ocrx_word' id='word_1_593' title='bbox 3441 3429 3538 3483; x_wconf 93' lang='lat' dir='ltr'><strong>per</strong></span> <span class='ocrx_word' id='word_1_594' title='bbox 3588 3424 3758 3471; x_wconf 90' lang='lat' dir='ltr'><strong>totum</strong></span> 
     </span>
    </p>
   </div>
   <div class='ocr_carea' id='block_1_81' title="bbox 2165 3496 3752 3574">
    <p class='ocr_par' dir='ltr' id='par_1_81' title="bbox 2165 3496 3752 3574">
     <span class='ocr_line' id='line_1_81' title="bbox 2165 3496 3752 3574; baseline 0.007 -25"><span class='ocrx_word' id='word_1_595' title='bbox 2165 3496 2274 3550; x_wconf 90' lang='lat' dir='ltr'><strong>diei</strong></span> <span class='ocrx_word' id='word_1_596' title='bbox 2321 3498 2555 3567; x_wconf 84' lang='lat' dir='ltr'><strong>spatium</strong></span> <span class='ocrx_word' id='word_1_597' title='bbox 2596 3500 2802 3556; x_wconf 85' lang='lat' dir='ltr'><strong>inertes</strong></span> <span class='ocrx_word' id='word_1_598' title='bbox 2833 3503 3087 3572; x_wconf 87' lang='lat' dir='ltr'><strong>deinceps</strong></span> <span class='ocrx_word' id='word_1_599' title='bbox 3117 3505 3450 3574; x_wconf 80' lang='lat' dir='ltr'><strong>ignavosque</strong></span> <span class='ocrx_word' id='word_1_600' title='bbox 3485 3505 3752 3561; x_wconf 87' lang='lat' dir='ltr'><strong>traducat.</strong></span> 
     </span>
    </p>
   </div>
   <div class='ocr_carea' id='block_1_82' title="bbox 2166 3585 3749 3665">
    <p class='ocr_par' dir='ltr' id='par_1_82' title="bbox 2166 3585 3749 3665">
     <span class='ocr_line' id='line_1_82' title="bbox 2166 3585 3749 3665; baseline 0.006 -25"><span class='ocrx_word' id='word_1_601' title='bbox 2166 3585 2307 3643; x_wconf 82' lang='lat' dir='ltr'><strong>Hinc</strong></span> <span class='ocrx_word' id='word_1_602' title='bbox 2335 3588 2535 3643; x_wconf 89' lang='lat' dir='ltr'><strong>iterum</strong></span> <span class='ocrx_word' id='word_1_603' title='bbox 2564 3589 2677 3660; x_wconf 89' lang='lat' dir='ltr'><strong>ipse</strong></span> <span class='ocrx_word' id='word_1_604' title='bbox 2703 3610 2723 3645; x_wconf 75' lang='grc' dir='ltr'><strong>ε·</strong></span> <span class='ocrx_word' id='word_1_605' title='bbox 2741 3591 2852 3646; x_wconf 88' lang='lat' dir='ltr'><strong>Nec</strong></span> <span class='ocrx_word' id='word_1_606' title='bbox 2879 3592 3110 3648; x_wconf 87' lang='lat' dir='ltr'><strong>ulterius</strong></span> <span class='ocrx_word' id='word_1_607' title='bbox 3141 3595 3427 3663; x_wconf 85' lang='lat' dir='ltr'><strong>quisquam</strong></span> <span class='ocrx_word' id='word_1_608' title='bbox 3448 3603 3572 3664; x_wconf 84' lang='lat' dir='ltr'><strong>post</strong></span> <span class='ocrx_word' id='word_1_609' title='bbox 3600 3595 3749 3665; x_wconf 85' lang='lat' dir='ltr'><strong>puri-</strong></span> 
     </span>
    </p>
   </div>
   <div class='ocr_carea' id='block_1_83' title="bbox 2169 3679 3755 3756">
    <p class='ocr_par' dir='ltr' id='par_1_83' title="bbox 2169 3679 3755 3756">
     <span class='ocr_line' id='line_1_83' title="bbox 2169 3679 3755 3756; baseline 0.003 -21"><span class='ocrx_word' id='word_1_610' title='bbox 2169 3679 2476 3737; x_wconf 88' lang='lat' dir='ltr'><strong>licationem</strong></span> <span class='ocrx_word' id='word_1_611' title='bbox 2494 3689 2883 3738; x_wconf 86' lang='lat' dir='ltr'><strong>nocturnarum</strong></span> <span class='ocrx_word' id='word_1_612' title='bbox 2904 3684 3209 3756; x_wconf 83' lang='lat' dir='ltr'><strong>vigiliarum</strong></span> <span class='ocrx_word' id='word_1_613' title='bbox 3231 3686 3286 3739; x_wconf 93' lang='lat' dir='ltr'><strong>in</strong></span> <span class='ocrx_word' id='word_1_614' title='bbox 3311 3686 3552 3755; x_wconf 90' lang='lat' dir='ltr'><strong>requiem</strong></span> <span class='ocrx_word' id='word_1_615' title='bbox 3577 3687 3755 3742; x_wconf 89' lang='lat' dir='ltr'><strong>somni</strong></span> 
     </span>
    </p>
   </div>
   <div class='ocr_carea' id='block_1_84' title="bbox 2164 3769 3753 3844">
    <p class='ocr_par' dir='ltr' id='par_1_84' title="bbox 2164 3769 3753 3844">
     <span class='ocr_line' id='line_1_84' title="bbox 2164 3769 3753 3844; baseline 0.005 -20"><span class='ocrx_word' id='word_1_616' title='bbox 2164 3769 2362 3825; x_wconf 85' lang='lat' dir='ltr'><strong>iterum</strong></span> <span class='ocrx_word' id='word_1_617' title='bbox 2389 3772 2710 3838; x_wconf 85' lang='lat' dir='ltr'><strong>resolvatur,</strong></span> <span class='ocrx_word' id='word_1_618' title='bbox 2737 3774 2908 3828; x_wconf 90' lang='lat' dir='ltr'><strong>donec</strong></span> <span class='ocrx_word' id='word_1_619' title='bbox 2934 3775 3345 3844; x_wconf 85' lang='lat' dir='ltr'><strong>superveniente</strong></span> <span class='ocrx_word' id='word_1_620' title='bbox 3370 3775 3454 3829; x_wconf 90' lang='lat' dir='ltr'><strong>die</strong></span> <span class='ocrx_word' id='word_1_621' title='bbox 3475 3785 3753 3832; x_wconf 72' lang='lat' dir='ltr'><strong>nocturnae</strong></span> 
     </span>
    </p>
   </div>
   <div class='ocr_carea' id='block_1_85' title="bbox 2165 3863 3752 3936">
    <p class='ocr_par' dir='ltr' id='par_1_85' title="bbox 2165 3863 3752 3936">
     <span class='ocr_line' id='line_1_85' title="bbox 2165 3863 3752 3936; baseline 0.003 -20"><span class='ocrx_word' id='word_1_622' title='bbox 2165 3863 2500 3917; x_wconf 86' lang='lat' dir='ltr'><strong>meditationi</strong></span> <span class='ocrx_word' id='word_1_623' title='bbox 2525 3864 2772 3934; x_wconf 82' lang='lat' dir='ltr'><strong>operatio</strong></span> <span class='ocrx_word' id='word_1_624' title='bbox 2801 3865 2982 3919; x_wconf 80' lang='lat' dir='ltr'><strong>divina</strong></span> <span class='ocrx_word' id='word_1_625' title='bbox 3013 3865 3302 3930; x_wconf 86' lang='lat' dir='ltr'><strong>succedat;</strong></span> <span class='ocrx_word' id='word_1_626' title='bbox 3329 3881 3398 3920; x_wconf 90' lang='lat' dir='ltr'><strong>ne</strong></span> <span class='ocrx_word' id='word_1_627' title='bbox 3428 3864 3566 3920; x_wconf 83' lang='lat' dir='ltr'><strong>forte</strong></span> <span class='ocrx_word' id='word_1_628' title='bbox 3607 3867 3752 3936; x_wconf 91' lang='lat' dir='ltr'><strong>puri-</strong></span> 
     </span>
    </p>
   </div>
   <div class='ocr_carea' id='block_1_86' title="bbox 2168 3956 3756 4026">
    <p class='ocr_par' dir='ltr' id='par_1_86' title="bbox 2168 3956 3756 4026">
     <span class='ocr_line' id='line_1_86' title="bbox 2168 3956 3756 4026; baseline 0.003 -20"><span class='ocrx_word' id='word_1_629' title='bbox 2168 3962 2334 4007; x_wconf 84' lang='lat' dir='ltr'><strong>tatem</strong></span> <span class='ocrx_word' id='word_1_630' title='bbox 2384 3963 2626 4009; x_wconf 89' lang='lat' dir='ltr'><strong>nostram</strong></span> <span class='ocrx_word' id='word_1_631' title='bbox 2656 3956 2900 4026; x_wconf 88' lang='lat' dir='ltr'><strong>psalmis,</strong></span> <span class='ocrx_word' id='word_1_632' title='bbox 2926 3957 3264 4011; x_wconf 88' lang='lat' dir='ltr'><strong>orationibus</strong></span> <span class='ocrx_word' id='word_1_633' title='bbox 3291 3957 3634 4025; x_wconf 88' lang='lat' dir='ltr'><strong>acquisitam,</strong></span> <span class='ocrx_word' id='word_1_634' title='bbox 3668 3958 3756 4010; x_wconf 85' lang='lat' dir='ltr'><strong>in-</strong></span> 
     </span>
    </p>
   </div>
   <div class='ocr_carea' id='block_1_87' title="bbox 2161 4042 3750 4114">
    <p class='ocr_par' dir='ltr' id='par_1_87' title="bbox 2161 4042 3750 4114">
     <span class='ocr_line' id='line_1_87' title="bbox 2161 4042 3750 4114; baseline 0.002 -19"><span class='ocrx_word' id='word_1_635' title='bbox 2161 4042 2316 4097; x_wconf 88' lang='lat' dir='ltr'><strong>vidus</strong></span> <span class='ocrx_word' id='word_1_636' title='bbox 2350 4043 2594 4098; x_wconf 86' lang='lat' dir='ltr'><strong>diabolus</strong></span> <span class='ocrx_word' id='word_1_637' title='bbox 2641 4047 2870 4114; x_wconf 87' lang='lat' dir='ltr'><strong>quadam</strong></span> <span class='ocrx_word' id='word_1_638' title='bbox 2899 4046 3076 4101; x_wconf 83' lang='lat' dir='ltr'><strong>somni</strong></span> <span class='ocrx_word' id='word_1_639' title='bbox 3107 4046 3356 4100; x_wconf 89' lang='lat' dir='ltr'><strong>illusione</strong></span> <span class='ocrx_word' id='word_1_640' title='bbox 3393 4048 3750 4102; x_wconf 86' lang='lat' dir='ltr'><strong>contaminet.</strong></span> 
     </span>
    </p>
   </div>
   <div class='ocr_carea' id='block_1_88' title="bbox 2161 4134 3746 4208">
    <p class='ocr_par' dir='ltr' id='par_1_88' title="bbox 2161 4134 3746 4208">
     <span class='ocr_line' id='line_1_88' title="bbox 2161 4134 3746 4208; baseline 0.004 -20"><span class='ocrx_word' id='word_1_641' title='bbox 2161 4134 2299 4189; x_wconf 83' lang='lat' dir='ltr'><strong>Hinc</strong></span> <span class='ocrx_word' id='word_1_642' title='bbox 2343 4135 2595 4191; x_wconf 82' lang='lat' dir='ltr'><strong>Aurelius</strong></span> <span class='ocrx_word' id='word_1_643' title='bbox 2640 4138 2695 4191; x_wconf 87' lang='lat' dir='ltr'><strong>in</strong></span> <span class='ocrx_word' id='word_1_644' title='bbox 2741 4136 2946 4208; x_wconf 83' lang='lat' dir='ltr'><strong>Regula</strong></span> <span class='ocrx_word' id='word_1_645' title='bbox 3003 4152 3098 4192; x_wconf 89' lang='lat' dir='ltr'><strong>sua</strong></span> <span class='ocrx_word' id='word_1_646' title='bbox 3141 4137 3409 4193; x_wconf 80' lang='lat' dir='ltr'><strong>aitzPost</strong></span> <span class='ocrx_word' id='word_1_647' title='bbox 3448 4139 3746 4195; x_wconf 82' lang='lat' dir='ltr'><strong>matutinas</strong></span> 
     </span>
    </p>
   </div>
   <div class='ocr_carea' id='block_1_89' title="bbox 2159 4225 3746 4295">
    <p class='ocr_par' dir='ltr' id='par_1_89' title="bbox 2159 4225 3746 4295">
     <span class='ocr_line' id='line_1_89' title="bbox 2159 4225 3746 4295; baseline 0.004 -15"><span class='ocrx_word' id='word_1_648' title='bbox 2159 4225 2434 4282; x_wconf 86' lang='lat' dir='ltr'><strong>orationes</strong></span> <span class='ocrx_word' id='word_1_649' title='bbox 2455 4227 2522 4281; x_wconf 90' lang='lat' dir='ltr'><strong>ad</strong></span> <span class='ocrx_word' id='word_1_650' title='bbox 2549 4243 2800 4282; x_wconf 89' lang='lat' dir='ltr'><strong>somnum</strong></span> <span class='ocrx_word' id='word_1_651' title='bbox 2841 4229 3038 4283; x_wconf 89' lang='lat' dir='ltr'><strong>reverti</strong></span> <span class='ocrx_word' id='word_1_652' title='bbox 3067 4244 3171 4283; x_wconf 88' lang='lat' dir='ltr'><strong>non</strong></span> <span class='ocrx_word' id='word_1_653' title='bbox 3202 4229 3394 4295; x_wconf 90' lang='lat' dir='ltr'><strong>liceat;</strong></span> <span class='ocrx_word' id='word_1_654' title='bbox 3421 4231 3516 4284; x_wconf 91' lang='lat' dir='ltr'><strong>sed</strong></span> <span class='ocrx_word' id='word_1_655' title='bbox 3547 4239 3607 4285; x_wconf 85' lang='lat' dir='ltr'><strong>ut</strong></span> <span class='ocrx_word' id='word_1_656' title='bbox 3636 4231 3746 4287; x_wconf 82' lang='lat' dir='ltr'><strong>Re-</strong></span> 
     </span>
    </p>
   </div>
   <div class='ocr_carea' id='block_1_90' title="bbox 2160 4303 3748 4395">
    <p class='ocr_par' dir='ltr' id='par_1_90' title="bbox 2160 4303 3748 4395">
     <span class='ocr_line' id='line_1_90' title="bbox 2160 4303 3748 4395; baseline 0.004 -23"><span class='ocrx_word' id='word_1_657' title='bbox 2160 4318 2284 4390; x_wconf 80' lang='lat' dir='ltr'><strong>gula</strong></span> <span class='ocrx_word' id='word_1_658' title='bbox 2311 4321 2388 4373; x_wconf 85' lang='lat' dir='ltr'><strong>ait</strong></span> <span class='ocrx_word' id='word_1_659' title='bbox 2450 4321 2494 4374; x_wconf 80' lang='grc' dir='ltr'><em>Α</em></span> <span class='ocrx_word' id='word_1_660' title='bbox 2521 4318 2730 4376; x_wconf 80' lang='lat' dir='ltr'><strong>Pascha</strong></span> <span class='ocrx_word' id='word_1_661' title='bbox 2762 4335 2935 4377; x_wconf 86' lang='lat' dir='ltr'><strong>autem</strong></span> <span class='ocrx_word' id='word_1_662' title='bbox 2979 4341 3142 4394; x_wconf 87' lang='lat' dir='ltr'><strong>usque</strong></span> <span class='ocrx_word' id='word_1_663' title='bbox 3175 4323 3244 4376; x_wconf 87' lang='lat' dir='ltr'><strong>ad</strong></span> <span class='ocrx_word' id='word_1_664' title='bbox 3269 4325 3600 4395; x_wconf 72' lang='lat' dir='ltr'><strong>supradictas</strong></span> <span class='ocrx_word' id='word_1_665' title='bbox 3632 4324 3748 4379; x_wconf 79' lang='lat' dir='ltr'><strong>Ka-</strong></span> 
     </span>
    </p>
   </div>
   <div class='ocr_carea' id='block_1_91' title="bbox 2161 4407 3744 4486">
    <p class='ocr_par' dir='ltr' id='par_1_91' title="bbox 2161 4407 3744 4486">
     <span class='ocr_line' id='line_1_91' title="bbox 2161 4407 3744 4486; baseline 0.005 -25"><span class='ocrx_word' id='word_1_666' title='bbox 2161 4407 2344 4463; x_wconf 81' lang='lat' dir='ltr'><strong>lendas</strong></span> <span class='ocrx_word' id='word_1_667' title='bbox 2401 4409 2746 4477; x_wconf 76' lang='lat' dir='ltr'><strong>Novembris,</strong></span> <span class='ocrx_word' id='word_1_668' title='bbox 2796 4414 2871 4467; x_wconf 88' lang='lat' dir='ltr'><strong>sic</strong></span> <span class='ocrx_word' id='word_1_669' title='bbox 2916 4423 3229 4483; x_wconf 85' lang='lat' dir='ltr'><strong>temperetur</strong></span> <span class='ocrx_word' id='word_1_670' title='bbox 3272 4415 3401 4468; x_wconf 73' lang='lat' dir='ltr'><strong>liora</strong></span> <span class='ocrx_word' id='word_1_671' title='bbox 3445 4415 3744 4486; x_wconf 75' lang='lat' dir='ltr'><strong>vigiliarum</strong></span> 
     </span>
    </p>
   </div>
   <div class='ocr_carea' id='block_1_92' title="bbox 472 4489 2066 4576">
    <p class='ocr_par' dir='ltr' id='par_1_92' title="bbox 472 4508 2058 4576">
     <span class='ocr_line' id='line_1_92' title="bbox 472 4508 2058 4576; baseline 0.002 -15"><span class='ocrx_word' id='word_1_672' title='bbox 472 4508 651 4561; x_wconf 81' lang='lat' dir='ltr'><strong>adhuc</strong></span> <span class='ocrx_word' id='word_1_673' title='bbox 676 4509 903 4576; x_wconf 83' lang='lat' dir='ltr'><strong>septima</strong></span> <span class='ocrx_word' id='word_1_674' title='bbox 944 4517 1059 4563; x_wconf 81' lang='lat' dir='ltr'><strong>tota</strong></span> <span class='ocrx_word' id='word_1_675' title='bbox 1087 4517 1144 4563; x_wconf 89' lang='lat' dir='ltr'><strong>et</strong></span> <span class='ocrx_word' id='word_1_676' title='bbox 1185 4516 1374 4564; x_wconf 82' lang='lat' dir='ltr'><strong>octava</strong></span> <span class='ocrx_word' id='word_1_677' title='bbox 1401 4509 1648 4574; x_wconf 78' lang='lat' dir='ltr'><strong>dimidia,</strong></span> <span class='ocrx_word' id='word_1_678' title='bbox 1680 4520 1735 4563; x_wconf 91' lang='lat' dir='ltr'><strong>et</strong></span> <span class='ocrx_word' id='word_1_679' title='bbox 1771 4509 2058 4565; x_wconf 86' lang='lat' dir='ltr'><strong>intervallo</strong></span> 
     </span>
    </p>
   </div>
   <div class='ocr_carea' id='block_1_93' title="bbox 2172 4489 3744 4576">
    <p class='ocr_par' dir='ltr' id='par_1_93' title="bbox 2172 4497 3744 4575">
     <span class='ocr_line' id='line_1_93' title="bbox 2172 4497 3744 4575; baseline 0.006 -25"><span class='ocrx_word' id='word_1_680' title='bbox 2172 4497 2384 4567; x_wconf 70' lang='lat' dir='ltr'><strong>agenda,</strong></span> <span class='ocrx_word' id='word_1_681' title='bbox 2422 4509 2479 4552; x_wconf 89' lang='lat' dir='ltr'><strong>ut</strong></span> <span class='ocrx_word' id='word_1_682' title='bbox 2511 4502 2823 4570; x_wconf 82' lang='lat' dir='ltr'><strong>parvissima</strong></span> <span class='ocrx_word' id='word_1_683' title='bbox 2857 4501 3153 4570; x_wconf 84' lang='lat' dir='ltr'><strong>intervallo,</strong></span> <span class='ocrx_word' id='word_1_684' title='bbox 3182 4507 3285 4575; x_wconf 80' lang='lat' dir='ltr'><strong>quo</strong></span> <span class='ocrx_word' id='word_1_685' title='bbox 3329 4504 3518 4573; x_wconf 78' lang='lat' dir='ltr'><strong>fratres</strong></span> <span class='ocrx_word' id='word_1_686' title='bbox 3551 4505 3620 4558; x_wconf 88' lang='lat' dir='ltr'><strong>ad</strong></span> <span class='ocrx_word' id='word_1_687' title='bbox 3651 4521 3744 4559; x_wconf 87' lang='lat' dir='ltr'><strong>ne-</strong></span> 
     </span>
    </p>
   </div>
   <div class='ocr_carea' id='block_1_94' title="bbox 471 4600 2057 4670">
    <p class='ocr_par' dir='ltr' id='par_1_94' title="bbox 471 4600 2057 4670">
     <span class='ocr_line' id='line_1_94' title="bbox 471 4600 2057 4670; baseline 0.002 -16"><span class='ocrx_word' id='word_1_688' title='bbox 471 4600 748 4670; x_wconf 86' lang='lat' dir='ltr'><strong>signorum</strong></span> <span class='ocrx_word' id='word_1_689' title='bbox 793 4600 964 4666; x_wconf 87' lang='lat' dir='ltr'><strong>facto,</strong></span> <span class='ocrx_word' id='word_1_690' title='bbox 990 4601 1146 4670; x_wconf 84' lang='lat' dir='ltr'><strong>quasi</strong></span> <span class='ocrx_word' id='word_1_691' title='bbox 1196 4602 1328 4656; x_wconf 87' lang='lat' dir='ltr'><strong>hora</strong></span> <span class='ocrx_word' id='word_1_692' title='bbox 1368 4601 1593 4655; x_wconf 78' lang='lat' dir='ltr'><strong>dimidia</strong></span> <span class='ocrx_word' id='word_1_693' title='bbox 1639 4601 1983 4670; x_wconf 85' lang='lat' dir='ltr'><strong>incipientes,</strong></span> <span class='ocrx_word' id='word_1_694' title='bbox 2025 4617 2057 4657; x_wconf 69' lang='grc' dir='ltr'><strong>τι</strong></span> 
     </span>
    </p>
   </div>
   <div class='ocr_carea' id='block_1_95' title="bbox 470 4691 2056 4762">
    <p class='ocr_par' dir='ltr' id='par_1_95' title="bbox 470 4691 2056 4762">
     <span class='ocr_line' id='line_1_95' title="bbox 470 4691 2056 4762; baseline 0.002 -17"><span class='ocrx_word' id='word_1_695' title='bbox 470 4705 614 4745; x_wconf 86' lang='lat' dir='ltr'><strong>nona</strong></span> <span class='ocrx_word' id='word_1_696' title='bbox 641 4692 777 4746; x_wconf 85' lang='lat' dir='ltr'><strong>hora</strong></span> <span class='ocrx_word' id='word_1_697' title='bbox 803 4692 982 4746; x_wconf 87' lang='lat' dir='ltr'><strong>noctis</strong></span> <span class='ocrx_word' id='word_1_698' title='bbox 1010 4692 1220 4746; x_wconf 82' lang='lat' dir='ltr'><strong>alacres</strong></span> <span class='ocrx_word' id='word_1_699' title='bbox 1241 4691 1421 4746; x_wconf 82' lang='lat' dir='ltr'><strong>animo</strong></span> <span class='ocrx_word' id='word_1_700' title='bbox 1438 4699 1496 4745; x_wconf 90' lang='lat' dir='ltr'><strong>et</strong></span> <span class='ocrx_word' id='word_1_701' title='bbox 1517 4706 1743 4760; x_wconf 82' lang='lat' dir='ltr'><strong>corpore</strong></span> <span class='ocrx_word' id='word_1_702' title='bbox 1768 4707 1872 4746; x_wconf 90' lang='lat' dir='ltr'><strong>non</strong></span> <span class='ocrx_word' id='word_1_703' title='bbox 1901 4693 2056 4762; x_wconf 81' lang='lat' dir='ltr'><strong>pigro</strong></span> 
     </span>
    </p>
   </div>
   <div class='ocr_carea' id='block_1_96' title="bbox 470 4781 2048 4838">
    <p class='ocr_par' dir='ltr' id='par_1_96' title="bbox 470 4781 2048 4838">
     <span class='ocr_line' id='line_1_96' title="bbox 470 4781 2048 4838; baseline 0.001 -2"><span class='ocrx_word' id='word_1_704' title='bbox 470 4781 664 4836; x_wconf 71' lang='lat' dir='ltr'><strong>divinae</strong></span> <span class='ocrx_word' id='word_1_705' title='bbox 687 4781 866 4836; x_wconf 84' lang='lat' dir='ltr'><strong>laudis</strong></span> <span class='ocrx_word' id='word_1_706' title='bbox 889 4781 1129 4837; x_wconf 79' lang='lat' dir='ltr'><strong>olllcium</strong></span> <span class='ocrx_word' id='word_1_707' title='bbox 1173 4781 1402 4836; x_wconf 85' lang='lat' dir='ltr'><strong>reddant</strong></span> <span class='ocrx_word' id='word_1_708' title='bbox 1429 4782 1657 4837; x_wconf 73' lang='lat' dir='ltr'><strong>Domino</strong></span> <span class='ocrx_word' id='word_1_709' title='bbox 1686 4791 1874 4836; x_wconf 87' lang='lat' dir='ltr'><strong>nostro</strong></span> <span class='ocrx_word' id='word_1_710' title='bbox 1915 4781 2048 4838; x_wconf 83' lang='lat' dir='ltr'><strong>Jesu</strong></span> 
     </span>
    </p>
   </div>
   <div class='ocr_carea' id='block_1_97' title="bbox 469 4871 2046 4944">
    <p class='ocr_par' dir='ltr' id='par_1_97' title="bbox 469 4871 2046 4944">
     <span class='ocr_line' id='line_1_97' title="bbox 469 4871 2046 4944; baseline 0 -17"><span class='ocrx_word' id='word_1_711' title='bbox 469 4871 706 4927; x_wconf 83' lang='lat' dir='ltr'><strong>Christo.</strong></span> <span class='ocrx_word' id='word_1_712' title='bbox 739 4872 893 4939; x_wconf 78' lang='lat' dir='ltr'><strong>Quod</strong></span> <span class='ocrx_word' id='word_1_713' title='bbox 929 4881 1111 4927; x_wconf 82' lang='lat' dir='ltr'><strong>autem</strong></span> <span class='ocrx_word' id='word_1_714' title='bbox 1145 4873 1277 4928; x_wconf 87' lang='lat' dir='ltr'><strong>dicit</strong></span> <span class='ocrx_word' id='word_1_715' title='bbox 1300 4891 1314 4927; x_wconf 88' lang='lat'><strong>:</strong></span> <span class='ocrx_word' id='word_1_716' title='bbox 1337 4872 1409 4926; x_wconf 81' lang='lat' dir='ltr'><strong>Et</strong></span> <span class='ocrx_word' id='word_1_717' title='bbox 1434 4872 1552 4942; x_wconf 83' lang='lat' dir='ltr'><strong>jam</strong></span> <span class='ocrx_word' id='word_1_718' title='bbox 1573 4873 1765 4942; x_wconf 81' lang='lat' dir='ltr'><strong>digesti</strong></span> <span class='ocrx_word' id='word_1_719' title='bbox 1805 4884 2046 4944; x_wconf 71' lang='lat' dir='ltr'><strong>surgant,</strong></span> 
     </span>
    </p>
   </div>
   <div class='ocr_carea' id='block_1_98' title="bbox 469 4963 2049 5037">
    <p class='ocr_par' dir='ltr' id='par_1_98' title="bbox 469 4963 2049 5037">
     <span class='ocr_line' id='line_1_98' title="bbox 469 4963 2049 5037; baseline 0.002 -22"><span class='ocrx_word' id='word_1_720' title='bbox 469 4964 539 5016; x_wconf 87' lang='lat' dir='ltr'><strong>ab</strong></span> <span class='ocrx_word' id='word_1_721' title='bbox 564 4963 827 5033; x_wconf 90' lang='lat' dir='ltr'><strong>imperitis</strong></span> <span class='ocrx_word' id='word_1_722' title='bbox 852 4964 1147 5018; x_wconf 87' lang='lat' dir='ltr'><strong>absurdum</strong></span> <span class='ocrx_word' id='word_1_723' title='bbox 1173 4978 1295 5037; x_wconf 82' lang='lat' dir='ltr'><strong>esse</strong></span> <span class='ocrx_word' id='word_1_724' title='bbox 1321 4963 1555 5034; x_wconf 90' lang='lat' dir='ltr'><strong>positum</strong></span> <span class='ocrx_word' id='word_1_725' title='bbox 1592 4963 1806 5018; x_wconf 86' lang='lat' dir='ltr'><strong>videtur</strong></span> <span class='ocrx_word' id='word_1_726' title='bbox 1833 4971 1890 5019; x_wconf 90' lang='lat' dir='ltr'><strong>et</strong></span> <span class='ocrx_word' id='word_1_727' title='bbox 1917 4964 2049 5018; x_wconf 86' lang='lat' dir='ltr'><strong>ridi-</strong></span> 
     </span>
    </p>
   </div>
   <div class='ocr_carea' id='block_1_99' title="bbox 467 5053 2048 5125">
    <p class='ocr_par' dir='ltr' id='par_1_99' title="bbox 467 5053 2048 5125">
     <span class='ocr_line' id='line_1_99' title="bbox 467 5053 2048 5125; baseline 0.003 -19"><span class='ocrx_word' id='word_1_728' title='bbox 467 5053 734 5118; x_wconf 82' lang='lat' dir='ltr'><strong>culosnm,</strong></span> <span class='ocrx_word' id='word_1_729' title='bbox 759 5054 854 5108; x_wconf 85' lang='lat' dir='ltr'><strong>sed</strong></span> <span class='ocrx_word' id='word_1_730' title='bbox 878 5070 909 5108; x_wconf 88' lang='lat' dir='ltr'><strong>a</strong></span> <span class='ocrx_word' id='word_1_731' title='bbox 929 5065 1076 5109; x_wconf 86' lang='lat' dir='ltr'><strong>recte</strong></span> <span class='ocrx_word' id='word_1_732' title='bbox 1105 5054 1530 5125; x_wconf 83' lang='lat' dir='ltr'><strong>intelligentibos</strong></span> <span class='ocrx_word' id='word_1_733' title='bbox 1558 5054 1764 5110; x_wconf 87' lang='lat' dir='ltr'><strong>utiliter</strong></span> <span class='ocrx_word' id='word_1_734' title='bbox 1781 5071 1905 5110; x_wconf 88' lang='lat' dir='ltr'><strong>esse</strong></span> <span class='ocrx_word' id='word_1_735' title='bbox 1925 5069 2048 5125; x_wconf 85' lang='lat' dir='ltr'><strong>pro-</strong></span> 
     </span>
    </p>
   </div>
   <div class='ocr_carea' id='block_1_100' title="bbox 467 5144 2049 5218">
    <p class='ocr_par' dir='ltr' id='par_1_100' title="bbox 467 5144 2049 5218">
     <span class='ocr_line' id='line_1_100' title="bbox 467 5144 2049 5218; baseline 0.003 -21"><span class='ocrx_word' id='word_1_736' title='bbox 467 5144 656 5209; x_wconf 85' lang='lat' dir='ltr'><strong>latum,</strong></span> <span class='ocrx_word' id='word_1_737' title='bbox 688 5153 743 5199; x_wconf 85' lang='lat' dir='ltr'><strong>et</strong></span> <span class='ocrx_word' id='word_1_738' title='bbox 768 5161 1004 5215; x_wconf 81' lang='lat' dir='ltr'><strong>congrue</strong></span> <span class='ocrx_word' id='word_1_739' title='bbox 1038 5147 1299 5215; x_wconf 79' lang='lat' dir='ltr'><strong>probatur</strong></span> <span class='ocrx_word' id='word_1_740' title='bbox 1325 5161 1449 5200; x_wconf 91' lang='lat' dir='ltr'><strong>esse</strong></span> <span class='ocrx_word' id='word_1_741' title='bbox 1493 5146 1719 5201; x_wconf 85' lang='lat' dir='ltr'><strong>dictum.</strong></span> <span class='ocrx_word' id='word_1_742' title='bbox 1772 5147 2049 5218; x_wconf 76' lang='lat' dir='ltr'><strong>Digestunt</strong></span> 
     </span>
    </p>
   </div>
   <div class='ocr_carea' id='block_1_101' title="bbox 464 5234 2049 5304">
    <p class='ocr_par' dir='ltr' id='par_1_101' title="bbox 464 5234 2049 5304">
     <span class='ocr_line' id='line_1_101' title="bbox 464 5234 2049 5304; baseline 0.003 -17"><span class='ocrx_word' id='word_1_743' title='bbox 464 5234 611 5288; x_wconf 74' lang='lat' dir='ltr'><strong>enim</strong></span> <span class='ocrx_word' id='word_1_744' title='bbox 657 5235 806 5298; x_wconf 83' lang='lat' dir='ltr'><strong>dicit,</strong></span> <span class='ocrx_word' id='word_1_745' title='bbox 839 5244 1074 5300; x_wconf 85' lang='lat' dir='ltr'><strong>coctum,</strong></span> <span class='ocrx_word' id='word_1_746' title='bbox 1118 5246 1518 5304; x_wconf 75' lang='lat' dir='ltr'><strong>consumptum,</strong></span> <span class='ocrx_word' id='word_1_747' title='bbox 1564 5235 1649 5290; x_wconf 88' lang='lat' dir='ltr'><strong>vel</strong></span> <span class='ocrx_word' id='word_1_748' title='bbox 1691 5237 1855 5290; x_wconf 86' lang='lat' dir='ltr'><strong>etiam</strong></span> <span class='ocrx_word' id='word_1_749' title='bbox 1883 5236 2049 5292; x_wconf 89' lang='lat' dir='ltr'><strong>dedu-</strong></span> 
     </span>
    </p>
   </div>
   <div class='ocr_carea' id='block_1_102' title="bbox 463 5325 2046 5398">
    <p class='ocr_par' dir='ltr' id='par_1_102' title="bbox 463 5325 2046 5398">
     <span class='ocr_line' id='line_1_102' title="bbox 463 5325 2046 5398; baseline 0.004 -22"><span class='ocrx_word' id='word_1_750' title='bbox 463 5332 630 5386; x_wconf 90' lang='lat' dir='ltr'><strong>ctum,</strong></span> <span class='ocrx_word' id='word_1_751' title='bbox 664 5331 759 5377; x_wconf 87' lang='lat' dir='ltr'><strong>aut</strong></span> <span class='ocrx_word' id='word_1_752' title='bbox 804 5334 952 5380; x_wconf 88' lang='lat' dir='ltr'><strong>certe</strong></span> <span class='ocrx_word' id='word_1_753' title='bbox 1003 5325 1333 5380; x_wconf 86' lang='lat' dir='ltr'><strong>exhalatum.</strong></span> <span class='ocrx_word' id='word_1_754' title='bbox 1367 5326 1519 5382; x_wconf 90' lang='lat' dir='ltr'><strong>Unde</strong></span> <span class='ocrx_word' id='word_1_755' title='bbox 1569 5327 1658 5380; x_wconf 91' lang='lat' dir='ltr'><strong>hic</strong></span> <span class='ocrx_word' id='word_1_756' title='bbox 1701 5327 2046 5398; x_wconf 81' lang='lat' dir='ltr'><strong>intelligitur,</strong></span> 
     </span>
    </p>
   </div>
   <div class='ocr_carea' id='block_1_103' title="bbox 463 5413 2047 5485">
    <p class='ocr_par' dir='ltr' id='par_1_103' title="bbox 463 5413 2047 5485">
     <span class='ocr_line' id='line_1_103' title="bbox 463 5413 2047 5485; baseline 0.005 -19"><span class='ocrx_word' id='word_1_757' title='bbox 463 5413 652 5484; x_wconf 72' lang='lat' dir='ltr'><strong>digesti</strong></span> <span class='ocrx_word' id='word_1_758' title='bbox 693 5425 932 5485; x_wconf 70' lang='lat' dir='ltr'><strong>urgent,</strong></span> <span class='ocrx_word' id='word_1_759' title='bbox 956 5416 1012 5470; x_wconf 84' lang='lat' dir='ltr'><strong>id</strong></span> <span class='ocrx_word' id='word_1_760' title='bbox 1037 5425 1124 5471; x_wconf 90' lang='lat' dir='ltr'><strong>est</strong></span> <span class='ocrx_word' id='word_1_761' title='bbox 1144 5416 1261 5485; x_wconf 81' lang='lat' dir='ltr'><strong>jam</strong></span> <span class='ocrx_word' id='word_1_762' title='bbox 1285 5418 1409 5473; x_wconf 85' lang='lat' dir='ltr'><strong>cibo</strong></span> <span class='ocrx_word' id='word_1_763' title='bbox 1437 5417 1704 5472; x_wconf 72' lang='lat' dir='ltr'><strong>stomachi</strong></span> <span class='ocrx_word' id='word_1_764' title='bbox 1747 5417 1851 5471; x_wconf 90' lang='lat' dir='ltr'><strong>olla</strong></span> <span class='ocrx_word' id='word_1_765' title='bbox 1893 5427 2047 5473; x_wconf 88' lang='lat' dir='ltr'><strong>cocto</strong></span> 
     </span>
    </p>
   </div>
   <div class='ocr_carea' id='block_1_104' title="bbox 464 5506 2048 5578">
    <p class='ocr_par' dir='ltr' id='par_1_104' title="bbox 464 5506 2048 5578">
     <span class='ocr_line' id='line_1_104' title="bbox 464 5506 2048 5578; baseline 0.004 -18"><span class='ocrx_word' id='word_1_766' title='bbox 464 5512 522 5560; x_wconf 86' lang='lat' dir='ltr'><strong>et</strong></span> <span class='ocrx_word' id='word_1_767' title='bbox 568 5506 622 5560; x_wconf 82' lang='lat' dir='ltr'><strong>in</strong></span> <span class='ocrx_word' id='word_1_768' title='bbox 679 5507 1038 5562; x_wconf 79' lang='lat' dir='ltr'><strong>ventriculum</strong></span> <span class='ocrx_word' id='word_1_769' title='bbox 1097 5509 1360 5574; x_wconf 85' lang='lat' dir='ltr'><strong>deducto,</strong></span> <span class='ocrx_word' id='word_1_770' title='bbox 1405 5523 1705 5577; x_wconf 89' lang='lat' dir='ltr'><strong>somnoque</strong></span> <span class='ocrx_word' id='word_1_771' title='bbox 1754 5517 2048 5578; x_wconf 75' lang='lat' dir='ltr'><strong>exsurgant</strong></span> 
     </span>
    </p>
   </div>
   <div class='ocr_carea' id='block_1_105' title="bbox 464 5596 2046 5669">
    <p class='ocr_par' dir='ltr' id='par_1_105' title="bbox 464 5596 2046 5669">
     <span class='ocr_line' id='line_1_105' title="bbox 464 5596 2046 5669; baseline 0.001 -18"><span class='ocrx_word' id='word_1_772' title='bbox 464 5596 736 5652; x_wconf 56' lang='lat' dir='ltr'><strong>tabulato.</strong></span> <span class='ocrx_word' id='word_1_773' title='bbox 783 5596 917 5652; x_wconf 78' lang='lat' dir='ltr'><strong>Nam</strong></span> <span class='ocrx_word' id='word_1_774' title='bbox 947 5607 1004 5654; x_wconf 86' lang='lat' dir='ltr'><strong>et</strong></span> <span class='ocrx_word' id='word_1_775' title='bbox 1027 5600 1081 5653; x_wconf 92' lang='lat' dir='ltr'><strong>in</strong></span> <span class='ocrx_word' id='word_1_776' title='bbox 1111 5599 1218 5654; x_wconf 78' lang='lat' dir='ltr'><strong>alio</strong></span> <span class='ocrx_word' id='word_1_777' title='bbox 1245 5601 1365 5654; x_wconf 73' lang='lat' dir='ltr'><strong>loco</strong></span> <span class='ocrx_word' id='word_1_778' title='bbox 1397 5600 1474 5654; x_wconf 76' lang='lat' dir='ltr'><strong>de</strong></span> <span class='ocrx_word' id='word_1_779' title='bbox 1499 5598 1600 5653; x_wconf 88' lang='lat' dir='ltr'><strong>hac</strong></span> <span class='ocrx_word' id='word_1_780' title='bbox 1631 5599 1818 5654; x_wconf 88' lang='lat' dir='ltr'><strong>eadem</strong></span> <span class='ocrx_word' id='word_1_781' title='bbox 1843 5614 1900 5652; x_wconf 90' lang='lat' dir='ltr'><strong>re</strong></span> <span class='ocrx_word' id='word_1_782' title='bbox 1925 5600 2046 5669; x_wconf 87' lang='lat' dir='ltr'><strong>qui-</strong></span> 
     </span>
    </p>
   </div>
   <div class='ocr_carea' id='block_1_106' title="bbox 465 5688 2043 5762">
    <p class='ocr_par' dir='ltr' id='par_1_106' title="bbox 465 5688 2043 5762">
     <span class='ocr_line' id='line_1_106' title="bbox 465 5688 2043 5762; baseline 0.002 -17"><span class='ocrx_word' id='word_1_783' title='bbox 465 5689 590 5745; x_wconf 78' lang='lat' dir='ltr'><strong>dam</strong></span> <span class='ocrx_word' id='word_1_784' title='bbox 613 5689 998 5743; x_wconf 81' lang='lat' dir='ltr'><strong>monachorum</strong></span> <span class='ocrx_word' id='word_1_785' title='bbox 1030 5693 1288 5762; x_wconf 83' lang='lat' dir='ltr'><strong>magister</strong></span> <span class='ocrx_word' id='word_1_786' title='bbox 1317 5691 1395 5746; x_wconf 88' lang='lat' dir='ltr'><strong>sic</strong></span> <span class='ocrx_word' id='word_1_787' title='bbox 1425 5690 1502 5744; x_wconf 82' lang='lat' dir='ltr'><strong>ait</strong></span> <span class='ocrx_word' id='word_1_788' title='bbox 1527 5707 1539 5742; x_wconf 88' lang='lat'>:</span> <span class='ocrx_word' id='word_1_789' title='bbox 1567 5688 1692 5745; x_wconf 85' lang='lat' dir='ltr'><strong>ideo</strong></span> <span class='ocrx_word' id='word_1_790' title='bbox 1719 5698 1841 5760; x_wconf 89' lang='lat' dir='ltr'><strong>post</strong></span> <span class='ocrx_word' id='word_1_791' title='bbox 1867 5691 2043 5762; x_wconf 88' lang='lat' dir='ltr'><strong>pullos</strong></span> 
     </span>
    </p>
   </div>
   <div class='ocr_carea' id='block_1_107' title="bbox 2161 4590 3744 4666">
    <p class='ocr_par' dir='ltr' id='par_1_107' title="bbox 2161 4590 3744 4666">
     <span class='ocr_line' id='line_1_107' title="bbox 2161 4590 3744 4666; baseline 0.006 -26"><span class='ocrx_word' id='word_1_792' title='bbox 2161 4590 2390 4642; x_wconf 85' lang='lat' dir='ltr'><strong>cessaria</strong></span> <span class='ocrx_word' id='word_1_793' title='bbox 2420 4600 2626 4645; x_wconf 70' lang='lat' dir='ltr'><strong>natura:</strong></span> <span class='ocrx_word' id='word_1_794' title='bbox 2656 4602 2864 4658; x_wconf 69' lang='lat' dir='ltr'><strong>exeant,</strong></span> <span class='ocrx_word' id='word_1_795' title='bbox 2893 4594 3174 4658; x_wconf 84' lang='lat' dir='ltr'><strong>custodito,</strong></span> <span class='ocrx_word' id='word_1_796' title='bbox 3206 4611 3328 4649; x_wconf 76' lang='lat' dir='ltr'><strong>mox</strong></span> <span class='ocrx_word' id='word_1_797' title='bbox 3355 4596 3615 4659; x_wconf 83' lang='lat' dir='ltr'><strong>matutini,</strong></span> <span class='ocrx_word' id='word_1_798' title='bbox 3651 4595 3744 4666; x_wconf 81' lang='lat' dir='ltr'><strong>qui</strong></span> 
     </span>
    </p>
   </div>
   <div class='ocr_carea' id='block_1_108' title="bbox 2157 4676 3382 4755">
    <p class='ocr_par' dir='ltr' id='par_1_108' title="bbox 2157 4676 3382 4755">
     <span class='ocr_line' id='line_1_108' title="bbox 2157 4676 3382 4755; baseline 0.009 -26"><span class='ocrx_word' id='word_1_799' title='bbox 2157 4676 2427 4749; x_wconf 74' lang='lat' dir='ltr'><strong>incipienti</strong></span> <span class='ocrx_word' id='word_1_800' title='bbox 2448 4680 2565 4735; x_wconf 86' lang='lat' dir='ltr'><strong>luce</strong></span> <span class='ocrx_word' id='word_1_801' title='bbox 2583 4684 2776 4754; x_wconf 83' lang='lat' dir='ltr'><strong>agendi</strong></span> <span class='ocrx_word' id='word_1_802' title='bbox 2803 4693 2946 4747; x_wconf 85' lang='lat' dir='ltr'><strong>sunt,</strong></span> <span class='ocrx_word' id='word_1_803' title='bbox 2979 4684 3382 4755; x_wconf 84' lang='lat' dir='ltr'><strong>subsequantur.</strong></span> 
     </span>
    </p>
   </div>
   <div class='ocr_carea' id='block_1_109' title="bbox 2764 4772 3128 4828">
    <p class='ocr_par' dir='ltr' id='par_1_109' title="bbox 2764 4772 3128 4828">
     <span class='ocr_line' id='line_1_109' title="bbox 2764 4772 3128 4828; baseline -0.003 0"><span class='ocrx_word' id='word_1_804' title='bbox 2764 4772 2991 4828; x_wconf 81' lang='lat' dir='ltr'><strong>CAPUT</strong></span> <span class='ocrx_word' id='word_1_805' title='bbox 3037 4773 3128 4827; x_wconf 86' lang='lat' dir='ltr'><strong>IX.</strong></span> 
     </span>
    </p>
   </div>
   <div class='ocr_carea' id='block_1_110' title="bbox 2318 4861 3592 4944">
    <p class='ocr_par' dir='ltr' id='par_1_110' title="bbox 2318 4861 3592 4944">
     <span class='ocr_line' id='line_1_110' title="bbox 2318 4861 3592 4944; baseline 0.006 -29"><span class='ocrx_word' id='word_1_806' title='bbox 2318 4861 2458 4927; x_wconf 81' lang='lat' dir='ltr'><strong>Quot</strong></span> <span class='ocrx_word' id='word_1_807' title='bbox 2479 4863 2670 4944; x_wconf 66' lang='lat' dir='ltr'><strong>psalmi</strong></span> <span class='ocrx_word' id='word_1_808' title='bbox 2697 4866 2906 4920; x_wconf 81' lang='lat' dir='ltr'><strong>dicendi</strong></span> <span class='ocrx_word' id='word_1_809' title='bbox 2931 4868 3034 4920; x_wconf 83' lang='lat' dir='ltr'><strong>sint</strong></span> <span class='ocrx_word' id='word_1_810' title='bbox 3058 4869 3111 4920; x_wconf 84' lang='lat' dir='ltr'><strong>in</strong></span> <span class='ocrx_word' id='word_1_811' title='bbox 3134 4870 3402 4924; x_wconf 85' lang='lat' dir='ltr'><strong>nocturnis</strong></span> <span class='ocrx_word' id='word_1_812' title='bbox 3430 4869 3592 4924; x_wconf 83' lang='lat' dir='ltr'><strong>Itoris.</strong></span> 
     </span>
    </p>
   </div>
   <div class='ocr_carea' id='block_1_111' title="bbox 2226 4960 3740 5029">
    <p class='ocr_par' dir='ltr' id='par_1_111' title="bbox 2226 4960 3740 5029">
     <span class='ocr_line' id='line_1_111' title="bbox 2226 4960 3740 5029; baseline 0.001 -15"><span class='ocrx_word' id='word_1_813' title='bbox 2226 4960 2430 5015; x_wconf 78' lang='lat' dir='ltr'><strong>Hiemis</strong></span> <span class='ocrx_word' id='word_1_814' title='bbox 2459 4968 2710 5029; x_wconf 87' lang='lat' dir='ltr'><strong>tempore,</strong></span> <span class='ocrx_word' id='word_1_815' title='bbox 2733 4960 3005 5028; x_wconf 77' lang='lat' dir='ltr'><strong>prwmisso</strong></span> <span class='ocrx_word' id='word_1_816' title='bbox 3029 4960 3085 5012; x_wconf 89' lang='lat' dir='ltr'><strong>in</strong></span> <span class='ocrx_word' id='word_1_817' title='bbox 3110 4961 3293 5029; x_wconf 84' lang='lat' dir='ltr'><strong>primis</strong></span> <span class='ocrx_word' id='word_1_818' title='bbox 3319 4979 3490 5022; x_wconf 73' lang='lat' dir='ltr'><strong>versu,</strong></span> <span class='ocrx_word' id='word_1_819' title='bbox 3520 4961 3660 5014; x_wconf 81' lang='lat' dir='ltr'><strong>Deus</strong></span> <span class='ocrx_word' id='word_1_820' title='bbox 3683 4963 3740 5016; x_wconf 86' lang='lat' dir='ltr'><strong>in</strong></span> 
     </span>
    </p>
   </div>
   <div class='ocr_carea' id='block_1_112' title="bbox 2153 5049 3736 5122">
    <p class='ocr_par' dir='ltr' id='par_1_112' title="bbox 2153 5049 3736 5122">
     <span class='ocr_line' id='line_1_112' title="bbox 2153 5049 3736 5122; baseline -0.003 -17"><span class='ocrx_word' id='word_1_821' title='bbox 2153 5052 2480 5122; x_wconf 85' lang='lat' dir='ltr'><strong>adjutorium</strong></span> <span class='ocrx_word' id='word_1_822' title='bbox 2522 5066 2694 5104; x_wconf 88' lang='lat' dir='ltr'><strong>meum</strong></span> <span class='ocrx_word' id='word_1_823' title='bbox 2725 5049 2970 5114; x_wconf 85' lang='lat' dir='ltr'><strong>intende;</strong></span> <span class='ocrx_word' id='word_1_824' title='bbox 3010 5049 3252 5115; x_wconf 85' lang='lat' dir='ltr'><strong>Domine,</strong></span> <span class='ocrx_word' id='word_1_825' title='bbox 3287 5051 3355 5104; x_wconf 91' lang='lat' dir='ltr'><strong>ad</strong></span> <span class='ocrx_word' id='word_1_826' title='bbox 3380 5050 3736 5122; x_wconf 74' lang='lat' dir='ltr'><strong>adjuvandum</strong></span> 
     </span>
    </p>
   </div>
   <div class='ocr_carea' id='block_1_113' title="bbox 2153 5139 3735 5212">
    <p class='ocr_par' dir='ltr' id='par_1_113' title="bbox 2153 5139 3735 5212">
     <span class='ocr_line' id='line_1_113' title="bbox 2153 5139 3735 5212; baseline -0.004 -14"><span class='ocrx_word' id='word_1_827' title='bbox 2153 5161 2234 5198; x_wconf 87' lang='lat' dir='ltr'><strong>me</strong></span> <span class='ocrx_word' id='word_1_828' title='bbox 2259 5143 2452 5212; x_wconf 76' lang='lat' dir='ltr'><strong>festina</strong></span> <span class='ocrx_word' id='word_1_829' title='bbox 2475 5139 2648 5212; x_wconf 87' lang='lat' dir='ltr'><strong>(Psal.</strong></span> <span class='ocrx_word' id='word_1_830' title='bbox 2674 5141 2847 5210; x_wconf 62' lang='grc' dir='ltr'><strong>ωαχ).</strong></span> <span class='ocrx_word' id='word_1_831' title='bbox 2879 5141 2945 5196; x_wconf 89' lang='lat' dir='ltr'><strong>In</strong></span> <span class='ocrx_word' id='word_1_832' title='bbox 2974 5142 3202 5197; x_wconf 85' lang='lat' dir='ltr'><strong>secundo</strong></span> <span class='ocrx_word' id='word_1_833' title='bbox 3229 5152 3307 5196; x_wconf 87' lang='lat' dir='ltr'><strong>ter</strong></span> <span class='ocrx_word' id='word_1_834' title='bbox 3327 5143 3602 5197; x_wconf 84' lang='lat' dir='ltr'><strong>dicendum</strong></span> <span class='ocrx_word' id='word_1_835' title='bbox 3627 5151 3700 5193; x_wconf 85' lang='lat' dir='ltr'><strong>est</strong></span> <span class='ocrx_word' id='word_1_836' title='bbox 3717 5155 3735 5192; x_wconf 88' lang='lat'><em>:</em></span> 
     </span>
    </p>
   </div>
   <div class='ocr_carea' id='block_1_114' title="bbox 2152 5231 3736 5304">
    <p class='ocr_par' dir='ltr' id='par_1_114' title="bbox 2152 5231 3736 5304">
     <span class='ocr_line' id='line_1_114' title="bbox 2152 5231 3736 5304; baseline -0.003 -14"><span class='ocrx_word' id='word_1_837' title='bbox 2152 5237 2394 5301; x_wconf 82' lang='lat' dir='ltr'><strong>Domine,</strong></span> <span class='ocrx_word' id='word_1_838' title='bbox 2433 5234 2573 5289; x_wconf 82' lang='lat' dir='ltr'><strong>labia</strong></span> <span class='ocrx_word' id='word_1_839' title='bbox 2602 5251 2716 5288; x_wconf 78' lang='lat' dir='ltr'><strong>mea</strong></span> <span class='ocrx_word' id='word_1_840' title='bbox 2743 5235 2968 5304; x_wconf 84' lang='lat' dir='ltr'><strong>aperies,</strong></span> <span class='ocrx_word' id='word_1_841' title='bbox 2998 5245 3046 5290; x_wconf 89' lang='lat' dir='ltr'><strong>et</strong></span> <span class='ocrx_word' id='word_1_842' title='bbox 3085 5252 3142 5289; x_wconf 83' lang='lat' dir='ltr'><strong>os</strong></span> <span class='ocrx_word' id='word_1_843' title='bbox 3183 5251 3356 5288; x_wconf 86' lang='lat' dir='ltr'><strong>meum</strong></span> <span class='ocrx_word' id='word_1_844' title='bbox 3406 5231 3736 5288; x_wconf 83' lang='lat' dir='ltr'><strong>annuntiabit</strong></span> 
     </span>
    </p>
   </div>
   <div class='ocr_carea' id='block_1_115' title="bbox 2152 5325 3735 5397">
    <p class='ocr_par' dir='ltr' id='par_1_115' title="bbox 2152 5325 3735 5397">
     <span class='ocr_line' id='line_1_115' title="bbox 2152 5325 3735 5397; baseline -0.001 -17"><span class='ocrx_word' id='word_1_845' title='bbox 2152 5326 2362 5380; x_wconf 84' lang='lat' dir='ltr'><strong>laudem</strong></span> <span class='ocrx_word' id='word_1_846' title='bbox 2409 5336 2550 5380; x_wconf 88' lang='lat' dir='ltr'><strong>tuam</strong></span> <span class='ocrx_word' id='word_1_847' title='bbox 2584 5325 2755 5397; x_wconf 84' lang='lat' dir='ltr'><strong>(Psal.</strong></span> <span class='ocrx_word' id='word_1_848' title='bbox 2787 5325 2862 5397; x_wconf 76' lang='grc' dir='ltr'><strong>ι).</strong></span> <span class='ocrx_word' id='word_1_849' title='bbox 2906 5326 3058 5382; x_wconf 88' lang='lat' dir='ltr'><strong>Sicut</strong></span> <span class='ocrx_word' id='word_1_850' title='bbox 3103 5328 3246 5381; x_wconf 90' lang='lat' dir='ltr'><strong>cnim</strong></span> <span class='ocrx_word' id='word_1_851' title='bbox 3287 5341 3386 5393; x_wconf 90' lang='lat' dir='ltr'><strong>pro</strong></span> <span class='ocrx_word' id='word_1_852' title='bbox 3435 5325 3735 5378; x_wconf 87' lang='lat' dir='ltr'><strong>reverentia</strong></span> 
     </span>
    </p>
   </div>
   <div class='ocr_carea' id='block_1_116' title="bbox 2153 5415 3734 5485">
    <p class='ocr_par' dir='ltr' id='par_1_116' title="bbox 2153 5415 3734 5485">
     <span class='ocr_line' id='line_1_116' title="bbox 2153 5415 3734 5485; baseline -0.003 -13"><span class='ocrx_word' id='word_1_853' title='bbox 2153 5427 2355 5474; x_wconf 64' lang='lat' dir='ltr'><strong>sanctae</strong></span> <span class='ocrx_word' id='word_1_854' title='bbox 2384 5418 2667 5474; x_wconf 84' lang='lat' dir='ltr'><strong>Trinitatis</strong></span> <span class='ocrx_word' id='word_1_855' title='bbox 2700 5427 2784 5474; x_wconf 86' lang='lat' dir='ltr'><strong>ter</strong></span> <span class='ocrx_word' id='word_1_856' title='bbox 2825 5420 3050 5485; x_wconf 82' lang='lat' dir='ltr'><strong>dicitur,</strong></span> <span class='ocrx_word' id='word_1_857' title='bbox 3081 5419 3326 5479; x_wconf 83' lang='lat' dir='ltr'><strong>Sanctus,</strong></span> <span class='ocrx_word' id='word_1_858' title='bbox 3358 5418 3432 5470; x_wconf 89' lang='lat' dir='ltr'><strong>ita</strong></span> <span class='ocrx_word' id='word_1_859' title='bbox 3467 5423 3522 5470; x_wconf 90' lang='lat' dir='ltr'><strong>et</strong></span> <span class='ocrx_word' id='word_1_860' title='bbox 3551 5415 3604 5469; x_wconf 89' lang='lat' dir='ltr'><strong>in</strong></span> <span class='ocrx_word' id='word_1_861' title='bbox 3631 5416 3734 5469; x_wconf 68' lang='lat' dir='ltr'><strong>hac-</strong></span> 
     </span>
    </p>
   </div>
   <div class='ocr_carea' id='block_1_117' title="bbox 2152 5505 3733 5579">
    <p class='ocr_par' dir='ltr' id='par_1_117' title="bbox 2152 5505 3733 5579">
     <span class='ocr_line' id='line_1_117' title="bbox 2152 5505 3733 5579; baseline -0.006 -13"><span class='ocrx_word' id='word_1_862' title='bbox 2152 5509 2542 5579; x_wconf 81' lang='lat' dir='ltr'><strong>supplicatione</strong></span> <span class='ocrx_word' id='word_1_863' title='bbox 2567 5509 2708 5563; x_wconf 89' lang='lat' dir='ltr'><strong>trina</strong></span> <span class='ocrx_word' id='word_1_864' title='bbox 2733 5510 3016 5578; x_wconf 87' lang='lat' dir='ltr'><strong>apertione</strong></span> <span class='ocrx_word' id='word_1_865' title='bbox 3045 5508 3334 5569; x_wconf 84' lang='lat' dir='ltr'><strong>labiorum,</strong></span> <span class='ocrx_word' id='word_1_866' title='bbox 3361 5505 3430 5559; x_wconf 86' lang='lat' dir='ltr'><strong>ab</strong></span> <span class='ocrx_word' id='word_1_867' title='bbox 3463 5505 3576 5574; x_wconf 87' lang='lat' dir='ltr'><strong>ipsa</strong></span> <span class='ocrx_word' id='word_1_868' title='bbox 3609 5519 3733 5558; x_wconf 88' lang='lat' dir='ltr'><strong>san-</strong></span> 
     </span>
    </p>
   </div>
   <div class='ocr_carea' id='block_1_118' title="bbox 2149 5596 3731 5670">
    <p class='ocr_par' dir='ltr' id='par_1_118' title="bbox 2149 5596 3731 5670">
     <span class='ocr_line' id='line_1_118' title="bbox 2149 5596 3731 5670; baseline -0.006 -13"><span class='ocrx_word' id='word_1_869' title='bbox 2149 5611 2236 5657; x_wconf 87' lang='lat' dir='ltr'><strong>cta</strong></span> <span class='ocrx_word' id='word_1_870' title='bbox 2246 5610 2505 5670; x_wconf 74' lang='lat' dir='ltr'><strong>precatur</strong></span> <span class='ocrx_word' id='word_1_871' title='bbox 2519 5600 2801 5662; x_wconf 78' lang='lat' dir='ltr'><strong>Triuitate,</strong></span> <span class='ocrx_word' id='word_1_872' title='bbox 2825 5610 2883 5653; x_wconf 91' lang='lat' dir='ltr'><strong>ut</strong></span> <span class='ocrx_word' id='word_1_873' title='bbox 2905 5607 3029 5668; x_wconf 86' lang='lat' dir='ltr'><strong>post</strong></span> <span class='ocrx_word' id='word_1_874' title='bbox 3045 5596 3322 5650; x_wconf 84' lang='lat' dir='ltr'><strong>labrorum</strong></span> <span class='ocrx_word' id='word_1_875' title='bbox 3369 5596 3731 5666; x_wconf 86' lang='lat' dir='ltr'><strong>apertioncm,</strong></span> 
     </span>
    </p>
   </div>
   <div class='ocr_carea' id='block_1_119' title="bbox 2149 5687 3732 5764">
    <p class='ocr_par' dir='ltr' id='par_1_119' title="bbox 2149 5687 3732 5764">
     <span class='ocr_line' id='line_1_119' title="bbox 2149 5687 3732 5764; baseline -0.004 -16"><span class='ocrx_word' id='word_1_876' title='bbox 2149 5693 2308 5764; x_wconf 75' lang='lat' dir='ltr'><strong>digne</strong></span> <span class='ocrx_word' id='word_1_877' title='bbox 2333 5691 2505 5764; x_wconf 81' lang='lat' dir='ltr'><strong>possit</strong></span> <span class='ocrx_word' id='word_1_878' title='bbox 2529 5708 2592 5746; x_wconf 90' lang='lat' dir='ltr'><strong>os</strong></span> <span class='ocrx_word' id='word_1_879' title='bbox 2628 5705 2906 5746; x_wconf 78' lang='lat' dir='ltr'><strong>servorum</strong></span> <span class='ocrx_word' id='word_1_880' title='bbox 2949 5687 3160 5744; x_wconf 82' lang='lat' dir='ltr'><strong>Domini</strong></span> <span class='ocrx_word' id='word_1_881' title='bbox 3201 5687 3454 5744; x_wconf 84' lang='lat' dir='ltr'><strong>nuntiare</strong></span> <span class='ocrx_word' id='word_1_882' title='bbox 3505 5687 3732 5744; x_wconf 82' lang='lat' dir='ltr'><strong>Domino</strong></span> 
     </span>
    </p>
   </div>
  </div>
