3992 6206
285 285 382 342 851
483 313 497 340 δ

1571 274 1926 335 SMABAGDI
1963 275 2262 333 ABBATIS

3465 287 3568 344 832

286 398 519 453 laudem.
549 397 624 455 Os
649 404 831 453 autem
853 395 1050 452 dicitur
1071 385 1322 464 corporis
1341 390 1647 447 membrum
1671 398 1728 446 et
1747 404 1872 444 cor-
1896 389 1950 450 A
1975 396 2082 456 tur,
2115 392 2256 448 doxa
2283 398 2466 446 autem
2491 391 2660 463 gloria
2688 402 2930 450 vocatur.
2959 394 3103 467 Ergo
3144 399 3434 456 orthodoxi
3466 405 3569 462 viri

289 490 373 544 dis
420 504 702 544 arcanum.
746 487 898 544 Unde
934 493 991 540 et
1028 482 1320 540 eilicaciter
1351 483 1472 538 laus
1518 482 1700 537 divina
1745 497 1876 536 can-

291 590 457 636 tatur.

361 673 460 727 Cui
505 670 900 742 subjungendas
943 679 1019 724 est
1065 669 1251 722 tertius
1297 665 1531 737 psalmus
1573 674 1622 720 et
1665 662 1873 719 Gloria.

291 764 536 819 Psalmus
576 778 676 832 pro
702 762 1014 831 operatione
1044 760 1262 830 ponitur
1287 778 1299 812 :
1329 757 1513 812 Gloria
1544 758 1662 812 laus
1687 767 1771 812 est
1795 755 1879 812 di-

290 859 438 922 vina,
463 873 622 925 quam
649 857 822 927 angeli
846 857 898 910 in
924 855 1082 916 caelo,
1110 853 1359 909 homines
1381 860 1603 907 cantant
1631 853 1685 906 in
1709 860 1875 916 terra,

291 951 428 1005 sicut
456 950 545 1004 ille
571 949 784 1004 divinus
813 949 1100 1002 inchoatur
1122 947 1357 1015 hymnus
1383 962 1395 998 :
1421 941 1602 997 Gloria
1629 945 1683 996 in
1709 941 1879 997 excel-

289 1045 363 1097 sis
390 1043 518 1105 Deo,
548 1051 596 1096 et
638 1043 693 1095 in
723 1052 864 1096 terra
899 1056 1005 1110 paa:
1050 1037 1348 1092 hominibus
1397 1035 1546 1099 bonis
1593 1034 1878 1089 voluntatis

293 1135 446 1206 (Luc.
473 1135 554 1204 ιι).

364 1227 491 1282 Post
516 1229 655 1281 hunc
683 1226 915 1297 psalmus
947 1223 1313 1293 nonagesimus
1343 1230 1564 1292 quartus
1591 1237 1707 1274 cum
1736 1221 1878 1273 anti-

290 1319 464 1389 phona
485 1361 499 1383 ,
530 1329 621 1371 aut
657 1328 794 1372 certe
821 1314 1206 1370 decantandus.
1254 1313 1564 1382 Antiphona
1595 1327 1662 1366 ex
1691 1308 1880 1364 Graeco

293 1410 686 1479 interpretatur
713 1425 817 1463 vox
840 1408 1138 1477 reciproca,
1169 1405 1380 1459 duobus
1410 1403 1618 1458 scilicet
1644 1401 1881 1456 alterna-

290 1503 388 1556 tim
440 1501 794 1572 psallentibus
844 1499 1036 1553 ordine
1085 1503 1435 1551 commutato.
1509 1494 1660 1560 Quod
1711 1507 1884 1563 genus

290 1594 555 1663 psallendi
583 1592 757 1647 Grzeci
802 1590 1071 1645 invenisse
1108 1588 1417 1642 traduntur.
1452 1584 1607 1653 Apud
1654 1583 1880 1637 Latinos

292 1695 470 1738 autem
496 1683 824 1754 imprimitus
842 1679 1187 1736 beatissimus
1210 1677 1530 1731 Ambrosius
1554 1674 1882 1744 antipbonas

293 1775 546 1829 instituit.

361 1866 500 1920 Inde
528 1875 780 1936 sequatur
807 1863 1208 1918 Ambrosianus.
1254 1860 1310 1915 Id
1342 1866 1425 1915 est
1468 1860 1721 1930 hymnus.
1755 1857 1886 1910 Am-

295 1959 608 2012 brosianum
639 1957 786 2021 dicit,
813 1956 897 2011 vel
927 1955 1191 2019 divinum,
1218 1953 1300 2007 vel
1329 1952 1575 2015 caeleste,
1603 1951 1656 2005 id
1686 1959 1771 2004 est
1804 1948 1885 2004 di-

291 2049 496 2102 vinitus
523 2048 603 2101 vel
632 2047 845 2101 caelitus
872 2046 1214 2116 inspiratam.
1244 2043 1348 2097 Alii
1372 2041 1788 2096 Ambrosianum
1814 2041 1884 2095 ab

292 2137 580 2192 Ambrosio
614 2139 936 2209 hymnorum
961 2138 1222 2208 magistro
1253 2135 1357 2189 dici
1385 2133 1593 2188 volunt.

366 2227 568 2282 Deinde
611 2244 704 2283 sea:
739 2229 928 2299 psalmi
965 2245 1082 2282 cum
1110 2227 1432 2297 antiphonis.
1468 2224 1669 2290 Quibus
1700 2224 1880 2288 dictis,

296 2319 437 2372 dicto
487 2337 657 2385 versu,
687 2321 956 2374 benedicat
999 2319 1182 2373 abbas.
1233 2318 1288 2371 ld
1320 2325 1403 2371 est
1429 2324 1553 2387 post
1599 2329 1819 2369 versum
1850 2328 1882 2366 a

294 2417 548 2463 cantante
575 2411 778 2464 dictum
801 2410 946 2464 dicat
969 2410 1138 2463 abbas
1161 2426 1173 2461 :
1198 2406 1460 2461 Precibus
1489 2405 1733 2459 omnium
1759 2418 1885 2458 san-

295 2509 506 2553 ctorum
535 2515 755 2553 suorum
782 2499 952 2553 salvet
971 2507 1026 2553 et
1050 2498 1336 2552 benedicat
1365 2510 1464 2549 nos
1491 2494 1770 2558 Dominus,
1796 2491 1884 2547 vel

296 2588 458 2642 aliam
489 2589 725 2658 aliquam
753 2588 1059 2657 huiusmodi
1091 2587 1538 2642 benedictionem.

369 2679 439 2733 Et
463 2681 758 2735 sedentibus
783 2681 1101 2734 omnibusin
1123 2679 1372 2744 scamnis,
1395 2676 1638 2749 legantur
1656 2675 1883 2731 vicissim

295 2789 329 2825 a
363 2771 615 2841 fratribus
638 2774 693 2828 in
719 2774 915 2827 codice.
955 2773 1206 2828 Vicissim
1238 2772 1392 2837 dicit,
1415 2771 1466 2826 id
1488 2779 1571 2826 est
1591 2784 1690 2842 per
1714 2770 1880 2835 vices,

295 2861 628 2931 alternatim,
661 2865 744 2920 vel
791 2874 1011 2933 mutuo,
1038 2865 1092 2920 id
1139 2874 1239 2932 est,
1271 2874 1401 2922 tunc
1442 2865 1566 2932 iste,
1593 2872 1725 2919 tunc
1769 2863 1880 2930 ille,

293 2974 438 3013 nunc
467 2959 615 3024 hinc,
642 2975 786 3014 nunc
814 2959 938 3014 inde
1331 2979 1357 2992 τ

369 3046 543 3117 Super
564 3047 867 3118 analogiam
897 3059 999 3102 tres
1028 3048 1294 3104 lectiones.
1324 3047 1643 3119 Analogium
1674 3047 1877 3104 dictum

295 3141 362 3192 ab
388 3154 454 3193 eo
484 3141 627 3207 quod
653 3155 834 3194 sermo
865 3140 988 3194 inde
1015 3140 1228 3194 divinus
1251 3149 1345 3194 aut
1371 3141 1602 3211 legatur,
1625 3147 1717 3193 aut
1741 3155 1879 3210 prm-

296 3230 508 3283 dicetur
532 3245 545 3281 :
570 3228 716 3296 logos
744 3231 888 3284 enim
916 3230 1055 3300 apud
1085 3229 1302 3286 Graecos
1328 3246 1507 3286 sermo
1534 3231 1752 3286 dicitur.

366 3319 515 3373 Inter
552 3337 704 3390 quas,
733 3330 782 3374 et
818 3323 920 3374 tria
954 3324 1281 3392 responsoria
1309 3333 1583 3377 canentur.
1633 3322 1751 3377 Duo
1793 3339 1879 3376 ro-

293 3414 572 3481 sponsoria
617 3414 729 3466 sine
779 3411 961 3467 Gloria
1011 3413 1276 3468 dicantur.
1327 3412 1457 3467 Post
1506 3415 1712 3468 tertiam
1761 3404 1881 3468 ὕετο

295 3504 589 3568 lectionem,
619 3505 708 3574 qui
733 3513 934 3565 cantat,
958 3504 1099 3558 dicat
1130 3503 1334 3559 Gloria.
1387 3505 1558 3572 Quam
1587 3507 1714 3559 dum
1746 3506 1881 3560 inci-

293 3594 365 3663 pit
393 3604 578 3648 cantor
595 3594 786 3659 dicere,
810 3611 932 3648 mox
953 3611 1129 3648 omnes
1152 3595 1218 3648 de
1236 3596 1486 3650 sedilibus
1506 3597 1616 3651 suis
1638 3605 1880 3667 surgant,

296 3683 359 3737 ob
389 3683 638 3737 honorem
667 3693 712 3736 ct
743 3685 1081 3737 reverentiam
1109 3694 1304 3738 sanctae
1335 3685 1631 3741 Trinitatis.
1663 3685 1882 3742 Codices

295 3782 471 3825 autem
497 3753 738 3842 legantur
758 3771 812 3825 in
829 3771 1018 3842 vigiliis
1040 3783 1146 3826 tam
1174 3771 1369 3829 Veteris
1390 3773 1705 3830 Testamenti
1724 3794 1881 3848 quam

299 3863 438 3917 Novi
467 3863 1039 3920 divinreauctoritatis.
1066 3863 1123 3918 Id
1152 3873 1235 3919 est
1263 3865 1385 3918 libri
1418 3865 1880 3936 Moysis,Genesis,

297 3955 540 4018 Exodus,
565 3956 858 4021 Leviticus,
887 3955 1178 4023 Numerus,
1207 3958 1705 4024 Deuteronomium,
1735 3959 1884 4015 Judi-

295 4062 441 4110 cum,
490 4046 653 4110 Ruth,
693 4044 924 4115 Regum,
962 4045 1431 4118 Paralipomenon,
1467 4048 1588 4115 Job,
1637 4051 1884 4107 Psalmo-

295 4151 439 4200 rum,
483 4135 756 4201 Salomon,
792 4137 1082 4206 Sapientia:
1111 4139 1264 4201 liber,
1304 4140 1744 4209 Ecclesiasticus,
1775 4145 1882 4198 To-

297 4226 434 4290 liias,
469 4226 683 4292 Esther,
734 4225 939 4291 Juditb,
983 4228 1218 4293 Esdras,
1254 4229 1666 4300 Prophetarum,
1717 4235 1770 4288 id
1800 4243 1884 4290 est

296 4313 488 4379 Isaias,
539 4314 839 4379 Jcremias,
883 4317 1130 4371 Ezechiel
1171 4325 1226 4372 et
1267 4318 1470 4383 Daniel,
1522 4319 1694 4384 Οεθςε,
1744 4321 1879 4389 Joel,

1907 1749 1956 1808 B

1907 3096 1954 3158 C

1976 489 2139 538 rectae
2165 481 2350 554 gloriae
2378 483 2483 539 dici
2507 494 2750 555 possunt.
2783 485 3045 543 Catholici
3068 504 3198 546 vero
3228 492 3566 554 universales

1978 589 2076 630 seu
2103 577 2382 646 generales
2403 577 2848 648 interpretantur.
2869 579 2986 635 Non
3015 583 3159 636 enim
3193 598 3291 653 per
3313 586 3564 645 haeresim

1978 671 2073 720 aut
2097 665 2330 720 schisma
2355 668 2424 722 ab
2453 667 2746 723 universali
2773 679 3128 740 segregantur
3157 672 3424 730 Ecclesia.

2052 751 2178 808 Post
2210 755 2305 810 has
2331 774 2447 811 vero
2492 767 2594 812 tres
2634 756 2878 814 lectiones
2907 777 3026 814 cum
3062 767 3406 832 responsoriis
3435 771 3568 835 suis,

1979 859 2266 920 sequantur
2298 851 2484 922 reliqui
2531 869 2624 907 sea:
2670 853 2860 925 psalmi
2908 872 3029 910 cum
3059 856 3288 913 Alleluia
3323 863 3564 915 canendi.

1981 938 2110 995 Post
2140 942 2232 995 hos
2256 941 2406 996 lectio
2433 943 2669 1013 Apostoli
2697 955 2969 1016 sequatur,
2993 963 3058 1000 ea:
3079 948 3234 1001 corde
3265 951 3568 1014 recitanda;

1980 1043 2029 1086 et
2059 1049 2235 1087 versus
2266 1042 2314 1086 et
2345 1035 2659 1104 supplicatio
2686 1035 2909 1101 litanirc,
2942 1037 2997 1090 id
3025 1049 3123 1101 est,
3155 1036 3320 1107 Kyrie
3341 1039 3570 1105 eleison;

1981 1134 2029 1178 et
2063 1125 2139 1178 sic
2167 1125 2426 1192 ﬁniantur
2467 1125 2659 1196 vigilia:
2708 1138 3002 1182 nocturme.
3034 1127 3200 1199 Kyrie
3239 1131 3386 1185 enim
3428 1133 3572 1202 apud

1981 1214 2199 1272 Graecos
2223 1216 2449 1273 Domine
2493 1219 2724 1285 dicitur;
2753 1219 2971 1285 eleison,
3002 1222 3263 1277 miserere
3293 1223 3567 1294 interpre-

1982 1316 2146 1363 tatur.
2194 1308 2455 1365 Similiter
2480 1319 2535 1366 et
2563 1310 2768 1367 Christe
2788 1312 3006 1377 elcison,
3034 1314 3272 1378 Christe,
3306 1317 3574 1372 miserere

1984 1401 2395 1471 interpretatur.

2603 1493 2832 1550 CAPUT
2875 1496 2942 1550 Χ.

2089 1585 2334 1650 Qualiter
2359 1587 2556 1641 (astatis
2586 1596 2812 1658 tempore
2840 1599 3030 1658 agatur
3056 1601 3311 1644 nocturna
3338 1591 3474 1647 laus.

2054 1675 2097 1728 Α
2128 1673 2339 1730 Pascha
2377 1687 2553 1730 autem
2589 1694 2750 1747 usque
2785 1678 2853 1730 ad
2911 1677 3174 1732 Kalendas
3228 1677 3572 1747 Novembris,

1985 1767 2152 1821 omnis
2171 1809 2185 1832 ,
2219 1777 2274 1821 ut
2304 1785 2463 1838 supra
2491 1769 2689 1822 dictum
2729 1779 2803 1822 est
2822 1809 2837 1833 ,
2881 1767 3190 1835 psalmodiis
3214 1772 3484 1839 quantitas
3505 1782 3580 1825 te-

1985 1869 2205 1923 neatur;
2231 1870 2465 1930 excepto,
2491 1861 2632 1932 quod
2657 1860 2905 1914 lectiones
2932 1862 2987 1914 in
3012 1861 3207 1924 codice,
3231 1871 3441 1931 propter
3461 1862 3583 1916 bro-

1984 1953 2194 2006 vitatem
2241 1953 2472 2006 noctium
2497 1993 2512 2016 ,
2563 1953 2775 2006 minime
2838 1950 3082 2020 lcgantur
3121 1965 3140 2002 :
3176 1951 3267 2005 sed
3305 1969 3399 2020 pro
3449 1953 3580 2022 ipsis

1984 2044 2151 2097 tribus
2180 2043 2516 2106 lectionibus,
2551 2060 2658 2096 una
2687 2042 2752 2096 de
2805 2039 2973 2096 Veteri
3016 2039 3344 2095 Testamento
3387 2058 3585 2097 menso-

1985 2136 2114 2188 riter
2131 2135 2360 2198 dicatur,
2384 2151 2542 2205 quam
2567 2134 2712 2188 breve
2726 2132 3112 2202 responsorium
3139 2131 3503 2202 subsequatur,
3528 2145 3584 2189 et

1985 2225 2188 2297 reliqua
2214 2225 2422 2288 omnia,
2457 2235 2513 2278 ut
2544 2224 2744 2277 dictum
2772 2231 2871 2288 est,
2897 2221 3246 2291 impleantur;
3276 2222 3332 2275 id
3366 2231 3442 2276 est
3461 2261 3480 2287 ,
3519 2232 3582 2278 ut

1985 2313 2255 2387 n'unquam
2294 2317 2469 2369 minus
2503 2333 2536 2369 a
2582 2314 2858 2368 duodecim
2900 2313 3225 2385 psalmorum
3253 2315 3581 2385 quantitate,

1985 2409 2054 2463 ad
2085 2407 2291 2478 vigilias
2320 2417 2608 2462 nocturnas
2635 2407 2867 2472 dicatur,
2892 2406 3120 2477 exceptis
3149 2407 3302 2462 tertio
3325 2415 3374 2460 et
3401 2422 3580 2460 noua-

1984 2501 2182 2572 gesimo
2206 2506 2392 2570 quarto
2419 2496 2645 2570 psalmo.

2611 2587 2838 2645 CAPUT
2864 2587 2955 2643 XI.

2135 2682 2378 2750 Qualiter
2419 2681 2709 2735 Dominicis
2748 2679 2932 2734 diebus
2960 2679 3152 2748 vigilite
3183 2687 3431 2748 agantur.

2058 2773 2334 2828 Dominico
2353 2771 2437 2825 die
2463 2771 2741 2841 temperius
2763 2778 3016 2839 surgatur
3033 2767 3104 2822 ad
3125 2766 3353 2837 vigilias,
3371 2765 3437 2819 In
3458 2766 3582 2836 qui-

1987 2870 2081 2924 bus
2104 2866 2296 2938 vigiliis
2336 2875 2576 2920 teneatur
2620 2879 2896 2927 mensura,
2934 2861 2990 2914 id
3037 2870 3132 2925 est,
3173 2859 3476 2922 modulatis,
3521 2868 3582 2911 ut

1988 2977 2148 3030 supra
2177 2958 2550 3028 disposuimus,
2591 2971 2682 3009 sex
2735 2952 2952 3024 psalmis
2988 2961 3036 3005 et
3067 2967 3235 3005 versu.
3273 2948 3581 3020 Temperius

1988 3052 2147 3118 dixit,
2185 3051 2238 3105 id
2260 3059 2362 3114 est,
2406 3050 2598 3113 citius,
2622 3048 2792 3117 prius,
2821 3053 3001 3099 antea.
3027 3043 3344 3112 Temperius
3369 3041 3515 3095 enim
3548 3055 3577 3093 a

1983 3152 2258 3212 tempore,
2286 3139 2544 3195 adverbio
2569 3137 2845 3208 primitivo
2872 3135 2931 3189 lit
2960 3133 3394 3202 comparativus;
3435 3131 3584 3185 sicut

1983 3251 2015 3290 a
2039 3236 2193 3290 tarde
2221 3234 2459 3297 tardius,
2503 3238 2558 3285 et
2583 3247 2615 3284 a
2637 3231 2746 3284 cito
2768 3227 2829 3282 iit
2849 3227 3029 3282 citius.
3060 3224 3372 3288 Modulatis,
3415 3223 3580 3286 dixit,

1981 3341 2074 3380 sea:
2103 3323 2321 3395 psalmis
2339 3363 2352 3386 ,
2385 3320 2440 3374 id
2470 3327 2574 3382 est,
2605 3318 2871 3381 cantatis,
2902 3315 2956 3370 in
2985 3330 3117 3370 voce
3145 3313 3460 3383 compositis
3487 3311 3582 3366 vel

1948 3434 1955 3441 π
1981 3413 2253 3470 formatis.
2286 3409 2577 3466 Modulatio
2604 3409 2749 3463 enim
2778 3406 2976 3462 dicitur
3001 3405 3253 3469 dulcedo,
3281 3403 3368 3459 vel
3389 3403 3580 3458 suavi-

1982 3515 2068 3562 tas
2091 3512 2302 3567 cantus,
2328 3517 2448 3572 quae
2469 3501 2528 3556 ﬁt
2552 3501 2605 3555 in
2637 3499 2913 3555 modulata
2943 3513 3142 3553 canora
3170 3512 3322 3552 voce.

2053 3596 2414 3651 Residentibus
2433 3595 2631 3650 cunctis
2655 3592 2901 3664 disposite
2926 3601 2974 3645 et
2996 3608 3089 3661 per
3113 3591 3353 3646 ordinem
3371 3589 3428 3643 in
3450 3588 3581 3642 sub-

1980 3687 2164 3752 selliis,
2191 3687 2436 3757 legantur
2463 3687 2518 3739 in
2543 3685 2741 3749 codice,
2778 3693 2834 3737 ut
2859 3700 3022 3752 supra
3057 3682 3312 3745 diximus,
3339 3690 3576 3751 quatuor

1983 3779 2229 3833 lectiones
2255 3794 2374 3830 cum
2413 3775 2752 3847 responsoriis
2777 3775 2909 3832 suis.
2934 3773 3036 3828 Ubi
3070 3783 3274 3827 tantum
3309 3774 3366 3826 in
3383 3781 3580 3841 quarto

1985 3869 2316 3939 responsorio
2346 3867 2560 3920 dicatur
2579 3884 2614 3919 a
2637 3875 2907 3930 cantante,
2931 3862 3137 3918 Gloria.
3173 3863 3440 3919 Subscllia
3464 3879 3574 3918 ca-

1983 3968 2226 4014 terorum
2254 3959 2532 4012 hominum
2561 3965 2708 4022 sunt,
2737 3957 3018 4012 doctorum
3045 3965 3224 4010 auten
3255 3954 3447 4010 sedilia
3469 3969 3566 4010 ca-

1987 4051 2192 4104 thedrae
2225 4056 2505 4103 vocantur.
2548 4047 2683 4101 Nam
2707 4048 2863 4102 sedes
2893 4046 3238 4117 singulariter
3274 4055 3331 4100 et
3357 4045 3578 4116 proprio

1985 4141 2135 4210 regni
2157 4149 2261 4204 est,
2291 4138 2547 4194 subsellia
2567 4145 2747 4192 autem
2773 4153 2804 4191 a
2831 4137 3089 4200 sedendo,
3119 4135 3271 4204 quasi
3298 4135 3574 4192 subscssia

1986 4239 2385 4299 nuncupantur.

2061 4321 2232 4386 Quam
2261 4321 2387 4373 dum
2411 4321 2619 4390 incipit,
2647 4336 2770 4374 mox
2798 4336 2976 4374 omnes
3002 4335 3122 4372 cum
3154 4319 3438 4372 reverentia
3455 4333 3576 4371 sur-

297 4405 486 4500 limes,
525 4404 751 4500 .Abdias,
799 4405 997 4500 Jonas,
1035 4407 1270 4462 Micheas
1291 4448 1305 4472 ,
1335 4407 1565 4473 Nahum,
1606 4411 1876 4480 Habacuc,
1904 4439 1958 4500 Β
1985 4423 2130 4482 gant.
2159 4409 2286 4466 Post
2306 4427 2438 4482 quas
2460 4410 2729 4474 lectiones,
2759 4419 3050 4480 sequantur
3077 4425 3142 4463 ea:
3161 4409 3347 4462 ordine
3363 4408 3460 4461 alii
3481 4421 3576 4461 se:

299 4496 637 4565 Sophonias,
668 4496 917 4568 Aggaeus,
964 4499 1275 4563 Zacharias,
1325 4500 1636 4566 Malachias,
1669 4513 1723 4558 et
1767 4504 1880 4560 Ma—
1906 4496 1936 4500 ⁷
1980 4505 2170 4573 psalmi
2215 4520 2332 4557 cum
2377 4503 2678 4573 antiphonis
2704 4541 2720 4567 ,
2755 4503 2891 4556 sicut
2939 4503 3247 4564 anteriores,
3295 4510 3344 4554 et
3374 4515 3570 4554 versus.

298 4587 663 4641 chabmorum.
737 4589 1152 4659 Evangeliorum
1199 4598 1434 4659 quatuor
1467 4591 1624 4657 libri,
1671 4594 1724 4648 id
1773 4603 1878 4660 est,

299 4681 602 4746 Matthaaus,
632 4681 864 4748 Marcus,
893 4683 1064 4738 Lucas
1087 4691 1141 4737 et
1161 4681 1416 4738 Joannes.
1449 4685 1703 4754 Epistolm
1727 4685 1881 4742 Pauli

297 4771 726 4840 quatuordecim,
748 4771 801 4824 id
826 4779 909 4826 est
934 4773 1001 4827 ad
1025 4772 1296 4827 Romanos
1318 4789 1446 4838 una,
1476 4775 1545 4828 ad
1566 4775 1880 4832 Corinthios

299 4863 437 4925 dum,
465 4861 534 4916 ad
561 4859 779 4917 Galatas
807 4879 935 4928 una,
956 4866 1021 4919 ad
1047 4863 1308 4933 Ephesios
1334 4880 1459 4930 una,
1483 4866 1549 4919 ad
1572 4865 1880 4936 Philippen-

299 4966 386 5006 ses
416 4965 543 5014 una,
580 4950 647 5003 ad
687 4949 1197 5009 Thessalonicenses
1247 4954 1386 5018 dum,
1417 4955 1484 5008 ad
1527 4954 1877 5013 Colossenses

300 5059 428 5107 una,
459 5041 528 5095 ad
559 5041 898 5095 Timotheum
928 5045 1078 5109 dum,
1108 5045 1174 5098 ad
1214 5045 1394 5099 Titum
1425 5061 1550 5108 una,
1593 5046 1659 5100 ad
1697 5046 1861 5101 Phile.

299 5148 514 5188 monem
567 5147 690 5193 una,
726 5131 793 5185 ad
844 5131 1097 5188 llebrzeos
1139 5152 1280 5201 una,
1321 5135 1506 5191 Jacobi
1554 5153 1680 5202 una,
1728 5137 1876 5191 Petri

299 5228 437 5292 dum,
464 5224 685 5279 Joannis
734 5232 874 5289 tres,
905 5223 1056 5278 Judzc
1103 5241 1230 5292 una,
1269 5227 1436 5281 Actus
1486 5229 1874 5297 apostolorum,

299 5316 667 5389 Apocalypsis.

373 5407 478 5460 Sed
507 5419 552 5461 et
598 5409 943 5480 expositiones
986 5422 1186 5469 earum,
1213 5423 1331 5477 qua!
1370 5423 1402 5459 a
1442 5409 1874 5464 nominatissimis

299 5499 597 5553 doctoribus
613 5500 916 5554 orthodoxis
934 5507 984 5553 et
999 5497 1270 5552 catholicis
1288 5496 1537 5552 Patribus
1557 5499 1712 5570 facta
1730 5512 1872 5557 sunt.

302 5587 597 5642 ()rthodoxi
639 5591 892 5644 dicuntur
936 5588 1038 5644 viri
1077 5588 1362 5654 catholici,
1388 5588 1443 5642 in
1487 5589 1592 5645 ﬁde
1637 5592 1790 5656 recti.
1820 5592 1874 5647 in

305 5677 411 5732 vita
445 5679 767 5747 probabiles.
797 5681 966 5736 Ortho
991 5679 1134 5735 enim
1162 5681 1302 5750 apud
1330 5679 1546 5735 Graecos
1572 5691 1717 5737 recte
1746 5684 1877 5739 dici-

1979 4595 2110 4650 Post
2135 4612 2264 4666 quos
2296 4595 2484 4647 iterum
2511 4592 2752 4662 leguntur
2772 4592 2894 4646 alite
2915 4603 3144 4662 quatuor
3177 4591 3420 4646 lectiones
3453 4605 3572 4644 cum

1980 4687 2322 4756 responsoriis
2343 4685 2454 4739 suis
2474 4685 2658 4739 ordine
2687 4701 2789 4755 quo
2812 4701 2994 4754 supra.
3021 4684 3176 4740 Sicut
3193 4685 3339 4739 enim
3358 4683 3446 4738 die
3469 4682 3572 4736 Do-

1977 4777 2180 4832 minico
2220 4775 2504 4830 duodecim
2535 4775 2646 4829 vult
2678 4774 2911 4844 pleniter
2940 4775 3173 4844 psallere
3205 4773 3466 4844 psalmos,
3496 4774 3570 4826 ita

1978 4868 2094 4924 vult
2128 4866 2412 4923 duodecim
2440 4865 2623 4936 legere
2651 4864 2930 4931 lectiones,
2959 4873 3015 4920 et
3043 4864 3266 4920 totidem
3286 4878 3570 4934 responso-

1978 4959 2060 5013 ria
2088 4957 2394 5012 decantare.

2054 5051 2180 5106 Post
2207 5069 2337 5123 quas
2358 5053 2549 5104 iterum
2573 5050 2823 5104 dicantur
2840 5049 2944 5101 tria
2969 5049 3175 5101 cantica
3195 5047 3261 5102 de
3279 5047 3562 5118 prophetis,

1977 5157 2095 5211 qua’.
2122 5143 2408 5197 instituerit
2433 5140 2617 5194 abbas.
2649 5141 2724 5194 Ea
2747 5139 2892 5193 enim
2926 5138 3209 5192 instituere
3242 5139 3452 5192 cantica
3471 5138 3564 5190 de-

1981 5232 2073 5287 bet
2103 5234 2273 5287 abbas
2313 5247 2434 5302 quae
2461 5229 2824 5298 temporibus,
2857 5224 3241 5282 festivitatibus
3270 5232 3565 5296 czngruant

1983 5331 2040 5376 et
2066 5323 2276 5378 diebus.

2055 5414 2187 5478 Qua:
2216 5415 2422 5467 cantica
2452 5429 2571 5468 cum
2592 5411 2808 5466 alleluia
2832 5409 3151 5480 psallantur.
3187 5409 3408 5465 Cantica
3435 5420 3560 5466 tunc

1983 5502 2194 5572 Moyses
2239 5504 2472 5572 primum
2519 5501 2725 5556 invexit
2767 5498 2984 5568 quando
3030 5514 3289 5568 percussa
3327 5499 3561 5571 Egypto

1984 5592 2168 5648 decem
2194 5592 2395 5662 plagis,
2444 5600 2498 5646 et
2540 5591 2825 5646 Pharaone
2861 5594 3146 5648 submerso
3179 5605 3302 5644 cum
3333 5587 3556 5659 populis,

1985 5697 2082 5751 per
2103 5683 2306 5736 insueta
2332 5682 2497 5735 maris
2521 5681 2716 5735 itinera
2743 5681 2808 5734 ad
2837 5681 3111 5738 desertum
3138 5677 3553 5750 gratulabundus
