3992 6206
442 274 550 330 835

1495 272 1848 332 COMMENT.
1890 277 1956 333 IN
1999 279 2155 338 REG.
2199 282 2257 339 S.
2301 281 2682 368 BENEDICTL

3593 295 3698 352 854

446 398 702 456 egressus
745 390 830 436 est
877 379 1062 437 dicens
1102 399 1115 436 :
1159 381 1441 436 Cantemus
1488 383 1712 438 Dommo
1745 427 1758 451 ,
1807 388 2031 456 gloriose
2057 403 2106 463 Α
2133 399 2212 456 ut,
2245 392 2370 461 quia
2401 394 2453 446 in
2482 396 2733 450 omnibus
2756 395 3013 452 fratribus
3045 397 3378 469 negligenter
3409 418 3576 474 agens
3601 406 3696 460 de-

445 476 582 529 enim
612 472 992 540 hanar-iﬁcatus
1018 481 1092 524 est
1138 471 1334 541 (Ea-od.
1379 473 1466 544 xv)
1493 490 1506 536 ;
1558 474 1750 529 deinde
1783 475 2025 530 Debbora

447 580 552 619 non
586 563 838 635 ignobilis
860 562 1059 618 femina
1084 562 1306 640 inhlibro
1327 563 1574 620 Judicum
1601 567 1703 620 hoc
1725 567 2026 622 ministerio

448 647 630 709 functa
676 654 973 723 reperitur;
1028 643 1212 723 postea
1248 655 1447 709 multos
1492 671 1599 709 non
1636 657 1810 711 solum
1844 659 2024 723 viros,

445 748 540 803 sed
575 749 740 803 etiam
776 747 1005 800 feminas
1037 747 1239 815 Spiritu
1268 747 1450 802 divino
1479 749 1774 818 completas
1810 750 1902 803 Dei
1939 765 2028 805 ce-

445 836 645 892 cinisse
675 835 952 904 mysteria.
1413 891 1422 900 ,

517 924 670 978 Dicta
694 926 850 976 etiam
875 940 1028 977 versu
1070 935 1120 978 et
1165 925 1492 980 benedicente
1545 927 1750 992 abbate,
1786 927 2029 998 legantur

444 1015 566 1069 alite
612 1024 841 1084 quatuor
891 1013 1134 1068 lectiones
1172 1015 1236 1068 de
1284 1014 1433 1070 Novo
1472 1015 1816 1081 Testamento,
1847 1018 2029 1072 ordine

444 1122 547 1177 quo
573 1121 754 1174 supra.
784 1102 912 1158 Post
936 1115 1181 1175 quartum
1196 1116 1366 1160 autem
1396 1109 1782 1176 responsorium
1813 1108 2029 1179 incipiat

448 1195 612 1248 abbas
640 1194 908 1262 hymnum,
945 1193 1015 1247 Te
1053 1194 1218 1248 Deum
1271 1195 1572 1250 laudamus.
1633 1195 1750 1260 Qua
1787 1197 2026 1266 perdicto

443 1283 583 1354 legat
607 1283 768 1337 abbas
789 1282 1059 1337 lectionem
1077 1283 1142 1337 de
1167 1284 1470 1354 Evangelia,
1494 1301 1611 1339 cum
1633 1287 1829 1338 honore
1850 1296 1897 1338 et
1921 1294 2026 1339 tre-

449 1393 594 1430 more
635 1374 895 1429 stantibus
945 1375 1204 1428 omnibus.
1240 1375 1358 1440 Qua
1409 1374 1653 1445 perlecta,
1685 1376 2027 1445 respondeant

444 1483 644 1531 omnes,
673 1469 859 1518 Amen.
891 1463 962 1517 Et
988 1465 1330 1536 subsequatur
1373 1481 1495 1518 mox
1545 1465 1705 1519 abbas
1755 1465 2024 1536 hymnum,

449 1554 519 1608 Te
543 1555 686 1608 decet
713 1553 851 1606 laus.
883 1552 952 1606 Et
981 1552 1108 1606 data
1138 1553 1527 1618 benedictione,
1549 1553 1806 1624 incipiant
1843 1553 2027 1606 Matu-

443 1644 601 1696 tinos.
651 1642 797 1696 Dicit
831 1642 977 1696 enim
1032 1642 1258 1711 incipiat
1306 1643 1476 1696 abbas
1519 1632 1798 1713 hvmnum,
1833 1642 2025 1696 lectio-

2130 479 2311 550 liquit,
2358 485 2425 538 ab
2479 485 2726 540 omnibus
2784 486 3122 542 satisfaciens
3171 490 3438 556 videatur,
3497 503 3551 548 et
3599 510 3699 564 pro

2126 573 2243 642 ejus
2273 574 2468 628 delicto
2496 575 2709 630 veniam
2737 577 2804 630 ab
2827 578 3077 633 omnibus
3119 578 3550 652 Cunctipotentis
3600 586 3700 639 im-

2126 664 2342 732 plorare
2372 665 2818 720 misericordiam.

2730 757 2956 814 CAPUT
2980 760 3090 813 ΧΠ.

2301 847 2542 913 Qualiter
2579 852 2952 904 matutinorum
2991 850 3290 906 solemnitas
3315 866 3522 924 agatur.

2199 939 2524 995 Solemnitas
2569 940 2765 994 dicitur
2809 942 3176 1011 religiositatis
3219 943 3516 1011 festivitas,
3573 963 3702 1002 con-

2127 1044 2320 1089 ventus
2349 1033 2570 1097 laetitize,
2595 1049 2714 1102 qua:
2739 1033 2856 1087 ﬁeri
2885 1050 3004 1089 cum
3032 1046 3301 1091 conventu
3341 1039 3696 1108 jneunditatis

2127 1126 2283 1180 solet.
2331 1111 2656 1182 Solemnitas
2699 1128 2841 1182 enim
2895 1129 2962 1184 ab
3014 1142 3079 1183 eo
3129 1130 3270 1198 quod
3324 1131 3458 1185 solet
3503 1149 3702 1188 nomen

2127 1219 2354 1287 accepit.

2201 1307 2266 1362 In
2295 1308 2570 1363 Matutinis
2602 1309 2874 1364 ﬂaminica
2903 1310 2986 1364 die
3019 1309 3074 1364 in
3110 1312 3292 1381 primis
3315 1311 3524 1365 dicatur
3549 1329 3702 1366 sexa-

2125 1398 2350 1466 gesimus
2370 1409 2546 1452 sextus
2570 1398 2802 1470 psalmus
2831 1399 2942 1452 sine
2985 1401 3269 1470 antiphana
3320 1402 3374 1454 in
3421 1401 3696 1454 directum.

2129 1485 2256 1541 Post
2279 1474 2428 1558 quem
2449 1489 2658 1542 dicatur
2680 1490 3136 1559 qumquagesimus
3163 1507 3279 1543 cum
3303 1491 3546 1545 Alleluia.
3577 1492 3703 1546 Post

2126 1595 2275 1649 quem
2305 1579 2516 1631 dicatur
2541 1579 2850 1632 centesimus
2883 1579 3130 1648 septimus
3159 1581 3408 1644 decimus,
3458 1592 3506 1634 et
3553 1599 3705 1636 sexa-

2128 1669 2352 1732 gesimus
2383 1669 2664 1722 secundus.
2697 1668 2830 1722 Inde
2859 1669 3259 1733 benedictioncs,
3283 1681 3331 1724 et
3373 1673 3589 1738 laudes;
3629 1673 3703 1727 le-

445 1749 677 1803 uemque
698 1733 975 1804 Evangelii
998 1733 1168 1804 legat;
1223 1742 1405 1790 tamen
1430 1749 1536 1789 non
1561 1735 1677 1790 haec
1703 1751 1893 1790 omnes
1927 1736 2023 1790 de-

2128 1759 2231 1811 ctio
2255 1775 2360 1810 una
2389 1758 2455 1810 de
2482 1758 2796 1828 Apocalypsi
2826 1775 2890 1813 ea:
2917 1759 3090 1822 corde,
3120 1769 3170 1812 et
3202 1760 3627 1830 Responsorium,
3656 1775 3702 1817 et

445 1829 574 1880 bent
612 1826 900 1894 valentque
945 1826 1125 1880 facere
1171 1826 1412 1880 abbates.
1454 1826 1594 1880 Sunt
1621 1827 1768 1881 enim
1810 1828 1903 1896 qui
1931 1836 2025 1880 aut

445 1918 772 1987 impediente
815 1917 972 1986 culpa
1038 1932 1147 1971 non
1196 1918 1412 1980 debent,
1445 1929 1540 1971 aut
1594 1918 2028 1986 impossibilitate

444 2020 670 2079 cogente
701 2024 806 2062 non
837 2008 1037 2061 valent.
1063 2007 1230 2078 igitur
1269 2017 1394 2062 sunt
1430 2009 1656 2063 abbates
1693 2009 1785 2077 qui
1811 2023 1914 2063 nec
1937 2025 2025 2063 sa-

443 2100 703 2164 cerdotis,
733 2114 832 2153 nec
860 2099 1036 2153 levitas
1086 2100 1383 2168 funguntur
1417 2099 1752 2164 ministerio,
1796 2109 1854 2154 et
1895 2099 2020 2154 ideo

445 2206 545 2246 nec
561 2201 973 2246 sacrosanctum
1009 2190 1192 2259 legere
1221 2198 1448 2258 possunt
1482 2190 1855 2260 Evangeltum.
1885 2187 2022 2244 Can-

442 2285 578 2338 toris
602 2298 709 2337 non
738 2291 950 2354 gestant
991 2281 1245 2345 ofﬁcium,
1268 2289 1322 2335 et
1350 2281 1471 2336 ideo
1499 2296 1608 2336 non
1631 2290 1862 2351 possunt
1891 2281 2025 2334 Am-

442 2375 761 2430 brosianum
812 2374 1120 2428 altiboando
1173 2373 1410 2442 incipere
1463 2374 1742 2443 hymnum.
1793 2371 2024 2440 Gregem

440 2473 628 2520 tamen
661 2479 784 2520 cum
839 2478 1077 2533 superno
1122 2462 1400 2530 juvamine
1444 2469 1672 2532 possunt
1720 2463 2025 2532 gubernare

437 2557 546 2612 sibi
575 2555 948 2619 commissum,
972 2562 1028 2607 et
1058 2562 1349 2622 propterea
1389 2553 1660 2622 eligantur
1695 2552 1766 2605 ad
1811 2550 2024 2606 abbatis

442 2647 806 2702 ministerium
843 2645 1229 2715 peragendum.
1283 2645 1539 2698 Attamen
1585 2645 1630 2698 si
1680 2645 1855 2712 ipsum
1885 2657 2022 2713 Opus

439 2738 578 2793 bene
603 2735 785 2791 facere
819 2737 979 2790 debet
1023 2743 1117 2788 aut
1170 2734 1448 2804 praevalet,
1476 2735 1643 2789 abbas
1689 2734 1874 2789 faciat.
1925 2733 2022 2787 Sin

439 2833 622 2881 autem
645 2840 751 2880 non
776 2825 947 2892 valet,
980 2824 1248 2880 valentem
1277 2825 1456 2880 facere
1495 2827 1797 2895 permittat,
1823 2843 2017 2883 secun-

440 2915 572 2969 dum
599 2914 745 2984 quod
773 2915 919 2970 idem
946 2915 1141 2970 beatus
1170 2915 1492 2970 Benedictus
1512 2915 1620 2969 alio
1655 2916 1775 2971 loco
1804 2932 2016 2987 praece-

441 3007 524 3077 pit
541 3007 730 3062 dicens
753 3006 1028 3062 :zCantare
1045 3017 1227 3060 autem
1263 3015 1320 3061 et
1347 3021 1533 3078 regere
1562 3023 1669 3061 non
1703 3016 2014 3078 praesumat,

440 3097 547 3150 nisi
585 3097 681 3166 qui
707 3106 885 3168 potest
913 3097 1086 3164 ipsum
1117 3094 1349 3150 cilicium
1380 3095 1634 3164 implere,
1665 3107 1723 3150 ut
1749 3097 2014 3152 aediﬁcen-
2044 3091 2090 3154 C

437 3195 533 3245 utr
557 3187 854 3240 audientes.
893 3186 1047 3253 Quod
1081 3197 1264 3242 autem
1299 3185 1450 3250 dicit,
1477 3186 1718 3256 perfecta
1744 3187 2021 3258 Evangelii

439 3279 698 3342 lectione,
737 3275 1102 3345 respondeant
1136 3288 1346 3340 omnes,
1368 3275 1572 3341 Amen;
1624 3275 1922 3346 incongrue
1942 3276 2023 3331 di-

438 3378 590 3426 ctum
613 3385 645 3422 a
676 3367 949 3438 plerisque
976 3367 1183 3420 videtur
1208 3376 1264 3420 et
1291 3365 1512 3420 factum.
1557 3365 1698 3421 Dicit
1731 3369 1877 3422 enim
1911 3383 2020 3422 non

447 3457 501 3512 in
543 3459 792 3512 omnibus
839 3456 1114 3523 Evangelii
1157 3455 1356 3510 ﬁnibus
1401 3457 1658 3510 convenit
1694 3457 2021 3525 respondere

439 3546 645 3612 Amen;
677 3554 736 3600 et
761 3546 880 3600 ideo
927 3542 1256 3612 superﬂuum
1287 3544 1502 3598 videtur
1535 3559 1657 3598 esse
1689 3545 2021 3613 descriptum

444 3649 608 3708 atque
644 3639 937 3710 prolatum.
971 3635 1179 3703 Quibus
1232 3636 1666 3704 respondendum
1712 3645 1816 3690 est.
1846 3636 2020 3690 Amen

439 3734 590 3789 enim
617 3737 758 3802 apud
774 3731 996 3787 Latinos
1014 3732 1148 3787 duas
1167 3729 1330 3784 habet
1359 3729 1785 3800 signiﬁcationes
1812 3745 1827 3784 :
1858 3745 2020 3784 unam

441 3825 673 3888 orantis,
697 3824 782 3878 vel
810 3823 1065 3892 optantis,
1089 3824 1308 3891 quando
1331 3822 1552 3891 ponitur
1569 3835 1669 3891 pro
1690 3823 1802 3888 ﬁat,
1823 3831 1884 3876 ut
1911 3831 2019 3887 est,

429 3919 514 3974 Et
552 3919 677 3972 dicit
724 3919 891 3971 omnis
917 3915 1158 3988 populus,
1190 3916 1383 3980 Amen,
1405 3931 1577 3980 amen,
1607 3930 1706 3985 pro
1734 3915 1849 3980 ﬁat,
1883 3914 2016 3982 ﬁat;

439 4006 787 4069 aﬁirmantis,
813 4015 890 4070 ut,
914 4021 1066 4059 amen
1091 4004 1209 4057 dico
1231 4004 1398 4068 vobis,
1423 4013 1528 4058 etc.
1549 4005 1679 4060 Sine
1707 4019 1814 4058 una
1841 4004 2016 4059 ex-bis

445 4100 655 4152 duabus
684 4097 1168 4167 signiﬁcationibus
1205 4095 1371 4148 ﬁnem
1419 4093 1697 4164 Evangelii
1742 4110 2021 4163 nunquam

443 4192 708 4248 invenies.
737 4191 805 4244 Et
829 4191 950 4245 ideo
976 4204 1084 4243 non
1111 4189 1429 4258 incongrue,
1456 4187 1551 4240 sed
1582 4188 1719 4241 satis
1747 4197 1892 4257 apte,
1930 4203 2018 4241 ra-

447 4283 778 4338 tionabiliter
805 4283 859 4337 in
889 4281 1138 4336 omnibus
1164 4280 1580 4350 Evangeliorum
1601 4281 1798 4335 ﬁnibus
1814 4297 1845 4335 a
1864 4282 2021 4338 nobis

447 4376 878 4444 respondendum
907 4382 992 4427 est
1016 4373 1208 4435 Amen,
1240 4379 1299 4425 ut
1327 4386 1426 4425 nos
1452 4370 1682 4425 dicendo
1711 4387 1890 4437 amen,
1922 4382 2036 4426 aut.

2127 1847 2562 1912 Ambrosianum;
2599 1866 2796 1912 versus,
2830 1851 3091 1904 canticum
3118 1851 3182 1905 de
3229 1852 3530 1924 Evangelia,
3561 1854 3704 1908 Lita-

2125 1937 2246 2000 nia;
2285 1945 2333 1990 et
2361 1937 2673 2006 completum
2696 1948 2789 1992 est.

2717 2042 2945 2099 CAPUT
2977 2043 3107 2101 Xlll.

2268 2133 2506 2198 Qualiter
2537 2135 2754 2204 privatis
2788 2134 2972 2189 diebus
3023 2139 3264 2191 matutini
3316 2152 3558 2208 agantur.
3691 2208 3696 2214 ί

2195 2221 2428 2278 Privatis
2451 2225 2596 2278 enim
2625 2224 2813 2279 diebus
2840 2226 2970 2280 dicit
3023 2227 3076 2282 id
3112 2228 3418 2293 est,olliciis
3447 2233 3698 2301 publicis,

2123 2312 2400 2366 extraneis
2440 2312 2524 2365 vel
2573 2315 2868 2384 segregatis
2933 2315 3142 2370 Privari
3179 2319 3323 2372 enim
3352 2321 3571 2388 ponitur
3603 2340 3702 2392 pro

2124 2403 2289 2468 malo,
2318 2413 2378 2457 ut
2396 2401 2562 2458 Iacob
2592 2403 2812 2460 Raebeli
2834 2405 2910 2459 ait
2942 2424 2956 2460 :
2990 2406 3135 2460 Num
3164 2425 3258 2478 pro
3291 2408 3400 2463 Deo
3433 2427 3524 2478 ego
3551 2429 3694 2477 sum,

2121 2493 2212 2564 qui
2245 2493 2467 2563 privavit
2491 2502 2538 2547 te
2565 2493 2740 2563 fructu
2780 2496 2971 2549 ventris
2999 2497 3076 2549 tui
3105 2495 3259 2567 (Gen.
3295 2497 3468 2569 xxx)?
3493 2499 3704 2555 Dicitur

2122 2592 2178 2638 et
2219 2585 2464 2654 privatus
2508 2585 2736 2648 amicus,
2772 2585 2822 2638 id
2851 2593 2951 2648 est,
2986 2585 3054 2640 ab
3105 2585 3225 2639 aliis
3269 2597 3612 2659 segregatus,
3647 2600 3703 2646 et

2122 2674 2440 2729 familiarius
2469 2676 2684 2730 czeteris
2721 2676 2775 2729 in
2808 2677 3044 2730 amicitia
3068 2677 3314 2744 junctus.

2192 2764 2385 2818 Diebus
2411 2773 2585 2818 autem
2609 2765 2826 2834 privatis
2856 2765 3240 2822 Matutinarum
3275 2767 3572 2824 solemnitas
3626 2773 3701 2826 ita

2119 2863 2330 2922 agatur,
2361 2862 2416 2906 ut
2457 2853 2808 2923 sexagesimus
2855 2865 3030 2910 sextus
3068 2857 3303 2926 psalmus
3346 2859 3554 2914 dicatur
3587 2863 3699 2916 sine

2119 2943 2429 3013 antiphana,
2466 2943 2817 3014 subtrahede
2847 2946 3064 3010 modice,
3095 2947 3227 3000 sicut
3267 2949 3322 3002 in
3365 2948 3638 3005 Dominica
3677 2967 3696 3005 .'

2121 3041 2178 3085 ut
2207 3043 2383 3086 omnes
2418 3043 2693 3087 occurrant
2721 3033 2790 3087 ad
2811 3035 3311 3106 quinquagesimum,
3340 3041 3431 3108 qui
3459 3057 3575 3094 cum
3599 3059 3700 3096 an-

2121 3123 2336 3193 tiphona
2376 3123 2601 3177 dicatur.
2631 3121 2757 3177 Post
2793 3141 2946 3194 quem
2975 3125 3066 3178 alii
3095 3128 3198 3179 dua
3223 3127 3410 3196 psalmi
3453 3129 3701 3183 dicantur

2123 3212 2407 3266 secundum
2434 3212 2875 3276 consuetudinem,
2895 3214 2950 3266 id
2964 3223 3059 3279 est,
3077 3217 3304 3270 secunda
3322 3217 3475 3286 feria,
3493 3219 3703 3288 quintus

2124 3315 2174 3358 et
2189 3305 2481 3358 tricesimus
2495 3306 2708 3375 quintus
2723 3306 2874 3359 tertia
2896 3306 3050 3375 feria,
3063 3307 3494 3378 quadragesimus
3514 3328 3701 3365 secmt-

2120 3395 2236 3456 dus,
2269 3403 2316 3446 et
2353 3393 2811 3463 quinquagesimus
2840 3405 3052 3460 sextus;
3094 3407 3280 3465 quarta
3309 3397 3464 3465 feria,
3492 3415 3706 3468 sexage-

2119 3484 2282 3535 simus
2311 3482 2513 3546 tertius,
2549 3490 2596 3534 et
2643 3483 2996 3552 sexagesimus
3034 3494 3286 3552 quartus;
3335 3485 3516 3554 quinta
3541 3486 3701 3553 ferta,

2121 3571 2464 3640 actogesimus
2513 3571 2782 3639 septimus,
2812 3581 2860 3623 et
2897 3572 3239 3641 octogesimus
3290 3589 3499 3638 nonus;
3547 3587 3699 3630 sexta

2119 3660 2273 3729 feria,
2305 3661 2715 3730 septuagesimus
2756 3661 2967 3731 quintus
2993 3671 3041 3714 et
3071 3665 3437 3732 nonagesimus
3463 3667 3699 3734 primus;

2118 3748 2335 3802 sabbato
2365 3758 2538 3803 autem
2559 3790 2572 3814 ,
2602 3751 2911 3804 centesimus
2940 3751 3372 3822 quadragesimus
3421 3757 3701 3822 secundus,

2118 3846 2168 3890 et
2213 3839 2473 3893 canticum
2531 3839 2940 3904 Deuteronamii,
2974 3841 3114 3911 quod
3155 3843 3420 3896 dividatur
3468 3847 3522 3898 in
3569 3845 3702 3899 duas

2120 3924 2351 3981 Clarias.
2403 3925 2546 3980 Nam
2576 3930 2778 3982 ca'teris
2801 3930 2981 3983 diebus
3010 3932 3269 3984 canticum
3301 3934 3704 4005 unumquodque

2119 4015 2203 4068 die
2232 4032 2328 4069 suo
2355 4032 2420 4069 ea;
2443 4017 2706 4086 prophetis
2750 4019 2884 4070 sicut
2922 4018 3100 4088 psallit
3155 4019 3387 4073 Ecclesia
3435 4020 3700 4089 Romana,

2119 4104 2347 4158 dicatur.
2405 4102 2534 4158 Post
2578 4106 2690 4159 Iure
2750 4116 3038 4177 sequantur
3074 4107 3256 4161 laudes
3284 4123 3301 4160 :
3333 4109 3520 4163 deinde
3549 4110 3702 4165 lectio

2119 4211 2227 4248 una
2278 4193 2514 4264 Apostoli
2567 4197 2867 4248 memoriter
2916 4196 3186 4250 recitando
3225 4210 3244 4248 :
3293 4200 3696 4266 responsarium,

2120 4286 2543 4349 Ambrosianum,
2567 4302 2767 4353 versus,
2787 4287 3048 4340 canticum
3087 4287 3150 4340 de
3186 4286 3514 4358 Evangelia:
3547 4287 3702 4342 Lita-

2126 4376 2244 4438 nia,
2269 4385 2314 4428 et
2353 4375 2663 4445 completum
2705 4387 2800 4430 est.
2857 4374 3027 4431 Plane
3065 4377 3269 4447 agenda
3317 4378 3600 4445 Matutine,
3623 4379 3703 4434 vel

445 4437 699 4540 praedicta
725 4468 953 4522 ﬁdeliter
973 4468 1212 4528 credere,
1231 4473 1323 4517 aut
1347 4479 1466 4518 00:2
1484 4464 1873 4532 promittuntur
1896 4481 2023 4534 pro-
2048 4437 2101 4495 Β
2139 4462 2440 4534 Vespertina
2468 4437 2571 4517 non
2610 4475 2840 4520 transeat
2865 4437 3172 4536 aliquando,
3197 4467 3297 4520 nisi
3326 4468 3381 4520 in
3407 4467 3589 4521 ultimo
3616 4486 3704 4522 ar-

447 4563 585 4614 ticua
631 4560 878 4612 obtinere
923 4570 1023 4609 nos
1077 4554 1244 4620 velle,
1271 4555 1508 4621 optando
1533 4561 1590 4606 et
1624 4557 1830 4609 orando
1870 4572 2023 4610 nion-

443 4660 610 4706 sltem
617 4665 712 4705 “Sa

522 4741 623 4806 Qui
679 4739 807 4793 ordo
854 4737 1172 4806 vigiliarum,
1199 4751 1339 4789 amm
1387 4743 1636 4803 tempore,
1669 4743 1776 4789 tam
1823 4739 2021 4791 astatis

445 4847 603 4903 quam
635 4829 838 4891 hiemis,
855 4826 1128 4896 mqualiter
1152 4828 1207 4880 in
1221 4828 1306 4881 die
1321 4829 1596 4882 ﬂaminica
1620 4839 1892 4893 teneatur;
1920 4831 2020 4882 nisi

447 4926 586 4993 forte
621 4921 778 4993 (quod
823 4919 980 4988 absit)
1010 4920 1218 4972 tardius
1265 4930 1506 4990 surgant,
1537 4931 1583 4974 et
1615 4920 1814 4991 aliquid
1852 4920 1916 4974 de
1943 4920 2011 4974 le-

448 5015 707 5068 ctionibus
731 5013 1065 5067 breviandum
1083 5024 1158 5068 est
1179 5025 1269 5067 aut
1298 5016 1656 5085 responsoriis.
1675 5015 1827 5079 Quod
1851 5024 2022 5068 tamen

449 5108 662 5161 omnino
693 5117 940 5161 caveatur
964 5123 1027 5160 ne
1043 5109 1332 5176 proveniat.
1365 5107 1517 5171 Quod
1537 5108 1582 5161 si
1618 5107 1888 5176 contigerit
1905 5146 1918 5170 ,
1942 5106 2024 5159 di-

448 5213 548 5265 gne
567 5196 688 5249 inde
707 5196 1001 5264 satisfaciat
1023 5195 1132 5248 Dea
1156 5197 1213 5248 in
1227 5197 1481 5261 oratoria,
1504 5213 1597 5266 per
1619 5197 1772 5266 cujus
1801 5196 2021 5249 evenerit

451 5285 756 5356 neglectum.
789 5285 960 5356 Digne
988 5284 1331 5352 satisfacere,
1357 5295 1444 5340 est
1477 5287 1770 5341 secundum
1801 5286 2018 5340 modum

447 5376 621 5445 culpa:
659 5375 959 5447 regularem
988 5377 1282 5430 vindictam
1314 5377 1602 5431 sustinere.
1630 5375 1764 5429 Nam
1802 5377 1892 5444 qui
1924 5391 2021 5445 pro

450 5467 556 5520 levi
584 5467 743 5536 culpa
772 5467 1036 5536 graviter,
1068 5474 1162 5519 aut
1195 5481 1294 5534 pro
1327 5466 1478 5534 gravi
1511 5466 1702 5520 leviter
1723 5463 2020 5533 iudicatur,

451 5560 612 5628 digne
638 5558 954 5614 satisfacere
979 5573 1087 5612 non
1117 5557 1350 5610 videtur.
1378 5557 1502 5612 Ideo
1531 5567 1709 5612 autem
1737 5571 1835 5628 per
1872 5557 2024 5614 cuius

450 5649 664 5720 culpam
685 5649 929 5706 evenerit
963 5649 1015 5703 in
1041 5647 1302 5712 oratorio,
1327 5661 1450 5701 eum
1483 5645 1801 5703 satisfacere
1839 5647 2018 5717 jubet;

2129 4557 2271 4621 dine,
2299 4553 2484 4608 Oratio
2509 4555 2806 4620 Dominica,
2834 4555 3070 4609 omnibus
3111 4556 3464 4622 audientibus,
3492 4557 3702 4611 dicatur

2128 4663 2159 4698 a
2183 4644 2374 4714 priore,
2397 4655 2605 4715 propter
2623 4645 2992 4699 scandalarum
3011 4645 3208 4716 spinas,
3233 4663 3349 4716 qua:
3374 4646 3504 4700 oriri
3531 4645 3700 4701 solent

2125 4738 2180 4790 in
2219 4740 2530 4791 monasteria
2558 4751 2576 4788 :
2605 4747 2660 4790 ut
2691 4738 2926 4790 conventi
2953 4754 3047 4808 per
3069 4738 3232 4808 ipsius
3260 4740 3512 4793 orationis
3539 4755 3697 4804 spon-

2125 4829 2342 4890 sionem,
2370 4845 2472 4897 qua
2519 4828 2697 4880 dicunt
2741 4841 2760 4878 .'
2807 4828 3024 4882 Dimitte
3068 4829 3214 4882 nobis
3259 4829 3431 4882 debita
3481 4839 3697 4896 nostra,

2119 4919 2251 4973 sicut
2276 4929 2322 4972 et
2353 4937 2445 4973 nos
2474 4920 2785 4973 dimittimus
2805 4920 3122 4975 debitoribus
3144 4923 3334 4976 nostris
3365 4920 3694 4994 (Matth.v1),

2106 5021 2336 5081 purgent
2369 5027 2423 5064 se
2451 5010 2516 5063 ab
2543 5009 2846 5080 hujusmodi
2882 5011 3023 5063 vitia.
3055 5009 3268 5066 Ceteris
3298 5029 3418 5066 vero
3457 5011 3691 5082 agendis,

2119 5102 2305 5155 ultima
2349 5117 2475 5171 pars
2521 5100 2635 5170 ejus
2687 5101 2939 5154 orationis
2987 5101 3240 5156 dicatur:
3273 5111 3331 5156 ut
3361 5102 3425 5155 ab
3455 5100 3693 5155 omnibus

2121 5192 2515 5262 respondeatur,
2537 5191 2628 5245 sed
2649 5189 2812 5245 libera
2841 5207 2935 5245 nos
2955 5211 2988 5249 a
3011 5192 3172 5246 malo.
3204 5189 3373 5247 Plane
3411 5192 3695 5258 aliquoties

2122 5297 2220 5352 pro
2251 5295 2374 5335 vere
2404 5290 2459 5335 et
2485 5289 2667 5346 certe,
2695 5282 2950 5337 adverbio
2991 5282 3308 5338 aliirmantis
3355 5282 3591 5352 ponitur,
3634 5288 3693 5333 ut

2122 5371 2390 5441 Propheta
2420 5372 2496 5425 ait
2525 5391 2539 5425 :
2571 5371 2685 5441 Ego
2715 5371 2826 5425 dixi
2855 5371 3012 5442 plane
3045 5392 3057 5427 :
3083 5374 3193 5427 ha'c
3229 5371 3475 5440 iniquitas
3500 5385 3690 5437 magna

2122 5473 2218 5529 est,
2241 5473 2290 5516 et
2317 5464 2534 5533 portabo
2563 5463 2710 5516 illam
2751 5463 2966 5534 (Ezech.
3029 5462 3122 5532 ιν).
3157 5462 3254 5515 Hic
3285 5469 3460 5514 autem
3491 5473 3590 5528 pro
3613 5467 3691 5511 ta-

2125 5569 2247 5609 men
2274 5553 2357 5607 vel
2387 5569 2510 5607 nam
2533 5553 3000 5623 conjunctionibus
3042 5550 3276 5618 ponitur.
3305 5547 3692 5603 Seandalorum

2125 5653 2302 5700 autem
2326 5645 2493 5716 spinm
2519 5644 2623 5699 hoc
2645 5645 2700 5698 in
2733 5644 2852 5699 loco
2875 5641 3242 5709 intelliguntur
3268 5640 3382 5704 ἱνα»,
3411 5639 3560 5702 rixrc,
3584 5639 3694 5693 disn
