3992 6206
299 271 403 331 855

1576 241 1930 303 SMARAGDI
1965 235 2259 296 ABBATIS

303 385 606 449 sensiones,
621 378 1004 441 detractiones,
1016 369 1405 432 aemulationes,
1419 363 1503 420 vel
1518 362 1712 431 aliquae
1728 374 1878 416 com-
1901 411 1913 426 ,

2018 365 2148 422 agno
2176 351 2538 418 congregatae,
2567 340 2789 398 utsicut
2815 337 3044 395 Romani
3071 335 3348 406 principes
3373 331 3555 390 Eccle-

2018 444 2022 449 .
2097 442 2109 449 .
2174 438 2204 449 Α.
2290 446 2297 449 .
2476 434 2488 446 α
2623 432 2882 449 1-,.-.L__.
2924 427 3132 449 An-l__2..
3181 426 3248 449 2--
3287 425 3554 449 J2...!ne-_a

304 475 559 533 motionis
588 471 965 528 contentiones
991 480 1110 534 quae
1134 465 1276 517 inter
1299 460 1494 516 fratres
1522 457 1696 512 solent
1721 453 1873 510 oriri.

1977 444 2074 498 sise
2096 442 2150 496 in
2172 434 2584 509 Septuagesima
2607 432 2887 488 dimittunt
2912 427 3160 494 Alleluia,
3179 426 3256 480 ita
3283 425 3557 482 dimittant

306 518 756 638 quu‘ibuvs‘ivnter
789 577 848 616 se
893 518 1080 629 pacem
1126 555 1408 614 habentes,
1452 548 1880 613 charitatemque
1979 545 2034 638 et
2091 531 2372 638 nilonacbin
2403 527 2496 632 qui
2526 526 2602 632 .in
2906 528 3033 638 sunt
3060 535 3228 624 regno
3252 518 3553 638 constituti.

308 657 619 715 continuam
647 656 1057 711 conservantes,
1089 659 1243 697 mane
1279 652 1334 696 et
1359 641 1413 694 in
1443 651 1667 708 vespere
1695 647 1882 689 mona-

309 751 397 805 chi
428 764 486 803 sc
507 744 705 800 debent
729 754 984 812 purgare.
1018 737 1192 799 Mane,
1222 749 1288 788 ne
1318 729 1513 800 aliquis
1533 744 1594 782 ex
1621 726 1706 780 his
1736 722 1882 777 vitiis

310 854 479 910 usque
510 837 576 892 ad
605 848 857 890 occasum
913 829 1044 885 solis
1080 832 1413 898 permaneat,
1441 822 1568 895 quia
1623 817 1883 886 scriptum

309 906 435 986 est:
469 924 559 982 Sol
581 941 685 980 non
711 921 914 976 occidat
938 934 1097 988 super
1132 914 1465 970 iracundiam
1509 919 1752 966 vestram.
1786 906 1889 962 Ve-

310 1035 490 1092 spere,
520 1032 587 1073 ne
613 1029 784 1085 usque
813 1013 879 1067 ad
923 1019 1102 1066 ortum
1147 1008 1276 1063 solis
1320 1012 1648 1076 pernoctans
1695 999 1886 1054 vitium

311 1089 544 1175 maneat,
576 1117 632 1163 et
654 1121 812 1161 mane
836 1118 987 1158 reum
1017 1102 1082 1156 de
1126 1099 1363 1169 peccatis
1406 1094 1732 1150 monachum
1788 1089 1890 1142 fa:-

314 1205 550 1272 dumque
581 1201 633 1253 in
663 1203 954 1266 conspectu
1007 1191 1218 1246 Domini
1267 1188 1475 1242 reddat.
1511 1183 1578 1240 Ut
1615 1180 1850 1237 conventi
1871 1218 1887 1244 ,

316 1296 370 1349 id
394 1301 497 1358 est,
513 1307 610 1361 per
635 1290 808 1359 ipsius
830 1285 1124 1341 Dominicae
1154 1281 1418 1337 orationis
1450 1275 1888 1349 promissionem,

314 1404 434 1460 quae
465 1387 598 1442 dicit
629 1403 642 1440 :
673 1383 888 1438 Dimitte
919 1380 1064 1435 nobis
1110 1379 1282 1433 debita
1329 1387 1534 1437 nostra,
1562 1375 1696 1428 sicut
1725 1381 1772 1426 et
1800 1387 1892 1425 nos

315 1480 626 1535 dimittimus
659 1472 980 1530 debitoribus
1006 1471 1196 1526 nostris
1232 1467 1464 1541 (Matth.
1493 1465 1618 1537 v1);
1660 1465 1895 1520 dimittat

315 1567 690 1638 unusquisque
716 1554 874 1618 fratri
897 1577 996 1618 suo
1019 1577 1086 1616 ex
1109 1560 1294 1615 corde.
1321 1559 1388 1612 Et
1418 1558 1498 1613 sic
1525 1564 1812 1628 purgatus,
1843 1555 1897 1609 id

315 1668 400 1716 est
452 1675 482 1714 a
534 1659 682 1713 vitiis
729 1655 1077 1715 emendatus,
1107 1660 1200 1705 aut
1225 1665 1383 1704 mane
1411 1649 1479 1703 ad
1505 1663 1642 1718 opus
1675 1645 1897 1702 accedat

1983 629 2138 685 Omni
2172 640 2290 680 vero
2325 622 2601 678 Dominica
2639 626 2788 673 extra
2813 613 3308 684 Quadragesimam,
3333 611 3553 680 cantica,

1983 717 2256 781 Matutini,
2272 713 2476 777 Prima,
2495 709 2692 775 Tertia,
2707 706 2885 770 Sexta,
2905 702 3184 775 Nonaque,
3200 719 3321 757 cum
3335 702 3560 757 Alleluia

1983 808 2227 862 dicantur
2237 818 2256 856 ς
2272 820 2480 874 vespera
2495 817 2611 856 vero
2626 816 2744 854 cum
2756 797 3042 867 ontiphona
3057 811 3076 860 ;
3103 795 3432 864 responsuris
3445 809 3561 850 vero

1985 915 2252 969 nunquam
2277 896 2524 950 dicantur
2543 907 2664 946 cum
2687 887 2947 954 Alleluia,
2977 888 3078 943 nisi
3103 904 3139 941 a
3157 885 3376 946 Pascha
3403 901 3563 958 usque
3621 901 3625 904 '

1986 989 2056 1044 ad
2081 989 2442 1043 Pentecosten.

2571 1071 2799 1129 CAPUT
2829 1068 2967 1126 XVI.

2170 1166 2411 1235 Qualiter
2436 1164 2616 1220 divina
2643 1180 2803 1234 opera
2831 1178 2925 1234 per
2955 1161 3095 1216 diem
3139 1168 3386 1230 agantur.

2064 1260 2134 1316 Ut
2161 1261 2233 1315 ait
2269 1257 2568 1329 Prop/tcta,
2600 1256 2799 1328 Septies
2844 1257 2900 1314 in
2944 1254 3032 1310 die
3075 1253 3285 1310 laudem
3326 1254 3439 1308 dixi
3476 1255 3571 1308 tibi

1995 1352 2173 1427 (Psal.
2203 1350 2411 1422 CXVIII).
2437 1349 2634 1406 Senties
2655 1347 2801 1418 quod
2825 1348 2906 1407 ait
2933 1349 2991 1404 in
3009 1346 3120 1411 die,
3141 1344 3416 1416 signiﬁcat
3434 1361 3574 1401 sem-

1994 1461 2110 1517 per.
2137 1444 2285 1500 Solet
2305 1443 2502 1513 quippe
2523 1441 2628 1498 iste
2648 1453 2909 1496 materiis
2920 1437 3293 1495 universitatis
3312 1437 3572 1494 indicium

1997 1551 2148 1602 esse;
2183 1536 2308 1606 quia
2329 1549 2428 1608 per
2453 1541 2664 1603 septem
2683 1531 2800 1587 dies
2829 1529 3119 1585 universus
3146 1527 3384 1582 volvitur
3419 1544 3575 1583 mun-

1998 1626 2118 1690 dus,
2157 1632 2214 1680 et
2247 1638 2438 1680 eorum
2485 1635 2712 1678 numero
2759 1619 2971 1676 dierum
3016 1619 3271 1674 universa
3319 1617 3578 1673 Dominus

317 1748 637 1804 obedientize
680 1744 1064 1816 peragendum.
1093 1749 1187 1796 aut
1228 1755 1454 1810 vespere
1494 1739 1564 1793 ad
1605 1747 1900 1793 nocturnas

2018 1716 2207 1772 :reavit
2229 1721 2493 1784 tempora.
2523 1711 2630 1779 Qui
2677 1725 2938 1768 numerus
2980 1717 3204 1780 propter
3249 1706 3580 1779 septifomis

318 1839 575 1893 excubias
605 1836 1010 1892 celebrandum.
1041 1833 1268 1890 Czeteris
1291 1846 1420 1886 vero
1445 1829 1688 1899 agendis,
1721 1829 1773 1882 id
1797 1835 1897 1889 est,

319 1928 532 1983 ueteris
560 1927 711 1982 horis
739 1924 1098 1988 celebrandis,
1139 1931 1348 1976 tantum
1397 1920 1587 1975 ultima
1627 1934 1755 1989 pars
1785 1918 1903 1987 ejus

320 2019 600 2083 orationis,
633 2017 686 2071 id
721 2025 838 2080 est,
867 2017 935 2071 Et
977 2032 1041 2069 ne
1069 2031 1161 2070 nos
1193 2013 1414 2067 inducas
1454 2014 1508 2064 in
1544 2011 1903 2072 tentationem,

323 2109 429 2163 alta
467 2124 601 2163 voce
628 2109 856 2172 dicatur,
883 2116 940 2160 ut
968 2107 1035 2162 ab
1072 2106 1322 2161 omnibus
1350 2103 1533 2158 audita
1555 2143 1575 2168 ,
1607 2101 1710 2157 Sed
1743 2100 1906 2154 libera

324 2216 417 2254 nos
452 2217 486 2253 a
508 2197 672 2262 malo,
697 2198 1106 2267 respondeatur.

922 2328 1148 2386 CAPUT
1181 2329 1324 2385 XIV.

397 2441 636 2510 Qualiter
662 2440 720 2496 in
747 2439 998 2496 natalitiis
1037 2451 1343 2496 sanctorum
1369 2451 1600 2512 agantur
1625 2439 1836 2511 vigilite.

397 2556 458 2610 In
486 2553 750 2609 natalitiis
778 2561 1091 2610 sanctorum
1129 2554 1280 2619 dicit,
1313 2554 1369 2610 in
1416 2553 1805 2610 festivitatibus
1857 2561 1914 2611 et

325 2644 765 2700 solemnitatibus
788 2659 999 2708 eorum,
1026 2644 1083 2699 in
1117 2645 1314 2714 quibus
1340 2645 1407 2700 de
1427 2644 1533 2700 hoc
1561 2645 1760 2700 saeculo
1793 2643 1914 2700 feli-

325 2747 422 2788 ces
450 2733 825 2804 migraverunt
853 2733 918 2787 ad
947 2732 1164 2790 coelum.
1197 2731 1364 2790 Nobis
1400 2734 1546 2789 enim
1575 2735 1795 2801 mortui,
1820 2734 1915 2790 sed

332 2822 518 2878 Decet
543 2821 769 2893 angelis,
796 2831 851 2877 et
878 2824 1083 2878 sanctis
1127 2823 1244 2894 ejus
1291 2825 1480 2880 vivunt
1522 2825 1578 2880 in
1627 2835 1910 2880 aeternum.

331 2911 497 2966 Nobis
534 2919 711 2965 autem
743 2911 1024 2979 absentes,
1055 2912 1164 2967 illis
1195 2922 1378 2969 autem
1407 2922 1536 2970 sunt
1557 2915 1828 2987 perspicui
1859 2923 1917 2970 et

2003 1807 2242 1876 Spiritus
2293 1804 2545 1875 gratiam,
2601 1817 2722 1871 qua:
2782 1799 3206 1858 misericorditer
3261 1798 3582 1854 timentibus

1999 1902 2173 1956 Deum
2202 1898 2562 1961 distribuitur.
2577 1896 2813 1953 maxime
2837 1901 3084 1951 sacratus
3103 1907 3226 1948 esse
3241 1891 3580 1962 perhibemr.

2007 1993 2162 2050 Unde
2193 2000 2249 2046 et
2277 1993 2526 2061 sequitur
2548 2009 2561 2044 :

2081 2085 2183 2150 Qui
2211 2084 2536 2154 septenarius
2556 2090 2796 2136 sacratus
2821 2096 3068 2135 numerus
3100 2098 3139 2134 α
3183 2079 3334 2136 nobis
3371 2080 3448 2134 sic
3481 2079 3586 2132 isn—

2005 2175 2249 2248 plebitur,
2273 2175 2321 2228 si
2347 2172 2646 2237 Matutine,
2677 2171 2898 2237 Primae,
2921 2169 3132 2236 Tertia,
3159 2171 3365 2234 Sestio,
3391 2169 3584 2230 Noster,

2015 2267 2256 2336 Vespa-rw
2307 2262 2743 2334 Completoriiquc
2793 2271 3021 2332 tempore
3039 2300 3056 2326 ,
3095 2270 3291 2316 nostra:
3325 2259 3592 2314 sanitatis

2007 2358 2178 2428 adicio
2203 2354 2588 2427 peuolvamus,
2615 2353 2739 2424 quia
2771 2351 2841 2406 de
2885 2351 2965 2406 his
3015 2351 3160 2406 horis
3205 2351 3413 2405 diurnis
3451 2350 3592 2404 dicit

2010 2447 2276 2518 Propheta
2296 2458 2316 2498 .'
2340 2443 2540 2515 Septies
2568 2445 2624 2498 in
2651 2443 2740 2498 die
2784 2441 2999 2496 laudent
3026 2440 3143 2500 disi
3180 2440 3298 2494 tibi.
3341 2439 3488 2494 Nam
3523 2439 3595 2494 de

2011 2539 2282 2594 nocturnis
2345 2535 2551 2606 Vigiliis
2591 2535 2729 2590 idem
2777 2536 2886 2604 ipse
2935 2533 3199 2605 Propheta
3241 2533 3322 2586 ait
3356 2545 3378 2584 :
3413 2529 3593 2586 Helia

2010 2639 2160 2683 nocte
2187 2627 2466 2698 surgebant
2493 2628 2562 2682 ad
2591 2625 2945 2695 conﬁtendam
2975 2627 3090 2680 tibi.
3115 2625 3257 2696 Ergo
3281 2625 3366 2679 Itis
3393 2633 3596 2693 topo-

2014 2719 2161 2776 ribus
2192 2718 2484 2788 referamus
2505 2716 2688 2772 laudes
2710 2714 2949 2776 Creatori
2984 2726 3166 2771 nostra
3200 2733 3361 2787 super
3390 2715 3600 2786 judicia

2006 2811 2234 2881 justitice
2253 2825 2398 2871 sua;
2429 2808 2487 2863 id
2506 2817 2601 2872 est,
2635 2807 3155 2872 Hatetiuis,Ps‘im,
3184 2807 3382 2871 Tertio,
3409 2805 3592 2868 Sena.

2015 2898 2199 2966 Nona,
2234 2899 2479 2972 Vespera,
2501 2897 2887 2970 Completorio;
2927 2909 2982 2954 et
3014 2909 3165 2954 nocte
3201 2915 3486 2969 surgm
3521 2900 3596 2951 ad

333 3010 649 3073 prtesentes.
681 3001 846 3057 Nobis
876 3003 1098 3070 mortui,
1139 3001 1246 3060 illis
1288 3003 1418 3061 vero
1457 3013 1585 3060 sunt
1625 3007 1759 3061 nati.
1805 3007 1913 3063 Nec

2018 2991 2370 3061 conﬁtendum
2393 2993 2465 3047 ei.
2501 2992 2570 3047 Et
2595 2993 2663 3048 de
2697 2991 2887 3047 iisdem
2936 2991 3087 3046 horis
3127 2990 3425 3045 Cassianus
3471 2989 3552 3043 ait
3577 3005 3596 3042 :

337 3107 532 3146 novum
561 3092 722 3146 debet
747 3093 999 3161 cuiquam
1045 3094 1234 3157 videri,
1267 3095 1316 3149 si
1347 3104 1514 3150 natus
1551 3097 1773 3163 dicitur,
1820 3099 1913 3167 qui

2018 3059 2286 3140 Horarum
2317 3091 2496 3138 autem
2518 3083 2785 3153 ipsarum,
2809 3082 2868 3136 in
2911 3081 3107 3152 quibus
3149 3081 3260 3135 Deo
3299 3094 3400 3152 per
3423 3087 3599 3135 totum

333 3196 400 3235 cx
448 3181 551 3235 bac
598 3182 708 3234 vita
764 3183 1097 3252 migraverit.
1147 3184 1428 3250 Quomodo
1458 3188 1605 3241 enim
1656 3199 1918 3252 consuete

341 3273 493 3327 nasci
531 3273 752 3338 dicitur,
777 3289 901 3328 cum
941 3276 1064 3344 quis
1098 3277 1163 3332 de
1194 3285 1350 3333 utero
1388 3279 1582 3336 matris
1619 3282 1920 3353 procedens

340 3367 480 3420 hanc
506 3365 559 3418 in
593 3363 767 3419 lucem
809 3367 1085 3436 egreditur
1117 3387 1129 3422 ε
1166 3368 1240 3426 ita
1269 3369 1434 3424 etiam
1485 3373 1792 3428 rectissime
1829 3389 1922 3443 po-

336 3461 445 3510 test
478 3463 640 3509 natus
666 3455 1054 3527 appellari,qui
1085 3458 1292 3515 solutus
1317 3476 1347 3514 a
1376 3461 1606 3518 vinculis
1641 3465 1828 3521 carnis
1849 3466 1922 3522 ad

337 3546 512 3601 lucem
541 3546 863 3600 sublimatur
896 3555 1179 3602 reternam.
1232 3549 1386 3606 Unde
1408 3567 1530 3607 mos
1559 3553 1794 3609 obtinuit
1827 3571 1921 3610 ec—

338 3635 673 3691 clesiasticus
694 3646 754 3691 ut
780 3637 895 3692 dies
923 3639 1205 3694 beatorum
1231 3650 1531 3713 martyrum
1557 3645 1670 3700 sive
1713 3646 1924 3702 confes-

339 3739 524 3780 sorum
556 3724 780 3790 Christi,
813 3727 905 3796 qui
953 3727 1020 3782 de
1065 3729 1262 3784 saeculo
1311 3732 1669 3800 transierunt,
1716 3737 1926 3794 natales

341 3831 475 3871 voce
503 3823 660 3869 tenus
689 3830 876 3870 eorum
907 3817 1192 3885 solemnia,
1215 3835 1326 3875 non
1351 3820 1624 3889 funebria,
1651 3826 1748 3882 sed
1772 3837 1927 3884 natu-

343 3906 459 3961 litia
487 3907 755 3961 dicantur.
802 3907 869 3962 In
917 3919 1220 3965 sanctorum
1264 3929 1384 3967 vero
1428 3914 1817 3986 festivitatibus,
1851 3920 1927 3975 vel

343 3997 585 4058 omnibus
611 3997 1044 4064 solemnitatibus,
1083 4002 1218 4054 sicut
1245 4002 1478 4059 diximus
1516 4004 1794 4062 Dominico
1841 4010 1928 4065 die

348 4087 632 4157 agendum,
654 4088 728 4141 ita
750 4097 944 4158 agatur
977 4101 996 4141 :
1025 4099 1237 4161 excepto
1290 4093 1431 4163 quod
1469 4095 1660 4164 psalmi
1703 4107 1796 4153 aut
1831 4116 1930 4153 an-

346 4176 572 4247 tiphona:
598 4176 672 4231 vel
703 4176 944 4233 lectiones
979 4180 1048 4233 ad
1091 4180 1263 4250 ipsum
1316 4183 1453 4238 diem
1478 4187 1816 4256 pertinentes,
1843 4189 1932 4242 di-

349 4277 558 4322 cantur.
575 4268 766 4324 Modus
799 4281 975 4325 autem
995 4272 1330 4341 supradictus
1353 4283 1606 4332 teneatur.

949 4404 1176 4461 CAPUT
1217 4405 1312 4461 XV

601 4514 801 4580 Quibus
828 4519 1140 4589 temporibus
1186 4519 1396 4574 dicatur
1428 4520 1674 4577 Alleluia.

426 4624 472 4678 A
498 4637 677 4679 sancto
713 4626 919 4681 Pascha
947 4645 1108 4700 usque
1161 4630 1231 4684 ad
1260 4629 1600 4688 Pentecosten
1626 4635 1738 4689 sine
1769 4637 1933 4691 inten-

355 4715 602 4770 missione
640 4717 849 4770 dicatur
893 4718 1142 4787 Alleluia,
1181 4731 1295 4776 tam
1348 4723 1404 4777 in
1449 4725 1664 4794 psalmis
1691 4745 1848 4798 quam
1875 4731 1931 4782 in

357 4812 718 4882 responsoriis.
764 4811 893 4868 Sine
933 4815 1333 4872 intermissione
1381 4821 1532 4883 dicit,
1582 4830 1641 4875 ut
1683 4823 1775 4876 ubi
1825 4823 1931 4877 dici

358 4904 541 4970 debet,
563 4914 619 4958 et
645 4915 753 4959 tam
793 4908 845 4962 in
875 4910 1102 4978 psallitis
1133 4926 1297 4980 quam
1334 4913 1392 4966 in
1429 4915 1788 4982 responsoriis
1823 4931 1932 4969 non

358 4999 563 5064 passim
607 4999 1068 5066 praitermittatur,
1109 5002 1208 5057 sed
1248 5001 1434 5056 sedule
1476 5001 1816 5071 tinniterque
1846 5005 1930 5058 di-

359 5094 536 5138 catur.

435 5174 480 5226 Α
519 5175 820 5232 Pentecoste
845 5190 1016 5232 autem
1045 5197 1206 5252 usque
1236 5183 1304 5234 ad
1325 5193 1479 5252 caput
1501 5183 1936 5254 Quad-ragesima:

361 5266 606 5320 omnibus
639 5268 872 5322 noctibus
899 5287 1017 5322 cum
1039 5287 1136 5325 sea:
1157 5273 1530 5340 posterioribus
1561 5272 1778 5343 psalmis
1826 5284 1937 5328 tan-

360 5365 474 5410 tum
503 5356 572 5409 ad
608 5367 890 5411 nocturnas
913 5358 1137 5412 dicatur.
1171 5359 1432 5425 Quamvis
1487 5362 1676 5416 beatus
1717 5363 1938 5418 Benedi-

361 5458 488 5502 ctus
528 5465 558 5502 a
599 5449 917 5529 Pentecoste
957 5465 1127 5519 usque
1173 5453 1241 5506 ad
1277 5460 1439 5521 caput
1463 5452 1932 5525 Quadregesimte,

366 5558 490 5596 cum
533 5559 626 5597 sex
657 5547 1047 5615 posterioribus
1067 5547 1290 5616 psalmis
1323 5547 1510 5615 iubeat
1549 5546 1616 5602 ad
1645 5553 1936 5601 nocturnas

369 5637 551 5690 dicere
569 5637 818 5705 Alleluia,
849 5639 1050 5708 placuit
1080 5646 1258 5692 tamen
1287 5637 1491 5708 synodo
1514 5637 1568 5690 in
1600 5637 1933 5691 Francorum

2017 3175 2126 3230 diei
2146 3174 2655 3246 spaliumobsequia
2669 3174 2966 3239 reddimus,
2980 3173 3120 3228 ratio
3144 3173 3260 3228 hac
3275 3181 3361 3228 est
3378 3189 3392 3226 :
3415 3172 3600 3226 Prima

2017 3279 2118 3335 pro
2142 3265 2494 3322 inchoatione
2519 3265 2656 3332 diei;
2714 3265 2873 3320 tertia
2890 3305 2904 3327 ,
2930 3264 3064 3334 quia
3095 3262 3338 3334 Spiritus
3379 3271 3604 3317 anuus

2022 3359 2078 3413 in
2103 3358 2297 3413 eadem
2323 3358 2457 3412 hora
2484 3371 2646 3426 super
2668 3355 2950 3425 apostolos
2981 3353 3326 3410 descendisse
3353 3353 3606 3423 primitus

2021 3449 2436 3518 conpellatur;
2463 3455 2641 3514 sexta,
2659 3460 2762 3516 pro
2781 3460 2855 3501 eo
2878 3447 3022 3517 quod
3047 3445 3398 3500 immaculata
3424 3445 3606 3500 hostia

2023 3542 2284 3600 Dominus
2311 3549 2495 3596 noster
2517 3539 2675 3596 Iesus
2695 3539 2952 3595 Christus
2980 3539 3170 3594 eadem
3199 3539 3333 3592 born
3380 3551 3608 3608 suspen-

2015 3649 2119 3688 sus
2144 3633 2200 3688 in
2217 3647 2384 3688 cruce
2405 3632 2675 3688 obnoxios
2695 3632 2768 3686 de
2786 3631 3006 3686 internis
3033 3637 3385 3701 peccatorum
3414 3629 3608 3683 vincu-

2017 3721 2094 3778 lis
2121 3723 2369 3778 liberavit
2384 3739 2399 3787 ;
2431 3736 2592 3785 anno,
2618 3734 2722 3791 .pro
2733 3733 2808 3775 eo
2819 3721 2968 3791 quod
2983 3719 3171 3775 eadem
3183 3719 3320 3773 bore
3342 3717 3605 3772 Dominus

2019 3821 2212 3868 noster
2233 3812 2567 3868 descendens
2581 3811 2653 3865 ad
2673 3810 2882 3872 inferos
2901 3817 3212 3869 sanctorum
3237 3808 3605 3876 animas,qua

2025 3903 2226 3958 clausae
2251 3901 2494 3960 tenditis
2516 3901 2857 3964 tenebantur,
2879 3899 3081 3958 exinde
3127 3897 3400 3962 hberavit,
3430 3905 3486 3952 et
3521 3911 3609 3951 se-

2021 4010 2156 4050 cum
2187 3993 2262 4047 ad
2310 3991 2480 4047 celos
2521 3989 2887 4061 Completorio
2928 3988 3260 4054 transvexit;
3285 3987 3609 4043 duodecim

2027 4098 2160 4138 vero
2180 4091 2404 4152 propter
2428 4080 2870 4135 terminath
2889 4080 3003 4135 diei
3016 4079 3166 4134 sicut
3191 4078 3367 4147 prima
3383 4075 3610 4132 inchoa-

2023 4176 2179 4232 tione
2197 4182 2467 4230 eantetur.
2481 4173 2663 4230 Prima
2673 4187 2804 4228 vero
2819 4171 3244 4243 eteompletorio
3269 4169 3606 4234 duodeciens,

2030 4282 2130 4340 pro
2159 4265 2506 4324 inchoatione
2521 4273 2583 4320 et
2605 4263 2993 4322 terminatione
3013 4262 3124 4318 diei
3153 4268 3342 4332 postea
3361 4276 3398 4315 a
3425 4259 3608 4314 Patri-

2031 4361 2136 4415 bus
2175 4366 2309 4414 sunt
2352 4356 2640 4426 adiunctis.
2695 4356 2933 4411 Tertiam
2985 4362 3172 4410 autem
3217 4363 3272 4408 et
3307 4361 3519 4408 sextam
3552 4360 3613 4406 et

2036 4465 2234 4507 nonam
2259 4451 2424 4504 etiam
2445 4450 2518 4504 ab
2544 4448 2804 4519 apostolis
2837 4447 3065 4518 legimus
3093 4445 3260 4501 fuisse
3285 4444 3610 4501 celebratas.

2038 4542 2171 4598 Nam
2213 4543 2374 4596 tertia
2408 4543 2545 4595 liora
2576 4553 2742 4609 super
2769 4539 3045 4608 apostolos
3073 4538 3130 4592 in
3163 4537 3472 4592 orationum
3495 4534 3614 4590 olli-

2037 4637 2124 4688 cio
2171 4633 2493 4688 constitutos
2547 4629 2782 4700 Spiritus
2837 4637 3059 4685 sanctus
3107 4627 3403 4683 descenth't.
3443 4624 3615 4680 Sexta

2037 4733 2217 4780 autem
2245 4725 2379 4780 hora
2408 4724 2636 4795 legimus
2650 4721 3039 4786 Petrum,'dum
3061 4719 3118 4774 in
3136 4718 3382 4773 navicula
3405 4725 3610 4781 oraret,

2033 4817 2216 4873 subito
2245 4818 2301 4871 in
2333 4831 2567 4872 excessu
2614 4814 2814 4870 mentis
2863 4827 2963 4868 was
3006 4811 3139 4867 illud
3185 4811 3328 4880 quod
3377 4817 3616 4879 quatuor

2036 4908 2208 4962 initiis
2241 4908 2397 4978 quasi
2442 4907 2700 4970 nam,
2726 4905 2799 4960 de
2834 4903 2979 4959 οωιο
3022 4902 3351 4958 submissum
3389 4901 3609 4954 vidisse.

2033 4999 2114 5054 [De
2133 5013 2275 5054 nona
2299 5005 2478 5053 autem
2507 4997 2735 5066 legimus
2763 5013 2777 5048 :
2807 4994 2999 5049 Petrus
3019 5008 3142 5047 nervo
3169 5002 3219 5046 et
3255 4991 3492 5045 Joannes
3521 5006 3615 5043 es-

2037 5090 2321 5146 cendebant
2363 5089 2419 5142 in
2461 5087 2707 5157 templum
2723 5125 2745 5151 ,
2775 5085 2844 5140 ad
2882 5085 3069 5139 lterum
3117 5081 3375 5137 orationis
3411 5097 3612 5134 non.

2033 5177 2179 5249 (Act.
2207 5178 2316 5248 Hi).
2347 5177 2701 5247 ‘Vespertinas
2727 5182 2906 5228 auem
2923 5173 3014 5228 vvel
3033 5170 3616 5227 matutinasoratiwcs

2038 5284 2145 5324 tum
2189 5269 2363 5322 solum
2403 5268 2476 5322 ab
2503 5264 2779 5334 apostolis,
2799 5265 2898 5318 sed
2939 5263 3106 5317 etiam
3131 5262 3188 5315 in
3219 5259 3402 5315 Veteri
3429 5258 3616 5315 Teste-

2037 5364 2221 5412 mento
2244 5356 2473 5426 legimus
2492 5370 2595 5410 .eas
2631 5355 2686 5409 in
2725 5353 2928 5423 templo
2954 5351 3168 5407 Domini
3203 5366 3419 5420 semper
3443 5348 3614 5405 fuisse

2036 5446 2266 5502 oblatas.
2298 5445 2453 5502 Unde
2497 5454 2554 5503 et
2581 5444 2756 5501 David
2785 5443 3014 5498 dicitde
3044 5441 3382 5511 Vespertinis
3413 5459 3428 5493 :
3459 5440 3612 5494 Diri-

2034 5545 2192 5607 gatur
2215 5537 2383 5590 oratio
2405 5552 2525 5592 mea
2573 5537 2705 5590 sicut
2729 5535 3003 5590 incensum
3059 5533 3114 5586 in
3165 5539 3438 5600 conspectu
3485 5539 3616 5592 tuo;

2034 5631 2252 5688 cleoatio
2303 5646 2559 5686 manuum
2611 5644 2846 5683 meorum
2904 5625 3222 5692 sacriﬁcium
3271 5624 3614 5693 superﬂuum
