3992 6206
471 309 574 368 837

1504 313 1856 374 COMMENT.
1893 317 1965 374 IN
2004 314 2166 376 ΝΞΟ.
2207 269 2688 380 εζῦΕΝΕυιοτι.

3621 338 3729 397 858

463 422 639 496 (Psal.
667 423 814 495 cu).
847 421 924 478 De
959 421 1239 481 Matu‘tinis
1287 437 1466 484 autem
1513 431 1644 486 dicit
1679 451 1691 486 :
1725 433 1868 487 Deus
1901 433 2040 488 Deus
2069 441 2120 499 Α
2144 449 2306 506 usque
2357 438 2427 491 ad
2470 437 2827 508 Dominicam,
2856 443 3102 499 dicantur
3152 459 3244 517 per
3293 451 3527 506 ordinem
3588 458 3726 511 terni

459 527 635 579 meus,
667 514 736 566 ad
765 524 814 567 te
834 515 899 568 de
933 514 1046 569 luce
1076 517 1230 587 vigilo
1256 532 1274 570 :
1302 530 1350 573 et
1378 523 1431 575 in
1456 525 1726 577 matutinis
1755 525 2046 580 meditabor
2143 527 2335 593 psalmi
2353 568 2368 592 ,
2406 545 2565 600 usque
2615 532 2685 585 ad
2729 549 2922 587 nonum
2985 514 3241 591 decimum
3288 540 3570 610 psalmum.
3635 545 3726 602 Ita

460 605 518 659 in
554 615 620 670 te,
643 606 767 676 quia
789 605 938 675 fuisti
973 608 1188 677 adjutor
1223 627 1367 666 meus
1405 609 1578 684 (Psal.
1611 616 1768 687 uti).

1033 722 1261 780 CAPUT
1299 726 1439 781 XVII

571 788 773 854 Quanti
796 792 987 861 psalmi
1015 809 1109 864 per
1135 796 1343 848 easdem
1369 798 1526 852 horas
1552 802 1774 856 canendi
1793 804 1917 857 sint.

2143 630 2270 668 sane
2325 628 2380 669 ut
2422 635 2589 674 nonus
2639 621 2872 692 psalmus
2920 635 2966 677 et
3021 628 3268 697 septimus
3323 631 3552 688 decimus
3591 636 3724 691 divi-

2141 705 2334 758 dantur
2357 709 2411 761 in
2437 708 2584 765 binas
2607 710 2833 767 Clarias.
2859 714 2928 768 Et
2958 717 3033 770 sic
3061 717 3160 786 [ἰαί
3184 728 3240 772 ut
3263 720 3331 773 ad
3369 721 3582 792 l’igilias
3611 717 3722 781 Do-

2139 795 2332 848 minica
2359 813 2558 868 semper
2578 818 2609 854 a
2633 803 2871 858 vicesimo
2896 805 3196 876 incipiatur.
3222 811 3300 863 Ad
3325 810 3552 869 Tertiam
3574 833 3716 884 vero,

523 877 653 929 Jam
670 878 736 930 de
762 877 1050 934 Nocturnis
1073 880 1150 933 vel
1173 881 1450 937 Matutinis
1474 887 1780 956 digessnnus
1803 893 1998 946 ordinet

2140 881 2353 937 Sextum
2377 895 2425 940 et
2454 887 2667 944 Nonum
2694 895 2936 948 secunda:
2966 896 3112 962 feria:
3135 916 3309 953 novem
3334 877 3720 972 capitula,qua:'

455 965 784 1034 psalmodiae,
805 984 942 1020 nunc
957 969 1020 1021 de
1035 973 1361 1040 sequentibus
1383 977 1526 1028 horis
1546 978 1830 1032 videamus.
1854 979 2035 1035 Prima

455 1055 586 1108 hora
622 1055 870 1109 dicantur
893 1056 1082 1126 psalmi
1103 1070 1224 1126 tres,
1255 1062 1587 1132 singillatim,
1609 1079 1654 1120 et
1675 1085 1777 1122 non
1797 1071 1892 1124 sub
1926 1089 2034 1127 una

456 1143 657 1200 Gloria.
690 1147 930 1218 Hymnus
954 1149 1184 1218 ejusdem
1215 1154 1380 1219 hora',
1401 1167 1516 1225 post
1546 1175 1770 1226 versum,
1803 1161 1946 1217 Deus
1976 1163 2031 1218 in

452 1241 782 1310 adjutorium
807 1257 978 1295 meum
1001 1243 1227 1309 intende,
1247 1258 1524 1319 antequam
1551 1251 1741 1320 psalmi
1767 1254 2028 1325 incipian-

451 1347 556 1391 tur.
589 1338 716 1393 Post
745 1340 1087 1404 expletionem
1111 1360 1230 1398 vero
1261 1345 1420 1397 trium
1463 1345 1807 1415 psalmorum,
1837 1347 2023 1401 recite-

449 1440 536 1484 tur
562 1432 712 1487 lectio
739 1451 867 1499 una,
894 1453 1091 1502 versus,
1113 1447 1162 1490 et
1192 1435 1355 1508 Kyrie
1395 1436 1607 1502 eleison,
1629 1451 1674 1493 et
1697 1440 1870 1493 missae
1894 1440 2021 1494 sint.

450 1520 626 1576 Tertia
669 1542 810 1591 vero,
838 1524 998 1581 Sexta
1027 1537 1076 1581 et
1112 1525 1270 1582 Nona
1314 1529 1491 1583 eodem
1525 1530 1705 1585 ordine
1733 1530 2026 1584 celebratur

444 1615 636 1678 oratio,
665 1615 720 1674 id
770 1627 866 1683 est,
909 1635 1088 1672 versus
1121 1633 1139 1671 .°
1173 1619 1354 1689 hymni
1393 1621 1695 1674 earumdem
1745 1621 2017 1686 horarum,

443 1707 579 1758 terni
601 1707 810 1777 psalmi,
841 1707 1013 1774 lectio,
1046 1727 1248 1772 versus,
1293 1707 1456 1780 Kyrie
1503 1710 1719 1776 eleison,
1750 1723 1796 1764 et
1845 1711 2020 1766 misstz

2138 975 2351 1028 residua
2381 988 2503 1031 sunt
2526 980 2590 1033 de
2628 985 2904 1037 centesimo
2933 987 3132 1042 decimo
3159 999 3338 1045 octavo
3357 993 3715 1068 psalmo,ipsa

2135 1073 2285 1119 terna
2333 1083 2428 1136 per
2470 1071 2677 1126 easdem
2727 1073 2885 1128 horas
2939 1077 3200 1132 dicantur.
3264 1081 3503 1152 Expenso
3550 1089 3715 1158 igitur

2130 1154 2332 1223 psalmo
2388 1161 2668 1215 centesimo
2719 1174 2896 1219 octavo
2947 1168 3147 1224 decimo
3179 1171 3381 1228 duobus
3419 1178 3621 1244 diebus,
3655 1182 3712 1234 id

2129 1259 2226 1312 est,
2254 1249 2529 1306 Dominico
2563 1259 2868 1312 etsecunda
2912 1257 3066 1329 feria,
3091 1264 3244 1317 tertia
3295 1265 3428 1334 feria
3473 1269 3593 1338 jam
3639 1275 3715 1326 ad

2131 1335 2380 1405 Tertiam,
2405 1339 2619 1397 Sextam
2644 1345 2723 1398 vel
2746 1345 2956 1401 Nonum
2977 1351 3275 1419 psalluntur
3298 1357 3432 1410 terni
3460 1335 3650 1428 psalmi
3673 1380 3708 1416 a

2127 1429 2403 1484 centesimo
2435 1447 2570 1486 nono
2595 1433 2796 1490 decimo
2830 1454 2990 1507 usque
3019 1441 3088 1493 ad
3131 1446 3466 1499 centesimum
3518 1449 3701 1503 vicesi-

2125 1531 2266 1570 mum
2290 1522 2590 1588 septimum,
2629 1523 2686 1576 id
2713 1535 2808 1591 est,
2833 1528 3023 1596 psalmi
3049 1547 3247 1585 novem.
3278 1533 3483 1604 Quique
3510 1539 3702 1607 psalmi

2121 1627 2321 1681 semper
2336 1631 2498 1685 usque
2527 1617 2597 1670 ad
2625 1616 2952 1673 Dominicam
2981 1639 3072 1691 per
3098 1623 3303 1678 easdem
3328 1627 3483 1682 haras
3523 1631 3705 1686 itidem

2121 1713 2443 1772 repetantur,
2457 1705 2766 1776 hymnorum
2793 1709 3146 1777 nihilominus,
3178 1713 3457 1770 lectionum
3482 1718 3558 1772 vel
3587 1737 3701 1774 ver-

440 1797 564 1850 sint.
599 1799 660 1852 Si
689 1800 862 1869 major
899 1802 1228 1872 congregatio
1279 1799 1469 1871 fuerit,
1507 1819 1626 1855 cum
1672 1803 1998 1873 antiphonis,

2119 1809 2272 1845 suum
2294 1795 2636 1864 dispositione
2661 1799 2912 1868 uniformi
2939 1804 3140 1857 cunctis
3169 1804 3348 1860 diebus
3377 1820 3598 1864 servata.
3630 1811 3701 1866 Et

440 1887 485 1939 si
514 1905 627 1941 vero
658 1890 849 1956 minor,
874 1891 927 1944 in
957 1890 1209 1944 directum
1229 1889 1545 1961 pse/lantur.
1583 1890 1888 1962 Vespertina
1918 1911 2017 1948 au-

441 1986 541 2030 tent
569 1979 785 2048 synaxis
814 1991 1041 2052 quatuor
1074 1979 1302 2036 Psalmis
1331 2000 1449 2036 cum
1495 1983 1792 2054 antiphonis
1844 1985 2018 2040 termi-

437 2075 606 2130 netur,
631 2078 746 2138 post
764 2085 893 2137 quos
916 2065 1405 2142 psamdpostoli
1429 2071 1580 2126 lectio
1611 2073 1878 2127 recitanda
1914 2084 2013 2140 est,

435 2155 554 2209 inde
573 2160 978 2230 responsorium,
1002 2159 1422 2227 Ambrosianum,
1445 2180 1643 2230 versus,
1668 2166 1931 2220 canticum
1952 2165 2016 2220 de

436 2245 741 2318 Evangelia,
765 2245 951 2305 [itania
978 2263 1028 2306 et
1060 2255 1230 2308 oratio
1259 2254 1556 2323 Dominica,
1582 2267 1629 2310 et
1659 2258 1791 2325 fiant
1815 2263 2008 2314 missle.

433 2335 836 2408 Completorium
861 2352 1033 2395 autem
1062 2344 1220 2398 trium
1256 2345 1580 2415 psalmorum
1627 2348 1855 2402 dictione
1903 2361 2010 2403 ter-

434 2427 680 2480 minetur.
717 2426 822 2493 Qui
865 2429 1056 2500 psalmi
1099 2433 1394 2488 directaaee
1428 2437 1540 2489 sine
1589 2439 1874 2508 antiphona
1929 2441 2012 2493 di-

432 2517 583 2570 cendi
613 2528 754 2571 sunt.
799 2516 928 2574 Post
965 2539 1094 2592 quos
1119 2523 1342 2594 hymnus
1383 2527 1618 2594 ejusdem
1661 2529 1825 2592 horta,
1855 2529 2007 2585 lectio

431 2623 561 2672 una,
583 2625 783 2676 versus,
804 2609 969 2682 Kyrie
998 2613 1212 2679 eleison,
1242 2615 1552 2681 benedictio,
1581 2629 1629 2672 et
1673 2627 1790 2688 post
1831 2621 2007 2676 missae

429 2699 581 2767 ﬂant.
607 2699 758 2768 Quod
795 2702 916 2758 aliis
944 2704 998 2757 in
1027 2703 1162 2762 locis
1194 2707 1340 2770 dicit,
1371 2716 1419 2761 et
1444 2707 1752 2778 completum
1777 2719 1875 2776 est,
1901 2713 2006 2768 hac

429 2786 485 2841 in
515 2787 773 2856 clausula,
793 2801 846 2845 et
872 2793 1046 2848 missa:
1079 2806 1222 2861 sunt,
1251 2797 1406 2864 dicit,
1429 2806 1478 2851 et
1504 2798 1678 2853 missa:
1704 2799 1834 2868 ﬁant
1856 2816 2007 2872 repe-

421 2879 512 2933 ‘tit.
535 2878 816 2938 Orationes
836 2885 981 2940 enim
1010 2885 1192 2954 cilicii,
1210 2904 1328 2959 quin
1348 2906 1378 2944 a
1404 2889 1559 2946 nobis
1577 2891 1874 2962 completas,
1891 2892 2004 2950 Deo

427 2977 552 3023 sunt
603 2970 804 3039 missae,
842 2975 969 3045 quia
1013 2976 1068 3031 in
1121 2977 1262 3033 illius
1309 2979 1511 3036 honore
1541 2990 1664 3036 sunt
1693 2982 1995 3038 celebratae.

423 3055 599 3113 Aliter
631 3063 920 3130 orationes,
951 3066 1004 3119 id
1033 3076 1116 3122 est
1141 3068 1395 3133 collectae,
1423 3086 1543 3141 qua:
1572 3071 1625 3125 in
1658 3072 1765 3127 line
1803 3090 1998 3132 cursus

425 3160 455 3199 a
491 3150 770 3207 sacerdote
799 3155 1053 3210 dicuntur
1074 3157 1270 3225 missa,
1298 3159 1351 3214 id
1378 3170 1482 3228 est,
1515 3160 1628 3216 Deo
1663 3165 1995 3221 transmissa

421 3249 700 3296 vocantur.
735 3243 776 3297 Α
800 3246 1082 3314 sacerdote
1106 3250 1247 3304 enim
1272 3252 1576 3317 mittuntur,
1601 3254 1693 3308 sed
1717 3270 1747 3308 a
1775 3255 1886 3311 Deo
1906 3272 1998 3312 ac-

423 3332 715 3402 cipiuntur.
751 3337 886 3394 Ilinc
924 3349 977 3394 et
1008 3342 1191 3396 litania
1223 3343 1561 3399 solemnitate
1597 3345 1776 3414 aliqua
1811 3347 1864 3400 in
1894 3347 1998 3402 Ec-

413 3421 582 3477 ‘elesia
604 3427 892 3493 ceihbrata,
909 3430 1114 3486 elevata
1142 3448 1294 3499 voce,
1313 3443 1369 3488 et
1396 3449 1494 3505 per
1513 3436 1810 3491 sacerdotis
1835 3436 1994 3490 mini-

417 3515 642 3569 sterium
661 3515 774 3584 jam
801 3519 910 3574 Deo
929 3527 1011 3576 est
1037 3524 1220 3577 missa.

985 3631 1210 3688 CAPUT
1241 3631 1420 3686 XVIII.

731 3696 852 3763 ’Quo
878 3701 1059 3755 ordine
1079 3702 1270 3772 psalmi
1304 3698 1511 3756 dicendi
1537 3703 1662 3756 sint.

489 3788 554 3842 In
602 3793 786 3862 primis
832 3811 1032 3866 semper
1063 3797 1268 3851 diurnis
1306 3798 1448 3851 horis
1499 3795 1708 3850 dicatur
1760 3815 1936 3852 versus
1967 3813 1986 3852 :

413 3875 578 3944 Deus,
605 3881 660 3934 in
690 3883 1011 3951 adjutorium
1040 3903 1208 3940 meum
1238 3887 1478 3951 intende;
1509 3885 1750 3952 Domine,
1784 3888 1858 3941 ad
1884 3889 1984 3941 ad-

403 3966 698 4034 juvandum
736 3987 817 4025 me
838 3973 1027 4042 festina
1053 3991 1076 4029 :
1101 3985 1149 4029 et
1191 3973 1397 4031 Gloria.
1447 3975 1584 4031 Hinc
1631 3976 1985 4032 Cassiodorus

409 4058 490 4110 ait
519 4076 532 4111 :
567 4059 717 4115 Tunc
742 4063 882 4116 enim
925 4065 1251 4134 adiutorium
1279 4067 1578 4136 poscimus,
1601 4066 1817 4136 quando
1846 4067 1986 4136 peri-

411 4148 532 4204 culo
556 4150 913 4218 subjacemus,
941 4165 1001 4209 ut
1025 4156 1204 4226 aliquo
1235 4157 1472 4212 remedio
1516 4158 1808 4222 sublevati,
1841 4157 1984 4212 cala-

409 4242 628 4296 mitates
679 4244 1013 4301 diversarum
1071 4249 1338 4319 possimus
1390 4249 1606 4304 vincere
1641 4250 1977 4318 passionum.

411 4329 632 4385 Intende
655 4333 804 4399 dicit,
833 4339 1094 4407 propitius
1115 4341 1352 4409 respice;
1376 4341 1500 4410 quia
1523 4341 1703 4394 omnia
1722 4339 1981 4395 Dominus

409 4423 571 4477 etiam
595 4439 716 4478 cum
741 4442 845 4481 non
877 4439 1115 4500 rogatur,
1144 4433 1404 4502 agnoscit.
1433 4432 1648 4486 Festina
1687 4448 1816 4504 ergo
1845 4433 1980 4488 dicit
2004 4472 2056 4531 D

408 4511 652 4581 Domino,
684 4521 773 4589 qui
809 4519 1098 4575 festinabat
1135 4522 1202 4576 de
1239 4521 1396 4589 huius
1433 4523 1610 4578 surculi
1648 4522 1800 4577 clade
1846 4522 1979 4577 libe-

409 4609 899 4666 rari.'Generaliter
923 4612 1067 4666 hunc
1102 4612 1280 4668 locum
1326 4613 1740 4668 facundissimus
1770 4613 1982 4668 Cassia-

408 4711 508 4752 nus
536 4699 587 4752 in
625 4701 831 4755 decima
867 4701 1149 4757 collatione
1195 4703 1423 4773 plurima
1466 4703 1532 4756 de
1579 4702 1696 4772 ejus
1746 4697 1980 4758 utilitate

405 4789 698 4854 disserens,
723 4799 872 4846 tanto
895 4793 1097 4847 honore
1123 4793 1559 4858 concelebrat,ut
1580 4793 1840 4862 quidquid
1864 4810 1980 4848 mo-

406 4879 564 4933 nachi
601 4882 1010 4950 assumpserint,
1041 4883 1156 4936 sine
1185 4883 1343 4950 hujus
1369 4882 1619 4937 versiculi
1645 4883 1784 4937 trina
1813 4883 1977 4938 itcra-

405 4965 551 5021 tione
578 4985 684 5023 non
707 4971 980 5035 inchoant,
1006 4985 1166 5040 quem
1191 4973 1419 5042 repetita
1450 4971 1646 5041 sacpius
1670 4972 1825 5028 laude
1846 4989 1975 5029 con-

403 5065 684 5130 geminans
712 5063 873 5119 nimis
902 5065 1084 5120 utilem
1115 5067 1308 5136 probat
1331 5081 1451 5121 esse
1476 5063 1590 5134 ejus
1631 5067 1971 5122 memoriam.

473 5149 606 5206 Inde
629 5153 852 5224 hymnus
883 5156 1293 5227 uniuscujusque
1345 5155 1507 5209 honr.
1563 5155 1761 5210 Deinde
1804 5157 1976 5225 prima

403 5241 531 5295 hora
562 5239 855 5311 Dominica,
879 5239 1100 5301 dicenda
1127 5257 1352 5319 quatuor
1378 5245 1606 5316 capitula
1647 5247 1836 5316 psalmi
1859 5264 1976 5301 cen-

401 5335 569 5388 tesimi
598 5339 764 5391 octavi
782 5338 991 5394 decimi.
1015 5338 1248 5411 Reliquis
1271 5356 1386 5394 vero
1409 5339 1571 5404 horis,
1593 5339 1646 5392 id
1666 5348 1760 5404 est,
1777 5337 1975 5403 Tertia,

401 5417 627 5480 Sexta‘et
655 5423 994 5494 Nona,terna
1021 5430 1247 5502 capitula
1271 5431 1613 5502 suprascripti
1638 5428 1828 5500 psalmi
1855 5445 1976 5482 cen-

399 5516 570 5570 tesimi
598 5520 768 5572 octavi
793 5520 980 5574 decimi
1005 5521 1271 5576 dicantur.
1303 5521 1386 5574 Ad
1417 5519 1654 5574 Primam
1688 5529 1862 5573 autem
1889 5537 1973 5574 se-

397 5609 583 5662 cunda:
605 5610 774 5680 ferite.
796 5613 1042 5668 dicantur
1063 5624 1165 5668 tres
1190 5613 1398 5684 psalmi,
1433 5613 1486 5666 id
1514 5623 1620 5677 est,
1643 5613 1866 5684 primus,
1895 5629 1976 5666 sc—

399 5697 598 5752 candus
621 5710 668 5753 et
696 5714 891 5756 sextus.
913 5703 980 5757 Et
1009 5705 1077 5757 ita
1106 5722 1197 5767 per
1215 5703 1445 5769 sinqulos
1475 5702 1584 5756 dies
1610 5702 1678 5755 ad
1714 5699 1970 5769 Primam,

2117 1883 2192 1936 ita
2233 1885 2449 1951 scilicet,
2483 1897 2540 1942 ut
2566 1905 2768 1960 semper
2793 1890 3072 1947 Dominica
3117 1911 3150 1948 a
3193 1899 3472 1952 centesimo
3519 1912 3700 1958 octavo

2117 1972 2318 2026 decimo
2356 1976 2659 2046 incipiatur.
2707 1977 2929 2050 Vespera
2975 1992 3147 2036 autem
3195 1987 3427 2056 quotidie
3467 2000 3696 2060 quatuor

2113 2063 2436 2133 psalmorum
2452 2067 2806 2123 modulatione
2829 2080 3071 2126 canatur.
3093 2072 3197 2138 Qui
3220 2077 3410 2145 psalmi
3430 2080 3690 2150 incipian-

2115 2160 2203 2204 tur
2224 2170 2255 2206 a
2287 2155 2564 2210 centesimo
2591 2175 2727 2211 nono
2755 2176 2917 2230 usque
2944 2161 3014 2215 ad
3043 2166 3376 2220 centesimum
3403 2171 3695 2242 quadrage-

2111 2243 2301 2297 simum
2353 2248 2650 2316 septimum,
2699 2253 2925 2322 exceptis
2975 2253 3056 2308 his
3090 2257 3180 2325 qui
3205 2257 3260 2310 in
3297 2257 3511 2314 diversis
3544 2263 3688 2318 horis

2109 2347 2176 2386 ea:
2219 2336 2294 2388 eis
2322 2346 2731 2406 sequestrantur,
2761 2341 2818 2394 id
2855 2351 2951 2407 est,
2983 2360 3016 2396 a
3052 2347 3330 2402 centesimo
3355 2353 3572 2420 septimo
3595 2354 3690 2408 deo

2109 2425 2244 2479 cimo
2291 2444 2452 2493 usque
2495 2430 2566 2484 ad
2613 2433 2943 2488 centesimum
2976 2435 3272 2492 vicesimum
3302 2443 3598 2512 septimum,
3633 2455 3687 2499 et

2108 2518 2384 2572 centesimo
2410 2519 2674 2575 tricesimo
2695 2523 2846 2577 tertio
2865 2565 2880 2588 ,
2901 2533 2948 2579 et
2977 2529 3254 2582 centesimo
3281 2531 3689 2602 quadragesimo

2105 2608 2352 2662 secundo.
2402 2609 2614 2681 Reliqui
2651 2629 2826 2668 omnes
2856 2615 2912 2668 in
2946 2612 3172 2687 Vespera
3200 2619 3408 2674 dicendi
3443 2633 3581 2677 sunt.
3612 2624 3687 2679 Et

2103 2698 2226 2764 quia
2265 2699 2437 2753 minus
2467 2702 2674 2756 veniunt
2713 2711 2818 2758 tres
2853 2705 3066 2774 psalmi,
3092 2707 3209 2762 ideo
3236 2710 3503 2766 dividendi
3555 2725 3683 2769 sunt

2103 2789 2194 2859 qui
2217 2789 2270 2843 in
2312 2806 2527 2845 numero
2572 2795 2932 2866 suprascripto
2967 2797 3211 2866 fortiores
3238 2799 3593 2872 inveniuntur,
3619 2806 3682 2861 id

2101 2887 2200 2942 est,
2221 2880 2528 2934 centesimus
2555 2882 2847 2938 tricesimus
2871 2896 3105 2954 octavus,
3133 2898 3181 2943 et
3210 2893 3525 2948 centesimus
3540 2912 3676 2966 qua-

2099 2969 2423 3040 dragesimus
2445 2974 2654 3040 tertius,
2671 2982 2720 3028 et
2745 2976 3051 3032 centesimus
3065 2979 3496 3051 quadragesimus
3523 3002 3681 3056 quar-

2100 3073 2202 3118 tus.
2228 3062 2554 3122 Centesimus
2584 3084 2702 3122 vero
2724 3078 2901 3123 sextus
2928 3070 3181 3138 decimus,
3206 3074 3330 3144 quia
3363 3093 3554 3146 parvus
3577 3090 3677 3146 est,

2098 3169 2214 3206 cum
2237 3155 2511 3209 centesimo
2527 3157 2912 3228 quintodecimo
2928 3161 3296 3232 conjungatur.
3316 3165 3528 3235 Digesto
3554 3186 3678 3240 ergo

2097 3245 2280 3300 ordine
2307 3245 2630 3318 psalmorum
2669 3251 3099 3320 vespertinorum,
3125 3251 3345 3324 reliqua,
3376 3256 3432 3309 id
3473 3267 3570 3322 est,
3593 3258 3674 3314 le-

2096 3336 2290 3392 ctiones
2307 3378 2322 3404 ,
2349 3340 2677 3409 responsoria
2695 3381 2710 3405 ,
2743 3341 2943 3411 hymni,
2972 3359 3147 3398 versus
3173 3344 3249 3399 vel
3269 3348 3504 3413 cantica,
3527 3350 3670 3403 sicut

2093 3443 2255 3495 supra
2297 3429 2614 3494 taxavimus,
2643 3429 2976 3500 impleantur.
3016 3432 3099 3486 Ad
3130 3434 3523 3505 completorium
3551 3457 3672 3495 vero

2093 3516 2250 3571 iidem
2271 3518 2464 3587 psalmi
2485 3529 2786 3590 repetantur
2818 3523 3070 3592 quotidie,
3098 3525 3154 3577 id
3181 3535 3276 3590 est,
3309 3539 3550 3598 quartus,
3577 3548 3675 3585 no-

2093 3607 2390 3676 nagesimus
2423 3618 2471 3662 et
2500 3608 2807 3663 centesimus
2830 3611 3126 3666 tricesimus
3148 3615 3352 3670 tertius.
3396 3617 3668 3687 Disposito

2093 3697 2273 3750 ordine
2315 3697 2622 3768 psalmodiis
2672 3699 2916 3768 diurna,
2944 3701 3130 3774 reliqui
3171 3721 3346 3761 omnes
3369 3707 3560 3780 psalmi
3579 3713 3672 3782 qui

2089 3796 2398 3858 supersunt,
2437 3788 2708 3861 a’qualiter
2746 3789 3053 3846 dividantur
3102 3794 3157 3848 in
3202 3805 3394 3867 septem
3437 3799 3688 3854 noctium

2089 3877 2314 3948 vigilias,
2329 3879 2606 3950 partiendo
2620 3880 2815 3936 scilicet
2827 3885 2917 3954 qui
2939 3885 3074 3938 inter
3099 3901 3186 3940 eos
3204 3886 3518 3956 prolixiores
3544 3905 3668 3945 sunt

2086 3969 2295 4040 psalmi,
2325 3981 2372 4025 et
2408 3972 2683 4026 duodecim
2713 3991 2805 4044 per
2835 3989 3252 4046 unamquamque
3273 3980 3661 4035 constituantur

2088 4071 2308 4114 noctem.
2344 4060 2459 4116 Hoc
2487 4065 2748 4133 pracipue
2777 4077 3155 4120 eommonentes
3194 4077 3251 4120 ut
3297 4070 3343 4122 si
3395 4069 3483 4122 cui
3527 4071 3663 4141 forte

2085 4152 2196 4205 ha'c
2231 4152 2527 4207 distributio
2575 4154 2897 4225 psalmorum
2954 4157 3300 4228 displicuerit,
3351 4162 3576 4227 ordinet,
3617 4167 3668 4217 si

2083 4241 2268 4296 melius
2294 4242 2448 4298 aliter
2467 4245 2796 4312 iudicaverit.
2832 4247 2982 4303 llanc
3004 4258 3179 4304 autem
3201 4251 3527 4320 psalmorum
3551 4256 3668 4309 dis-

2084 4333 2432 4388 tributionem
2470 4351 2576 4390 non
2620 4344 2790 4390 totum
2845 4335 3075 4393 cilicium
3113 4339 3303 4396 beatus
3335 4342 3666 4400 Benedictus

2083 4423 2138 4477 in
2165 4421 2457 4492 iudicantis
2482 4427 2659 4496 posuit
2681 4429 2986 4490 arbitrium,
3012 4430 3116 4485 hoc
3143 4432 3411 4502 praecipue
3432 4449 3666 4494 monens

2085 4521 2145 4566 ut
2169 4513 2259 4581 qui
2281 4514 2396 4567 vult
2415 4515 2553 4570 hanc
2567 4514 2892 4584 psalmorum
2921 4517 3349 4574 distributionem
3365 4523 3665 4579 secundum

2085 4616 2236 4656 suam
2266 4611 2449 4656 tenere
2473 4601 2900 4672 dispositionem,
2926 4614 3125 4659 teneat.
3153 4607 3253 4674 Qui
3282 4619 3459 4665 autem
3496 4611 3664 4667 aliter

2084 4691 2277 4746 melius
2294 4690 2644 4761 iudicaverit,
2688 4694 2832 4748 illam
2884 4704 3096 4763 tenens,
3141 4699 3302 4754 istam
3337 4702 3454 4757 sine
3498 4705 3660 4774 culpa

2083 4782 2338 4836 dimittat.
2369 4782 2477 4838 Nos
2511 4792 2692 4838 autem
2737 4784 3018 4840 hortamur
3045 4803 3166 4843 eum
3218 4791 3310 4860 qui
3356 4793 3661 4849 secundum

2083 4874 2224 4928 hanc
2247 4874 2496 4944 promisit
2519 4889 2578 4931 se
2618 4875 2798 4930 vivere
2831 4877 3089 4947 regulam,
3113 4880 3168 4934 in
3197 4891 3458 4951 quantum
3488 4885 3658 4948 valet,

2078 4963 2305 5019 ﬁrmiter
2351 4974 2533 5020 teneat
2567 4974 2622 5022 et
2670 4977 2954 5023 conservet
2994 4985 3136 5038 eam,
3167 4980 3225 5027 et
3262 4975 3542 5033 conﬁdens
3587 4979 3662 5032 de

2077 5053 2171 5109 Dei
2197 5056 2562 5112 misericordia
2591 5057 2775 5112 credat
2807 5058 2932 5128 quia
2962 5063 3389 5122 custodientibus
3414 5081 3532 5121 eam
3559 5083 3654 5136 pa-

2078 5148 2267 5202 tebunt
2295 5147 2484 5202 cadica
2515 5164 2698 5218 regna.
2734 5149 2989 5220 Sequitur
3029 5170 3042 5206 :
3077 5153 3215 5208 Dum
3244 5157 3551 5211 omnimodis
3594 5157 3653 5208 id

2079 5239 2381 5293 attendatur
2404 5249 2459 5293 ut
2494 5240 2820 5296 hebdomada
2857 5240 3176 5300 Psalterium
3219 5263 3283 5301 ea:
3327 5249 3524 5316 integro
3550 5262 3653 5298 nu-

2078 5345 2218 5384 mero
2243 5341 2450 5385 centum
2479 5331 2860 5404 quinquaginta
2883 5334 3204 5405 psalmorum
3250 5335 3524 5406 psallatur.
3571 5333 3646 5387 Et

2076 5418 2351 5475 Dominico
2383 5421 2468 5477 die
2492 5440 2692 5495 semper
2728 5443 2760 5480 a
2787 5428 2954 5482 cavite
3001 5438 3263 5499 repetatur
3305 5427 3374 5480 ad
3416 5423 3648 5494 vigilias.

2075 5514 2199 5585 quia
2230 5513 2381 5568 nimis
2409 5515 2549 5568 iners
2572 5515 2858 5572 devotionis
2907 5535 3018 5572 sua:
3059 5517 3321 5570 servitium
3360 5513 3646 5568 ostendunt

2077 5604 2338 5670 monachi,
2359 5607 2449 5677 qui
2470 5606 2641 5660 minus
2664 5604 2922 5661 Psalterio
2948 5621 3062 5658 cum
3105 5603 3320 5656 canticis
3359 5613 3641 5657 consuetu-

2076 5697 2297 5752 dinariis
2319 5714 2410 5768 per
2437 5697 2739 5764 septimana
2765 5695 3015 5748 circulum
3045 5692 3308 5762 psallunt;
3361 5711 3474 5748 cum
3499 5697 3650 5767 (rga-
