3992 6206
306 272 412 328 859

1577 244 1934 303 SMARAGDI
1969 237 2260 301 ABBATIS

3451 225 3564 284 840

304 395 420 436 mus
441 382 647 431 sanctos
672 371 857 425 Patres
878 375 1081 422 nostros
1100 379 1205 417 uno
1230 360 1315 416 die
1340 360 1436 414 hoc
1459 366 1668 412 strenue
1696 354 1876 426 imple—
1900 359 1950 420 Α
1978 361 2155 424 specta
2183 347 2486 404 Diuinitatis
2522 355 2571 402 et
2605 344 2908 418 angelorum
2940 344 3057 416 ejus
3091 359 3203 399 esse
3230 357 3249 397 .'
3284 351 3332 398 et
3359 342 3568 435 sicis-to-

305 471 459 535 visse,
479 464 618 538 quod
649 479 743 517 nos
768 457 928 529 tepidi
953 455 1156 507 utinam
1191 448 1478 537 septimana
1515 446 1720 515 integra
1757 458 1879 514 per-

305 558 584 615 ‘dmm'
890 611 1118 670 CAPUT
1153 606 1296 663 XIX.

755 706 833 761 De
861 702 1135 775 disciplina
1162 697 1440 770 psallendi.

381 824 579 897 Ubique
621 817 879 874 credimus
922 810 1154 868 divinam
1201 825 1310 863 esse
1357 804 1706 878 pra'sentiam.
1753 799 1886 854 Nam

310 893 661 975 omnianuda
700 922 746 966 et
782 920 960 981 aperta
998 916 1139 970 sunt,
1181 911 1240 958 ut
1279 902 1353 955 ait
1394 896 1702 967 Apostolus,
1725 893 1888 948 oculis

312 1012 430 1076 Dei,
464 1020 511 1062 et
548 1022 650 1061 non
683 1014 755 1058 est
792 1000 902 1054 ulla
939 1008 1180 1052 creatura
1216 991 1489 1048 invisibilis
1526 990 1581 1042 in
1617 995 1888 1055 conspectu

310 1103 426 1172 ejus
458 1098 644 1173 (Hebr.
675 1094 772 1164 tv).
801 1091 869 1145 Et
895 1089 1017 1144 ideo
1042 1086 1120 1140 sic
1144 1082 1397 1139 assistere
1421 1077 1755 1173 anteoculos
1774 1075 1891 1173 ejus

317 1165 596 1255 debemus,
624 1188 764 1243 sicut
784 1191 908 1238 ante
925 1178 1109 1235 oculos
1125 1173 1386 1231 creatoris
1410 1169 1687 1239 etjudicis.
1703 1165 1892 1222 Nullus

315 1290 459 1343 enim
484 1284 674 1338 videns
695 1277 991 1349 principem
1014 1271 1101 1327 vel
1120 1269 1357 1341 judicem
1384 1280 1565 1329 suum,
1589 1272 1644 1316 et
1668 1262 1892 1330 loquens

315 1394 437 1435 cum
482 1391 571 1440 eo,
612 1372 773 1429 audet
812 1365 994 1438 vagari
1037 1361 1209 1418 oculis
1246 1367 1301 1414 et
1330 1358 1589 1413 aliorsum
1627 1352 1869 1424 aspicere

316 1475 517 1538 quanto
547 1463 720 1533 magis
749 1460 839 1530 qui
869 1455 1078 1511 accedit
1104 1451 1171 1507 ad
1198 1448 1483 1505 Dominum
1513 1456 1779 1538 nusquam
1804 1440 1897 1495 de-

320 1533 408 1615 bet
436 1570 655 1613 movere
689 1551 902 1611 oculum
928 1544 1126 1606 cordis,
1158 1541 1251 1596 sed
1279 1540 1516 1592 intentus
1545 1548 1665 1587 esse
1694 1533 1747 1585 in
1771 1544 1894 1585 eum

1984 460 2099 500 mus
2133 443 2203 497 ad
2240 439 2598 512 psallendum,
2634 448 2690 492 ut
2725 454 2870 492 mens
2912 445 3094 491 nostra
3132 435 3409 491 concordet
3451 431 3566 493 uoci

1984 543 2194 588 nostra.
2232 533 2315 588 Ad
2342 541 2550 587 tantum
2585 537 2795 602 ergoet
2824 527 2930 583 tale
2962 526 3197 585 cilicium
3235 540 3328 581 cor
3363 528 3569 596 pariter

1985 639 2106 679 cum
2131 624 2310 695 lingua
2330 621 2649 686 conveniat;
2677 636 2800 676 cum
2823 620 3018 673 timore
3043 617 3272 673 Domino
3296 618 3570 686 quotidia-

1986 730 2112 770 num
2137 714 2369 770 debitum
2397 713 2547 769 reddi
2570 712 2746 767 debet.
2777 708 2845 765 Et
2877 717 3026 764 notet
3050 708 3154 765 sibi
3183 707 3237 762 in
3263 709 3445 774 corde,
3471 709 3570 779 qui

1987 804 2190 875 psallit,
2224 803 2292 857 ad
2321 801 2528 873 singula
2556 801 2737 856 omnia
2767 798 3074 854 testimonia
3103 812 3223 873 quae
3250 797 3411 863 dicit,
3438 797 3570 869 quia

1988 892 2181 963 singuli
2209 906 2414 955 versus,
2445 891 2488 945 si
2507 898 2784 957 notentur,
2811 887 3103 958 proﬁciunt
3126 887 3319 943 anima:
3337 888 3407 943 ad
3428 885 3572 943 salu-

1990 992 2132 1048 tem,
2172 990 2228 1036 et
2264 980 2317 1035 in
2345 982 2424 1035 eis
2451 989 2618 1035 totum
2647 980 2920 1034 invenitur
2945 977 3091 1048 quod
3117 977 3412 1048 quaeritur;
3440 976 3571 1047 quia

1989 1070 2170 1126 omnia
2213 1070 2280 1123 ad
2318 1067 2726 1123 aediﬁcationem
2766 1065 3009 1137 loquitur
3044 1064 3319 1134 psalmus,
3358 1064 3573 1121 dicente

1988 1162 2258 1235 Propheta
2286 1180 2300 1216 :
2333 1156 2570 1216 Psallam
2599 1170 2647 1213 et
2677 1157 2965 1229 intelligam
2994 1156 3168 1229 (Psal.
3196 1155 3268 1229 c).

2587 1247 2813 1306 CAPUT
2851 1246 2973 1302 XX.

2439 1340 2516 1396 De
2544 1341 2824 1396 reuerentia
2851 1338 3106 1394 oratioms

2065 1432 2123 1490 Si
2162 1450 2279 1489 cum
2318 1432 2614 1487 hominibus
2647 1429 2941 1501 potentibus
2971 1428 3210 1484 uolumus
3241 1427 3420 1501 aliqua
3450 1447 3577 1504 sug-

1993 1542 2187 1599 gerere,
2204 1543 2307 1582 non
2317 1541 2487 1598 prtesu
2494 1524 2681 1578 mimus
2694 1522 2795 1576 nisi
2818 1538 2938 1576 cum
2950 1520 3245 1575 humilitate
3268 1530 3317 1579 et
3344 1539 3580 1577 reueren-

438 1611 714 1702 scrutatur
741 1654 900 1696 renes
926 1645 983 1692 et
1009 1632 1202 1690 corda!
1225 1627 1448 1697 Quando
1476 1625 1896 1718 enim‘propec—
1921 1695 1967 1718 ῃ
1997 1618 2069 1718 lia
2091 1630 2110 1670 :
2129 1626 2323 1718 quanto
2345 1614 2753 1718 magis—Domino
2780 1611 2889 1718 lico
2913 1614 3273 1718 uniuersorum
3293 1632 3410 1670 cum

318 1739 456 1795 catis
504 1735 701 1790 nostris

321 1845 419 1884 nos
444 1826 587 1895 loqui
616 1820 1031 1895 cognoscimus._
1242 1884 1247 1891 .
1530 1894 1535 1895 γ
1612 1893 1619 1895 Α
1671 1893 1680 1895 _
1844 1862 1847 1865 .

392 1920 461 1972 Et
497 1893 671 1971 oculos
702 1910 912 1966 Domini
944 1893 1175 1960 in'omni
1213 1898 1326 1955 loco
1361 1893 1623 1966 speculari
1663 1893 1823 1946 bonos
1848 1899 1899 1944 et

322 2008 520 2073 malos;
569 2004 795 2058 maxime
843 2009 1015 2052 tamen
1061 1994 1157 2048 hoc
1204 1991 1315 2045 sine
1359 1985 1538 2056 aliqua
1580 1981 1902 2073 dubi—talione

323 2068 617 2159 credamus,
651 2109 770 2148 cum
808 2090 876 2143 ad
906 2103 1032 2157 Opus
1071 2082 1301 2138 divinum
1332 2074 1644 2130 assistimus.
1685 2069 1752 2124 Et
1782 2068 1902 2123 ideo

326 2189 516 2243 timere
544 2187 802 2241 debemus
838 2195 905 2234 ne
940 2177 1080 2237 forte
1119 2172 1164 2228 si
1207 2167 1439 2239 aliquid,
1479 2164 1619 2236 quod
1650 2161 1902 2233 petimus,

325 2268 641 2347 cogitamus,
672 2272 870 2325 divinae
908 2260 1176 2337 majestati
1196 2301 1211 2327 ,
1243 2271 1370 2315 ante
1396 2271 1557 2327 quam
1587 2264 1732 2310 stare
1759 2252 1907 2311 vide-

327 2384 471 2435 mur,
500 2364 750 2434 injuriam
780 2360 1061 2414 faciamus.
1220 2428 1221 2433 ‘
1583 2431 1612 2435 _
1732 2433 1740 2435 ᾗ
1793 2422 1797 2426 >

396 2431 525 2509 Ideo
552 2431 761 2523 semper
796 2463 1047 2503 memores
1088 2444 1251 2497 simus
1287 2437 1426 2510 quod
1464 2436 1538 2490 ait
1578 2431 1842 2505 Propheta
1885 2445 1905 2483 :

331 2546 535 2602 Servite
558 2542 779 2598 Domino
808 2542 863 2595 in
894 2541 1076 2592 timore
1101 2528 1273 2609 (Psal.
1299 2532 1383 2604 tt).
1411 2531 1481 2586 Et
1506 2532 1693 2584 iterum
1715 2541 1733 2578 :
1760 2523 1909 2580 Psal-

327 2638 417 2691 lite
451 2636 711 2705 sapienter
749 2627 931 2703 (Psal.
974 2624 1155 2697 XLVI).
1200 2622 1274 2678 Ea
1307 2636 1437 2692 ergo
1473 2632 1686 2688 semper
1726 2616 1908 2685 lingua

329 2719 570 2800 proferat
592 2739 714 2795 qua:
742 2718 1018 2777 Conditori
1041 2715 1307 2785 placeant,
1330 2711 1483 2782 juxta
1511 2705 1907 2800 illud‘Psa‘lmo-

331 2794 520 2887 graphi
559 2811 886 2883 praeconium
930 2825 945 2861 :
990 2805 1207 2867 Seruite,
1254 2800 1459 2872 inquit,
1504 2796 1729 2851 Domino
1758 2795 1813 2887 in
1843 2794 1911 2848 ti-

329 2883 492 2968 more,
530 2912 575 2957 et
609 2898 864 2955 exsultate
892 2895 938 2951 ei
970 2911 1087 2949 cum
1123 2902 1364 2947 tremore.
1404 2888 1556 2944 Tunc
1592 2901 1721 2958 ergo
1748 2883 1911 2941 Crea—

294 2977 434 3049 ‘tori
462 2993 700 3048 timendo
722 2989 976 3052 servitur,
998 2986 1043 3041 si
1064 3001 1198 3056 opus
1215 2982 1414 3038 bonum
1435 2979 1642 3036 devotis
1660 2976 1907 3033 laudibus

746 1695 1024 1785 humiliter
1068 1695 1449 1792 supplicamus,
1494 1713 1563 1769 ad
1610 1710 1895 1766 Dominum
1921 1695 1971 1755 Β
1997 1706 2289 1760 humilitate
2317 1715 2366 1759 et
2393 1705 2638 1777 puritatis
2664 1703 2932 1792 devotione
2958 1701 3363 1774 supplicandum
3388 1714 3487 1758 est.
3519 1703 3581 1759 Si

2001 1793 2306 1849 hominibus
2348 1792 2657 1848 carnalibus
2703 1790 2808 1847 nisi
2853 1806 2977 1846 cum
3018 1791 3321 1848 humilitate
3369 1809 3473 1848 non
3520 1792 3585 1849 fit

1999 1884 2242 1956 precatio
2259 1899 2382 1937 cum
2406 1881 2666 1938 beneﬁcia
2688 1898 2782 1938 eos
2802 1881 2982 1959 aliqua
2998 1883 3311 1959 temporalia
3337 1885 3581 1955 postula-

1999 1989 2140 2039 mus,
2158 1981 2362 2043 quanto
2377 1973 2548 2044 magis
2560 1970 2813 2027 convenit
2825 1981 2884 2026 ut
2895 1987 2994 2042 pro
3008 1974 3245 2043 peccatis
3268 1975 3471 2030 nostris
3500 1974 3585 2031 vel

2001 2065 2327 2122 facinoribus
2353 2066 2525 2129 omni,
2548 2080 2652 2135 qua
2675 2080 2983 2134 possumus,
3006 2063 3279 2121 Christum
3306 2080 3470 2136 prece
3497 2082 3581 2120 ro-

2002 2170 2210 2228 gemus.
2242 2154 2397 2209 Nulli
2430 2168 2559 2226 ergo
2589 2155 2751 2211 debet
2777 2170 2896 2211 esse
2925 2156 2981 2210 in
3004 2157 3249 2212 Oratione
3271 2156 3585 2229 duplicitas.

2003 2245 2119 2301 Non
2155 2258 2294 2301 unus
2330 2245 2384 2300 in
2414 2261 2532 2311 ore,
2563 2246 2701 2301 alter
2729 2246 2783 2300 in
2818 2246 2979 2302 corde
3012 2242 3338 2303 inveniatur.
3370 2248 3590 2303 Puritas

2004 2336 2188 2393 cordis
2216 2339 2398 2393 omnia
2423 2337 2555 2391 vitia
2586 2336 2850 2403 excludit,
2883 2353 3073 2394 omnes
3101 2339 3331 2395 virtutes
3354 2339 3585 2397 obtinet.

2003 2428 2241 2485 Laetetur
2271 2445 2368 2486 cor
2397 2430 2756 2500 quaerentium
2787 2432 3096 2498 Dominum,
3123 2432 3250 2503 quia
3283 2433 3355 2489 ibi
3384 2443 3467 2489 est
3492 2433 3593 2488 ba-

2008 2520 2303 2575 bitaculum
2347 2520 2583 2597 Spiritus
2627 2522 2801 2577 sancti
2830 2520 2922 2577 ubi
2955 2521 3116 2578 fuerit
3151 2523 3363 2595 paritas
3388 2524 3587 2581 cordis.

2010 2600 2161 2666 Unde
2190 2618 2244 2665 et
2271 2611 2518 2680 sequitur
2545 2629 2557 2666 :

2079 2702 2151 2757 Et
2174 2720 2279 2757 non
2304 2703 2358 2757 in
2380 2701 2731 2775 multiloquio,
2754 2702 2845 2759 sed
2868 2704 2923 2759 in
2942 2706 3167 2776 puritate
3187 2688 3361 2763 cordis
3384 2716 3431 2761 et
3454 2722 3594 2765 cout-

2008 2793 2291 2864 punctione
2318 2791 2674 2865 lacrymarum
2702 2812 2794 2849 nos
2817 2793 3059 2860 exaudiri
3094 2795 3353 2851 sciamus..
3374 2795 3443 2851 Et
3469 2797 3591 2853 ideo

2010 2882 2174 2938 brevis
2198 2880 2344 2937 debet
2365 2900 2474 2937 esse
2499 2893 2549 2938 et
2573 2902 2706 2956 pura
2729 2887 2918 2940 oratio.
2947 2882 3072 2941 Ideo
3091 2886 3272 2941 brevis
3295 2887 3451 2957 debet
3477 2887 3594 2943 ﬁeri

2009 2975 2203 3042 oratio,
2244 2990 2313 3031 ne
2348 2989 2446 3045 per
2483 2975 2821 3031 occasionem
2856 2975 3064 3046 prolixa
3100 2978 3366 3035 orationis
3396 2980 3596 3039 obdor—

1057 3039 1403 3130 Psalmistam
1431 3071 1663 3127 dicitur:
1692 3065 1910 3122 Psallite
1936 3039 1980 3102 (ἶ
2012 3039 2205 3131 miant,
2229 3074 2322 3120 aut
2345 3039 2483 3133 iorte
2513 3058 2600 3120 diu
2623 3039 2876 3136 iacentes
2890 3066 3133 3123 diabolus
3156 3068 3239 3123 eis
3262 3078 3389 3142 ante
3411 3068 3599 3131 oculos

330 3175 611 3247 sapienter.
640 3169 921 3240 Sapienter
951 3167 1151 3221 etenim
1180 3165 1407 3234 quisque
1438 3161 1633 3231 psallit,
1664 3159 1756 3232 qui
1779 3173 1913 3215 voce
2012 3157 2222 3213 diversa
2244 3157 2478 3229 ingerat,
2500 3157 2586 3213 vel
2611 3156 2664 3214 in
2679 3159 2840 3215 corde
2861 3158 3007 3214 aliud
3044 3160 3597 3234 subministret.Ergo

336 3262 576 3319 laudanti
607 3261 782 3315 noxiis
805 3256 1059 3328 operibus
1083 3271 1188 3309 non
1216 3253 1570 3319 contradicit;
1602 3260 1656 3306 et
1679 3251 1914 3322 qualiter
2010 3257 2224 3321 oportet
2242 3263 2403 3305 orare
2422 3266 2544 3306 cum
2567 3250 2759 3307 timore
2778 3251 3110 3323 suppliciter,
3128 3261 3190 3309 ut
3208 3255 3302 3325 qui
3320 3264 3444 3311 orat
3460 3272 3601 3328 pra-

232 3384 243 3395 ι
332 3362 581 3428 oporteat
607 3352 800 3408 divinae
824 3348 1079 3421 potentiae
1105 3346 1352 3402 famulari
1380 3345 1609 3402 sollicita
1639 3360 1771 3400 cura
1799 3359 1914 3399 om-
2012 3340 2182 3397 sentis
2203 3341 2404 3398 Christi
2422 3341 2671 3398 videatur
2695 3344 2858 3414 pedes
2883 3353 3088 3401 tenere.
3104 3345 3316 3403 Etcum
3338 3355 3490 3402 tanto
3509 3348 3600 3406 de-

334 3446 498 3515 nique
530 3443 709 3498 studio
746 3439 1109 3513 prosequitur.
1157 3436 1247 3492 Sic
1281 3451 1411 3508 ergo
1432 3450 1584 3491 mens
1613 3445 1798 3489 nostra
1829 3430 1915 3489 in-
1974 3492 1984 3501 ,
2013 3432 2203 3487 bemus
2229 3447 2386 3488 orare
2412 3433 2628 3499 timore,
2660 3441 2723 3488 ut
2748 3449 3137 3506 cognoscamus
3167 3438 3296 3509 quia
3329 3454 3456 3494 cum
3484 3439 3598 3497 Deo

337 3545 482 3591 tenta
505 3533 573 3589 ad
595 3532 929 3603 psallendum
953 3530 1187 3594 incedat,
1209 3527 1439 3598 qualiter
1461 3526 1606 3581 nullo
1624 3525 1915 3597 praepedita

336 3624 611 3683 szecularis
637 3622 892 3678 desiderii
919 3619 1219 3684 obstaculo,
1250 3617 1394 3673 nullo
1427 3617 1683 3688 temporis
1705 3615 1917 3670 fuscata

336 3714 497 3777 vitio,
542 3710 636 3765 sed
673 3724 887 3777 semper
927 3708 1133 3761 intenta
1174 3706 1229 3760 in
1266 3705 1574 3760 coelestibus
1614 3703 1918 3758 humilitate

339 3817 403 3856 ac
441 3800 678 3871 puritate
722 3797 1229 3868 promptissimaque
1272 3795 1556 3849 devotione
1594 3803 1806 3859 ornata,
1849 3793 1917 3848 ad

339 3898 538 3944 aeterna
566 3887 785 3957 prtemia
812 3884 1094 3956 pervenire
1114 3884 1423 3938 contendat.
1448 3881 1539 3937 Sic
1559 3898 1757 3953 corpus
1776 3897 1922 3937 com-

340 3981 686 4051 punctionem
724 3978 945 4049 ﬂagret,
977 3974 1209 4045 qualiter
1238 3972 1291 4029 in
1323 3990 1381 4029 se
1408 3972 1680 4029 Creatoris
1709 3972 1919 4028 miseri-

342 4070 580 4127 cordiam
615 4071 834 4126 excitet.

414 4163 481 4217 Et
520 4177 538 4215 :
580 4161 646 4216 In
692 4168 966 4231 conspectu
1010 4157 1314 4229 angelorum
1351 4155 1575 4228 psallam
1615 4156 1706 4210 tibi
1745 4154 1916 4228 (Psal.

342 4250 603 4323 csum).
659 4249 829 4304 Tanta
868 4247 1027 4304 debet
1069 4262 1189 4302 esse
1221 4246 1536 4302 reverentia:
1571 4247 1810 4316 gravitas
1838 4244 1920 4299 vel

2016 3519 2305 3592 loquimur.
2329 3521 2439 3577 Nec
2458 3523 2593 3578 sein
2617 3522 2956 3593 multiloquio
2977 3525 3280 3596 quisquam,
3305 3529 3399 3583 sed
3419 3531 3599 3598 potius

2015 3611 2071 3665 in
2106 3611 2341 3680 puritate
2368 3610 2549 3666 cordis
2596 3620 2652 3666 et
2676 3611 3040 3689 lacrymarum
3065 3617 3314 3673 ubertate
3351 3619 3595 3676 exaudiri

2016 3700 2217 3756 credat.
2235 3699 2351 3755 Non
2370 3699 2512 3755 enim
2527 3699 2699 3773 longa:
2710 3704 2972 3761 orationis
2990 3707 3293 3776 prolixitas,
3308 3711 3401 3766 sed
3422 3726 3600 3781 prom-

2016 3798 2122 3859 pta:
2136 3790 2332 3845 mentis
2349 3789 2575 3846 intentio
2588 3792 2842 3862 pietatem
2863 3795 3141 3853 clementis
3159 3796 3360 3867 judicis
3372 3802 3593 3859 excitat.

2017 3880 2293 3937 Orandum
2320 3899 2448 3953 ergo
2482 3899 2695 3954 semper
2724 3895 2835 3953 est,
2869 3898 2927 3942 ut
2958 3888 3217 3961 largiatur
3240 3892 3599 3964 delinquentis

2017 3973 2119 4028 hus
2140 3973 2374 4040 veniam,
2400 3975 2492 4045 qui
2526 3975 2800 4049 languenti
2840 3981 3036 4036 mundo
3063 3997 3160 4052 per
3185 3985 3368 4040 crucis
3393 3986 3600 4057 passio-

2019 4079 2144 4119 nem
2173 4062 2406 4118 infundit
2432 4065 2752 4122 medicinam
2778 4085 2791 4121 :
2816 4068 2961 4125 salus
2989 4072 3173 4128 mundi
3195 4081 3421 4140 aeterna,
3442 4073 3602 4131 Chri-

2018 4164 2136 4211 stus
2159 4154 2316 4211 Jesus
2339 4156 2600 4213 Dominus
2627 4167 2833 4215 noster.

2095 4245 2216 4301 Nisi
2235 4246 2370 4317 forte
2386 4263 2450 4302 ea:
2473 4248 2664 4318 aﬁ'ectu
2688 4249 3045 4321 inspirationis
3065 4252 3256 4309 diuina:
3273 4257 3459 4326 gratia:
3480 4274 3601 4327 pro-

343 4341 622 4412 disciplina
651 4338 945 4411 psallendi,
978 4344 1037 4393 ut
1069 4334 1354 4391 amabilius
1381 4351 1412 4389 a
1441 4336 1670 4390 Domino
1695 4350 1858 4404 quam
1887 4350 1918 4389 a
1946 4374 1997 4434 Β
2020 4337 2284 4391 tendatur.
2312 4336 2381 4392 In
2404 4349 2655 4394 conventu
2683 4348 2858 4396 tamen
2885 4344 3096 4398 omnino
3122 4343 3381 4400 brevietur
3409 4348 3596 4402 oratio.

346 4430 499 4484 nobis
533 4427 748 4493 dicitur,
780 4429 1048 4493 audiatur,
1086 4426 1224 4481 sicut
1253 4426 1329 4479 ait
1359 4424 1636 4496 Scriptura
1676 4446 1689 4479 :
1729 4424 1919 4480 Exitus
1948 4424 1989 4434 ”
2019 4424 2250 4497 Ideoque
2275 4442 2403 4499 ergo
2438 4429 2612 4483 nostri
2647 4428 2836 4486 Patres
2870 4431 3074 4486 utiliter
3100 4434 3273 4503 ipsam
3301 4436 3602 4493 orationem

347 4517 586 4571 matutini
613 4524 662 4570 et
686 4533 906 4587 vespera?
936 4515 1215 4570 delectabis
1246 4514 1420 4586 (Psal.
1453 4515 1619 4589 an).
1653 4515 1721 4571 Et
1745 4517 1873 4572 item
1902 4534 1915 4572 :

350 4602 567 4659 Psallite
588 4604 809 4658 Domino
830 4606 1088 4674 sapienter
1106 4602 1279 4674 (Psal.
1301 4602 1468 4677 XLVI).
1490 4605 1630 4674 Ergo
1651 4606 1922 4675 sapienter

347 4702 401 4746 ct
428 4708 549 4746 cum
585 4694 777 4747 timore
804 4692 960 4761 jubet
989 4693 1140 4764 psalli
1176 4710 1189 4747 :
1230 4702 1440 4764 oportet
1467 4694 1781 4765 psallentem
1820 4694 1923 4749 im-

350 4781 536 4834 mobili
565 4796 811 4851 corpore,
846 4783 1102 4839 inclinato
1132 4784 1307 4853 capite
1335 4792 1503 4850 stare,
1529 4795 1583 4840 et
1612 4784 1795 4840 laudes
1818 4786 1923 4841 Do-

351 4870 498 4924 mino
518 4872 793 4928 moderate
812 4889 1036 4940 canere;
1057 4876 1253 4945 quippe
1271 4875 1360 4945 qui
1386 4876 1745 4931 ministerium
1766 4894 1923 4934 suum

352 4966 480 5011 ante
502 4947 843 5016 Divinitatem
875 4963 1078 5033 implet,
1103 4965 1328 5019 docente
1358 4965 1459 5019 hoc
1484 4963 1771 5034 Propheta,
1802 4982 1923 5021 cum

353 5048 484 5102 dicit
521 5065 535 5101 :
581 5048 641 5103 In
687 5063 960 5122 conspectu
1006 5053 1308 5125 angelorum
1352 5054 1575 5125 psallam
1616 5055 1709 5109 tibi
1750 5055 1922 5129 (Psal.

352 5139 614 5209 cxxxvn).
645 5139 778 5195 Nam
803 5144 1145 5201 considerare
1170 5145 1328 5201 debet
1350 5146 1441 5216 qui
1465 5146 1666 5218 psallit,
1693 5163 1923 5219 semper,

354 5245 421 5283 ne
447 5229 551 5284 alio
577 5245 765 5285 sensus
793 5232 909 5302 ejus
932 5233 1224 5306 demigret;
1256 5253 1324 5292 ne
1350 5253 1471 5291 cum
1499 5239 1552 5292 in
1588 5238 1747 5293 aliam
1778 5240 1926 5309 cogi-

2019 4515 2183 4571 celeri
2208 4516 2315 4573 line
2338 4517 2583 4572 concludi
2606 4515 2906 4586 jusserunt,
2932 4537 3000 4575 ne
3024 4520 3163 4578 forte
3192 4523 3605 4581 immorantibus

2020 4608 2246 4669 nobiscin
2268 4624 2331 4663 ea
2352 4609 2594 4679 quaedam
2616 4610 2796 4673 tussis,
2818 4611 2904 4666 vel
2926 4611 3247 4684 phlegmatis
3268 4613 3604 4683 aliarumque

2020 4713 2204 4754 rerum
2241 4698 2605 4768 interrumpat
2642 4701 2920 4771 strepitus,
2960 4710 3016 4757 et
3055 4703 3184 4757 dum
3218 4703 3395 4758 adhuc
3435 4703 3607 4759 fervet

2019 4788 2213 4852 oratio,
2243 4789 2392 4844 velut
2416 4805 2482 4845 ex
2508 4787 2754 4845 faucibus
2783 4790 2981 4847 diaboli
3009 4792 3268 4848 velociter
3291 4794 3603 4863 recipiatur.

2025 4876 2148 4945 Qui,
2179 4893 2303 4933 cum
2332 4878 2489 4933 nobis
2517 4894 2731 4949 semper
2764 4879 2837 4935 sit
2862 4879 3109 4946 infestus,
3140 4889 3269 4936 tunc
3300 4897 3463 4951 quam
3493 4897 3608 4936 rua—

2023 4967 2169 5023 xime
2204 4967 2411 5023 assistit
2438 4966 2685 5034 infestus,
2718 4985 2841 5023 cum
2868 4984 2968 5024 nos
2999 4970 3142 5024 intra
3169 4987 3229 5027 se
3263 4970 3461 5026 oﬂ'erre
3486 4987 3609 5042 pre-

2026 5075 2116 5115 ces
2157 5060 2382 5116 Domino
2417 5060 2644 5127 viderit,
2688 5061 2952 5118 festinans
2991 5070 3232 5119 mentem
3267 5073 3509 5120 nostram
3538 5064 3608 5119 ab

2026 5151 2322 5206 intentione
2352 5151 2636 5217 orationis,
2676 5160 2770 5207 aut
2793 5153 3210 5224 cogitationibus
3236 5162 3328 5210 aut
3356 5155 3609 5212 excitatis

2030 5240 2346 5296 humoribus
2374 5257 2647 5297 revocare.
2687 5241 2983 5313 Propterea
3011 5260 3141 5316 ergo
3170 5246 3363 5301 breves
3392 5245 3610 5315 quidem

356 5324 610 5385 tationem
652 5340 842 5379 sensus
871 5326 1041 5380 nostri
1076 5328 1458 5399 migraverint,
1496 5330 1564 5386 de
1602 5332 1756 5387 nobis
1788 5332 1932 5387 dicat
2028 5333 2320 5395 orationes,
2364 5332 2458 5388 sed
2496 5332 2808 5403 frequentes
2846 5333 2964 5390 ﬁeri
3001 5334 3192 5391 Patres
3233 5335 3405 5391 nostri
3432 5334 3609 5403 jusse-

358 5410 528 5467 Deus:
556 5410 792 5484 Populus
816 5414 912 5469 iste
940 5412 1090 5470 labiis
1116 5432 1196 5471 me
1229 5419 1468 5484 honorat,
1506 5438 1596 5475 cor
1618 5430 1791 5476 autem
1816 5421 1928 5492 ejus

358 5499 507 5572 longe
529 5511 604 5558 est
630 5520 662 5558 a
695 5520 774 5558 me
802 5504 938 5577 (Isa.
970 5514 1138 5578 χιιι).

344 5642 353 5653 ,
428 5591 571 5663 Ergo
612 5595 993 5651 consideremus
1032 5597 1259 5669 qualiter
1302 5608 1534 5671 oporteat
1576 5618 1669 5657 nos
1710 5610 1763 5657 in
1806 5621 1929 5659 eou—

2029 5430 2173 5478 runt.
2196 5422 2419 5489 Breves,
2445 5418 2566 5479 ideo
2589 5433 2650 5478 ut
2670 5424 2895 5481 insidias
2915 5426 3114 5482 diaboli
3141 5428 3454 5507 insistentes
3482 5436 3615 5482 tunc

2029 5512 2320 5582 praecipue,
2348 5527 2472 5567 cum
2498 5526 2737 5579 oramus,
2769 5514 2823 5569 in
2852 5514 2966 5585 ipsa
2993 5516 3259 5571 brevitate
3285 5516 3466 5573 vitare
3488 5529 3618 5587 pos.

2028 5605 2216 5659 simus.
2241 5603 2573 5674 Frequentes
2598 5612 2797 5673 autem,
2822 5607 2940 5664 ideo
2963 5614 3019 5663 ut
3045 5624 3142 5678 per
3165 5609 3335 5678 ipsam
3364 5607 3617 5679 frequen-
