3992 6206
274 354 368 412 8-H

1298 340 1648 402 COMMENT.
1688 336 1755 393 ΙΝ
1795 332 1952 389 REG.
1999 331 2055 388 S.
2100 325 2481 386 BENEDICTI.

3422 316 3531 373 8i“).

274 471 400 525 tiam
428 465 715 521 Dominum
752 460 1259 533 prccantesjugiter
1288 460 1338 513 ei
1368 459 1642 513 conterere
1676 432 1849 525 possi-
1877 460 1928 520 Α
1953 444 2070 500 sine
2116 440 2543 533 murmuratione
2586 452 2707 492 cum
2748 434 3024 533 hilaritate
3067 441 3122 533 et
3166 430 3534 533 taciturnitate

275 576 411 617 mus.
462 559 691 627 Propter
737 557 879 611 hanc
923 554 1280 625 frequentiam
1318 550 1581 607 orationis
1621 559 1680 603 et
1723 545 1855 601 illud

276 652 405 707 utile
438 657 524 705 est
557 655 617 703 ut
653 647 923 718 longiores
958 644 1194 715 psalmos
1227 659 1335 698 non
1372 657 1542 712 usque
1581 639 1649 695 ad
1694 639 1854 693 linem

276 741 583 797 continuata
628 736 1088 807 pronuntiatione,
1122 732 1215 789 sed
1244 731 1438 801 mquali
1486 742 1712 784 numero
1738 742 1857 782 ver—

279 845 368 885 sus
400 828 605 884 divisos
627 826 837 881 duabus
865 823 953 879 vel
982 824 1154 878 tribus
1184 820 1537 876 incisionibus
1573 832 1696 871 cum
1735 831 1859 871 ora-

282 919 440 977 tionis
488 916 788 973 intentione
843 914 1123 978 ﬁniamus;
1176 912 1301 982 quia
1354 925 1465 964 non
1516 908 1859 963 multitudine

278 1023 550 1072 versuum,
576 1006 671 1063 sed
692 1005 890 1062 mentis
917 1002 1269 1074 intelligentia
1295 999 1554 1055 delectari
1579 997 1856 1062 debemus,

280 1101 408 1156 illud
440 1100 642 1154 virtute
680 1101 996 1152 sectantes:
1042 1092 1281 1149 Psallam
1304 1092 1517 1163 spiritu,
1542 1088 1768 1161 psallam
1811 1098 1860 1142 et

279 1199 443 1245 metue
471 1187 525 1260 (I
553 1185 677 1242 Cor.
710 1183 845 1257 xxv).
962 1247 971 1255 .

350 1276 416 1332 Et
443 1277 586 1347 facto
608 1277 758 1345 signa
784 1292 817 1327 a
841 1274 1038 1345 priore,
1069 1288 1246 1327 omnes
1272 1271 1471 1343 pariter
1488 1277 1730 1340 surgant.
1758 1268 1862 1324 Iste

280 1381 397 1423 mos
421 1365 523 1423 fuit
559 1364 700 1434 apud
726 1363 979 1433 antiquos
1013 1361 1401 1417 monachorum
1425 1374 1651 1424 cuneos,
1680 1367 1741 1414 ut
1765 1373 1864 1413 au-

281 1458 394 1513 dito
422 1454 842 1525 uniuscujusque
875 1454 1028 1509 hom
1062 1453 1245 1523 signo,
1290 1451 1541 1506 celeriter
1571 1465 1760 1505 omnes
1794 1448 1862 1503 ad

280 1550 580 1607 orationem
608 1547 982 1611 convenirent,
1014 1546 1247 1601 orationi
1276 1544 1438 1601 simul
1466 1543 1862 1604 incumberent,

284 1637 444 1692 simul
470 1644 714 1701 orarent,
750 1643 805 1690 et
835 1635 905 1690 ab
929 1634 1193 1698 oratione,
1226 1632 1372 1688 facto
1409 1632 1564 1703 signo
1588 1646 1620 1685 a
1659 1629 1859 1700 priore,

281 1742 471 1782 omnes
500 1727 705 1797 pariter
741 1735 1049 1798 surgerent.
1090 1724 1246 1780 Modo
1279 1739 1410 1779 vero
1442 1723 1555 1794 jam
1593 1722 1735 1793 apud
1764 1735 1865 1774 nos

1955 533 2202 599 fecerint,
2228 532 2437 586 dicente
2466 528 2648 599 Moyse
2677 545 2689 581 :
2727 525 2884 591 Audi,
2912 522 3103 590 Israel,
3133 530 3181 577 et
3211 529 3324 576 tace
3352 520 3535 593 (Deut.

1956 643 2032 693 tv,
2066 642 2120 680 γι
2148 634 2205 679 et
2231 623 2330 693 ιχ).
2377 620 2529 677 Unus
2569 618 2790 673 alterius
2828 631 2995 671 onera
3032 620 3239 685 portet;
3281 619 3338 667 et
3379 625 3541 667 nemo
3576 608 3589 615 ’

1957 714 2121 768 alium
2151 711 2390 782 judicet,
2419 723 2580 765 nemo
2609 706 2775 761 alium
2806 705 3075 760 detrahat.
3109 702 3245 770 Quia
3273 702 3539 773 scriptum

1958 813 2042 858 est
2066 821 2081 856 :
2116 799 2299 856 Omnis
2323 800 2588 854 detractor
2610 795 2968 852 eradicabitur
2989 794 3170 867 (Prov.
3198 794 3369 864 xxrv).
3394 794 3546 852 Unus

1960 896 2028 950 ab
2055 893 2161 948 alio
2187 891 2329 963 quod
2356 907 2462 946 non
2490 892 2652 946 habet
2683 889 2946 960 accipiat,
2979 903 3117 945 unus
3145 889 3214 943 ab
3237 887 3342 943 alio
3369 888 3548 944 discat

1961 986 2353 1051 humilitatem,
2385 999 2523 1038 unus
2551 983 2618 1037 ab
2648 981 2754 1036 alio
2788 982 3137 1043 charitatcm,
3169 995 3309 1035 unus
3345 981 3413 1035 ab
3440 980 3547 1035 alio

1961 1077 2299 1147 patientiam,
2322 1092 2463 1131 unus
2484 1077 2553 1131 ab
2574 1074 2679 1130 alio
2700 1073 2997 1140 silentium,
3020 1088 3160 1127 unus
3180 1073 3248 1127 ab
3274 1071 3381 1127 alio
3403 1087 3551 1125 man-

1963 1166 2321 1223 suetudinem.
2352 1164 2651 1221 Comedant
2674 1163 2791 1219 sine
2821 1162 3037 1232 querela
3067 1161 3327 1233 quidquid
3357 1160 3437 1216 eis
3464 1176 3554 1233 ap-

1962 1260 2197 1331 positum
2236 1257 2420 1326 fuerit,
2446 1257 2698 1313 vestiant.
2714 1256 2859 1326 quod
2880 1254 3209 1326 acceperint.
3233 1254 3348 1308 Non
3375 1253 3551 1309 celent

1964 1353 2162 1405 fratres
2189 1348 2409 1405 decanis
2444 1349 2558 1405 suis
2583 1347 2842 1418 quidquid
2869 1363 2965 1418 per
2994 1347 3233 1417 singulos
3260 1347 3373 1402 dies
3400 1346 3551 1419 cogi-

1966 1443 2220 1500 taverint.
2264 1442 2462 1498 Decani
2493 1456 2623 1497 vero
2659 1442 2769 1496 sint
2806 1441 2887 1495 eis
2911 1439 3066 1509 quasi
3099 1447 3339 1494 rectores
3372 1448 3430 1495 et
3454 1455 3551 1496 cu-

1966 1540 2181 1605 stodes,
2217 1548 2477 1611 tanquam
2509 1554 2609 1609 pro
2637 1538 2768 1609 ipsis
2800 1538 3067 1592 rationem
3104 1536 3334 1591 Domino
3372 1536 3554 1591 reddi-

1967 1630 2099 1686 turi.
2154 1630 2519 1701 Negligentias
2567 1637 2887 1685 cunctorum
2938 1627 3042 1699 ipsi
3092 1627 3452 1699 prazvideant,
3501 1635 3557 1680 et

1966 1724 2289 1780 emendandi
2331 1733 2654 1797 potestatem
2699 1718 2965 1791 habeant,
3011 1735 3067 1779 et
3110 1725 3255 1794 quod
3298 1724 3400 1795 ipsi
3444 1739 3552 1780 non

282 1818 440 1872 aliter
462 1826 625 1886 atque
649 1816 810 1871 aliter
834 1816 1081 1872 habetur.
1110 1813 1321 1882 Quanto
1346 1813 1488 1869 enim
1518 1827 1617 1867 nos
1639 1810 1862 1867 serotini
1894 1827 1940 1886 Β
1968 1814 2237 1870 valuerint
2274 1817 2598 1882 emendare,
2628 1816 2919 1886 praeposito
2948 1832 3055 1873 non
3085 1825 3367 1872 morentur
3395 1832 3559 1872 accu-

283 1909 649 1980 aprimitivis,
690 1915 841 1963 tanto
876 1907 1088 1978 longius
1115 1906 1242 1961 vitm
1277 1905 1475 1961 merito
1516 1904 1586 1959 ab
1624 1902 1863 1973 antiquis

283 1999 565 2054 distamus.
583 1998 851 2054 Patribus.
879 1998 961 2053 illi
989 1998 1134 2053 enim
1163 2005 1320 2053 erant
1347 1996 1541 2066 spiritu
1568 1994 1861 2059 ferventes,

283 2089 513 2144 Domino
540 2089 866 2154 servientes;
899 2103 999 2143 nos
1034 2096 1212 2143 autem
1241 2086 1407 2157 tepidi
1436 2094 1492 2140 et
1530 2100 1635 2140 non
1665 2082 1863 2140 similia

283 2181 543 2237 facientes
571 2220 586 2245 ,
643 2196 830 2235 sumus
882 2189 1062 2235 tamen
1115 2179 1171 2234 in
1228 2176 1597 2234 misericordia
1651 2173 1862 2231 Domini

281 2278 582 2341 sperantes.

869 2337 1097 2417 CAPUT
1137 2336 1277 2393 xxx.

743 2448 819 2504 De
846 2449 1058 2504 decanis
1084 2445 1407 2501 monasterii.

356 2562 415 2618 Si
442 2560 614 2631 major
647 2559 806 2629 fuerit
838 2556 1190 2628 congregatio,
1211 2554 1473 2625 eligantur
1499 2551 1563 2605 de
1588 2551 1714 2621 ipsis
1752 2549 1865 2619 [ra-

283 2663 390 2707 tres
417 2651 537 2704 boui
559 2647 839 2703 testimonii
859 2655 910 2701 et
932 2655 1128 2701 sanctae
1151 2642 1579 2708 conversationis,
1601 2650 1650 2694 et
1676 2640 1870 2693 consti-

284 2749 507 2797 tuantur
531 2738 715 2792 decani
737 2751 755 2789 :
779 2737 869 2807 qui
895 2734 1301 2789 sollicitudinem
1329 2741 1508 2803 gerant
1535 2746 1694 2801 super
1715 2728 1871 2784 deca-

284 2831 406 2885 nias
428 2846 555 2884 suas
579 2828 636 2881 iu
662 2827 922 2892 omnibus,
946 2823 1239 2879 secundant
1258 2822 1511 2876 mandata
1539 2820 1635 2875 Dei
1660 2828 1711 2873 et
1736 2834 1870 2889 prte-

284 2931 436 2992 σφω
462 2917 665 2974 abbatis
693 2919 796 2973 sui.
832 2917 1109 2985 Praecepta
1134 2914 1280 2970 enim
1305 2911 1518 2967 abbatis
1542 2900 1872 2965 concordare

285 3028 413 3067 cum
454 3012 665 3067 Domini
708 3010 903 3066 debent
929 3008 1229 3083 mandatis;
1266 3014 1323 3060 et
1355 3005 1475 3059 ilco
1516 3003 1624 3058 illis
1666 3000 1874 3072 pariter

288 3103 514 3167 decani,
553 3102 759 3171 pariter
793 3110 849 3155 et
882 3098 976 3154 alii
1005 3097 1382 3166 obtemperare
1423 3094 1623 3149 debent
1648 3090 1868 3148 subditi.

1965 1919 2109 1962 sare.
2139 1905 2242 1973 Qui
2267 1914 2324 1962 et
2350 1907 2454 1977 ipsi
2483 1907 2756 1977 praepositi
2784 1908 2862 1962 sic
2887 1906 2991 1962 hoc
3020 1906 3270 1963 districto
3297 1915 3354 1962 et
3382 1906 3552 1961 ratio-

1967 1996 2221 2052 nabiliter
2248 2005 2444 2069 agant,
2482 2007 2544 2053 ut
2571 1998 2794 2054 abbates
2817 2014 2946 2054 suos
2984 1998 3132 2052 nullo
3167 1999 3326 2053 modo
3353 2014 3556 2070 pracsu-

1966 2095 2119 2141 mant
2160 2088 2486 2159 inquietare,
2526 2095 2754 2158 excepto
2793 2088 2859 2144 de
2899 2088 2986 2144 his
3022 2104 3143 2159 quae
3184 2089 3402 2159 utrique
3446 2104 3553 2151 non

1967 2177 2237 2233 valuerint
2277 2179 2602 2247 accelerare,
2644 2189 2702 2236 et
2741 2181 2796 2236 in
2838 2180 2943 2237 hoc
2981 2196 3121 2237 unus
3150 2181 3305 2236 alteri
3349 2191 3556 2237 tantam

1967 2271 2327 2326 humilitatem
2354 2272 2575 2336 habeat,
2602 2280 2662 2326 ut
2688 2286 2963 2341 nunquam
2993 2271 3174 2326 nullus
3198 2270 3365 2327 ullum
3388 2270 3558 2327 oﬁ‘cn—

1968 2366 2094 2431 dat,
2127 2364 2223 2420 sed
2254 2379 2394 2420 unus
2420 2365 2475 2419 in
2506 2364 2677 2420 altero
2703 2372 2960 2434 tanquam
2997 2364 3241 2435 impenso
3267 2364 3559 2434 persistat,

1896 2510 1899 2513 .
1969 2457 2024 2511 id
2046 2465 2153 2522 est,
2171 2454 2416 2524 iuniores
2441 2456 2495 2511 in
2516 2454 2753 2519 decanis,
2778 2455 2969 2512 decani
2991 2455 3045 2509 in
3072 2456 3399 2526 praepositis,
3423 2471 3560 2527 prae-

1969 2554 2129 2623 positi
2160 2554 2215 2608 in
2248 2554 2557 2620 abbatibus,
2585 2568 2727 2609 unus
2756 2552 2917 2608 alium
2945 2561 3191 2623 portans,
3221 2563 3480 2625 tanquam
3506 2554 3561 2609 in

1972 2659 2129 2699 muro
2163 2644 2366 2713 lapides
2393 2645 2673 2714 quadrati,
2700 2644 2959 2714 Apostolo
2987 2652 3280 2702 attestanle
3304 2645 3447 2701 sicut
3473 2661 3562 2702 su-

1971 2752 2069 2807 pra
2097 2754 2111 2788 :
2142 2735 2293 2792 Unus
2321 2735 2545 2790 alterius
2570 2751 2735 2791 onera
2761 2742 3061 2805 portantes,
3092 2735 3172 2791 sic
3197 2736 3562 2806 adimplebitis

1972 2827 2143 2899 legem
2172 2825 2373 2882 Christi
2404 2823 2545 2896 (Gal.
2575 2825 2674 2895 vr).

2045 2914 2249 2986 Quique
2273 2913 2457 2968 decani
2482 2915 2527 2968 si
2555 2930 2620 2968 ex
2642 2915 2717 2969 eis
2749 2913 2929 2985 aliqua
2965 2913 3100 2983 forte
3136 2914 3352 2984 inﬂatus
3375 2930 3562 2986 super-

1975 3006 2061 3062 bia
2092 3014 2326 3077 repertus
2355 3006 2515 3076 fuerit
2549 3005 2991 3076 repreliensibilis,
3019 3015 3284 3077 correptus
3308 3005 3490 3072 semel,
3514 3014 3564 3061 et

1970 3096 2188 3162 iterum,
2230 3104 2278 3150 et
2308 3096 2480 3162 tertio,
2512 3096 2557 3150 si
2583 3096 2862 3151 emendare
2888 3094 3136 3160 noluerit,
3171 3095 3487 3166 dejiciatur;
3515 3104 3564 3150 et

288 3192 428 3247 Nam
453 3192 653 3249 subditi
683 3191 923 3256 decanis,
952 3198 1005 3243 et
1038 3181 1225 3245 decani
1261 3188 1458 3243 debent
1488 3185 1710 3242 obedire
1732 3200 1872 3256 prte-
1898 3192 1943 3254 C
1978 3185 2114 3242 alter
2140 3186 2197 3241 in
2233 3184 2347 3240 loco
2374 3186 2511 3256 ejus,
2542 3185 2633 3257 qui
2667 3185 2860 3256 dignus
2892 3194 3003 3251 est,
3033 3184 3362 3256 subrogetur.
3403 3183 3475 3241 Et
3502 3186 3566 3240 de

289 3282 506 3354 positis,
546 3289 604 3336 et
646 3281 826 3336 emis
868 3280 1028 3336 simul
1074 3276 1419 3349 congregatio
1455 3275 1669 3332 abbatis
1715 3275 1876 3331 debet

286 3374 668 3442 obterpmre
696 3371 1002 3442 praeceptis.
1035 3370 1235 3426 Decani
1273 3371 1420 3424 enim
1459 3369 1609 3439 prius
1644 3367 1775 3422 dicti
1808 3368 1875 3421 ab

287 3476 359 3516 eo
385 3462 528 3531 quod
553 3462 737 3516 decem
764 3461 1028 3515 militibus
1050 3458 1464 3530 praeferrentur;
1507 3456 1669 3513 modo
1694 3464 1873 3511 autem

287 3561 348 3607 et
380 3553 471 3621 qui
500 3552 720 3621 decem,
760 3559 813 3607 et
852 3550 944 3621 qui
980 3550 1226 3621 pluribus
1259 3548 1640 3619 praeferuntur,
1681 3546 1874 3602 decani

292 3648 574 3695 vocantur.
608 3641 806 3696 Decani
842 3649 1022 3695 autem
1061 3640 1366 3696 sollicitudo
1398 3648 1456 3695 et
1492 3638 1726 3694 eruditio
1760 3638 1875 3692 hate

290 3732 400 3785 erit
419 3746 550 3800 erga
570 3746 946 3802 quemcunque
977 3746 1137 3802 quem
1161 3731 1264 3785 sibi
1296 3730 1364 3785 ab
1391 3730 1590 3787 abbate
1616 3727 1872 3783 traditum

291 3822 625 3891 susceperit,
650 3830 710 3876 ut
734 3822 925 3877 doceat
948 3837 1073 3877 eum
1097 3821 1350 3892 primitus
1380 3836 1506 3876 suas
1530 3820 1746 3875 vincere
1776 3834 1873 3874 vo-

292 3911 548 3977 luctatos,
572 3914 625 3967 in
666 3913 863 3983 quibus
897 3927 1022 3969 eum
1060 3913 1346 3983 diligenter
1385 3925 1665 3974 exercens,
1708 3910 1795 3964 illa
1824 3909 1873 3963 ei

290 4012 509 4067 semper
528 3997 595 4052 de
618 3998 883 4054 industria
906 3998 1135 4069 imperet
1155 4013 1276 4067 qua:
1301 3998 1533 4054 senserit
1559 3998 1740 4053 animo
1759 3995 1876 4066 ejus

288 4101 417 4142 esse
460 4088 753 4143 contraria.
802 4088 941 4155 Quia
987 4089 1172 4145 multis
1212 4089 1316 4143 hoc
1357 4087 1743 4158 experimentis
1781 4089 1876 4141 do-

287 4186 440 4233 ctum
477 4186 593 4244 est,
632 4194 902 4248 nunquam
930 4194 1088 4248 posse
1116 4180 1443 4235 monachum
1470 4193 1596 4234 suas
1620 4179 1878 4249 concupi-

288 4266 529 4324 scentias
556 4268 853 4337 refrenare,
879 4272 979 4326 nisi
1010 4271 1278 4341 prius-per
1298 4271 1662 4327 obedientiam
1686 4273 1876 4326 morti-

289 4358 456 4413 ficarc
479 4374 606 4414 suas
628 4359 878 4414 didicerit
899 4360 1222 4422 voluntates,
1250 4374 1353 4416 nec
1377 4360 1576 4430 poterit
1598 4361 1756 4426 iram,
1781 4369 1876 4416 aut

288 4450 589 4514 tristitiam,
610 4460 704 4505 aut
722 4452 968 4522 spiritum
992 4451 1365 4509 fornicationis
1383 4452 1748 4523 exstinguere,
1773 4467 1875 4507 nec

1974 3279 2256 3350 prceposito
2275 3278 2457 3333 eadem
2477 3279 2861 3333 constituimus.
2887 3277 3005 3332 Non
3034 3279 3180 3334 enim
3207 3277 3447 3348 superbi,
3469 3278 3567 3334 sed

1975 3368 2210 3424 humiles
2232 3382 2355 3423 esse
2379 3367 2579 3422 debent
2603 3368 2695 3437 qui
2728 3368 2865 3423 alios
2887 3368 3183 3439 corrigere,
3214 3369 3482 3438 castigare
3508 3376 3567 3422 et

1978 3438 2037 3512 ἰιῖ
2060 3457 2315 3513 omnibus
2348 3456 2622 3512 custodire
2655 3457 2871 3512 debent.
2918 3438 3152 3514 Proinde
3187 3458 3424 3528 primum
3463 3458 3565 3529 ipsi

1976 3547 2200 3602 abbates
2234 3562 2357 3602 cum
2401 3547 2514 3601 suis
2555 3548 2861 3617 praepositis
2911 3556 3075 3619 atque
3114 3549 3335 3605 decanis
3367 3557 3568 3606 semet-

1977 3636 2125 3707 ipsos
2137 3636 2448 3702 discutiant,
2463 3644 2520 3693 et
2533 3638 2705 3693 instar
2722 3637 2803 3693 sui
2811 3637 3059 3708 iuniores
3070 3648 3323 3712 arguant,
3335 3650 3569 3698 etomne

1976 3726 2182 3781 militiae
2212 3726 2537 3783 fermentum
2568 3744 2599 3782 a
2626 3730 2791 3785 corde
2819 3730 3081 3787 radicitus
3105 3732 3373 3799 evellant,
3401 3741 3457 3790 et
3484 3733 3569 3791 sic

1977 3819 2112 3876 alios
2136 3820 2366 3877 diversis
2385 3821 2535 3877 curis
2560 3830 2615 3877 et
2635 3822 2782 3878 vitiis
2803 3823 3110 3894 implicatos
3131 3826 3421 3897 castigare,
3444 3841 3576 3882 cor-

1978 3911 2157 3981 rigere
2184 3920 2240 3966 et
2262 3912 2555 3969 emendare
2581 3913 2942 3980 contendant,
2976 3914 3031 3969 id
3064 3923 3177 3982 est,
3220 3916 3268 3971 si
3295 3916 3569 3972 audierint

1978 4002 2204 4060 fratrem
2242 4021 2349 4060 non
2388 4006 2779 4077 interrogatum
2818 4006 2997 4076 loqui,
3041 4017 3301 4064 moneant
3323 4024 3448 4064 eum
3481 4011 3569 4065 dl-

1977 4103 2164 4150 ccntes
2201 4113 2215 4149 :
2247 4094 2386 4162 Quid
2434 4095 2575 4167 agis,
2621 4094 2812 4161 frater,
2863 4097 3008 4168 quod
3051 4098 3235 4169 regula
3278 4099 3570 4168 prohibet?

1979 4186 2178 4242 habeto
2206 4187 2637 4242 taciturnitatem
2658 4203 2830 4259 usque
2852 4188 2922 4242 ad
2946 4188 3445 4256 interrogationem.
3470 4189 3570 4245 Die

1977 4294 2101 4334 cum
2128 4278 2394 4349 Propheta
2423 4299 2436 4333 :
2464 4276 2633 4344 Pone,
2659 4278 2902 4346 Domine,
2930 4279 3223 4335 custodiam
3249 4281 3329 4335 ori
3354 4297 3490 4348 meo,
3518 4294 3569 4336 et

1978 4371 2168 4425 ostium
2221 4371 2630 4425 circumstantia:
2672 4369 2828 4425 labiis
2871 4371 3032 4435 meis,
3093 4387 3198 4425 non
3235 4371 3433 4427 delines
3478 4389 3571 4427 cor

1977 4477 2149 4515 meum
2179 4461 2237 4516 in
2272 4463 2428 4515 verba
2456 4460 2676 4516 malitiae
2705 4459 2879 4533 (Psal.
2907 4463 3052 4534 cn).
3086 4462 3284 4519 Sedeat
3312 4479 3476 4536 super
3502 4478 3568 4520 os

285 4557 413 4595 cum
438 4540 705 4623 fratribus
728 4543 1082 4598 humilitatem
1104 4542 1316 4597 ﬁrmam
1345 4551 1766 4616 perpetuamque
1790 4559 1875 4599 re-
1900 4543 1953 4602 D
1981 4560 2130 4604 tuum
2152 4550 2438 4619 sapientia,
2461 4566 2585 4606 cum
2616 4551 2767 4607 clave
2790 4551 3020 4623 justitiac
3047 4561 3104 4607 et
3133 4553 3344 4617 timoris
3372 4554 3491 4620 Dei,
3511 4564 3570 4608 et

286 4633 487 4698 tinere,
519 4649 618 4690 nec
646 4622 1145 4705 inbcongregatione
1170 4636 1372 4691 diutius
1401 4651 1754 4707 permaneie,
1780 4636 1873 4708 qui

284 4726 443 4794 prius
467 4725 771 4782 voluntates
795 4743 920 4783 suas
945 4744 1049 4782 non
1079 4728 1323 4783 didicerit
1350 4742 1627 4798 superare.

361 4818 468 4885 Qui
497 4818 681 4872 decani
712 4818 840 4873 tales
867 4818 1128 4890 eligantur
1160 4819 1216 4872 in
1249 4818 1437 4888 quibus
1465 4834 1678 4871 securus
1713 4816 1874 4871 abbas
1918 4808 1929 4813 ’

278 4912 555 4982 partiatur
592 4927 751 4965 onera
786 4928 904 4965 sua.
944 4911 1012 4964 Et
1055 4928 1158 4965 non
1192 4909 1456 4981 eligantur
1490 4926 1581 4980 per
1613 4909 1871 4975 ordinem,

277 5002 378 5055 sed
412 5002 700 5057 secundum
736 5001 853 5055 ritca
886 5001 1133 5056 meritum
1163 5010 1210 5055 et
1250 5001 1519 5071 sapientia:
1555 4998 1868 5054 doctrinam.

283 5092 493 5147 Decani
512 5132 528 5156 ,
563 5092 655 5161 qui
686 5106 850 5161 super
877 5091 1134 5147 decanias
1163 5100 1290 5146 sunt
1325 5090 1638 5155 constituti,
1668 5098 1876 5144 tantam

279 5180 711 5236 sollicitudinem
752 5191 945 5251 gerant
979 5196 1142 5251 super
1175 5197 1268 5238 eos
1297 5196 1433 5250 quos
1470 5180 1745 5251 delegatos
1775 5180 1874 5233 ha-

282 5270 424 5325 bent
468 5268 698 5335 fratres,
744 5279 804 5326 ut
841 5271 1019 5327 nullus
1056 5271 1306 5342 proprias
1350 5272 1514 5326 faciat
1555 5271 1873 5326 voluntates.

279 5360 409 5417 Non
434 5361 730 5431 loquantur
756 5363 858 5418 nisi
884 5365 1222 5436 interrogati,
1247 5380 1345 5419 suo
1373 5364 1598 5419 arbitrio
1629 5362 1762 5418 nihil
1795 5362 1875 5416 fa-

277 5453 438 5509 ciant
461 5454 565 5507 nisi
597 5455 870 5518 mandati,
903 5454 1029 5509 alibi
1057 5470 1163 5509 non
1190 5466 1449 5527 pergant,
1479 5456 1583 5511 nisi
1614 5455 1871 5511 ordinati.

279 5541 553 5601 Seuiores
594 5544 824 5601 timeant
860 5555 921 5601 ut
958 5548 1226 5614 dominos,
1272 5557 1457 5604 ament
1497 5557 1557 5602 ut
1596 5554 1872 5616 parentes,

276 5634 495 5693 faciant
523 5636 785 5707 quidquid
812 5636 883 5692 ab
922 5638 1002 5692 eis
1031 5637 1353 5708 imperatum
1382 5637 1709 5708 acceperint.
1741 5634 1874 5713 Cre-

279 5731 421 5787 dant
451 5728 554 5784 sibi
581 5728 849 5795 salutare,
879 5729 1139 5799 quidquid
1165 5733 1241 5787 illi
1272 5732 1661 5805 praeceperint,
1698 5729 1742 5784 si
1773 5729 1878 5784 hoc

537 5826 813 5888 Ρηιιοι..
859 5829 994 5891 Cll.

1981 4640 2098 4710 ipsa
2127 4640 2289 4724 bonis.
2314 4640 2544 4711 eloquiis
2571 4643 2803 4713 aperiat,
2831 4651 2888 4698 et
2912 4644 3072 4700 malis
3095 4644 3328 4716 eloquiis
3351 4646 3569 4703 claudat

1977 4726 2121 4783 labia
2157 4737 2268 4784 tua.
2310 4728 2368 4784 Si
2398 4730 2749 4788 mentientem
2779 4732 3052 4788 audierint
3085 4733 3307 4790 fratrem
3326 4776 3342 4802 ,
3373 4737 3563 4793 admo-

1976 4827 2141 4873 neant
2163 4835 2289 4875 eum
2306 4820 2577 4877 dicentes:
2596 4821 2735 4889 Quid
2758 4823 3027 4887 mentiris,
3044 4822 3250 4880 frater?
3276 4841 3400 4881 cum
3415 4828 3561 4883 scias

1980 4908 2239 4979 scriptum
2266 4930 2278 4963 :
2307 4909 2381 4965 Os
2410 4910 2550 4981 quod
2574 4912 2825 4967 mentitur
2848 4913 3037 4967 occidit
3064 4915 3296 4969 animam
3321 4915 3473 4989 (Sap.
3499 4918 3563 4990 ι).

1979 4999 2062 5063 Ει,
2090 5000 2285 5057 Perdes
2310 5019 2487 5057 omnes
2509 5004 2599 5074 qui
2622 5002 2908 5074 loquuntur
2928 5005 3260 5063 mendacium
3283 5007 3457 5080 (Psal.
3482 5010 3563 5081 v).

1982 5099 2039 5153 Si
2089 5096 2362 5152 audierint
2408 5095 2629 5151 fratrem
2682 5097 2910 5152 multum
2949 5095 3260 5166 iurantem,
3309 5110 3566 5157 moneant

1979 5204 2103 5244 eum
2128 5188 2401 5243 dicentes:
2426 5185 2642 5252 Retine,
2669 5185 2862 5255 frater,
2885 5188 3125 5261 linguam
3166 5192 3341 5246 tuam!
3375 5191 3563 5261 utquid

1973 5279 2163 5349 juras?
2192 5293 2314 5332 cum
2357 5277 2622 5347 scriptum
2653 5277 2726 5333 sit
2763 5295 2777 5332 :
2824 5277 2948 5334 Non
2977 5279 3189 5349 jurabis
3227 5296 3321 5350 per
3352 5279 3559 5344 ctelutn,

1978 5367 2102 5437 quia
2130 5366 2276 5420 sedes
2300 5364 2397 5419 Dei
2430 5374 2502 5419 est
2518 5405 2535 5429 ,
2563 5381 2726 5435 neque
2749 5381 2842 5436 per
2874 5375 3100 5432 terram,
3126 5367 3251 5436 quia
3278 5363 3559 5419 scabellum

1978 5456 2167 5526 pedum
2190 5456 2303 5526 ejus
2323 5465 2415 5519 est,
2432 5472 2595 5526 neque
2616 5473 2708 5526 per
2728 5467 2883 5527 caput
2903 5465 3126 5511 vestrum
3139 5453 3410 5523 jurabitis,
3426 5462 3558 5519 etc.,

1980 5546 2074 5602 scd
2098 5548 2164 5601 sit
2188 5562 2358 5601 sermo
2382 5556 2547 5601 vester
2571 5555 2670 5610 est,
2699 5556 2797 5611 est,
2831 5560 3098 5611 non,.non
3128 5541 3341 5613 (Matth.
3458 5559 3494 5596 γ
3516 5541 3562 5618 ).

1972 5639 2043 5694 'Si
2082 5638 2319 5695 viderint
2363 5639 2709 5703 irascentem,
2757 5635 3084 5690 admoneant
3126 5646 3248 5687 eum
3276 5631 3560 5692 dicentes:

1983 5729 2121 5797 Quid
2146 5730 2281 5800 agis,
2303 5728 2502 5786 frater?
2520 5728 2576 5784 ln
2598 5724 3010 5782 mansuetudine
3033 5730 3089 5777 et
3110 5722 3376 5781 eliaritatc
3394 5739 3560 5797 opera

3039 5818 3118 5878 2⁷1
