3992 6206
441 360 547 416 845
1717 333 2074 397 SMARAGDI

2113 327 2405 385 ABBATIS

3583 302 3681 361 8H

444 489 530 534 tua
562 472 779 547 perﬁce,
812 469 938 540 quia
967 460 1224 534 scriptum
1253 464 1336 512 est
1364 475 1375 509 :
1412 454 1598 509 Desine
1623 452 1686 506 ab
1718 452 1823 510 ira,
1849 458 1895 502 et
1926 446 2013 500 de—
2042 447 2092 504 Α
2116 451 2170 497 et
2194 439 2436 510 requiem
2471 433 2712 505 corporis
2734 438 2788 486 ct
2815 427 3048 499 quietem
3084 422 3285 479 habeat
3307 417 3506 474 cordis.
3536 416 3686 489 Cogi-

1538 545 1551 547 ’
1670 544 1696 547 ““
1871 539 1889 547 ⁴
2001 539 2014 547 ⁵
2123 543 2132 547 ‘
2182 535 2213 547 "
2436 544 2453 547 λ
2496 541 2689 547 ί-β--η-
2734 539 2759 547 ι-
2800 536 2856 547 ι-ι-
2901 516 3122 547 -η-υιιιησ
3165 513 3427 547 lin-sicana
3469 508 3686 547 ηΙιῖρρίῖα

446 539 675 636 relinque
698 539 926 632 furorem
953 550 1125 628 (Psal.
1158 548 1363 620 xxxvr).
1394 547 1482 613 Et,
1517 545 1620 612 Qui
1645 544 1831 597 dixerit
1861 539 2014 608 fratri

445 674 558 719 suo,
588 631 790 713 llas/ia,
820 663 938 702 reus
963 644 1060 699 erit
1083 640 1282 712 iudicio
1307 636 1521 711 (Matth.
1543 652 1576 689 v
1621 635 1663 696 l.
1688 631 1948 715 Similiter
1965 634 2022 681 et

446 749 501 803 in
527 744 648 800 aliis
676 741 760 795 his
787 735 1052 793 similibus
1088 726 1486 800 impedimentis
1513 722 1681 778 variis
1708 730 1763 776 et

449 840 594 896 vitiis
626 839 919 904 occupatos
953 826 1152 883 fratres
1192 823 1482 879 admonere
1507 813 1745 887 quotidie
1771 818 1827 864 et
1857 804 2022 863 casti-

451 894 580 1002 gare
603 894 878 1000 praepositi
909 918 1126 983 debent,
1157 913 1284 985 quia
1314 911 1439 966 dum
1473 909 1589 964 haec
1618 899 1857 975 quotidie
1882 894 2029 952 solli-

452 987 545 1075 citi
580 987 634 1072 in
660 987 968 1071 commissis
995 1005 1098 1062 sibi
1125 1000 1383 1058 fratribus
1411 997 1646 1059 faciunt,
1680 997 1734 1047 et
1761 987 1863 1059 ipsi
1896 997 2027 1055 pro-

456 1110 665 1173 ﬁciunt,
693 1112 748 1161 et
769 1101 904 1158 alios
932 1093 1270 1152 admonendo
1296 1088 1558 1162 proﬁcere
1581 1083 1804 1138 faciunt.
1836 1073 2033 1130 Multos

456 1198 602 1256 enim
627 1167 684 1252 et
713 1193 778 1249 de
816 1187 1000 1245 multis
1027 1192 1081 1240 et
1107 1181 1274 1238 variis
1299 1177 1502 1234 habent
1528 1167 1804 1246 praepositi
1840 1177 2030 1220 mona-

458 1292 591 1347 chos
639 1295 985 1356 compescere
1034 1275 1200 1334 curis.
1256 1271 1443 1328 Solent
1488 1264 1730 1323 nonnulli
1779 1274 1879 1332 pro
1923 1256 2036 1333 suis

394 1370 397 1371 ⁷
461 1375 721 1433 uxoribus
743 1344 905 1444 atque
928 1367 1076 1432 ﬁliis,
1096 1376 1190 1420 aut
1208 1362 1372 1419 etiam
1398 1358 1698 1430 quibusque
1724 1344 2037 1423 propinquis

462 1481 647 1525 curam
676 1463 897 1521 habere.
917 1473 1065 1513 more
1094 1452 1327 1535 pictatis.
1355 1449 1605 1516 Plerique
1631 1456 1781 1507 vero,
1811 1438 1902 1509 qui
1931 1446 2063 1491 nou'

471 1748 727 1807 tanquam
747 1730 1125 1788 vestimentum
1145 1738 1178 1777 a
1196 1723 1340 1776 tinea
1363 1716 1691 1773 intrinsecus
1715 1707 1910 1764 mentis
1935 1718 2045 1759 sua:

471 1828 729 1888 aviditate
752 1826 1098 1884 devorantur,
1134 1823 1190 1871 et
1222 1827 1344 1869 cum
1371 1811 1489 1880 ipso

471 1886 781 1978 dilabuntur
827 1910 882 1969 in
931 1904 1380 1980 desperationem.
1431 1898 1533 1953 Alii
1578 1906 1810 1980 namque
1856 1886 2049 1959 spiritu

475 2003 850 2066 fernicationis
875 1977 1299 2057 inﬂammantur,
1321 1999 1375 2047 et
1401 1999 1542 2056 Stepe
1571 1983 1665 2037 tali
1690 1977 1906 2037 stimulo
1932 1989 2050 2031 car-

475 2102 562 2156 nis
588 2096 818 2160 incitati,
849 2089 1108 2147 interiore
1134 2083 1293 2141 oculo
1319 2079 1527 2138 crccati,
1556 2072 1758 2144 captivi
1785 2071 2054 2125 ducuntur

477 2189 698 2247 vinculo
722 2154 1042 2259 perditionis
1066 2176 1235 2249 ligati.
1268 2171 1371 2226 Alii
1405 2167 1606 2224 acetlitn
1642 2161 1837 2233 spiritu
1860 2154 2052 2218 inﬂati,

479 2285 592 2338 otio
618 2289 674 2336 et
695 2245 885 2335 somno
906 2245 1377 2338 vacare‘cupiunt,
1400 2270 1456 2317 et
1482 2256 1713 2315 curiosis
1738 2250 1932 2307 fabulis
1953 2245 2057 2303 sol-

482 2374 791 2436 licitantur;
822 2375 879 2423 et
902 2363 1045 2436 quod
1071 2336 1225 2432 pejus
1252 2362 1366 2416 est,
1414 2367 1447 2406 a
1486 2346 1703 2421 proprio
1729 2336 2069 2398 monasterio

486 2428 546 2521 se
572 2428 789 2518 auferre
810 2428 1122 2527 disponunt.
1150 2448 1257 2503 Alii
1285 2458 1439 2499 vana:
1473 2440 1654 2512 gloriae
1678 2432 1927 2527 elationis
1956 2428 2063 2484 telo

486 2559 540 2612 in
569 2551 797 2611 diversis
823 2520 1066 2621 partibus
1093 2539 1496 2600 mnfodiuntur,
1535 2540 1591 2587 et
1618 2520 1708 2585 alii
1742 2527 1847 2581 alia
1874 2522 2063 2580 defen-

487 2650 708 2711 dentes,
752 2612 975 2698 etsuas
1014 2647 1209 2691 causas
1249 2627 1684 2699 magniﬁcantcs,
1717 2619 1845 2675 dum
1878 2612 2073 2672 nolunt,

1492 2711 1858 2781 unusquisque
1885 2707 1941 2761 in
1969 2718 2068 2759 va-

490 2828 576 2883 nis
605 2795 1172 2894 istis-cogitationibus
1190 2809 1500 2868 elabuntur,
1532 2812 1588 2858 et
1610 2800 1763 2872 quasi
1796 2796 1873 2852 nil
1902 2811 1933 2851 a
1962 2795 2074 2850 Deo

493 2892 841 2987 acceperint,
869 2910 937 2966 de
974 2903 1212 2978 propriis
1246 2899 1456 2955 viribus
1494 2892 1851 2955 extolluntur,
1872 2897 1929 2943 ct
1950 2900 2073 2941 cum

496 2979 804 3063 laudatores
836 3013 948 3056 non
986 2994 1297 3057 inveniunt,
1327 2988 1429 3061 ipsi
1459 2986 1563 3044 sibi
1593 2985 1646 3040 in
1680 2983 1794 3039 suis
1828 2979 2079 3036 laudibus

494 3096 800 3170 prosiliunt.
841 3089 996 3145 Alius
1034 3081 1341 3157 genealogia
1372 3086 1431 3132 et
1458 3076 1525 3132 de
1560 3088 1656 3130 sua
1691 3078 1849 3144 gente
1880 3066 2081 3123 fatetur

497 3162 620 3244 esse
652 3185 937 3255 princeps;
968 3177 1105 3231 alius
1132 3175 1197 3230 de
1225 3168 1561 3242 parentibus,
1602 3162 1741 3220 alius
1772 3163 1838 3218 dc
1865 3173 2078 3231 germa-

500 3279 607 3344 nis,
648 3275 787 3330 alius
814 3272 882 3327 de
906 3266 1171 3340 cognatis,
1202 3262 1339 3316 alius
1376 3261 1443 3315 de
1478 3256 1737 3312 fratribus
1758 3261 1816 3309 et
1842 3263 2078 3308 consan-

503 3341 737 3441 guineis,
771 3371 828 3419 et
850 3358 1078 3422 idoneis,
1104 3355 1244 3409 alius
1274 3352 1340 3408 de
1377 3348 1597 3412 divinis,
1633 3345 1769 3400 alius
1798 3343 1865 3399 de
1888 3341 2081 3413 spiritu

500 3435 819 3534 iuventutis,
846 3452 987 3509 alius
1016 3449 1084 3506 de
1125 3445 1266 3503 bello
1308 3439 1659 3505 fortitudinis,
1691 3437 1829 3492 alius
1868 3435 1934 3491 de
1958 3448 2082 3505 per,

506 3526 827 3606 lustratione
854 3551 1151 3605 terrarum,
1180 3537 1320 3592 alius
1349 3534 1416 3589 de
1450 3529 1703 3595 artiﬁcio,
1737 3526 1964 3582 allus-de
1992 3539 2083 3579 sa-

506 3646 733 3719 pientia,
758 3642 897 3699 alius
919 3640 987 3696 de
1006 3633 1325 3694 assertionis
1344 3628 1673 3701 eloquentia,
1699 3625 1839 3681 alius
1860 3623 1927 3678 de
1952 3619 2087 3675 taci-

513 3707 795 3797 iuruitate,
817 3728 959 3784 alius
972 3728 1037 3783 de
1059 3722 1382 3783 humilitate,
1405 3718 1544 3772 alius
1565 3714 1630 3771 de
1646 3713 1930 3774 charitate,
1953 3707 2091 3762 alius

512 3826 581 3880 de
624 3820 876 3894 largitate
915 3828 1233 3877 munerum,
1263 3810 1403 3865 alius
1429 3809 1495 3864 de
1536 3805 1814 3870 castitate,
1855 3802 1994 3856 alius
2024 3800 2093 3854 de

514 3888 846 3984 virginitate,
871 3905 1014 3961 alius
1032 3903 1099 3958 de
1123 3905 1462 3973 paupertate,
1487 3895 1624 3950 alius
1650 3892 1717 3948 de
1742 3888 2090 3955 abstinentia,

515 3981 655 4057 alius
679 3998 749 4055 de
788 3996 1093 4054 orationum
1133 3989 1470 4061 frequentia,
1505 3986 1643 4041 alius
1688 3984 1757 4041 de
1794 3981 2093 4053 vigilantia,

519 4091 663 4146 alius
682 4090 751 4145 de
770 4083 1106 4149 obedientia,
1135 4080 1276 4137 alius
1304 4079 1370 4134 de
1391 4075 1863 4133 abrenuntiatione
1889 4086 2093 4139 rerum,

520 4182 659 4237 alius
682 4179 751 4234 de
789 4175 1039 4248 legendo,
1081 4172 1221 4228 alius
1246 4171 1314 4226 de
1342 4166 1651 4234 scribendo,
1679 4165 1817 4237 alius
1852 4163 1920 4219 de
1945 4163 2099 4218 vocis

523 4271 908 4330 modulatione.
954 4268 1080 4323 litec
1107 4265 1290 4321 omnia
1314 4278 1435 4333 qure
1469 4276 1633 4331 supra
1658 4256 2096 4330 perstrinximus,

524 4365 894 4434 unusquisque
919 4361 1049 4416 dum
1072 4356 1358 4428 aliquoties
1383 4354 1509 4408 talia
1535 4367 1641 4408 non
1668 4349 1806 4420 jussi
1829 4348 2097 4404 immode~

527 4466 645 4512 rata
674 4455 991 4524 loquuntur,
1021 4451 1183 4505 toties
1214 4449 1268 4502 in
1297 4445 1588 4502 elationem
1622 4455 1773 4495 vanae
1797 4438 1981 4512 gloria
2003 4437 2099 4493 de-

529 4496 807 4612 mumst,
831 4552 888 4601 et
909 4496 1025 4614 ipso
1049 4541 1257 4606 morbo,
1281 4496 1579 4607 domat
1604 4496 2103 4591 dicuntuvindicare
2127 4496 2180 4556 Ι)

529 4637 904 4699 contendunt,
963 4633 1019 4687 in
1067 4630 1373 4700 superbiam
1425 4625 1852 4697 praecipitantur.
1904 4620 2105 4677 Contra

534 4731 709 4800 ipsum
733 4738 863 4796 ergo
887 4720 1078 4777 vitium
1106 4719 1269 4773 debet
1296 4715 1662 4785 unusquisque
1688 4726 1947 4784 pugnare,
1979 4722 2109 4764 con-

537 4799 620 4872 tra
656 4814 800 4885 quod
832 4828 894 4868 se
922 4808 1202 4881 cognoscit
1240 4813 1516 4862 certamen
1561 4803 1779 4866 habere,
1820 4808 1876 4855 et
1902 4800 1969 4854 de
1992 4799 2111 4867 ipso

538 4924 596 4965 se
621 4913 904 4975 correptus
928 4900 1240 4965 emendare,
1263 4906 1324 4951 nt
1350 4896 1669 4951 emendatus
1691 4893 1862 4963 possit
1889 4890 2111 4955 salvari,

540 5007 601 5053 ut
632 5004 686 5052 et
710 4994 813 5048 sibi
840 4991 1069 5047 salutem
1094 4998 1355 5043 aeternam
1379 4993 1437 5039 et
1458 4982 1668 5047 doctori
1690 4995 1790 5037 suo
1811 4978 2117 5035 mercedem

540 5094 810 5162 praeparet
837 5084 1238 5154 sempiternam.

1121 5172 1349 5231 CAPUT
1385 5170 1551 5227 XXII.

911 5264 1184 5330 Quomodo
1210 5263 1475 5318 dormiant
1504 5258 1767 5315 monachi.

570 5412 577 5417 .
618 5361 827 5435 Singuli
848 5375 945 5432 per
963 5352 1196 5428 singulos
1226 5355 1384 5410 lectos
1407 5352 1689 5407 dormiant.
1727 5349 1865 5404 Hinc
1884 5346 2123 5402 lsidorus

552 5458 629 5512 ait
658 5474 672 5510 :
705 5455 823 5509 Lux
850 5458 1033 5507 autem
1061 5454 1219 5504 nocte
1244 5443 1625 5501 dormientium
1656 5440 1834 5497 locum
1872 5437 2125 5500 illustret,

552 5555 613 5601 ut
651 5542 887 5615 depulsis
932 5536 1172 5596 tenebris
1214 5534 1581 5591 teStimonium
1619 5538 1802 5602 pateat
1840 5526 2130 5597 singularis

554 5634 771 5705 quietis.
823 5628 1071 5687 Monachi
1101 5633 1303 5683 stratus
1331 5625 1384 5679 in
1424 5621 1568 5677 nulla
1614 5620 1754 5690 turpi
1799 5617 2128 5687 cogitatione

560 5735 820 5788 versetur,
865 5723 958 5779 sed
996 5723 1053 5777 in
1094 5719 1208 5777 sola
1234 5714 1691 5786 contemplatione
1733 5712 1827 5765 Dei
1864 5708 2129 5765 accubans

2119 508 2459 600 tationesque
2495 541 2693 599 pravas
2732 539 2762 577 a
2798 536 2858 599 se
2901 516 3126 588 repellat
3165 513 3428 581 bonisque
3469 508 3691 577 objectis

2121 636 2304 694 turpes
2339 597 2385 676 a—
2412 633 2472 675 se
2500 597 2732 685 rejiciat.
2778 611 2913 666 Nam
2955 605 3119 663 animi
3163 610 3340 657 motus
3378 597 3694 670 imaginibus

1795 708 2022 773 diversis
2120 684 2235 770 suis
2268 711 2466 782 agitat,
2498 684 2565 762 et
2586 702 2763 775 qualis
2789 695 3032 770 vigilanti
3059 690 3317 763 cogitatio
3353 684 3548 753 ruet-it,
3577 685 3696 741 talis

2123 811 2179 858 et
2218 774 2394 869 imago
2432 811 2529 867 per
2568 774 2818 862 soporem
2862 783 3123 842 occurrit.
3165 780 3498 834 Fructuosus
3522 774 3695 831 dicit:

2126 892 2243 946 Duo
2276 889 2332 943 in
2353 901 2462 942 uno
2494 885 2634 940 lecto
2662 896 2770 936 non
2797 877 3037 948 jaceant,
3060 885 3162 927 nec
3181 869 3419 925 dormire
3441 873 3595 921 extra
3612 880 3703 920 cu-

2128 978 2235 1036 bile
2282 975 2557 1048 proprium
2607 970 2802 1039 cuique
2842 963 3059 1020 licentia
3106 965 3309 1030 pateat.
3364 952 3702 1010 Intervallum

2129 1044 2459 1139 singulorum
2509 1059 2831 1116 lectulorum
2877 1050 3102 1123 singulis
3147 1047 3344 1103 cubitis
3390 1044 3703 1107 intercedat,

2131 1172 2200 1213 ne
2217 1132 2359 1212 dum
2391 1151 2692 1207 adinvicem
2716 1144 3025 1218 proximam
3048 1151 3297 1209 corpora,
3325 1137 3572 1191 nutriant
3593 1132 3710 1187 libi-
3766 1168 3773 1175 θ

2133 1246 2276 1302 diuis
2302 1241 2590 1299 incentiva.
2616 1238 2672 1292 lu
2697 1232 2938 1291 tenebris
2959 1243 3119 1285 nemo
3143 1228 3396 1297 loquatur
3414 1222 3596 1290 alteri,
3615 1235 3712 1277 nec

2138 1336 2359 1394 accedat
2395 1333 2504 1389 ullo
2543 1330 2703 1387 modo
2738 1327 2922 1399 iunior
2972 1318 3203 1394 quilibet
3252 1320 3320 1373 ad
3357 1318 3557 1396 lectum
3585 1315 3713 1370 sito-

2140 1429 2253 1484 rius
2273 1434 2397 1497 post
2425 1418 2797 1492 completoria.
2827 1412 3116 1470 Ferreolus
3140 1411 3216 1465 ait
3245 1427 3258 1462 :
3287 1407 3359 1463 Ut
3382 1407 3508 1471 duo,
3528 1419 3716 1475 quam-

1960 1523 2038 1580 iti.
2141 1525 2275 1580 libet
2298 1518 2533 1592 proximi
2558 1516 2641 1573 vel
2672 1512 2851 1578 amici,
2879 1516 3102 1583 propter
3129 1514 3396 1563 secretam
3421 1500 3719 1557 orationem

2143 1629 2264 1685 quae
2282 1588 2472 1668 melius
2493 1609 2560 1664 ad
2579 1607 2749 1662 Deum
2771 1602 2917 1658 nullo
2939 1608 3080 1655 teste
3097 1596 3382 1668 dirigatur,
3398 1606 3509 1647 uno
3526 1588 3725 1645 lectulo

1523 1803 1766 1861 rancoris
1791 1798 2046 1868 languore
2074 1773 2120 1832 Β
2149 1796 2249 1851 sibi
2276 1808 2430 1849 mens
2452 1795 2772 1859 compuncta
2799 1794 3112 1840 concessam
3130 1820 3147 1846 ,
3177 1776 3309 1833 dum
3346 1771 3617 1838 neminem
3652 1770 3726 1825 vi-

2151 1885 2293 1957 gilite
2318 1897 2431 1938 sua:
2454 1887 2547 1935 aut
2574 1884 2766 1933 teStem
2791 1869 3127 1945 pertimescit
3151 1875 3247 1922 aut
3268 1864 3523 1936 iudicem.

2225 1970 2589 2034 Lectisternia,
2606 1983 2700 2039 pro
2717 1965 2871 2020 modo
2889 1958 3316 2023 conversationis,
3332 1953 3618 2010 secundum
3633 1948 3729 2005 dis-

2156 2064 2511 2137 pensationem
2536 2057 2736 2113 abbatis
2764 2054 2849 2110 sui
2869 2050 3065 2122 singuli
3080 2046 3359 2118 accipiant.
3379 2039 3733 2097 Lectisternia

2157 2136 2431 2217 dicuntur,
2445 2149 2534 2205 ubi
2557 2147 2802 2205 homines
2806 2138 2986 2216 jacere
3000 2140 3299 2207 sedereque
3322 2136 3735 2190 consueverunt.

2158 2245 2493 2318 Augustinus
2513 2248 2691 2298 autem
2721 2237 2879 2294 dicit:
2909 2234 3146 2305 Populus
3173 2231 3265 2286 diu
3292 2226 3633 2293 multumque
3660 2220 3738 2275 ia-
3769 2252 3779 2263 -

2162 2311 2362 2407 tigatus
2382 2348 2520 2388 nova
2542 2327 2897 2392 lectisternia,
2927 2323 3070 2395 quod
3100 2333 3378 2390 nunquam
3408 2323 3538 2370 ante
3592 2311 3735 2367 fece-

2165 2404 2268 2492 rat,
2283 2422 2582 2480 exhibenda
2606 2419 2901 2474 arbitratus
2927 2419 3031 2470 est.
3067 2411 3216 2467 Lecti
3231 2417 3410 2464 autem
3434 2404 3743 2461 sterneban-

2165 2526 2256 2573 tur
2274 2516 2329 2571 in
2358 2514 2618 2569 honorem
2640 2510 2883 2566 deorum.
2922 2503 3079 2562 Unde
3102 2503 3206 2558 hoc
3230 2512 3447 2556 sacrum
3469 2495 3559 2551 vel
3573 2493 3745 2564 potius

2169 2606 2487 2676 sacrilegum
2513 2615 2709 2657 nomen
2737 2597 2957 2666 accipit.

2242 2694 2304 2752 Si
2323 2702 2484 2766 potest
2501 2691 2644 2761 ﬁeri,
2659 2703 2836 2743 omnes
2858 2687 2914 2739 in
2933 2699 3039 2739 uno
3055 2682 3173 2737 loco
3190 2680 3491 2735 dormiant:
3513 2676 3565 2731 si
3578 2684 3743 2730 autem

2172 2762 2454 2840 multitudo
2482 2796 2586 2834 non
2598 2779 2741 2842 sinit,
2755 2776 2875 2831 deni
2894 2783 2987 2828 aut
2998 2772 3291 2828 oicenicum
3303 2764 3602 2823 senioribus
3620 2762 3746 2826 suis,

2173 2875 2264 2948 qui
2283 2887 2440 2943 super
2450 2885 2538 2925 eos
2555 2866 2769 2923 solliciti
2782 2866 2908 2929 sint,
2924 2870 3161 2934 pauent.
3175 2859 3309 2915 Nam
3330 2863 3386 2912 et
3397 2852 3748 2912 lsidorusait:

2175 2944 2400 3022 Fratres
2424 2973 2633 3024 omnes,
2661 2957 2707 3012 si
2732 2953 2988 3027 possibile
3012 2960 3116 3018 est,
3139 2951 3196 3005 in
3213 2963 3325 3004 uno
3341 2944 3591 3003 conclavi
3613 2955 3753 2998 cuin-

2180 3052 2385 3112 morari
2406 3050 2584 3106 decet.
2634 3046 2787 3114 Quod
2815 3045 2864 3099 si
2890 3042 3105 3100 ditlicile
3139 3038 3325 3103 fuerit,
3376 3043 3529 3092 certe
3558 3032 3644 3089 vel
3669 3030 3752 3085 dc—

2100 3150 2150 3213 C
2180 3161 2320 3211 cem,
2346 3141 2543 3215 quibus
2570 3153 2711 3194 unus
2753 3145 2840 3191 est
2879 3131 3271 3221 pra-ponendus
3299 3128 3566 3192 oceanus,
3611 3118 3756 3193 quasi

2176 3241 2360 3291 rector
2380 3239 2438 3286 et
2462 3237 2667 3285 custos.

2250 3321 2485 3381 Candsla
2515 3321 2717 3392 jugitsr
2743 3320 2801 3373 in
2824 3315 3006 3372 eadem
3027 3311 3160 3368 cella
3192 3309 3378 3365 ardeat
3410 3318 3752 3379 usqum.

2181 3414 2312 3484 Quin
2320 3411 2547 3470 candela
2562 3416 2686 3465 ante
2698 3404 3049 3476 completoria
3063 3399 3305 3473 quotidie
3335 3395 3689 3454 accendatur,
3701 3397 3759 3445 ut

2183 3508 2403 3563 videant
2414 3503 2612 3561 diversi
2633 3498 2904 3573 quomodo
2922 3493 3295 3564 unusquisque
3322 3487 3589 3545 lectulum
3606 3495 3755 3540 suum

2185 3596 2479 3669 componit,
2504 3608 2671 3664 seque
2689 3590 2962 3646 collocaris
2979 3584 3181 3642 lectulo
3205 3589 3392 3654 ponat,
3430 3578 3500 3633 in
3514 3591 3634 3647 quo
3658 3574 3756 3629 fre-

2187 3668 2417 3762 quenter
2436 3687 2729 3743 decantans
2751 3679 2895 3737 tlicat
2919 3696 2935 3733 :
2977 3676 3183 3734 Lasabo
3208 3688 3303 3745 per
3328 3668 3573 3740 singulas
3601 3674 3764 3720 noctes

2190 3757 2377 3838 lectum
2407 3795 2577 3834 meum
2603 3796 2622 3832 :
2657 3774 2908 3846 lacrymis
2948 3771 3076 3826 meis
3112 3775 3335 3823 stratum
3368 3777 3551 3817 meum
3596 3757 3764 3829 rigabo

2192 3871 2366 3946 (Psal.
2389 3868 2489 3942 vi).
2547 3868 2665 3934 Quo
2712 3864 2873 3919 factis
2909 3860 3153 3930 impleto,
3197 3848 3762 3923 subjungatetdicat:

2195 3935 2397 4016 licium
2429 3935 2509 4029 fui
2532 3958 2589 4011 in
2611 3963 2760 4010 nocte
2792 3951 3017 4008 nominis
3043 3948 3140 4013 tui,
3162 3944 3405 4008 Domine,
3445 3950 3497 3995 et
3524 3935 3768 3994 τίμιαιὴί

2195 4052 2357 4123 legem
2385 4027 2532 4104 tuam
2549 4044 2719 4120 (Psal.
2743 4041 2954 4114 cxvm).
3012 4039 3128 4096 Hoc
3148 4050 3280 4108 ergo
3298 4041 3360 4089 ut
3377 4033 3612 4088 devotus
3634 4027 3770 4099 quis-

2197 4116 2302 4213 que
2330 4116 2615 4195 vacatione
2649 4148 2909 4192 concessa
2933 4130 3123 4187 utilius
3151 4127 3322 4199 possit
3351 4123 3605 4194 implere,
3626 4116 3772 4175 strati

2200 4209 2306 4299 sui,
2335 4239 2397 4286 ut
2416 4241 2579 4300 supra
2600 4226 2856 4290 diximus,
2893 4223 3001 4278 erit
3021 4220 3170 4276 solus
3193 4221 3310 4288 ipse
3341 4227 3650 4288 possessor,
3680 4209 3770 4263 ba-

2201 4325 2334 4379 bens
2381 4336 2565 4378 secum
2614 4317 2834 4374 meliore
2862 4311 3281 4371 commutatione
3332 4320 3432 4378 pro
3482 4301 3775 4361 dormiente

2205 4414 2374 4470 fratre
2401 4410 2687 4467 Dominum
2703 4406 3036 4478 vigilantem.

2289 4522 2471 4579 Vestiti
2492 4521 2776 4583 dormiant,
2825 4526 2875 4571 et
2901 4514 3059 4569 cincti
3084 4507 3307 4582 cingulis
3335 4515 3427 4562 aut
3467 4503 3709 4574 funibus,
3731 4504 3775 4551 et

2210 4613 2444 4671 cultellos
2465 4612 2534 4666 ad
2556 4609 2694 4665 latus
2722 4624 2826 4662 non
2851 4605 3073 4660 habeant
3101 4604 3226 4655 dum
3250 4597 3544 4661 dormiunt,
3577 4610 3639 4648 ne
3658 4591 3780 4660 forte

2209 4725 2301 4780 per
2342 4720 2582 4762 somnum
2625 4700 2965 4757 vulnerentur
3004 4694 3338 4750 dormientes.
3405 4686 3550 4743 Hinc
3575 4683 3776 4756 quidam

2217 4772 2484 4870 magister
2506 4795 2582 4850 ait
2617 4811 2630 4846 :
2670 4792 2807 4849 Cum
2835 4788 3111 4846 dormiunt
3135 4781 3415 4845 monachi,
3442 4776 3629 4833 vestiti
3668 4772 3776 4827 dor-

2217 4862 2389 4946 miavnt
2415 4894 2470 4944 et
2493 4884 2689 4949 cincti,
2723 4881 2776 4937 id
2809 4888 2924 4942 est,
2979 4883 3073 4932 aut
3116 4869 3375 4944 cingulis,
3423 4874 3519 4922 aut
3569 4862 3779 4920 retibus.

2222 4988 2316 5034 aut
2361 4975 2594 5046 corrigia
2648 4944 2854 5043 gracili.
2885 4963 3095 5021 Bracile
3135 4958 3361 5016 fratrem
3414 4958 3469 5011 in
3504 4960 3664 5009 nocte
3709 4944 3777 5000 uti

2224 5066 2346 5121 ideo
2378 5062 2730 5135 prohibemus
2753 5098 2768 5123 ,
2807 5069 2875 5111 ne
2906 5054 3032 5109 dum
3066 5066 3125 5107 se
3165 5055 3383 5119 regyrat
3423 5058 3523 5115 per
3549 5046 3778 5096 somnum

2225 5172 2517 5231 oppressus
2538 5196 2555 5219 ,
2593 5154 2779 5208 exiens
2821 5150 2985 5204 etiam
3018 5161 3115 5217 per
3142 5143 3354 5199 thecam
3385 5152 3575 5194 mucro
3598 5127 3777 5189 ωηείεί

2226 5221 2375 5306 carni
2407 5248 2525 5318 ejus
2550 5245 2772 5316 ﬁgatur;
2802 5241 2887 5295 vel
2918 5239 3038 5294 ideo
3070 5234 3298 5291 vestitos
3324 5246 3389 5286 ac
3430 5230 3639 5284 cinctos
3667 5221 3776 5278 dor-

2227 5341 2365 5396 mire
2386 5339 2619 5394 diximus
2648 5334 2868 5398 fratres,
2905 5338 2966 5384 ut
2995 5344 3116 5385 cum
3142 5327 3277 5381 hora
3306 5322 3486 5393 operis
3524 5317 3620 5372 Dei
3639 5313 3779 5367 adve-

2227 5432 2373 5488 nerit
2394 5471 2410 5496 ,
2442 5438 2497 5484 et
2522 5426 2745 5483 oratorii
2776 5424 2936 5479 index
2962 5417 3256 5479 sonaverit,
3288 5421 3448 5469 noctu
3472 5423 3601 5464 mox
3625 5395 3779 5475 parati

2229 5495 2580 5590 consurgant.
2616 5516 2711 5572 Vel
2756 5521 3043 5586 propterea
3073 5507 3259 5565 vestiti
3304 5514 3361 5561 et
3408 5501 3572 5559 cincti
3606 5495 3779 5550 debeo!

2232 5581 2690 5667 fratresvdormire
2712 5647 2726 5673 ,
2755 5581 2883 5675 quia
2910 5617 3018 5657 non
3054 5600 3182 5655 licet
3210 5594 3363 5650 fratri
3392 5590 3535 5646 nuda
3563 5581 3777 5641 membra

2231 5719 2328 5760 sua
2364 5701 2700 5772 contingere,
2728 5713 2853 5751 nam
2875 5691 3067 5752 exinde
3093 5689 3496 5747 immunditates
3518 5676 3782 5736 libidinum
