3992 6206
455 344 559 401 8.45

1483 330 1828 388 COMMENT.
1874 328 1935 381 ΙΝ
1978 325 2134 381 REG.
2178 324 2232 379 S.
2279 321 2654 379 BENEDICTI.

3563 307 3672 367 8w

456 464 508 517 in
539 458 718 512 animo
742 457 1084 527 ingeruntur;
1116 467 1235 504 cum
1259 450 1620 503 membrorum
1640 445 1853 500 nuditas
1871 451 2014 498 tactu
2046 443 2092 501 A
2118 447 2174 492 ct
2200 437 2474 508 perjurum
2496 437 2590 490 Dei
2613 448 2827 527 servum
2851 447 2970 488 esse
3001 447 3103 488 non
3127 441 3313 502 decet;
3348 437 3544 506 corripi
3572 441 3674 506 βιαία

452 546 804 616 contingitur,
833 540 1312 597 feminarumillico
1337 554 1432 593 cor
1459 537 1724 594 desiderio
1745 534 2013 598 titillatur,

453 650 508 695 et
557 638 683 692 inde
734 649 832 707 per
891 649 1138 690 somnum
1202 632 1443 686 membra
1498 628 1715 684 sordida
1775 627 2018 696 coinqui-

453 738 672 785 nantur.

525 820 593 874 Et
626 828 683 872 ut
702 818 874 888 parati
897 819 998 872 sint
1012 819 1250 872 monachi
1276 833 1490 887 semper,
1508 825 1556 870 et
1581 815 1718 884 facta
1738 813 1882 882 signo
1908 811 2020 864 abs-

449 926 550 979 que
573 925 719 962 mora
739 916 1004 976 surgentes
1031 906 1268 976 festinent
1291 907 1506 960 invicem
1535 922 1589 959 se
1626 902 1905 974 prwvenire
1953 901 2020 952 ad

451 1015 581 1068 Opus
607 997 723 1061 Dei,
751 1013 867 1050 eum
883 997 1020 1050 omni
1046 1005 1216 1048 tamen
1235 997 1505 1064 gravitate,
1529 1003 1574 1047 et
1590 992 1862 1045 modestia.
1888 987 2024 1042 Gra—

451 1090 613 1152 vitas,
647 1086 905 1140 fortitudo
940 1087 1026 1142 vel
1062 1085 1287 1140 ﬁrmitas
1309 1085 1626 1154 intelligitur
1662 1083 1872 1136 animat.
1913 1080 2024 1134 Mo-

453 1179 624 1233 destis
655 1186 834 1231 autem
862 1216 878 1241 ,
925 1177 1279 1232 mansuetudo
1305 1216 1320 1239 ,
1366 1175 1658 1237 honestas,
1695 1172 1779 1227 vel
1821 1180 2023 1240 tempe-

455 1268 626 1320 rantia
657 1267 872 1320 dicitur.
904 1265 1037 1319 Cum
1061 1265 1258 1335 quibus
1285 1264 1576 1318 virtutibus
1609 1262 1782 1331 parati
1813 1277 2026 1330 semper

456 1358 650 1410 debent
699 1368 818 1409 esse
856 1353 1139 1417 monachi,
1198 1363 1253 1406 et
1313 1353 1457 1406 facto
1516 1352 1668 1421 signo
1703 1350 1770 1404 ad
1807 1365 2026 1404 cursum

451 1461 576 1500 cum
611 1443 952 1499 festinatione
976 1449 1257 1514 surgentes
1283 1442 1493 1512 signum
1524 1439 1702 1494 crucis
1751 1438 2024 1492 frontibus

455 1535 689 1591 inferant
735 1535 847 1589 suis
875 1575 889 1598 ,
918 1533 1184 1602 simulque
1211 1547 1334 1586 cum
1361 1530 1578 1585 silentio
1607 1530 1790 1583 dicant
1826 1545 1838 1580 :
1884 1528 2025 1581 Deus

455 1630 508 1680 in
523 1628 591 1680 ad
588 1627 846 1696 jutorium
870 1637 1040 1678 meum
1062 1623 1304 1678 intende:
1321 1622 1562 1686 Domine,
1583 1620 1652 1673 ad
1671 1618 2028 1688 adiuvandum

455 1737 536 1773 me
567 1719 755 1789 festina
787 1715 960 1789 (Psal.
993 1714 1164 1784 thx).

2119 543 2264 582 mum
2295 545 2325 582 a
2356 527 2658 582 senioribus
2683 524 2862 578 verbis
2882 533 3112 594 oportet,
3140 534 3199 579 ut
3232 530 3448 583 recedat
3473 545 3502 582 a
3523 531 3674 585 vitio.

2119 618 2246 673 Post
2273 619 2387 673 haec
2409 619 2454 672 si
2491 631 2592 671 nec
2622 615 2703 670 sic
2729 615 3096 669 emendaverit
3120 656 3134 680 ,
3166 618 3326 671 tertio
3353 633 3535 674 coram
3573 619 3680 674 fra-

2120 708 2291 762 tribus
2323 707 2672 762 convcnietur
2697 743 2712 769 ,
2780 710 2839 756 ut
2884 703 3111 758 desistat
3163 706 3331 762 tantis
3380 723 3682 777 pererrare.

2122 797 2178 852 Si
2201 813 2298 852 nec
2319 798 2397 852 sic
2418 800 2802 864 emendaverit,
2822 799 3118 868 ﬂagellctur
3137 800 3420 862 acerrime.
3446 810 3501 854 et
3524 802 3688 856 trium

2123 891 2386 944 mensium
2434 892 2610 960 spatio
2657 892 3232 946 cxcommunicationis
3279 893 3574 948 vindictam
3602 907 3693 947 su-

2122 981 2356 1051 scipiens
2391 983 2490 1036 sub
2537 983 2868 1052 poenitentiae
2897 983 3236 1037 districtione
3264 983 3412 1036 solus
3441 983 3690 1038 recluda-

2125 1079 2214 1124 tur
2242 1071 2296 1124 in
2322 1072 2478 1136 cella,
2509 1073 2574 1128 de
2601 1073 2812 1144 vesperi
2842 1073 2894 1126 in
2925 1088 3150 1143 vespere
3189 1088 3252 1126 cx
3288 1073 3571 1129 hordeacei
3599 1088 3689 1144 pa-

2124 1161 2208 1215 nis
2236 1176 2330 1216 sex
2359 1161 2530 1216 unciis
2563 1169 2618 1216 et
2638 1176 2790 1230 aquae
2827 1176 3078 1216 mensura
3120 1161 3341 1229 parvula
3377 1171 3688 1216 sustentan-

2126 1248 2244 1303 dus.
2303 1249 2438 1304 llinc
2471 1259 2526 1304 et
2581 1251 2772 1305 beatus
2798 1249 3030 1304 Basilius
3078 1249 3154 1302 ait
3183 1267 3196 1301 :
3234 1248 3288 1302 Si
3321 1249 3386 1302 de
3410 1249 3554 1303 omni
3584 1263 3698 1303 scr-

2127 1355 2284 1396 mone
2312 1342 2484 1396 otioso
2514 1341 2773 1396 reddituri
2806 1349 2932 1394 sunt
2961 1340 3207 1394 homines
3235 1339 3498 1394 rationem
3530 1339 3583 1392 in
3611 1339 3698 1393 die

2120 1429 2330 1498 judieii,
2361 1430 2496 1485 nihil
2549 1439 2765 1500 oportet
2795 1438 3050 1498 tanquam
3103 1444 3330 1498 parvum
3362 1427 3564 1497 sperni.
3596 1427 3698 1495 Qui

2127 1520 2271 1575 enim
2301 1520 2506 1589 spernit
2533 1521 2774 1582 minima,
2822 1519 3082 1586 paulatim
3113 1517 3318 1573 defluit.
3351 1517 3459 1572 Sed
3485 1525 3540 1572 et
3565 1532 3699 1587 quo-

2127 1607 2287 1661 modo
2311 1607 2433 1675 quis
2456 1607 2675 1661 audebit
2697 1607 2880 1661 dicere
2899 1615 2991 1658 aut
3015 1619 3242 1673 parvum
3269 1605 3548 1670 delictum,
3571 1622 3695 1662 cum

2126 1699 2416 1767 Apostolus
2471 1699 2613 1754 dicat
2657 1713 2672 1751 :
2720 1696 2859 1762 Quia
2908 1713 3002 1766 per
3041 1696 3523 1766 prteoaricationem
3572 1696 3702 1767 legis

528 1778 969 1861 A'dolescentiores
1001 1778 1364 1874 fratres'jurta
1381 1819 1435 1856 se
1467 1819 1569 1856 non
1594 1800 1816 1854 habeant
1843 1800 2024 1862 lectos,
2055 1778 2100 1834 Β
2129 1789 2268 1842 De!“
2297 1794 2656 1844 exhonoralu'
2691 1787 2864 1859 (Rom-
2893 1788 2977 1858 11)·
3016 1785 3124 1842 sed
3168 1795 3224 1841 οι
3251 1787 3468 1841 “Ulcus
3511 1789 3702 1842 mortis

457 1897 546 1950 sed
558 1895 800 1967 permixti
816 1909 930 1946 cum
944 1892 1252 1946 senioribus.
1270 1890 1548 1960 Surgentes
1563 1905 1678 1943 vero
1689 1888 1758 1942 ad
1770 1905 1897 1957 opus
1910 1887 2027 1952 Dei,

459 1987 674 2039 iiwicem
715 2001 767 2037 se
792 1983 1053 2036 moderate
1086 1981 1418 2035 cohortentur
1440 1987 1649 2049 propter
1678 1976 2029 2031 somnolentu-

461 2089 575 2125 rum
611 2071 988 2125 excusationes.
1028 2068 1412 2123 Adolescentes
1439 2066 1636 2120 fratres
1653 2065 1808 2134 juxta
1835 2080 1893 2120 se
1923 2079 2030 2118 non

456 2162 657 2217 debent
683 2161 884 2214 habere
925 2159 1114 2220 lectos,
1148 2158 1242 2212 sed
1274 2157 1429 2212 lectis
1479 2172 1668 2212 eorum
1722 2156 1892 2211 lectos
1929 2156 2029 2209 ha-

459 2253 589 2308 bent
632 2249 904 2322 praipositi
934 2255 1155 2319 propter
1177 2247 1436 2316 aliquam,
1466 2255 1525 2301 ut
1571 2247 1807 2301 diximus
1831 2287 1845 2310 ,
1876 2245 2032 2298 vitio-

463 2358 581 2398 rum
627 2343 838 2411 culpam
882 2341 935 2394 in
981 2341 1062 2395 eis
1101 2339 1491 2395 emendandam
1523 2379 1537 2403 ,
1590 2346 1650 2392 ut
1696 2337 2032 2391 reverentius

460 2441 724 2505 praesente
751 2431 952 2500 majore
976 2431 1282 2495 dormiant,
1314 2438 1369 2484 et
1401 2445 1431 2482 a
1459 2429 1752 2499 majoribus
1777 2429 2030 2486 custoditi

459 2537 516 2580 et
537 2527 762 2579 honeste
785 2521 1042 2576 admoniti
1073 2528 1314 2590 surgant,
1337 2529 1392 2574 et
1414 2520 1622 2576 alacres
1649 2518 1886 2575 otlicium
1924 2521 2030 2575 Do-

462 2616 594 2671 mini
619 2613 942 2684 compleant.

1022 2702 1249 2759 CAPUT
1283 2701 1468 2758 XXIII.

744 2794 820 2847 De
866 2793 1401 2848 excommunicatione
1449 2791 1745 2861 culparum.

535 2885 592 2940 Si
611 2886 726 2955 quis
751 2885 916 2954 frater
944 2893 1246 2948 contumax,
1271 2891 1362 2935 aut
1387 2881 1703 2947 inobediens,
1734 2891 1823 2935 aut
1853 2899 2034 2952 super-

463 2980 583 3042 bus,
632 2986 721 3030 aut
743 2991 1100 3038 murmurans,
1130 2973 1206 3028 vel
1251 2973 1306 3026 in
1338 2973 1442 3026 alio
1484 2975 1782 3026 contrarius
1808 2974 2032 3027 existens

465 3076 660 3120 sanctte
689 3064 901 3134 regular,
917 3073 964 3118 et
988 3063 1254 3135 praeceptis
1273 3063 1536 3142 seniorum
1563 3079 1779 3116 suorum
1807 3074 2034 3118 contem-

466 3166 583 3224 ptor
602 3163 831 3225 repertus
851 3153 1029 3223 fuerit,
1060 3153 1144 3206 hic
1165 3153 1452 3206 secundum
1485 3152 1694 3206 Domini
1723 3155 1887 3206 nostri
1907 3170 2038 3224 pra:-

464 3254 667 3314 ceptum
700 3242 913 3315 (Matth.
958 3240 1110 3313 xvm)
1157 3241 1502 3295 admoneatur
1525 3241 1705 3305 semel,
1739 3250 1787 3294 et
1809 3242 2036 3296 secundo

468 3343 658 3386 secrete
684 3351 716 3386 a
744 3332 1034 3385 senioribus
1061 3331 1189 3384 suis.
1265 3330 1417 3396 Quod
1461 3339 1639 3386 autem
1687 3331 1837 3396 dicit,
1889 3332 1964 3386 uel
1983 3334 2037 3387 in

469 3423 642 3491 aliqua
673 3422 967 3475 contrarius
987 3422 1210 3475 existens
1235 3432 1429 3476 sancta:
1459 3421 1668 3492 regula',
1698 3437 1803 3476 non
1821 3424 1886 3477 de
1911 3439 2036 3493 gra-

471 3512 732 3577 vioribus,
762 3513 856 3566 sed
879 3512 944 3566 dc
977 3511 1266 3566 levioribus
1291 3511 1493 3566 dixisse
1521 3512 1928 3580 intelligendum
1957 3522 2042 3567 est

466 3599 658 3670 culpis.
714 3601 788 3654 De
829 3601 1166 3672 gravioribus
1191 3601 1338 3654 enim
1384 3600 1708 3655 criminibus
1736 3602 1835 3655 sub
1865 3602 2041 3670 publi-

471 3704 591 3743 cam
616 3689 986 3760 penitentiam
1017 3689 1334 3759 regulariter
1357 3686 1722 3756 subjiciendus
1750 3697 1835 3744 est
1858 3705 2042 3745 mona-

470 3781 637 3846 chus,
683 3795 806 3834 nam
841 3779 1007 3835 semel
1049 3789 1105 3834 et
1155 3779 1394 3834 secundo
1439 3795 1468 3832 a
1499 3778 1808 3834 senioribus
1848 3781 2040 3837 admo-

474 3871 702 3924 nendus.

540 3960 597 4015 Si
629 3977 731 4015 non
757 3961 1131 4027 emendaverit,
1164 3961 1467 4031 objurgetur
1489 3962 1693 4031 publice
1713 3979 1892 4017 coram
1921 3981 2037 4018 om-

473 4055 644 4108 nibus.
679 4053 739 4108 Si
770 4070 886 4107 uero
916 4071 1078 4124 neque
1110 4055 1184 4108 sic
1223 4055 1523 4119 correxerit,
1543 4055 1588 4108 si
1608 4055 1850 4126 intelligit
1870 4056 2040 4126 qualis

473 4164 623 4217 pa'na
649 4147 736 4212 sit,
763 4147 1288 4204 excommunicationi
1321 4147 1614 4215 subiaceat.
1651 4147 1710 4202 Si
1739 4159 1913 4201 autem
1944 4150 2041 4201 im-

472 4234 663 4303 probus
684 4243 790 4298 est,
815 4235 1057 4288 uindicta:
1077 4233 1339 4304 corporali
1374 4235 1650 4288 subdatur.
1680 4236 1818 4302 Quid
1847 4238 1913 4292 de
1941 4238 2043 4293 hoc

474 4323 709 4392 capitqu
733 4323 932 4378 diversi
958 4324 1146 4378 Patres
1172 4335 1481 4389 senserunt,
1505 4327 1608 4380 hoc
1643 4327 1696 4380 in
1721 4327 1837 4383 loco
1863 4337 2040 4384 ratum

475 4413 725 4468 duximus
751 4429 970 4484 ponere.
1011 4415 1101 4468 Ait
1120 4415 1338 4484 quidam
1365 4415 1586 4471 Patrum
1618 4437 1631 4471 :
1665 4419 1722 4473 Si
1765 4421 1886 4489 quis
1915 4437 2042 4477 vero

477 4503 659 4565 frater,
689 4505 976 4574 instigante
1011 4504 1254 4570 diabolo,
1285 4514 1599 4573 contumax,
1629 4508 1712 4562 vel
1741 4511 2002 4579 superbus
2025 4553 2040 4577 ,

477 4609 571 4648 seu
599 4593 912 4649 inobedieus
950 4593 1033 4649 vel
1055 4611 1398 4650 murmurans
1421 4599 1750 4666 apparuerit,
1768 4600 1852 4654 vel
1879 4603 2042 4655 etiam

479 4683 533 4738 in
569 4699 890 4753 quocunque
935 4700 1064 4739 casu
1120 4685 1303 4754 lapsus
1347 4688 1620 4741 seniorum
1663 4701 1929 4759 praecepta
1962 4693 2045 4747 vel

479 4781 679 4828 sanctre
708 4773 921 4844 Regulae
955 4790 1199 4828 normam
1241 4775 1441 4829 violare
1475 4778 1797 4844 tentaverit,
1844 4779 1934 4834 hic
1960 4797 2046 4835 se—

479 4863 712 4918 cundum
747 4873 1069 4933 praeceptum
1099 4864 1308 4918 Domini
1337 4875 1548 4921 secreto
1579 4883 1609 4920 a
1631 4871 1932 4926 senioribus
1961 4888 2045 4927 se-

480 4951 587 5010 mel
610 4953 790 5008 verbis
820 4954 1160 5022 corripiatur.
1215 4954 1271 5009 Si
1305 4957 1596 5012 emendare
1623 4959 1883 5025 noluerit,
1916 4969 2044 5017 tunc

479 5042 639 5099 simul
689 5043 759 5098 ab
796 5044 947 5102 omni
986 5046 1400 5114 congregatione
1426 5045 1755 5117 objurgetur.
1787 5051 1856 5104 Et
1895 5052 2046 5106 sisic

479 5133 766 5193 expendere
815 5133 1047 5188 noluerit
1073 5175 1088 5198 ,
1126 5143 1254 5190 tunc
1303 5145 1464 5204 prout
1511 5138 1681 5208 culpa:
1735 5142 2048 5210 magnitudo

481 5222 814 5288 tmposccrit,
854 5224 1149 5278 secundum
1195 5225 1454 5295 Regulam
1479 5226 1787 5295 judieetur,
1839 5231 1895 5284 id
1939 5240 2044 5297 est,

483 5319 576 5364 aut
603 5312 1152 5366 excommunicationi
1185 5315 1480 5384 subjaceat,
1510 5316 1556 5368 si
1586 5317 1702 5386 ejus
1727 5318 1793 5370 ad
1819 5332 1939 5372 eam
1963 5320 2042 5377 in-

485 5399 729 5456 tellectus
780 5402 987 5472 viguit,
1041 5412 1136 5457 aut
1181 5405 1230 5457 si
1280 5405 1564 5459 obstinatae
1595 5414 1651 5459 et
1678 5407 1825 5460 durae
1853 5410 2053 5464 mentis

487 5492 783 5556 tenacitas,
835 5493 1005 5562 culpae
1053 5503 1108 5548 et
1163 5495 1479 5564 improbitas
1533 5507 1872 5565 perseveret,
1924 5508 2055 5554 tunc

485 5583 752 5651 corporali
791 5583 1086 5652 disciplinae
1129 5585 1448 5654 subjacebit.
1495 5585 1632 5639 llinc
1684 5587 1877 5642 beatus
1918 5587 2056 5642 Fru-

489 5679 710 5729 ctuosus
729 5673 832 5727 ait:
870 5674 1200 5740 Mendaccm,
1223 5673 1416 5743 furem,
1443 5690 1816 5746 percussorem
1841 5691 2053 5748 quoque

2068 4471 2121 4530 D

2131 1886 2412 1947 peccatum
2459 1891 2581 1932 esse
2641 1877 2877 1940 dicitur;
2912 1885 2968 1930 et
2999 1891 3104 1930 non
3155 1875 3293 1929 dixit
3342 1876 3451 1929 tale
3481 1875 3563 1929 vel
3597 1875 3703 1930 tale

2129 1978 2432 2038 peccatum,
2462 1969 2555 2023 sed
2583 1982 2742 2022 omne
2773 1976 3072 2037 peccatum.
3116 1967 3284 2038 Magis
3313 1969 3703 2022 immisericors

2130 2067 2234 2123 est,
2263 2059 2354 2127 qui
2384 2057 2693 2112 intermittit
2717 2066 2773 2111 et
2802 2057 3042 2128 negligit,
3069 2072 3230 2126 quam
3257 2058 3346 2112 ille
3368 2059 3460 2127 qui
3490 2060 3699 2130 arguit;

2131 2149 2270 2204 sicut
2303 2148 2392 2203 hic
2421 2148 2514 2217 qui
2560 2148 2615 2202 in
2655 2163 2836 2202 morsu
2888 2149 3157 2217 serpentis
3205 2149 3472 2218 permittit
3517 2149 3706 2202 delite-

2131 2253 2285 2293 scere
2337 2253 2604 2292 venenum
2631 2278 2645 2304 ,
2699 2252 2860 2306 quam
2893 2237 2981 2291 ille
3013 2237 3106 2306 qui
3157 2239 3339 2292 educit
3365 2244 3421 2292 et
3451 2239 3702 2292 attrahit.

2133 2326 2238 2382 Sed
2265 2335 2322 2383 et
2347 2327 2668 2382 cbaritatem
2703 2327 2936 2381 destruit
2967 2327 3055 2381 ille
3085 2329 3176 2396 qui
3223 2327 3518 2382 secundum
3559 2327 3707 2384 Scri-

2131 2426 2321 2486 pturas
2354 2432 2584 2486 parcens
2627 2417 2820 2472 baculo
2850 2415 2965 2472 odit
3012 2417 3200 2471 filium.
3233 2417 3336 2485 Qui
3369 2426 3549 2473 autem
3581 2420 3704 2474 dili-

2131 2507 2230 2577 git,
2282 2507 2568 2578 diligenter
2621 2507 2847 2576 corripit
2891 2522 3034 2561 eum.
3097 2506 3237 2561 Hinc
3285 2507 3478 2562 beatus
3511 2508 3699 2579 Augu-

2133 2598 2307 2650 stinus
2355 2597 2410 2650 in
2444 2596 2646 2667 Regula
2676 2612 2773 2651 sua
2821 2597 2952 2652 dicit
2983 2615 2994 2650 :
3037 2596 3096 2650 Si
3129 2605 3250 2667 post
3284 2599 3709 2655 admonitionem

2135 2687 2354 2752 iterum,
2381 2687 2467 2742 vel
2496 2687 2603 2742 alio
2634 2701 2848 2756 quoque
2876 2687 2964 2742 die
3006 2688 3239 2757 idipsum
3269 2703 3394 2744 eum
3421 2688 3600 2744 facere
3631 2689 3709 2743 vi-

2133 2779 2346 2845 deritis,
2369 2778 2484 2848 jam
2512 2779 2658 2832 velut
2678 2779 3017 2834 vulneratum
3047 2780 3344 2834 sanandum
3365 2781 3578 2850 prodat,
3597 2782 3714 2852 qui-

2133 2887 2348 2942 cunque
2375 2873 2612 2942 potuerit
2640 2873 2756 2927 haec
2792 2871 3050 2926 invenire.
3079 2871 3239 2926 Prius
3265 2879 3446 2927 tamen
3475 2882 3531 2928 et
3552 2873 3710 2928 alteri

2134 2963 2220 3018 vel
2277 2964 2438 3019 tertio
2495 2963 2995 3027 demonstrandum,
3052 2969 3114 3016 ut
3157 2961 3387 3016 duorum
3436 2962 3522 3016 vel
3549 2962 3712 3017 trium

2136 3052 2308 3123 possit
2359 3067 2456 3109 ore
2479 3053 2751 3118 convinci,
2787 3059 2844 3107 et
2867 3052 3196 3121 competenti
3235 3052 3526 3108 severitate
3552 3067 3711 3109 coer-

2061 3113 2106 3175 C
2139 3113 2272 3198 ceri.
2298 3142 2408 3198 Nec
2423 3159 2518 3198 vos
2525 3142 2780 3214 judicetis
2800 3155 2920 3198 esse
2933 3113 3246 3207 malevolos,
3271 3143 3485 3212 quando
3501 3144 3616 3199 haec
3633 3143 3715 3198 in-

2141 3234 2352 3290 dicatis.
2381 3234 2551 3303 Magis
2570 3234 2766 3304 quippe
2793 3234 3109 3288 innoeentes
3137 3247 3244 3287 non
3258 3233 3412 3299 estis,
3440 3234 3486 3288 si
3515 3233 3716 3288 fratres

2141 3335 2371 3391 vestros,
2409 3341 2545 3395 quos
2579 3325 2868 3380 indicando
2896 3325 3171 3396 corrigere
3196 3325 3455 3395 potestis,
3485 3327 3715 3380 tacendo

2141 3417 2322 3486 perire
2350 3415 2688 3485 permittitis.
2720 3415 2777 3469 Si
2805 3415 2950 3470 enim
2982 3414 3153 3468 frater
3181 3423 3304 3469 tuus
3331 3414 3526 3468 vulnus
3553 3415 3718 3470 liabe-

2142 3513 2225 3560 ret
2257 3505 2308 3558 in
2355 3520 2606 3574 corpore,
2663 3505 2807 3574 quod
2855 3503 3018 3558 vellet
3045 3501 3339 3568 occultare,
3389 3518 3514 3558 cum
3563 3505 3720 3559 timet

2142 3596 2336 3660 secari,
2367 3611 2545 3651 nonne
2573 3595 2866 3650 crudeliter
2904 3593 3002 3649 abs
3033 3604 3086 3648 tc
3115 3593 3390 3660 sileretur,
3421 3601 3475 3648 et
3505 3595 3719 3652 miseri-

2142 3685 2384 3739 corditer
2413 3686 2791 3740 indicaretur?
2818 3684 3032 3752 Quanto
3063 3699 3192 3754 ergo
3218 3684 3398 3754 potius
3432 3685 3599 3742 debes
3618 3687 3721 3742 hoc

2143 3778 2514 3846 manifestare,
2572 3796 2640 3835 ne
2695 3781 3055 3849 perniciosius
3105 3788 3382 3849 putrescat
3441 3779 3495 3834 in
3534 3781 3715 3836 corde.

2144 3868 2250 3924 Sed
2280 3878 2568 3940 antequam
2615 3870 2738 3926 aliis
2764 3872 3184 3935 demonstretur,
3213 3885 3312 3940 per
3337 3885 3473 3941 quos
3497 3873 3718 3926 convin-

2143 3961 2347 4016 cendus
2400 3970 2504 4026 ost,
2543 3963 2588 4016 si
2643 3962 2929 4030 negaverit
2985 3963 3156 4031 prius,
3213 3961 3506 4031 praeposito
3563 3961 3722 4016 debet

2143 4052 2376 4116 ostendi,
2405 4053 2450 4106 si
2511 4052 2821 4107 admonitus
2873 4053 3175 4120 neglexerit
3235 4053 3457 4121 corrigi,
3489 4067 3558 4106 ne
3582 4053 3721 4107 forte

2144 4141 2407 4194 secretius
2455 4149 2736 4212 correptus
2773 4143 2945 4211 possit
2984 4157 3088 4197 non
3121 4142 3458 4198 innotescere
3485 4146 3713 4198 caeteris.

2145 4227 2201 4283 Si
2237 4240 2415 4284 autem
2447 4232 2742 4300 negaverit,
2808 4241 2935 4287 tunc
2966 4232 3223 4288 nescienti
3269 4232 3559 4288 adhibendi
3591 4241 3720 4286 sunt

2145 4321 2261 4386 alii,
2285 4329 2343 4374 ut
2365 4319 2475 4389 jam
2506 4337 2690 4376 coram
2718 4321 2971 4376 erunibus
2997 4323 3184 4390 possit,
3217 4337 3322 4377 non
3354 4321 3423 4376 ab
3449 4337 3557 4376 uno
3582 4331 3720 4375 teste

2145 4413 2318 4482 argui,
2359 4413 2453 4467 sed
2484 4428 2511 4465 a
2544 4413 2752 4467 duobus
2779 4413 2864 4468 vel
2902 4415 3074 4469 tribus
3125 4413 3390 4470 convinci.
3425 4411 3719 4468 Convictus

2149 4517 2280 4572 ergo
2313 4503 2606 4556 secundum
2658 4503 2948 4572 praepositi,
2981 4503 3062 4558 vel
3091 4505 3253 4558 etiam
3297 4504 3624 4576 presbyteri,
3655 4505 3721 4557 ad

2153 4594 2305 4663 cujus
2360 4592 2819 4661 dispensationem
2871 4593 3129 4663 pertinet,
3189 4595 3498 4660 arbitrium,
3565 4594 3724 4648 debet

2151 4682 2580 4736 emendatoriam
2629 4683 2898 4737 sustinere
2945 4683 3258 4737 vindictam.
3297 4683 3467 4751 Quam
3505 4683 3548 4738 si
3581 4683 3724 4737 ferre

2155 4773 2504 4837 recusaverit,
2541 4772 2754 4826 etiamsi
2782 4773 2896 4842 ipse
2936 4789 3042 4826 non
3072 4774 3415 4838 abscesserit,
3447 4774 3513 4829 de
3540 4783 3721 4830 vestra

2150 4866 2410 4920 societate
2433 4865 2769 4935 projiciatur.
2793 4864 2908 4919 Non
2939 4866 3084 4918 enim
3111 4875 3165 4918 et
3192 4865 3295 4919 hoc
3324 4866 3383 4919 fit
3408 4867 3718 4933 crudeliter,

2149 4955 2242 5008 sed
2282 4954 2728 5017 misericorditer,
2773 4969 2842 5008 ne
2874 4953 3197 5024 contagione
3242 4953 3503 5022 pestifera
3558 4954 3723 5025 pluri—

2151 5059 2268 5100 mos
2293 5044 2503 5113 perdat.
2535 5043 2670 5098 Nam
2711 5051 2766 5098 et
2805 5045 2872 5098 de
2900 5043 3004 5098 hoc
3031 5043 3266 5114 capitulo
3289 5044 3490 5098 Paulus
3520 5054 3574 5098 et
3603 5044 3722 5100 Ste-

2151 5139 2365 5207 phanus
2393 5137 2618 5191 abbates
2646 5137 2717 5191 ita
2767 5137 3102 5205 scripserunt
3132 5155 3143 5187 :
3177 5134 3234 5190 Si
3265 5137 3388 5205 quis
3417 5136 3642 5190 alterum
3666 5135 3719 5187 in

2154 5242 2475 5296 quacunque
2507 5236 2662 5295 parte
2689 5227 2886 5280 viderit
2908 5227 3153 5281 illicitum
3184 5227 3475 5298 quidquam
3499 5224 3583 5278 vel
3609 5239 3722 5277 ser-

2160 5331 2318 5370 mone
2368 5316 2452 5371 vel
2486 5332 2649 5386 opere
2687 5315 2998 5381 facientem,
3041 5324 3097 5370 et
3125 5315 3292 5386 priori
3331 5312 3599 5370 distulerit
3624 5326 3724 5380 pu-

2161 5406 2382 5472 blicare,
2415 5410 2670 5476 agnoscat
2719 5423 2777 5463 se
2801 5423 2921 5462 esse
2950 5409 3270 5462 nutritorcm
3302 5405 3529 5474 peccati,
3553 5410 3610 5456 et
3629 5417 3726 5472 per

2157 5499 2338 5551 omnia
2393 5499 2653 5568 aequalem
2705 5501 2990 5570 peccanti;
3031 5499 3154 5568 quia
3206 5506 3260 5549 et
3290 5495 3478 5549 animm
3509 5508 3641 5560 suae,
3671 5503 3726 5548 et

2159 5589 2233 5643 illi
2290 5597 2396 5654 est,
2435 5605 2594 5659 quem
2653 5592 2803 5661 tegit,
2837 5589 3159 5643 durissimus
3200 5585 3466 5639 inimicus.
3502 5585 3580 5638 Ex
3619 5585 3724 5639 hoc

2160 5677 2298 5750 apud
2332 5678 2520 5746 Deum,
2551 5681 2641 5750 qui
2671 5680 2808 5735 male
2839 5678 2974 5744 odit,
3003 5684 3057 5731 et
3083 5674 3220 5743 apud
3253 5682 3503 5731 cunctam
3532 5674 3726 5731 frater-
