3992 6206
275 300 378 354 847

1547 289 1899 346 ΒΜΛῐὶΑῦῡί
1937 286 2228 342 ABBATIS

3425 282 3524 338 848

273 416 500 472 nitatem
555 409 906 466 exsecrabilis
947 417 1001 462 et
1055 407 1283 461 inﬁdelis
1337 405 1644 467 habebitur,
1703 405 1844 473 quod
1875 409 1924 466 Α
1951 405 2174 459 alterius
2206 417 2424 456 manum
2456 399 2704 461 tenuerit,
2760 400 2804 454 si
2832 399 3076 469 joculare
3114 398 3318 466 aliquid
3347 397 3431 452 vel
3458 403 3530 455 ri-

273 521 372 577 per
399 502 786 558 abundantiam
828 499 1048 555 malitia:
1103 497 1274 550 noluit
1310 496 1558 565 prodere,
1596 503 1657 548 ut
1681 493 1846 548 corri—

273 611 403 667 gere
437 593 704 663 potuisset
751 596 1068 653 errantem;
1101 596 1158 642 et
1183 587 1307 642 odio
1337 585 1632 656 disciplina:
1664 585 1852 640 dilexit

274 686 558 750 malitiam,
589 690 646 738 et
665 681 835 737 astitit
861 680 1010 736 omni
1042 679 1142 734 vim
1165 695 1270 734 non
1301 680 1474 734 bonae.

834 768 1062 826 CAPUT
1099 769 1287 824 XXIV.

387 863 572 931 Qualis
599 863 782 917 debeat
817 877 928 916 esse
963 860 1148 914 modus
1169 855 1746 913 excommunicationis.

346 955 644 1012 Secundum
680 953 893 1008 modum
945 952 1134 1022 culpae,
1187 947 1742 1004 excommunicationis
1778 943 1856 1000 vel

273 1046 566 1117 disciplina:
617 1044 764 1098 debet
821 1043 1030 1097 extendi
1092 1052 1388 1096 mensura:
1445 1040 1533 1110 qui
1582 1038 1856 1108 culparum

274 1137 460 1190 modus
491 1136 546 1188 in
575 1134 778 1190 abbatis
799 1133 1019 1204 pendeat
1056 1133 1284 1202 judicio.
1324 1129 1696 1199 Interrogatus
1724 1128 1858 1180 bea-

281 1238 370 1282 tus
398 1225 631 1280 Basilius
661 1224 915 1296 qualibus
964 1221 1400 1292 correptionibus
1436 1220 1512 1274 uti
1542 1225 1756 1288 oportet
1780 1217 1860 1270 in-

277 1328 360 1373 ter
397 1317 595 1373 fratres
625 1317 694 1370 ad
719 1315 1156 1372 emendationem
1179 1328 1369 1368 eorum
1395 1312 1488 1382 qui
1520 1310 1856 1378 delinquunt,

279 1407 576 1478 respondit.
614 1405 730 1462 Hoc
777 1407 851 1461 sit
907 1405 961 1460 in
1002 1403 1210 1472 judicio
1268 1402 1502 1473 positum
1546 1414 1735 1455 eorum
1767 1397 1862 1467 qui

275 1507 536 1570 praesunt,
568 1497 652 1552 vel
700 1505 904 1568 quanto
934 1483 1198 1565 tempore,
1240 1495 1326 1549 vel
1351 1493 1498 1563 quali
1553 1492 1714 1546 modo
1744 1505 1864 1544 cor-

281 1591 384 1660 ripi
415 1591 651 1650 debeant
677 1605 692 1654 ;
724 1589 851 1656 quia
875 1596 932 1642 et
954 1597 1111 1650 ictas,
1139 1594 1194 1640 et
1217 1584 1472 1648 eruditio,
1507 1581 1731 1638 multam
1761 1580 1862 1634 ha-

281 1683 412 1738 bene
463 1681 594 1736 facit
647 1678 1009 1734 differentiam
1039 1691 1233 1747 patum.
1272 1675 1406 1730 Item
1455 1687 1524 1728 ex
1553 1671 1737 1743 regula
1763 1685 1861 1724 cu-

1956 496 2037 550 sui
2097 501 2281 562 aptum
2337 491 2389 544 in
2416 473 2937 544 conventu/fratrum
2967 488 3214 558 proferre
3270 504 3529 557 prtesum-

1955 583 2148 652 pserit,
2172 581 2256 636 vel
2310 580 2401 650 qui
2431 594 2554 633 cum
2577 579 2884 648 junioribus
2911 578 3076 632 verba
3105 578 3280 632 otiosa
3308 594 3534 634 narrare

1955 672 2205 736 voluerit,
2229 679 2323 724 aut
2351 668 2550 724 habere
2575 667 2841 723 amicitias
2876 667 3050 721 aetatis
3076 665 3329 732 infirmae,
3361 667 3534 723 incre-

1956 763 2183 833 pationi,
2219 771 2279 816 ut
2306 761 2497 829 dignus
2525 767 2628 823 est,
2658 757 2974 828 subjacebit.
3027 755 3086 811 Si
3134 757 3258 825 quis
3285 757 3537 825 quaelibet

1959 851 2245 915 invenerit,
2309 851 2520 904 inventa
2575 864 2683 902 non
2737 846 2897 912 celet,
2941 855 2996 900 et
3031 847 3403 916 cognoscenda
3431 860 3534 900 non

1958 942 2211 998 occultet.
2246 941 2398 1008 Quod
2429 939 2473 993 si
2519 947 2732 1008 reperta
2759 935 2922 992 unius
2960 937 3067 991 diei
3115 937 3291 1005 spatio
3318 937 3537 991 convin—

1957 1033 2101 1087 citur
2157 1038 2458 1086 retentassc
2511 1027 2736 1092 furtum,
2769 1026 3086 1097 eontagiose
3125 1024 3453 1081 maculatum
3479 1042 3538 1081 se

1959 1137 2080 1176 esse
2107 1127 2414 1188 cognoscat.
2472 1116 2530 1170 Si
2555 1117 2676 1186 quis
2706 1131 2829 1170 eum
2870 1119 2963 1185 qui
2987 1101 3392 1171 districtioncm
3425 1132 3540 1170 mo-

1961 1209 2185 1266 nasterii
2231 1225 2338 1264 non
2373 1206 2580 1272 ferens,
2625 1205 2808 1275 fugam
2855 1205 3112 1261 meditari
3162 1207 3464 1277 agnoverit,
3495 1208 3542 1260 si

1960 1317 2070 1356 non
2097 1300 2280 1356 statim
2308 1299 2626 1369 prodiderit,
2682 1296 3003 1368 perditionis
3051 1296 3195 1351 illius
3225 1298 3544 1366 participem

1962 1406 2022 1446 se
2041 1406 2162 1446 esse
2192 1405 2299 1444 non
2331 1389 2558 1443 dubitet.
2617 1387 2685 1441 Et
2715 1386 2902 1441 tandiu
2953 1393 3036 1440 est
3071 1401 3103 1439 a
3133 1393 3402 1440 conventu
3436 1384 3546 1438 fra-

1962 1489 2108 1535 trum
2155 1477 2600 1549 sequestrandus,
2646 1475 2881 1548 quandiu
2933 1475 3022 1530 ille
3048 1475 3228 1530 valeat
3277 1475 3541 1529 revocari.

1966 1568 2023 1624 Si
2062 1569 2185 1639 quis
2224 1569 2341 1622 lucc
2373 1582 2480 1621 non
2538 1566 2686 1622 omni
2745 1566 2948 1620 vir-tute
3001 1565 3267 1620 studuerit
3318 1563 3546 1618 Domino

1965 1661 2518 1730 placitura'servare,
2561 1667 2616 1713 et
2671 1657 2836 1712 semel
2883 1672 2948 1712 ae
2976 1657 3215 1712 secundo
3265 1663 3548 1724 correptus

273 1772 488 1842 jusdam
519 1765 1098 1824 cxcommunicationis
1138 1778 1390 1818 mensura
1419 1760 1596 1831 qualis
1625 1773 1746 1815 esse
1772 1757 1866 1811 dc-
1892 1754 1939 1812 B
1968 1766 2074 1808 non
2124 1751 2515 1815 emendaverit,
2545 1751 2871 1820 reprehensa
2895 1749 3050 1819 juxta
3104 1749 3286 1803 aetatis
3316 1747 3546 1802 formam

284 1865 430 1926 beat,
456 1859 664 1928 justum
686 1857 982 1914 scientibus
1010 1855 1244 1910 liberare
1265 1852 1525 1923 judicium
1555 1849 1726 1920 culpa:
1753 1861 1867 1901 mo-

275 1958 380 2010 dus
431 1953 701 2009 ostendat.
738 1949 1056 2004 Levioribus
1110 1948 1256 2002 enim
1307 1944 1482 2014 culpis
1513 1943 1684 1997 levior
1713 1939 1868 1996 adhi-

277 2046 451 2100 benda
481 2051 565 2098 est
605 2041 898 2110 correptio,
929 2038 1272 2110 gravioribus
1299 2049 1428 2090 vero
1455 2033 1753 2088 ferventior
1779 2038 1864 2084 est

277 2134 582 2190 exhibenda
641 2130 940 2186 damnatio.
999 2128 1234 2183 Proinde
1292 2125 1472 2180 abbati
1526 2121 1866 2193 pensandum

278 2233 390 2290 est,
418 2232 478 2278 ut
503 2222 549 2279 si
579 2221 777 2292 aliquis
803 2219 970 2274 frater
997 2218 1050 2272 in
1077 2216 1375 2271 levioribus
1405 2213 1576 2283 culpis
1599 2211 1870 2266 invenitur

280 2311 572 2376 obnoxius,
604 2323 778 2378 usque
809 2308 874 2362 ad
901 2307 1159 2362 indictam
1190 2304 1292 2359 sibi
1319 2304 1511 2358 horam
1542 2316 1732 2356 mensa
1759 2299 1870 2370 pri-

284 2411 464 2456 vetur.
496 2400 571 2454 Dc
596 2399 936 2470 gravioribus
980 2411 1114 2451 vero
1142 2409 1239 2449 seu
1271 2393 1500 2457 dierum,
1557 2391 1640 2446 vel
1671 2389 1870 2444 hebdo-

280 2492 588 2556 madarum,
607 2489 690 2544 vel
713 2489 979 2543 mensium
997 2487 1246 2542 ditlinitio
1273 2485 1326 2539 in
1355 2484 1565 2555 longius
1592 2490 1868 2553 protracta

284 2583 630 2654 correptione
660 2580 900 2636 finiatur.

352 2675 412 2731 Si
441 2675 556 2746 quis
579 2682 755 2727 tamen
782 2672 949 2742 frater
977 2671 1031 2725 in
1066 2669 1344 2726 levioribus
1373 2668 1540 2738 culpis
1576 2665 1864 2728 invenitur,

281 2776 488 2820 tantum
536 2781 570 2818 a
617 2777 809 2817 mensa:
854 2761 1254 2832 participatione
1303 2757 1552 2829 privetur.
1622 2753 1869 2809 Levioris

280 2859 455 2928 culpas
484 2871 611 2911 rens
635 2864 742 2918 est,
776 2861 835 2908 ut
860 2854 939 2908 ait
970 2851 1228 2917 Isidorus,
1265 2851 1357 2920 qui
1383 2849 1592 2905 oti0sus
1626 2862 1747 2902 esse
1778 2845 1864 2900 di-

280 2946 500 3012 lexerit,
530 2945 622 3015 qui
653 2943 720 2999 ad
752 2942 1012 3010 cilicium,
1065 2942 1151 2998 vel
1178 2941 1245 2996 ad
1293 2939 1656 3004 collationem,
1684 2935 1768 2991 vel
1803 2936 1872 2991 ad

282 3053 528 3096 mensam
560 3037 770 3092 tardius
808 3035 1059 3099 venerit;
1110 3033 1202 3103 qui
1242 3033 1294 3086 in
1321 3032 1486 3087 choro
1513 3029 1697 3085 riserit
1720 3028 1872 3082 fabu-

290 3129 428 3184 lisve
454 3126 761 3189 vacaverit;
793 3125 909 3194 qui,
962 3123 1154 3177 relicto
1183 3120 1360 3176 ollicio
1386 3120 1472 3174 vel
1502 3133 1686 3190 Opere,
1717 3126 1872 3172 extra
1901 3097 1946 3158 (ἶ

283 3216 628 3275 necessitatis
675 3229 897 3269 causam
953 3211 1103 3266 foras
1148 3211 1502 3273 discesserit;
1550 3209 1643 3278 qui
1696 3217 1877 3276 torpo-

283 3325 401 3366 rem
439 3317 498 3364 ct
542 3320 790 3361 somnum
851 3302 1135 3368 amaverit,
1192 3301 1283 3371 qui
1343 3301 1539 3371 saepius
1584 3298 1873 3368 juravcrit,

283 3401 378 3470 qui
406 3397 758 3467 multiloquus
811 3393 999 3460 fuerit,
1031 3394 1122 3463 qui
1177 3392 1541 3448 ministerium
1587 3389 1877 3460 cujuslibet

284 3491 468 3562 operis
502 3489 802 3557 injunctum
834 3485 936 3541 sibi
968 3485 1086 3540 sine
1120 3483 1498 3540 benedictione
1554 3483 1875 3552 susceperit,

283 3593 381 3639 aut
409 3591 634 3654 peracto
658 3594 823 3650 opere
850 3577 1285 3635 benedictionem
1319 3577 1543 3632 minime
1571 3574 1879 3645 postulave-

287 3677 384 3740 rit,
412 3674 504 3743 qui
539 3671 838 3740 iujuuctum
861 3684 998 3740 opus
1032 3669 1372 3739 negligenter
1406 3667 1491 3720 vel
1547 3667 1752 3721 tardius
1780 3681 1878 3720 ex-

289 3763 523 3836 pleverit
553 3777 569 3815 :
603 3761 698 3830 qui
747 3774 876 3815 casu
905 3773 1003 3812 vas
1055 3756 1272 3827 aliquod
1302 3755 1548 3828 fregerit,
1604 3755 1696 3824 qui
1723 3754 1878 3810 dam-

290 3871 422 3912 num
470 3853 550 3908 rei
602 3865 788 3924 parvae
843 3848 1109 3914 intulerit,
1168 3848 1260 3918 qui
1315 3847 1502 3903 codice
1551 3846 1882 3918 negligenter

285 3962 422 4002 usus
447 3943 635 4009 fuerit,
685 3941 778 4012 qui
833 3940 1032 3996 alicubi
1065 3939 1131 3994 ad
1189 3946 1524 3995 momentum
1568 3938 1876 4000 secesserit,

291 4036 382 4106 qui
414 4033 626 4090 occulte
656 4031 727 4086 ab
754 4031 938 4100 aliquo
992 4029 1206 4085 litteras
1235 4028 1322 4084 vel
1373 4027 1649 4098 quodlibet
1687 4043 1883 4082 munus

294 4125 593 4196 acceperit.
631 4121 715 4177 vel
743 4121 1030 4192 epistolam
1062 4119 1366 4190 suscipiens
1389 4117 1764 4180 occultaverit,
1789 4125 1883 4170 aut

289 4219 408 4272 sine
455 4214 670 4270 abbatis
722 4227 994 4268 consensu
1050 4208 1419 4279 rescripserit,
1471 4207 1554 4261 vel
1586 4205 1884 4276 quemlibet

289 4315 602 4378 parentum,
651 4319 749 4359 seu
794 4302 1134 4358 smeularium
1171 4301 1289 4355 sine
1333 4298 1488 4367 jussu
1527 4297 1762 4353 senioris
1791 4305 1887 4351 aut

291 4396 512 4459 viderit,
545 4403 640 4450 aut
671 4409 796 4448 cum
830 4407 898 4448 eo
927 4392 1140 4446 locutus
1170 4389 1369 4455 fuerit;
1408 4389 1500 4458 qui
1535 4387 1736 4443 seniori
1766 4388 1883 4443 ino-

291 4486 515 4542 bediens
541 4484 726 4549 fuerit,
759 4483 852 4553 qui
905 4481 1302 4536 contumaciter
1356 4479 1558 4534 seniori
1588 4479 1882 4548 responde-

293 4579 390 4641 rit,
420 4577 512 4646 qui
544 4592 669 4647 erga
701 4575 977 4632 seniorem
1011 4573 1255 4644 linguam
1282 4588 1388 4627 non
1419 4571 1762 4634 reuresserit,
1787 4572 1880 4640 qui

295 4666 531 4722 lascivus
590 4666 646 4720 in
675 4666 858 4736 lingua
913 4664 1095 4729 fuerit,
1130 4664 1224 4733 qui
1253 4664 1537 4719 inhoneste
1571 4664 1879 4728 incesserit,

294 4758 386 4827 qui
407 4755 693 4824 jocaverit,
750 4757 841 4826 qui
882 4756 1014 4810 satis
1046 4755 1251 4820 riserit,
1284 4755 1376 4824 qui
1415 4771 1537 4809 eum
1569 4769 1884 4810 excommu-

295 4849 478 4902 nicato
521 4844 734 4899 locutus
765 4845 947 4911 fuerit,
977 4845 1235 4908 oraverit,
1294 4844 1613 4907 comederit,
1645 4843 1736 4913 qui
1765 4842 1885 4897 illu-

295 4940 508 4992 sionem
562 4942 889 4989 nocturnam
945 4934 1096 4989 Patri
1149 4949 1256 4988 non
1287 4931 1628 5002 patefecerit.
1672 4931 1796 4986 ﬂmc
1830 4940 1885 4986 et

297 5028 385 5082 his
413 5023 612 5081 similia
641 5025 930 5096 disciplina
951 5024 1531 5081 excommunicationis
1549 5024 1884 5079 emendanda

297 5128 443 5178 sunt.
474 5117 612 5172 Nam
639 5125 696 5172 et
725 5117 854 5172 alibi
887 5117 1029 5172 inter
1052 5117 1285 5173 leviores
1313 5117 1502 5186 culpas
1550 5117 1650 5171 bas
1681 5114 1886 5168 inveni-

298 5226 421 5266 mus
457 5216 796 5271 numeratas,
815 5207 868 5261 id
901 5215 1004 5271 est,
1035 5207 1082 5262 si
1111 5207 1411 5262 deeantans
1442 5206 1565 5275 quis
1592 5203 1884 5274 psalmum,

297 5303 384 5358 vel
407 5300 681 5359 modicum
709 5298 840 5368 quid
870 5296 1205 5364 titubaverit,
1232 5299 1277 5354 si
1309 5298 1392 5354 vel
1423 5297 1616 5352 leviter
1647 5279 1892 5349 marina-9

301 5392 523 5456 ravcrit,
553 5390 598 5445 si
635 5389 859 5445 dimissa
911 5386 1104 5458 synaxi
1135 5403 1243 5442 non
1295 5389 1541 5442 concitus
1595 5387 1663 5440 ad
1693 5385 1886 5440 cellam

302 5498 584 5538 recurrere
613 5480 974 5544 festinaverit,
1008 5479 1054 5534 si
1084 5477 1392 5543 lectionem,
1435 5491 1622 5546 opera,
1655 5477 1737 5531 vel
1761 5477 1886 5532 obe-

304 5576 520 5630 dientiae
544 5574 826 5643 proferens
847 5570 1042 5637 officia,
1064 5577 1266 5625 statuta
1297 5569 1514 5640 segnius
1542 5565 1886 5624 fuerit’exse-

306 5674 502 5730 cutus;
533 5667 578 5718 si
610 5683 735 5722 cum
767 5665 950 5735 aliquo
976 5665 1058 5721 vel
1088 5664 1155 5719 ad
1184 5663 1456 5718 modicum
1485 5662 1808 5727 substiterit,
1839 5663 1886 5716 si

1967 1842 2218 1912 convenit
2245 1841 2492 1894 indicari.
2533 1839 2824 1909 llucusque
2852 1847 2910 1894 et
2943 1840 2999 1893 in
3028 1838 3336 1909 hujusmodi
3367 1854 3431 1893 ac
3476 1840 3548 1894 si-

1966 1933 2184 1988 milibus
2237 1931 2487 1986 admissis
2534 1930 2776 2000 procedit
2804 1929 3203 1984 animadversio
3257 1929 3542 1998 spiritalis.

1967 2022 2204 2077 Rcsidua
2232 2036 2362 2076 vero
2387 2036 2506 2090 quae
2536 2023 2677 2090 apud
2708 2035 2809 2075 nos
2850 2020 3224 2076 indifferenter
3250 2023 3489 2076 admissa
3519 2038 3548 2075 a

1967 2112 2123 2167 nobis
2148 2127 2363 2182 quoque
2417 2111 2936 2181 reprchensibilibus
2975 2113 3331 2178 sustinentur,
3360 2112 3413 2168 id
3443 2122 3550 2177 est,

1968 2209 2155 2272 aperta
2183 2202 2452 2266 convicia,
2482 2201 2752 2257 manifesti
2783 2209 3142 2270 contemptus,
3169 2204 3552 2258 contradictio-

1969 2306 2066 2347 nes
2107 2291 2350 2357 tumidte,
2379 2290 2551 2346 libera
2580 2298 2633 2345 et
2663 2289 2923 2345 effrenata
2950 2292 3247 2360 processio,
3273 2291 3556 2348 familiari-

1970 2390 2054 2436 tas
2092 2381 2236 2451 apud
2268 2380 2520 2444 feminas,
2577 2379 2694 2444 irze,
2723 2380 2876 2446 rixae,
2916 2379 3218 2436 simultates
3271 2382 3555 2452 etjurgia,

1969 2469 2148 2539 operis
2176 2469 2465 2539 peculiaris
2506 2468 2876 2537 przesumptio,
2907 2467 3250 2540 philargyriae
3279 2470 3555 2541 contagio,

1969 2560 2196 2616 affectus
2252 2569 2412 2629 atque
2455 2559 2728 2629 possessio
2787 2573 2968 2612 rerum
3013 2557 3403 2628 superﬂuarum
3435 2575 3560 2628 qum

1971 2667 2003 2706 a
2030 2650 2244 2706 caeteris
2278 2649 2540 2703 fratribus
2567 2664 2674 2702 non
2713 2648 3002 2712 habentur,
3026 2648 3462 2703 extraordinaria
3497 2663 3561 2703 ae

1973 2737 2251 2794 fructifera
2278 2738 2384 2792 cibi
2415 2736 2672 2804 refectio;
2714 2737 2831 2792 haec
2863 2746 2917 2791 et
2949 2737 3148 2792 similia
3191 2752 3299 2792 non
3357 2738 3452 2792 illa
3479 2739 3561 2793 in-

1972 2829 2285 2898 crepatione
2300 2843 2404 2898 qua
2435 2827 2670 2884 diximus
2699 2828 3064 2898 spiritali,sed
3080 2828 3160 2883 vel
3177 2829 3346 2901 plagis
3371 2844 3562 2886 emen-

1973 2920 2193 2985 dantur,
2223 2918 2308 2974 vel
2339 2918 2656 2989 cxpulsione
2685 2927 3004 2990 purgantur.

2048 3026 2253 3084 Privati
2281 3039 2456 3084 autem
2478 3045 2510 3082 a
2541 3045 2733 3084 mensa:
2758 3029 3018 3084 consortio
3047 3029 3148 3084 ista
3173 3031 3272 3084 erit
3303 3030 3464 3095 ratio,
3506 3041 3562 3084 ut

1977 3121 2032 3175 in
2059 3121 2291 3175 oratorio
2325 3120 2587 3192 psalmum
2632 3130 2723 3174 aut
2777 3122 3115 3192 antiplionam
3169 3139 3273 3176 non
3299 3122 3562 3193 imponat,

1977 3230 2140 3284 neque
2164 3212 2436 3266 lectionem
2464 3213 2638 3266 recitet
2667 3228 2828 3281 usque
2853 3211 2920 3264 ad
2949 3210 3382 3280 satisfactionem.
3417 3211 3562 3267 Hinc

1976 3305 2194 3373 quidam
2226 3304 2611 3358 monachorum
2641 3303 2899 3373 magister
2952 3303 3029 3357 ait
3061 3321 3073 3356 :
3127 3303 3318 3358 Frater
3344 3304 3443 3372 qui
3476 3304 3553 3358 le-

1977 3411 2098 3451 vem
2129 3395 2343 3465 culpam
2367 3395 2648 3460 habuerit,
2679 3402 2734 3449 et
2763 3402 2886 3463 post
2905 3393 3134 3463 primam
3163 3401 3217 3449 et
3240 3395 3562 3457 secundam,

1977 3496 2034 3542 et
2075 3487 2293 3541 tertiam
2350 3485 2705 3539 monitionem
2766 3485 2832 3538 de
2883 3498 3210 3552 unoquoque
3263 3484 3394 3537 vitio
3458 3499 3565 3538 non

1978 3573 2379 3639 emendaverit,
2420 3589 2450 3627 a
2514 3588 2701 3628 mensa
2743 3570 3274 3636 excommunicetur,
3333 3587 3446 3626 non
3498 3573 3566 3626 ab

1979 3669 2240 3724 oratorio.
2274 3667 2404 3734 Qua:
2422 3667 2910 3722 excommunicatio
2931 3666 3118 3721 tandiu
3153 3667 3414 3723 inoll‘ensa
3441 3685 3566 3740 per-

1980 3766 2230 3822 maneat,
2267 3755 2502 3826 quandiu
2534 3756 2589 3810 in
2623 3771 2715 3811 reo
2743 3756 2965 3826 majoris
2987 3755 3310 3812 humilitatis
3335 3757 3560 3813 satisfa-

1981 3849 2089 3904 ctio
2116 3847 2398 3924 humiliato
2423 3846 2489 3902 ad
2517 3861 2690 3917 genua
2717 3846 2894 3916 capite
2934 3862 2993 3902 se
3035 3847 3101 3902 de
3132 3856 3328 3902 caetero
3352 3851 3565 3917 promi-

1982 3937 2114 3993 serit
2142 3935 2441 3992 emendari.
2465 3935 2558 3990 llle
2581 3950 2709 3990 vero
2739 3933 2908 3990 frater
2927 3939 3020 4005 qui
3056 3937 3566 3993 excommunicatus

1981 4045 2013 4082 a
2041 4043 2254 4090 mensa,
2312 4041 2421 4081 non
2450 4025 2519 4080 ab
2567 4025 2805 4081 oratorio
2839 4025 3034 4090 fuerit,
3074 4026 3260 4081 tandiu
3318 4028 3571 4099 antipho-

1982 4135 2108 4174 nam
2144 4128 2236 4174 aut
2260 4118 2548 4174 lectionem
2581 4132 2688 4172 non
2720 4117 3000 4187 imponat,
3029 4118 3266 4188 quandiu
3310 4119 3379 4174 de
3405 4120 3568 4190 culpa

1985 4211 2074 4265 illa
2097 4210 2474 4266 emendatione
2501 4208 2771 4278 promissa
2796 4209 3121 4264 satisfecerit
3144 4250 3160 4275 ,
3214 4219 3308 4264 aut
3351 4211 3571 4267 abbatis

1984 4306 2292 4376 praesentis,
2324 4314 2420 4360 aut
2441 4303 2717 4375 praepositi
2747 4304 2831 4360 sui
2877 4303 2945 4359 ad
2994 4317 3167 4374 genua
3226 4305 3567 4360 inwrvatus.

1989 4395 2454 4451 Excommunicati
2481 4409 2611 4450 vero
2639 4392 2836 4450 fratres
2858 4434 2874 4460 ,
2905 4395 2952 4449 si
2984 4395 3056 4448 ita
3097 4394 3315 4464 superbi
3343 4394 3572 4449 exstite-

1987 4487 2128 4552 rint,
2159 4494 2253 4540 aut
2289 4486 2343 4540 in
2379 4485 2630 4556 superbia
2666 4485 2846 4539 cordis
2893 4493 3304 4554 perseverantes
3352 4485 3408 4539 in
3452 4493 3568 4538 ter-

1987 4577 2062 4631 tia
2092 4577 2180 4632 die
2207 4576 2338 4631 hora
2366 4591 2506 4631 nona
2535 4572 2851 4630 satisfacere
2863 4574 3046 4628 abbati
3069 4574 3360 4640 noluerint,
3385 4583 3574 4629 custo-

1988 4669 2085 4723 diti
2107 4683 2276 4736 usque
2306 4668 2373 4721 ad
2395 4683 2582 4722 necem
2609 4667 2890 4740 eaadantur
2903 4666 3089 4737 virgis.
3146 4666 3211 4720 Et
3235 4667 3280 4720 si
3304 4665 3574 4735 placuerit

1989 4758 2203 4820 abbati,
2254 4758 2320 4811 de
2346 4757 2678 4812 monasterio
2704 4757 3070 4826 cxpellantur,
3119 4757 3243 4827 quia
3293 4756 3415 4811 talis
3461 4757 3572 4810 vita

1991 4846 2460 4904 necessariosinon
2495 4846 2658 4902 habet
2695 4845 3004 4916 corporales
3031 4846 3116 4901 vel
3147 4847 3441 4901 societates
3466 4845 3575 4899 fra-

1991 4947 2134 4993 trum
2185 4952 2322 5006 quos
2363 4937 2416 4992 in
2450 4937 2630 4991 anima
2671 4939 2905 5008 superba
2943 4937 3185 5007 possidet
3211 4952 3380 4991 mors.
3433 4935 3572 4990 Nam

1989 5029 2186 5082 merito
2210 5027 2343 5083 tales
2369 5027 2570 5082 debent
2591 5028 2764 5099 plagis
2799 5028 3020 5081 mactati
3059 5027 3284 5096 expelli,
3322 5026 3416 5096 qui
3446 5039 3572 5080 esse

1989 5136 2112 5174 cum
2154 5120 2373 5176 Christo
2400 5120 2726 5174 humilitatis
2764 5119 2993 5174 Domino
3019 5135 3124 5174 non
3153 5128 3452 5181 merentur,
3478 5115 3573 5172 sed

1990 5212 2100 5266 sint
2123 5226 2153 5264 a
2177 5211 2452 5281 perpetuis
2481 5211 2765 5279 promissis
2796 5209 2892 5263 Dei
2921 5224 3042 5263 cum
3080 5219 3303 5264 auctore
3331 5223 3430 5263 suo
3451 5207 3572 5262 dia-

1991 5302 2116 5358 bolo
2139 5302 2396 5372 separati,
2429 5302 2522 5372 qui
2544 5302 2610 5356 de
2631 5301 2893 5357 cmlomm
2921 5301 3104 5371 regnis
3127 5309 3348 5370 propter
3381 5313 3574 5370 super-

1991 5392 2137 5447 biam
2167 5407 2320 5448 suam
2351 5391 2625 5462 proiectus
2653 5401 2758 5446 est.

2068 5482 2417 5552 Refectionem
2455 5492 2628 5535 autem
2667 5482 2766 5535 cibi
2819 5491 2932 5551 post
2982 5481 3208 5550 fratrum
3241 5477 3574 5547 refectionem

1990 5574 2250 5644 accipiat,
2297 5588 2542 5626 mensura
2577 5571 2654 5626 vel
2691 5571 2824 5624 hora
2867 5587 2972 5640 qua
3005 5568 3302 5640 prwviderit
3341 5565 3504 5619 abbas
3529 5565 3575 5617 ei

1992 5672 2316 5732 competere:
2364 5671 2418 5714 ut
2454 5661 2521 5727 si,
2552 5659 2689 5714 verbi
2711 5659 2907 5730 gratia,
2939 5659 3130 5728 fratres
3163 5656 3397 5724 reﬁciunt
3427 5663 3574 5708 sexta
