3992 6206
472 393 577 450 819

1502 395 1855 454 COMMENT.
1896 395 1965 450 ΙΝ
2003 395 2161 452 REG.
2206 396 2265 452 S.
2306 394 2687 453 BENEDICTI.

3630 405 3737 462 850

468 510 626 573 liora,
680 506 769 562 ille
810 507 995 577 frater,
1024 524 1201 573 nona;
1241 510 1287 564 si
1315 510 1505 579 fratres
1531 527 1691 576 nona,
1732 508 1822 564 ille
1849 526 2048 580 vesper—
2073 511 2127 571 Α
2149 510 2302 575 sculi,
2336 512 2514 568 relicto
2536 515 2767 571 naturali
2800 534 2896 573 usu
2927 518 3170 588 femineo,
3193 531 3501 576 exarserunt
3520 522 3576 576 in
3600 521 3737 578 desi-

470 598 583 651 tina
606 613 625 661 ,'
672 612 835 667 usque
861 597 989 650 dum
1013 598 1370 669 satisfactione
1391 615 1621 669 congrua
1641 598 1846 653 veniam
1871 614 2051 652 conse-

467 700 684 761 quatur.
712 688 961 760 Congrua
989 690 1186 745 dicitur
1222 688 1552 755 satisfactio,
1609 689 1825 759 quando
1858 702 2051 743 secun-

470 780 600 834 dum
631 778 849 835 modum
872 778 1045 850 culpae
1069 778 1249 850 agitur
1277 780 1578 849 pmnitudo.
1625 776 1723 833 Est
1748 778 1894 833 enim
1931 792 2053 848 pro-

468 869 762 926 videndum
794 882 864 923 ne
900 870 1083 939 gravis
1102 884 1203 938 pro
1230 869 1472 934 levibus,
1500 884 1602 923 nec
1639 867 1775 923 levis
1815 881 1915 937 pro
1939 866 2053 921 cul-

468 960 555 1031 pis
578 958 919 1030 gravioribus
950 958 1286 1028 paenitentiae
1306 956 1443 1012 ultio
1466 956 1750 1012 inferatur.
1800 954 2050 1010 Mensura

469 1062 727 1117 namque,
750 1048 1055 1118 etpondere
1076 1063 1232 1117 aequo
1244 1046 1686 1118 iustitiaque,pia
1701 1047 2052 1103 miseratione

468 1136 725 1191 continua
751 1134 912 1190 Pater
939 1136 1024 1191 vel
1050 1139 1372 1206 praepositus
1389 1139 1547 1193 debet
1566 1138 1861 1202 excellere,
1886 1144 1947 1191 ut
1971 1137 2053 1190 sic

470 1226 667 1281 vulnus
688 1233 843 1282 curet
866 1227 1081 1298 aegroti,
1106 1235 1376 1297 quatenus
1395 1227 1626 1283 salutem
1647 1235 1704 1281 et
1724 1241 1832 1282 nou
1863 1225 2052 1281 debili—

468 1322 640 1370 tatem
666 1314 867 1371 inferat
891 1315 1153 1382 membri;
1186 1316 1315 1386 quia
1341 1317 1484 1372 sicut
1508 1314 1850 1371 subditorum
1881 1315 2050 1370 vitam

466 1407 809 1477 praepositus,
868 1406 944 1461 ita
969 1415 1025 1462 et
1069 1408 1484 1477 praepositorum
1539 1405 1901 1478 negligentias
1952 1419 2051 1475 per

468 1496 822 1567 semetipsum
862 1496 1005 1553 Deus
1027 1495 1313 1566 iudicabit.

1043 1607 1272 1665 CAPUT
1300 1607 1468 1663 XXV.

928 1697 1009 1753 De
1044 1698 1370 1770 gravioribus
1400 1695 1588 1767 culpis.

536 1787 595 1843 Is
631 1789 798 1858 frater
831 1789 921 1859 qui
948 1788 1202 1859 gravioris
1249 1786 1417 1857 culpat
1458 1802 1597 1840 noxa
1638 1794 1862 1842 tenetur.
1893 1785 2048 1842 Noxa

466 1846 667 1936 dicitur
726 1846 901 1950 culpa,
940 1846 1027 1935 vel
1063 1846 1365 1934 criminalia
1426 1876 1643 1933 delicta.
1703 1876 1857 1933 Noxa
1900 1878 2049 1933 enim
2077 1846 2125 1906 Β

466 1971 753 2045 nocibilia,
793 1967 893 2026 vel
916 1969 1080 2025 noxia
1108 1969 1365 2025 dicuntur
1400 1968 1585 2039 gravia
1618 1976 1865 2038 peccata.

539 2061 904 2135 Suspendatur
932 2078 965 2114 a
995 2075 1175 2115 mensa
1203 2057 1365 2114 simul
1416 2067 1465 2111 et
1505 2057 1573 2111 ab
1595 2058 1853 2112 oratorio.
1908 2055 2049 2112 Hinc

466 2153 657 2208 beatus
681 2152 918 2207 Isidorus
945 2152 1022 2206 ait
1051 2169 1063 2204 :
1088 2150 1370 2207 Gravioris
1386 2160 1566 2205 autem
1587 2149 1759 2218 culpae
1782 2148 2049 2205 obnoxius

465 2249 582 2306 est,
613 2241 660 2296 si
689 2241 1016 2297 temulentus
1039 2240 1271 2310 quisque
1303 2240 1413 2303 sit,
1449 2239 1495 2294 si
1543 2239 1772 2302 discors,
1805 2238 1851 2293 si
1881 2238 2051 2308 turpi-

465 2333 687 2403 loquus,
710 2332 758 2388 si
785 2330 1113 2386 feminarum
1145 2330 1451 2396 familia-ris,
1470 2330 1517 2385 si
1541 2327 2050 2384 seminansdiscor—

465 2419 619 2486 dias,
655 2420 701 2475 si
729 2419 1025 2475 iracundus
1048 2458 1064 2485 ,
1104 2419 1156 2473 si
1191 2418 1315 2473 alta:
1362 2426 1421 2473 et
1446 2425 1644 2474 erectae
1684 2416 1916 2472 cervicis
1937 2455 1953 2479 ,
2001 2416 2049 2472 si

467 2518 648 2565 mente
687 2510 956 2575 tumidus,
987 2508 1072 2564 vel
1093 2507 1338 2578 iactante
1364 2509 1585 2564 incessu
1615 2507 2005 2563 immoderatus
2031 2548 2045 2571 ,

465 2600 514 2657 si
536 2600 838 2666 detractor,
881 2615 1109 2655 susurro
1131 2638 1147 2665 ,
1187 2599 1271 2654 vel
1306 2599 1542 2664 invidus,
1592 2598 1639 2653 si
1692 2606 2052 2669 praesumptor

466 2692 545 2746 rei
564 2689 872 2761 peculiaris,
898 2690 941 2746 si
965 2689 1211 2762 pecuniae
1233 2689 1483 2760 contagio
1511 2688 1840 2758 implicatus,
1870 2688 1916 2743 si
1941 2688 2047 2743 ali-

465 2780 596 2852 quid
620 2788 817 2851 prseter
851 2780 1155 2851 regularem
1205 2779 1664 2849 dispensationem
1707 2776 2044 2848 superﬂuum

466 2870 785 2939 possidens,
813 2869 863 2923 si
899 2868 1181 2923 fraudator
1208 2867 1289 2922 rei
1319 2868 1708 2937 acceptae,'aut
1745 2866 2050 2922 commissa:

469 2959 597 3024 sibi,
628 2967 723 3014 aut
741 2959 921 3014 minus
949 2959 1274 3015 commissae.
1306 2959 1452 3014 Inter
1480 2960 1596 3014 haec
1622 2958 1670 3013 si
1696 2960 1763 3014 de
1783 2959 1945 3015 rebus
1966 2975 2051 3016 se-

466 3064 593 3104 cum
619 3048 794 3105 allatis
815 3064 874 3104 se
895 3048 1169 3115 extulerit,
1194 3047 1278 3104 vel
1298 3046 1366 3104 de
1393 3048 1478 3104 his
1507 3064 1605 3119 per
1632 3048 2049 3103 inobedientiam

468 3139 920 3214 murmuraverit;
963 3139 1010 3194 si
1042 3139 1119 3194 rei
1162 3138 1383 3208 majoris
1404 3139 1661 3194 damnum
1693 3139 1954 3206 intulerit,
2000 3141 2048 3196 si

2150 600 2309 655 deriis
2329 602 2438 656 suis
2453 604 2689 669 invicem,
2724 607 2945 663 masculi
2970 609 3024 663 in
3048 608 3310 666 masculos
3359 610 3736 681 turpitudinem

2151 701 2440 761 operantes,
2488 702 2537 747 et
2566 697 2849 753 mercedem
2892 717 3050 769 quam
3082 703 3309 773 oportuit
3338 703 3532 759 erroris
3560 703 3645 758 sui
3684 703 3737 757 in

2150 779 2437 849 semetipsis
2454 783 2775 851 recipientes.
2809 786 2876 841 Et
2904 789 3037 843 sicut
3066 807 3167 845 non
3192 792 3542 862 probaverunt
3565 792 3737 857 Deum

2151 870 2340 924 habere
2386 871 2440 923 in
2472 872 2732 938 notitiam,
2763 877 2982 932 tradidit
3035 878 3153 934 illos
3185 879 3327 935 Deus
3369 881 3425 933 in
3461 879 3735 950 reprobum

2151 977 2381 1026 sensum,
2412 970 2469 1015 ut
2506 961 2705 1031 faciant
2733 983 2796 1020 ea
2822 985 2940 1035 quin
2988 987 3091 1026 non
3128 972 3460 1027 conveniunt.
3486 970 3732 1040 Replctos

2152 1052 2293 1104 omni
2320 1050 2612 1121 iniquitate.
2638 1054 2861 1124 malitia,
2888 1059 3255 1128 fornicatione,
3282 1061 3528 1121 avaritia,
3558 1062 3739 1129 ncqui—

2152 1144 2245 1202 tia,
2276 1142 2455 1213 plenos
2482 1144 3036 1215 inuidia,ltomicidiis,
3066 1152 3421 1215 contentione,
3450 1149 3596 1214 dolo,
3622 1164 3738 1203 ma-

2152 1231 2390 1300 lignitate
2410 1244 2431 1283 :
2460 1248 2797 1298 susurrones,
2835 1236 3175 1303 detractans,
3203 1239 3311 1296 Deo
3338 1238 3578 1305 odibiles,
3608 1256 3739 1293 con-

2152 1319 2476 1388 tumeliosos,
2535 1323 2806 1393 superbos,
2861 1321 3052 1390 elatos,
3102 1326 3393 1381 inventores
3451 1326 3735 1388 malorum,

2150 1412 2453 1481 parentibus
2502 1430 2608 1468 non
2636 1414 2951 1480 obedienles,
2982 1415 3305 1485 insipientes,
3332 1417 3730 1486 incompositos,

2151 1502 2263 1556 sine
2310 1504 2610 1573 affectione,
2648 1505 2840 1577 absque
2894 1504 3021 1574 fide,
3069 1505 3183 1559 sine
3210 1505 3595 1560 misericordia.
3630 1503 3737 1569 Qui

2152 1609 2271 1645 cum
2315 1592 2587 1661 justitiam
2639 1592 2738 1648 Dei
2786 1594 3168 1665 cognovissent,
3225 1610 3331 1649 non
3370 1592 3739 1657 intellexerunt

2150 1683 2402 1753 quoniam
2429 1684 2521 1754 qui
2554 1683 2684 1739 talia
2718 1695 2883 1757 agunt
2930 1686 3077 1756 digni
3106 1696 3228 1741 sunl
3273 1694 3474 1749 morte;
3514 1702 3620 1740 non
3648 1701 3737 1739 so-

2152 1772 2261 1827 lum
2285 1774 2376 1844 qui
2403 1772 2606 1842 faciunt
2635 1791 2721 1839 ea,
2750 1775 2841 1829 sed
2862 1783 2911 1829 et
2934 1775 3026 1844 qui
3063 1776 3394 1832 consentiunt
3421 1774 3737 1845 facientibus

2155 1859 2333 1931 (Rom.
2356 1862 2420 1933 ι).
2453 1862 2580 1920 Haec
2607 1866 2903 1921 secundum
2928 1865 3249 1937 Apostolum
3270 1866 3415 1921 dicta
3440 1864 3732 1921 stdftciaut.

2151 1954 2446 2011 Videamus
2489 1957 2765 2026 quomodo
2791 1958 2857 2013 de
2913 1956 3005 2013 bis
3036 1956 3217 2011 noxiis
3261 1954 3590 2026 gravibusve
3628 1968 3739 2009 cte-

2152 2046 2252 2100 teri
2284 2046 2478 2103 Patres
2533 2054 2591 2102 et
2644 2048 2760 2118 ipse
2805 2047 3017 2117 iudicet
3040 2048 3231 2103 beatus
3277 2045 3620 2103 Benedictus.
3647 2044 3740 2099 Ait

2151 2135 2302 2189 enim
2326 2136 2467 2191 idem
2496 2137 2557 2191 in.
2576 2137 3032 2207 subsequentibus
3058 2150 3073 2190 :

2224 2227 2421 2284 Nullus
2440 2231 2499 2284 ei
2515 2228 2743 2298 fratrum
2769 2232 2825 2284 in
2849 2230 2957 2285 ullo
2972 2228 3533 2301 jungaturconsortio,
3561 2242 3731 2297 neque

2150 2320 2207 2374 in
2235 2320 2517 2388 colloquio.
2548 2320 2705 2377 Solus
2736 2324 2803 2377 sit
2843 2323 2913 2378 ad
2937 2340 3070 2395 opus
3092 2322 3193 2377 sibi
3217 2322 3540 2392 iniunctum,
3568 2321 3736 2391 persi-

2151 2409 2361 2464 stensin
2374 2410 2692 2480 panitentite
2711 2410 2880 2466 luctu.
2904 2411 3043 2469 Hinc
3064 2420 3119 2467 et
3132 2411 3223 2467 alii
3236 2410 3428 2468 Patres
3440 2410 3694 2465 dixerunt
3715 2424 3730 2461 :

2154 2497 2215 2553 Si
2236 2500 2358 2568 quis
2388 2515 2521 2556 vero
2560 2504 2858 2559 monachus
2889 2502 3104 2559 furtum
3120 2503 3345 2569 fecerit,
3385 2502 3529 2573 quod
3558 2500 3739 2572 potius

2152 2591 2501 2661 sacrilegium
2525 2593 2630 2648 diei
2656 2601 2855 2663 potest,
2884 2596 2936 2651 id
2976 2596 3290 2651 censuimus
3330 2594 3741 2658 ordirmvdo,.ut

2145 2679 2335 2749 iunior
2360 2681 2529 2752 virgis
2583 2698 2781 2751 cassus,
2810 2686 2944 2741 tanti
2985 2686 3235 2742 criminis
3288 2701 3415 2742 reus
3458 2696 3735 2754 nunquam

2151 2770 2388 2830 cilicium
2413 2773 2703 2833 clericatus
2728 2778 2985 2848 excipiat.
3018 2778 3077 2834 Si
3112 2793 3242 2833 vero
3267 2776 3382 2844 iam
3424 2776 3657 2835 clericus
3680 2775 3736 2829 in

2153 2864 2207 2918 id
2235 2861 2446 2921 facinus
2480 2865 2648 2922 fuerit
2668 2856 3063 2938 deprehensus,
3096 2869 3331 2925 nominis
3364 2867 3536 2939 ipsius
3560 2864 3741 2936 digni-

2156 2960 2266 3009 tate
2293 2956 2555 3026 privetur.
2585 2957 2683 3014 Cui
2703 2958 2951 3015 sul‘licere
2971 2968 3152 3031 potest
3174 2975 3275 3029 pro
3296 2965 3451 3015 actus
3482 2957 3567 3013 sui
3600 2955 3737 3011 levi-

2155 3051 2289 3110 tate,
2318 3046 2538 3116 impleta
2569 3049 2770 3117 pmvia
2816 3049 3212 3115 satisfactione,
3241 3047 3572 3105 communio.
3601 3044 3741 3100 lline

2158 3135 2352 3191 beatus
2382 3135 2670 3195 Ferreolus
2693 3139 2807 3195 ait:
2837 3140 2991 3196 Furti
3021 3140 3322 3205 conscium,
3354 3139 3401 3195 si
3431 3139 3612 3194 adhuc
3638 3152 3737 3192 vo-

466 3202 914 3295 furatus'fuerit,
947 3228 995 3284 si
1053 3202 1415 3299 periuraverit
1434 3268 1452 3294 ,
1508 3230 1555 3284 si
1596 3227 1792 3284 falsum
1825 3202 2046 3297 dixerit,
2077 3202 2122 3265 (ἶ
2153 3241 2281 3282 care
2305 3228 2627 3285 monachum
2664 3244 2974 3300 possumus,
3004 3228 3167 3301 quasi
3188 3202 3514 3292 adulterum,
3543 3243 3740 3284 secun-

466 3319 514 3375 si
540 3319 921 3375 contentiones
971 3319 1059 3374 vel
1084 3321 1234 3375 rixas
1283 3320 1572 3386 amaverit,
1603 3320 1647 3376 si
1701 3320 2049 3377 manifestum

465 3409 770 3465 convicium
809 3407 967 3464 fratri
1005 3409 1293 3476 intulerit,
1322 3409 1370 3464 si
1406 3424 1693 3480 personam
1746 3409 2050 3465 innocentis

466 3495 604 3553 falso
631 3499 859 3555 crimine
878 3499 1248 3565 maculaverit,
1278 3499 1325 3553 si
1339 3499 1649 3555 contumaci
1665 3498 1847 3553 animo
1871 3498 2049 3554 senio-

467 3601 586 3642 rem
630 3588 974 3657 despexerit,
1028 3588 1073 3643 si
1108 3601 1393 3643 rancorem
1426 3587 1695 3642 adversus.
1714 3585 1938 3641 fratrem
1970 3593 2049 3640 te-

468 3677 671 3744 nuerit,
703 3678 750 3733 si
787 3680 1034 3748 peceanti
1090 3680 1153 3733 in
1177 3693 1234 3734 se
1261 3686 1318 3733 et
1365 3686 1559 3748 postea.
1608 3678 1930 3748 supplicanti
1959 3693 2049 3733 ve-

467 3768 615 3824 niam
644 3785 752 3825 non
774 3770 1125 3837 concesserit,
1154 3770 1199 3826 si
1235 3785 1358 3825 cum
1387 3770 1629 3840 parvulis
1650 3769 1937 3840 jocaverit,
1970 3770 2046 3825 ri-

469 3858 608 3913 serit
634 3858 720 3913 vel
750 3874 845 3915 eos
891 3860 1172 3916 osculatus
1210 3859 1394 3925 fuerit,
1422 3860 1468 3915 si
1495 3875 1620 3915 eum
1648 3860 1820 3916 altero
1856 3860 1909 3915 in
1940 3876 2048 3917 uno

465 3948 608 4006 lecto
628 3950 886 4020 jacuerit,
933 3953 981 4008 si
1014 3960 1166 4008 extra
1204 3967 1547 4008 communem
1596 3967 1840 4008 mensam
1866 3953 2049 4022 priva-

467 4047 569 4102 tim
592 4047 677 4102 vel
710 4046 897 4103 furtim
925 4048 1202 4119 quippiam
1228 4047 1540 4117 sumpserit,
1569 4047 1621 4102 si
1649 4047 1844 4102 alicubi
1894 4053 2048 4102 extra

468 4153 796 4195 consensum
824 4140 1119 4211 praepositi
1162 4139 1245 4196 vel
1271 4139 1485 4196 abbatis
1533 4140 1819 4197 discedens
1869 4141 2049 4197 medio

469 4229 558 4284 die
586 4229 675 4284 vel
702 4230 934 4299 amplius
959 4238 1345 4297 commoretur,
1394 4232 1463 4295 si,
1499 4240 1558 4285 ut
1582 4232 1791 4287 otiosus
1821 4234 1914 4296 sit,
1943 4232 2045 4286 fal-

469 4335 586 4376 sam
601 4319 967 4378 intirmitatem
982 4322 1335 4392 praetenderit
1352 4340 1365 4376 :
1384 4323 1499 4377 base
1510 4330 1567 4378 et
1586 4314 1671 4378 his
1688 4324 1883 4379 similia
1891 4326 1984 4396 iux
1995 4333 2046 4379 ta

467 4410 751 4466 arbitrium
762 4412 963 4482 prioris
977 4413 1234 4469 diuturna
1248 4414 1805 4470 excommunicatione
1819 4430 2051 4486 purgan-

468 4498 536 4553 da
557 4508 704 4566 sunt,
720 4509 781 4554 ut
807 4501 898 4570 qui
920 4501 1159 4572 graviter
1176 4517 1403 4570 peccare
1418 4512 1735 4569 noscuntur,
1751 4505 1950 4560 acriori
1968 4520 2052 4560 se-

2152 3317 2283 3373 dum
2315 3315 2539 3389 ﬂagellis
2586 3320 2766 3386 subdi,
2812 3328 2871 3377 et
2918 3337 3123 3393 magna
3177 3321 3388 3376 conteri
3441 3318 3737 3376 alllictione

2146 3405 2423 3476 iubemus,
2438 3409 2632 3464 dantes
2657 3409 2732 3465 illi
2746 3426 2915 3466 unam
2926 3425 3051 3466 cum
3065 3411 3370 3467 fornicante
3384 3412 3709 3466 sententiam
3720 3452 3735 3476 ,
3808 3478 3812 3483 ,

2150 3488 2279 3565 quia
2301 3503 2357 3550 et
2385 3496 2500 3565 ipse
2524 3496 2829 3553 luxuriatus
2857 3506 2965 3562 est,
2994 3513 3124 3553 cum
3164 3498 3463 3554 furaretur.
3516 3498 3739 3554 Similes

2150 3586 2297 3640 enim
2332 3599 2427 3640 eos
2460 3601 2567 3641 non
2593 3585 2888 3657 incongrue
2915 3585 3169 3653 dicimus,
3195 3603 3333 3659 quos
3360 3588 3413 3642 in
3439 3602 3597 3643 sacra
3621 3587 3730 3644 lec-

2153 3674 2297 3729 tione
2329 3674 2537 3745 pariter
2558 3674 2774 3746 positos.
2794 3676 3121 3734 invenimus.
3154 3679 3296 3734 Dicit
3317 3694 3448 3749 ergo
3474 3678 3736 3735 Dominus

2149 3780 2250 3836 per
2274 3766 2593 3835 prophetam
2622 3786 2636 3821 :
2668 3764 2793 3821 Non
2812 3776 2886 3822 est
2917 3768 3137 3823 scientia
3184 3769 3280 3823 Dei
3323 3785 3484 3846 super
3539 3778 3735 3823 terram

2152 3854 2297 3929 (Ose.
2321 3856 2418 3930 ιγ).
2434 3856 2502 3911 Ει
2533 3857 2698 3927 paulo
2714 3866 2837 3928 post
2859 3857 3127 3914 :Furtum
3158 3870 3209 3914 et
3235 3859 3555 3914 adulterium
3577 3859 3735 3913 inun-

2150 3947 2405 4002 daverant
2434 3947 2733 4021 (Ibid.).Et
2756 3950 3024 4005 iterumin
3040 3950 3360 4021 psalmo:Si
3391 3950 3599 4005 videbas
3649 3951 3737 4018 Ρα-

2151 4055 2280 4104 rem,
2314 4038 2561 4094 currebas
2591 4057 2708 4095 cum
2735 4057 2820 4107 eo,
2870 4050 2920 4096 et
2957 4057 3079 4095 cum
3132 4040 3391 4096 adulteris
3439 4042 3736 4112 portin

2148 4138 2295 4183 tuam
2306 4129 2532 4199 ponebas
2546 4129 2720 4202 (Psal.
2734 4131 2885 4207 χιιι)
2903 4131 3174 4204 .Legimus
3184 4132 3352 4188 etiam
3372 4132 3428 4186 in
3439 4132 3735 4203 Evangelia

2148 4218 2434 4276 Dominum
2487 4221 2691 4277 dixisse
2721 4240 2737 4277 :
2769 4220 3198 4290 Fornicationes,
3255 4223 3431 4293 furta,
3496 4231 3588 4288 et,
3632 4237 3735 4278 nec

2150 4323 2304 4365 mora
2357 4311 2524 4375 addit,
2582 4312 2695 4367 ha=c
2743 4323 2865 4367 sunt
2911 4330 3030 4385 quis
3078 4313 3416 4384 coinquinant
3471 4313 3735 4367 hominem

2121 4452 2125 4459 .
2151 4400 2365 4472 (Matth.
2400 4400 2514 4474 xv).
2539 4401 2619 4457 Ex
2648 4402 2736 4458 bis
2761 4403 3007 4473 profecto
3044 4404 3349 4477 intelligere
3375 4414 3604 4476 possunt
3642 4405 3740 4461 ho-

2149 4506 2272 4546 rum
2298 4492 2565 4547 scelerum
2584 4494 2726 4549 servi
2749 4494 2876 4564 quia
2895 4495 3039 4551 sicut
3059 4496 3437 4565 aequaliterbis
3452 4495 3739 4551 dominan-

468 4590 701 4645 veritate
722 4602 1093 4648 coerceantur.
1118 4594 1252 4649 Nam
1278 4604 1333 4650 et
1359 4595 1475 4651 inec
1493 4595 1625 4650 vitia
1647 4597 1830 4665 gravia
1848 4597 2049 4655 Paulus

2154 4592 2242 4639 tur
2253 4584 2403 4649 vitia,
2416 4584 2698 4654 aequaliter
2711 4585 3008 4645 dcbewret
3019 4602 3197 4659 pinna.
3213 4585 3351 4642 Hinc
3366 4588 3556 4642 beatus
3571 4585 3738 4643 Fruc-

467 4680 746 4749 apostolus
787 4682 840 4736 in
879 4682 1119 4753 Epistola
1155 4685 1224 4739 ad
1254 4684 1475 4741 Galatas
1503 4697 1787 4741 enumerat
1810 4687 1998 4742 dicens
2031 4705 2044 4741 :

470 4767 757 4837 Manifesta
796 4779 972 4824 autem
1011 4781 1132 4826 sunt
1154 4789 1311 4842 opera
1352 4774 1551 4837 carnis,
1587 4790 1707 4845 qua:
1739 4784 1859 4828 sunt
1883 4774 2051 4845 forni-

468 4858 627 4924 catio,
659 4859 1014 4926 immunditia,
1067 4859 1299 4925 luxuria,
1330 4860 1594 4915 idolorum
1629 4865 1871 4929 servitus,
1898 4881 2052 4919 vene-

466 4945 615 5017 ﬁcia,
663 4946 970 5011 inimicitire,
1034 4951 1431 5013 contentiones,
1464 4950 1849 5018 autsulationes,
1911 4956 2033 5018 ira',

468 5034 624 5099 rixas,
654 5035 1020 5101 dissensiones,
1049 5049 1224 5104 secta’,
1261 5039 1493 5103 incidite,
1524 5039 1829 5106 homicidia,
1876 5042 2045 5097 ebrie-

467 5134 621 5192 tates,
677 5129 1099 5195 comessationes,
1153 5139 1202 5183 et
1251 5131 1331 5185 Itis
1390 5131 1607 5196 similia,
1654 5148 1774 5202 qua:
1821 5135 2049 5203 prtrdico

466 5216 635 5283 vobis,
685 5219 820 5272 sicut
869 5236 985 5291 qua:
1037 5220 1282 5289 prtrdixi,
1326 5222 1573 5291 quoniam
1614 5223 1705 5293 qui
1734 5223 1863 5278 talia
1888 5236 2049 5296 agunt

469 5322 686 5376 regnum
730 5307 829 5362 Dei
867 5326 969 5363 non
998 5322 1377 5381 consequentur
1406 5310 1549 5382 (Gal.
1583 5315 1656 5383 v).
1695 5314 1765 5367 Et
1816 5329 1910 5369 eos
1958 5317 2050 5384 qui

466 5398 667 5454 talibus
702 5409 828 5454 sunt
857 5400 1007 5456 vitiis
1034 5401 1306 5472 applicati,
1360 5402 1503 5458 idem
1545 5405 1821 5474 apostolus
1845 5407 1900 5461 in
1927 5407 2052 5477 Epi-

467 5490 605 5546 stola
621 5490 689 5545 ad
712 5490 986 5559 Romanos
1010 5493 1348 5565 blasphemat
1375 5497 1597 5551 dicens:
1631 5496 1917 5566 Propterea
1948 5508 2054 5553 tra-

468 5580 603 5635 didit
632 5580 751 5638 illos
797 5584 938 5640 Deus
989 5586 1045 5639 in
1089 5588 1359 5657 passiones
1403 5588 1724 5658 ignominiae.
1782 5588 1926 5643 Nam
1974 5591 2051 5660 fe-

468 5673 627 5727 mina:
650 5672 862 5728 illorum
893 5677 1296 5732 inmutaverunt
1345 5678 1638 5733 naturalem
1672 5680 1904 5734 usumin
1932 5698 2047 5735 eum

472 5778 622 5817 usum
650 5765 739 5835 qui
765 5776 837 5820 est
879 5778 1057 5821 contra
1073 5776 1333 5824 naturam.
1379 5768 1633 5826 Similiter
1669 5781 1839 5826 autem
1866 5781 1910 5827 et
1940 5788 2050 5827 ma-

2151 4685 2340 4731 tuosus
2368 4674 2652 4746 episcopus
2673 4676 2750 4733 ait
2775 4695 2787 4731 :
2817 4676 3113 4733 Monachus
3133 4677 3480 4747 parvulorum
3515 4693 3739 4735 consec-

2151 4777 2318 4835 tator,
2350 4769 2434 4824 vel
2462 4770 2773 4840 quicunque
2801 4772 3043 4841 qualibet
3067 4773 3353 4827 occasione
3386 4773 3527 4844 turpi
3555 4789 3740 4842 repre-

2149 4860 2355 4915 hensus
2388 4858 2550 4915 fuerit
2570 4860 2800 4925 inhiare,
2831 4876 2955 4915 cum
3000 4850 3229 4931 probata
3286 4872 3535 4932 patenter
3576 4860 3741 4917 fuerit

2150 4964 2247 5018 per
2267 4959 2626 5005 accusatores.
2644 4951 2955 5006 verissimus
2981 4952 3099 5007 sive
3131 4960 3298 5007 testes
3321 4969 3505 5017 causa,
3524 4954 3737 5022 publice

2152 5041 2492 5105 verberetur,
2514 5056 2770 5095 coronam
2786 5042 2983 5111 capitis
3001 5058 3166 5113 quam
3213 5045 3462 5115 gestabat
3499 5045 3734 5107 amittat,

2151 5131 2609 5201 discalciatusquc
2623 5132 2856 5201 turpiter
2878 5134 3230 5203 opprobrium
3243 5143 3447 5205 pateat,
3463 5133 3734 5187 enimsun—

2150 5238 2258 5292 que
2285 5231 2442 5292 sputa
2478 5224 2530 5277 in
2569 5238 2692 5278 eum
2744 5225 2893 5280 illata
2929 5228 3238 5298 probroque
3261 5244 3414 5297 teque
3452 5224 3730 5293 suscipiat,

2150 5316 2488 5387 vinculisque
2517 5326 2758 5374 aretatus
2793 5318 3019 5386 ferreis,
3055 5322 3294 5379 carceris
3324 5336 3416 5374 sex
3460 5316 3734 5370 tueusilms

2153 5407 2402 5479 angustia
2442 5418 2786 5478 macerctur;
2824 5421 2879 5466 et
2918 5414 3168 5468 triduana
3208 5425 3306 5479 per
3368 5406 3761 5486 hebdomadas

2156 5501 2394 5572 singulas
2438 5501 2734 5559 refectione
2775 5505 2933 5574 panis
2970 5504 3145 5573 exigui
3199 5498 3482 5554 hordeacei
3514 5511 3733 5566 vesper-

2156 5593 2269 5647 tino
2290 5599 2532 5662 tempore
2564 5596 2895 5649 sublevetur.
2936 5594 3067 5647 Post
3109 5590 3301 5646 deinde
3323 5588 3554 5657 expletis
3584 5603 3736 5643 men-

2156 5683 2304 5737 sibus
2328 5683 2434 5747 his,
2463 5683 2581 5738 aliis
2607 5700 2698 5739 sex
2738 5684 3016 5738 mensibus
3073 5680 3488 5735 succedentibus
3529 5680 3629 5735 sub
3654 5693 3734 5734 so-

2158 5774 2325 5829 uioris
2340 5775 2591 5845 spiritalis
2609 5774 2848 5829 custodia
2863 5781 3142 5843 segregata
3158 5772 3210 5826 in
3229 5772 3490 5829 corticula
3505 5773 3725 5848 degens,
