  <div class='ocr_page' id='page_1' title='image "/cluster/home/n/w/nwhite01/storage/ocr_20150623/102/hvd.32044052820032/431.png"; bbox 0 0 3992 6206; ppageno 0'>
   <div class='ocr_carea' id='block_1_1' title="bbox 307 390 406 447">
    <p class='ocr_par' dir='ltr' id='par_1_1' title="bbox 307 390 406 447">
     <span class='ocr_line' id='line_1_1' title="bbox 307 390 406 447; baseline -0.04 -1"><span class='ocrx_word' id='word_1_1' title='bbox 307 390 406 447; x_wconf 77' lang='lat'><strong>851</strong></span> 
     </span>
    </p>
   </div>
   <div class='ocr_carea' id='block_1_2' title="bbox 1581 364 2258 424">
    <p class='ocr_par' dir='ltr' id='par_1_2' title="bbox 1581 364 2258 424">
     <span class='ocr_line' id='line_1_2' title="bbox 1581 364 2258 424; baseline -0.003 0"><span class='ocrx_word' id='word_1_2' title='bbox 1581 366 1857 424; x_wconf 61' lang='lat' dir='ltr'><strong>SMARAG</strong></span> <span class='ocrx_word' id='word_1_3' title='bbox 1870 366 1927 419; x_wconf 84' lang='lat' dir='ltr'><strong>Dl</strong></span> <span class='ocrx_word' id='word_1_4' title='bbox 1970 364 2258 421; x_wconf 72' lang='lat' dir='ltr'><strong>ABBATIS</strong></span> 
     </span>
    </p>
   </div>
   <div class='ocr_carea' id='block_1_3' title="bbox 3431 356 3537 412">
    <p class='ocr_par' dir='ltr' id='par_1_3' title="bbox 3431 356 3537 412">
     <span class='ocr_line' id='line_1_3' title="bbox 3431 356 3537 412; baseline -0.028 0"><span class='ocrx_word' id='word_1_5' title='bbox 3431 356 3537 412; x_wconf 69' lang='grc' dir='ltr'><strong>8ῗὶ2</strong></span> 
     </span>
    </p>
   </div>
   <div class='ocr_carea' id='block_1_4' title="bbox 205 470 3540 569">
    <p class='ocr_par' dir='ltr' id='par_1_4' title="bbox 205 470 3540 569">
     <span class='ocr_line' id='line_1_4' title="bbox 205 470 3540 569; baseline -0.007 -19"><span class='ocrx_word' id='word_1_6' title='bbox 205 476 214 483; x_wconf 55' lang='grc'><strong>’</strong></span> <span class='ocrx_word' id='word_1_7' title='bbox 302 512 468 569; x_wconf 76' lang='lat' dir='ltr'><strong>opere</strong></span> <span class='ocrx_word' id='word_1_8' title='bbox 488 508 743 551; x_wconf 88' lang='lat' dir='ltr'><strong>manuum</strong></span> <span class='ocrx_word' id='word_1_9' title='bbox 773 492 826 545; x_wconf 90' lang='lat' dir='ltr'><strong>in</strong></span> <span class='ocrx_word' id='word_1_10' title='bbox 869 488 1112 543; x_wconf 89' lang='lat' dir='ltr'><strong>oratione</strong></span> <span class='ocrx_word' id='word_1_11' title='bbox 1146 484 1400 538; x_wconf 89' lang='lat' dir='ltr'><strong>continua</strong></span> <span class='ocrx_word' id='word_1_12' title='bbox 1442 481 1514 535; x_wconf 91' lang='lat' dir='ltr'><strong>sit</strong></span> <span class='ocrx_word' id='word_1_13' title='bbox 1559 486 1867 541; x_wconf 88' lang='lat' dir='ltr'><strong>contentus,</strong></span> <span class='ocrx_word' id='word_1_14' title='bbox 1897 480 1942 538; x_wconf 84' lang='grc' dir='ltr'><strong>Α</strong></span> <span class='ocrx_word' id='word_1_15' title='bbox 1970 477 2214 532; x_wconf 91' lang='lat' dir='ltr'><strong>oratione</strong></span> <span class='ocrx_word' id='word_1_16' title='bbox 2253 490 2566 545; x_wconf 82' lang='lat' dir='ltr'><strong>suspensus,</strong></span> <span class='ocrx_word' id='word_1_17' title='bbox 2607 475 2783 529; x_wconf 89' lang='lat' dir='ltr'><strong>nullus</strong></span> <span class='ocrx_word' id='word_1_18' title='bbox 2829 489 2952 529; x_wconf 88' lang='lat' dir='ltr'><strong>cum</strong></span> <span class='ocrx_word' id='word_1_19' title='bbox 2982 488 3048 528; x_wconf 89' lang='lat' dir='ltr'><strong>eo</strong></span> <span class='ocrx_word' id='word_1_20' title='bbox 3095 470 3286 526; x_wconf 88' lang='lat' dir='ltr'><strong>orandi</strong></span> <span class='ocrx_word' id='word_1_21' title='bbox 3340 471 3540 527; x_wconf 86' lang='lat' dir='ltr'><strong>habeat</strong></span> 
     </span>
    </p>
   </div>
   <div class='ocr_carea' id='block_1_5' title="bbox 303 570 1872 660">
    <p class='ocr_par' dir='ltr' id='par_1_5' title="bbox 303 570 1872 660">
     <span class='ocr_line' id='line_1_5' title="bbox 303 570 1872 660; baseline -0.015 -15"><span class='ocrx_word' id='word_1_22' title='bbox 303 588 503 660; x_wconf 75' lang='lat' dir='ltr'><strong>vigiliis</strong></span> <span class='ocrx_word' id='word_1_23' title='bbox 521 595 577 641; x_wconf 88' lang='lat' dir='ltr'><strong>et</strong></span> <span class='ocrx_word' id='word_1_24' title='bbox 613 583 829 640; x_wconf 79' lang='lat' dir='ltr'><strong>ﬂetibus</strong></span> <span class='ocrx_word' id='word_1_25' title='bbox 861 587 919 635; x_wconf 90' lang='lat' dir='ltr'><strong>et</strong></span> <span class='ocrx_word' id='word_1_26' title='bbox 961 575 1265 633; x_wconf 90' lang='lat' dir='ltr'><strong>humilitate</strong></span> <span class='ocrx_word' id='word_1_27' title='bbox 1295 572 1591 642; x_wconf 78' lang='lat' dir='ltr'><strong>subjectus,</strong></span> <span class='ocrx_word' id='word_1_28' title='bbox 1618 579 1673 624; x_wconf 89' lang='lat' dir='ltr'><strong>et</strong></span> <span class='ocrx_word' id='word_1_29' title='bbox 1696 570 1872 660; x_wconf 79' lang='lat' dir='ltr'><strong>pomi-</strong></span> 
     </span>
    </p>
   </div>
   <div class='ocr_carea' id='block_1_6' title="bbox 309 659 1873 737">
    <p class='ocr_par' dir='ltr' id='par_1_6' title="bbox 309 659 1873 737">
     <span class='ocr_line' id='line_1_6' title="bbox 309 659 1873 737; baseline -0.014 -3"><span class='ocrx_word' id='word_1_30' title='bbox 309 659 492 734; x_wconf 68' lang='lat' dir='ltr'><strong>tentia:</strong></span> <span class='ocrx_word' id='word_1_31' title='bbox 536 672 787 729; x_wconf 77' lang='lat' dir='ltr'><strong>lamentis</strong></span> <span class='ocrx_word' id='word_1_32' title='bbox 813 669 1026 724; x_wconf 91' lang='lat' dir='ltr'><strong>veniam</strong></span> <span class='ocrx_word' id='word_1_33' title='bbox 1077 664 1356 737; x_wconf 81' lang='lat' dir='ltr'><strong>percipiat,</strong></span> <span class='ocrx_word' id='word_1_34' title='bbox 1388 670 1442 718; x_wconf 89' lang='lat' dir='ltr'><strong>et</strong></span> <span class='ocrx_word' id='word_1_35' title='bbox 1502 661 1602 715; x_wconf 89' lang='lat' dir='ltr'><strong>snb</strong></span> <span class='ocrx_word' id='word_1_36' title='bbox 1630 659 1873 714; x_wconf 84' lang='lat' dir='ltr'><strong>custodia</strong></span> 
     </span>
    </p>
   </div>
   <div class='ocr_carea' id='block_1_7' title="bbox 309 741 1872 838">
    <p class='ocr_par' dir='ltr' id='par_1_7' title="bbox 309 741 1872 838">
     <span class='ocr_line' id='line_1_7' title="bbox 309 741 1872 838; baseline -0.015 -14"><span class='ocrx_word' id='word_1_37' title='bbox 309 780 522 838; x_wconf 79' lang='lat' dir='ltr'><strong>semper</strong></span> <span class='ocrx_word' id='word_1_38' title='bbox 541 771 596 820; x_wconf 85' lang='lat' dir='ltr'><strong>et</strong></span> <span class='ocrx_word' id='word_1_39' title='bbox 627 741 991 819; x_wconf 68' lang='lat' dir='ltr'><strong>sdllicitudiue</strong></span> <span class='ocrx_word' id='word_1_40' title='bbox 1020 757 1247 812; x_wconf 88' lang='lat' dir='ltr'><strong>duorum</strong></span> <span class='ocrx_word' id='word_1_41' title='bbox 1295 750 1617 822; x_wconf 81' lang='lat' dir='ltr'><strong>spiritalium</strong></span> <span class='ocrx_word' id='word_1_42' title='bbox 1645 749 1872 802; x_wconf 80' lang='lat' dir='ltr'><strong>fratrum</strong></span> 
     </span>
    </p>
   </div>
   <div class='ocr_carea' id='block_1_8' title="bbox 307 838 1875 917">
    <p class='ocr_par' dir='ltr' id='par_1_8' title="bbox 307 838 1875 917">
     <span class='ocr_line' id='line_1_8' title="bbox 307 838 1875 917; baseline -0.015 -3"><span class='ocrx_word' id='word_1_43' title='bbox 307 859 363 914; x_wconf 91' lang='lat' dir='ltr'><strong>iu</strong></span> <span class='ocrx_word' id='word_1_44' title='bbox 392 856 718 913; x_wconf 87' lang='lat' dir='ltr'><strong>monasterio</strong></span> <span class='ocrx_word' id='word_1_45' title='bbox 752 851 1012 917; x_wconf 87' lang='lat' dir='ltr'><strong>ambulet,</strong></span> <span class='ocrx_word' id='word_1_46' title='bbox 1038 849 1183 903; x_wconf 90' lang='lat' dir='ltr'><strong>nulla</strong></span> <span class='ocrx_word' id='word_1_47' title='bbox 1230 846 1440 916; x_wconf 86' lang='lat' dir='ltr'><strong>privata</strong></span> <span class='ocrx_word' id='word_1_48' title='bbox 1470 839 1740 895; x_wconf 85' lang='lat' dir='ltr'><strong>locutione</strong></span> <span class='ocrx_word' id='word_1_49' title='bbox 1789 838 1875 892; x_wconf 93' lang='lat' dir='ltr'><strong>vel</strong></span> 
     </span>
    </p>
   </div>
   <div class='ocr_carea' id='block_1_9' title="bbox 307 929 1604 1016">
    <p class='ocr_par' dir='ltr' id='par_1_9' title="bbox 307 929 1604 1016">
     <span class='ocr_line' id='line_1_9' title="bbox 307 929 1604 1016; baseline -0.019 -13"><span class='ocrx_word' id='word_1_50' title='bbox 307 943 538 1002; x_wconf 80' lang='lat' dir='ltr'><strong>concilio</strong></span> <span class='ocrx_word' id='word_1_51' title='bbox 570 945 824 1012; x_wconf 80' lang='lat' dir='ltr'><strong>deinceps</strong></span> <span class='ocrx_word' id='word_1_52' title='bbox 839 939 1128 1012; x_wconf 87' lang='lat' dir='ltr'><strong>juvenibus</strong></span> <span class='ocrx_word' id='word_1_53' title='bbox 1148 929 1571 1004; x_wconf 83' lang='lat' dir='ltr'><strong>conjungendus.</strong></span> <span class='ocrx_word' id='word_1_54' title='bbox 1599 1011 1604 1016; x_wconf 27' lang='lat'><strong><em>.</em></strong></span> 
     </span>
    </p>
   </div>
   <div class='ocr_carea' id='block_1_10' title="bbox 378 1013 1875 1093">
    <p class='ocr_par' dir='ltr' id='par_1_10' title="bbox 378 1013 1875 1093">
     <span class='ocr_line' id='line_1_10' title="bbox 378 1013 1875 1093; baseline -0.014 -8"><span class='ocrx_word' id='word_1_55' title='bbox 378 1032 561 1085; x_wconf 76' lang='lat' dir='ltr'><strong>Sciens</strong></span> <span class='ocrx_word' id='word_1_56' title='bbox 588 1029 736 1083; x_wconf 78' lang='lat' dir='ltr'><strong>illam</strong></span> <span class='ocrx_word' id='word_1_57' title='bbox 761 1022 1045 1082; x_wconf 76' lang='lat' dir='ltr'><strong>terribilem</strong></span> <span class='ocrx_word' id='word_1_58' title='bbox 1065 1019 1299 1093; x_wconf 78' lang='lat' dir='ltr'><strong>Apostoli</strong></span> <span class='ocrx_word' id='word_1_59' title='bbox 1314 1013 1620 1071; x_wconf 80' lang='lat' dir='ltr'><strong>sententiam</strong></span> <span class='ocrx_word' id='word_1_60' title='bbox 1634 1013 1875 1077; x_wconf 80' lang='lat' dir='ltr'><strong>dicentis,</strong></span> 
     </span>
    </p>
   </div>
   <div class='ocr_carea' id='block_1_11' title="bbox 278 1104 1875 1186">
    <p class='ocr_par' dir='ltr' id='par_1_11' title="bbox 278 1104 1875 1186">
     <span class='ocr_line' id='line_1_11' title="bbox 278 1104 1875 1186; baseline -0.012 -14"><span class='ocrx_word' id='word_1_61' title='bbox 278 1118 563 1171; x_wconf 69' lang='lat' dir='ltr'><strong>&#39;lraditum</strong></span> <span class='ocrx_word' id='word_1_62' title='bbox 585 1116 890 1186; x_wconf 74' lang='lat' dir='ltr'><strong>huiusmodi</strong></span> <span class='ocrx_word' id='word_1_63' title='bbox 939 1114 1197 1168; x_wconf 80' lang='lat' dir='ltr'><strong>hominem</strong></span> <span class='ocrx_word' id='word_1_64' title='bbox 1247 1105 1459 1162; x_wconf 65' lang='lat' dir='ltr'><strong>Satanae</strong></span> <span class='ocrx_word' id='word_1_65' title='bbox 1505 1106 1561 1157; x_wconf 80' lang='lat' dir='ltr'><strong>in</strong></span> <span class='ocrx_word' id='word_1_66' title='bbox 1607 1104 1875 1156; x_wconf 81' lang='lat' dir='ltr'><strong>interitum</strong></span> 
     </span>
    </p>
   </div>
   <div class='ocr_carea' id='block_1_12' title="bbox 307 1189 1874 1273">
    <p class='ocr_par' dir='ltr' id='par_1_12' title="bbox 307 1189 1874 1273">
     <span class='ocr_line' id='line_1_12' title="bbox 307 1189 1874 1273; baseline -0.011 -13"><span class='ocrx_word' id='word_1_67' title='bbox 307 1207 509 1269; x_wconf 81' lang='lat' dir='ltr'><strong>carnis,</strong></span> <span class='ocrx_word' id='word_1_68' title='bbox 541 1216 597 1259; x_wconf 75' lang='lat' dir='ltr'><strong>ut</strong></span> <span class='ocrx_word' id='word_1_69' title='bbox 620 1205 833 1273; x_wconf 78' lang='lat' dir='ltr'><strong>spiritus</strong></span> <span class='ocrx_word' id='word_1_70' title='bbox 855 1202 1028 1255; x_wconf 74' lang='lat' dir='ltr'><strong>salvus</strong></span> <span class='ocrx_word' id='word_1_71' title='bbox 1047 1200 1115 1253; x_wconf 85' lang='lat' dir='ltr'><strong>sit</strong></span> <span class='ocrx_word' id='word_1_72' title='bbox 1138 1198 1193 1251; x_wconf 78' lang='lat' dir='ltr'><strong>in</strong></span> <span class='ocrx_word' id='word_1_73' title='bbox 1220 1195 1304 1248; x_wconf 83' lang='lat' dir='ltr'><strong>die</strong></span> <span class='ocrx_word' id='word_1_74' title='bbox 1330 1194 1542 1246; x_wconf 85' lang='lat' dir='ltr'><strong>Domini</strong></span> <span class='ocrx_word' id='word_1_75' title='bbox 1565 1191 1615 1263; x_wconf 87' lang='grc' dir='ltr'><strong>(Ι</strong></span> <span class='ocrx_word' id='word_1_76' title='bbox 1641 1191 1766 1246; x_wconf 83' lang='lat' dir='ltr'><strong>Cor.</strong></span> <span class='ocrx_word' id='word_1_77' title='bbox 1797 1189 1874 1261; x_wconf 90' lang='lat' dir='ltr'><strong>v).</strong></span> 
     </span>
    </p>
   </div>
   <div class='ocr_carea' id='block_1_13' title="bbox 307 1280 1879 1355">
    <p class='ocr_par' dir='ltr' id='par_1_13' title="bbox 307 1280 1879 1355">
     <span class='ocr_line' id='line_1_13' title="bbox 307 1280 1879 1355; baseline -0.008 -8"><span class='ocrx_word' id='word_1_78' title='bbox 307 1295 386 1347; x_wconf 81' lang='lat' dir='ltr'><strong>De</strong></span> <span class='ocrx_word' id='word_1_79' title='bbox 408 1296 512 1349; x_wconf 78' lang='lat' dir='ltr'><strong>hac</strong></span> <span class='ocrx_word' id='word_1_80' title='bbox 544 1293 809 1349; x_wconf 82' lang='lat' dir='ltr'><strong>sententia</strong></span> <span class='ocrx_word' id='word_1_81' title='bbox 860 1289 1222 1355; x_wconf 78' lang='lat' dir='ltr'><strong>Hieronymus</strong></span> <span class='ocrx_word' id='word_1_82' title='bbox 1263 1284 1378 1337; x_wconf 90' lang='lat' dir='ltr'><strong>ait:</strong></span> <span class='ocrx_word' id='word_1_83' title='bbox 1409 1281 1644 1339; x_wconf 82' lang='lat' dir='ltr'><strong>Tradere</strong></span> <span class='ocrx_word' id='word_1_84' title='bbox 1693 1280 1879 1348; x_wconf 88' lang='lat' dir='ltr'><strong>hujus-</strong></span> 
     </span>
    </p>
   </div>
   <div class='ocr_carea' id='block_1_14' title="bbox 308 1370 1874 1441">
    <p class='ocr_par' dir='ltr' id='par_1_14' title="bbox 308 1370 1874 1441">
     <span class='ocr_line' id='line_1_14' title="bbox 308 1370 1874 1441; baseline -0.011 -2"><span class='ocrx_word' id='word_1_85' title='bbox 308 1385 453 1438; x_wconf 87' lang='lat' dir='ltr'><strong>modl</strong></span> <span class='ocrx_word' id='word_1_86' title='bbox 478 1382 696 1437; x_wconf 65' lang='lat' dir='ltr'><strong>Satanas</strong></span> <span class='ocrx_word' id='word_1_87' title='bbox 716 1379 769 1432; x_wconf 89' lang='lat' dir='ltr'><strong>in</strong></span> <span class='ocrx_word' id='word_1_88' title='bbox 794 1377 1072 1431; x_wconf 86' lang='lat' dir='ltr'><strong>interitum</strong></span> <span class='ocrx_word' id='word_1_89' title='bbox 1100 1374 1297 1437; x_wconf 89' lang='lat' dir='ltr'><strong>carnis,</strong></span> <span class='ocrx_word' id='word_1_90' title='bbox 1326 1380 1386 1426; x_wconf 88' lang='lat' dir='ltr'><strong>ut</strong></span> <span class='ocrx_word' id='word_1_91' title='bbox 1411 1370 1705 1441; x_wconf 86' lang='lat' dir='ltr'><strong>arripiendi</strong></span> <span class='ocrx_word' id='word_1_92' title='bbox 1726 1370 1874 1423; x_wconf 90' lang='lat' dir='ltr'><strong>illum</strong></span> 
     </span>
    </p>
   </div>
   <div class='ocr_carea' id='block_1_15' title="bbox 307 1457 1877 1538">
    <p class='ocr_par' dir='ltr' id='par_1_15' title="bbox 307 1457 1877 1538">
     <span class='ocr_line' id='line_1_15' title="bbox 307 1457 1877 1538; baseline -0.009 -14"><span class='ocrx_word' id='word_1_93' title='bbox 307 1467 658 1538; x_wconf 82' lang='lat' dir='ltr'><strong>corporaliter</strong></span> <span class='ocrx_word' id='word_1_94' title='bbox 684 1464 885 1520; x_wconf 83' lang='lat' dir='ltr'><strong>habeat</strong></span> <span class='ocrx_word' id='word_1_95' title='bbox 923 1464 1265 1533; x_wconf 73' lang='lat' dir='ltr'><strong>pateatatem.</strong></span> <span class='ocrx_word' id='word_1_96' title='bbox 1318 1459 1471 1528; x_wconf 81' lang='lat' dir='ltr'><strong>Quod</strong></span> <span class='ocrx_word' id='word_1_97' title='bbox 1513 1459 1641 1514; x_wconf 89' lang='lat' dir='ltr'><strong>dum</strong></span> <span class='ocrx_word' id='word_1_98' title='bbox 1679 1457 1877 1512; x_wconf 90' lang='lat' dir='ltr'><strong>viderit</strong></span> 
     </span>
    </p>
   </div>
   <div class='ocr_carea' id='block_1_16' title="bbox 306 1547 1876 1619">
    <p class='ocr_par' dir='ltr' id='par_1_16' title="bbox 306 1547 1876 1619">
     <span class='ocr_line' id='line_1_16' title="bbox 306 1547 1876 1619; baseline -0.007 -7"><span class='ocrx_word' id='word_1_99' title='bbox 306 1571 366 1611; x_wconf 84' lang='lat' dir='ltr'><strong>se</strong></span> <span class='ocrx_word' id='word_1_100' title='bbox 392 1570 490 1611; x_wconf 85' lang='lat' dir='ltr'><strong>nec</strong></span> <span class='ocrx_word' id='word_1_101' title='bbox 513 1554 696 1611; x_wconf 85' lang='lat' dir='ltr'><strong>carnis</strong></span> <span class='ocrx_word' id='word_1_102' title='bbox 722 1553 815 1608; x_wconf 81' lang='lat' dir='ltr'><strong>hic</strong></span> <span class='ocrx_word' id='word_1_103' title='bbox 841 1567 944 1608; x_wconf 88' lang='lat' dir='ltr'><strong>nec</strong></span> <span class='ocrx_word' id='word_1_104' title='bbox 966 1553 1021 1606; x_wconf 90' lang='lat' dir='ltr'><strong>in</strong></span> <span class='ocrx_word' id='word_1_105' title='bbox 1043 1550 1227 1605; x_wconf 80' lang='lat' dir='ltr'><strong>futuro</strong></span> <span class='ocrx_word' id='word_1_106' title='bbox 1250 1551 1474 1619; x_wconf 76' lang='lat' dir='ltr'><strong>spiritus</strong></span> <span class='ocrx_word' id='word_1_107' title='bbox 1514 1547 1758 1617; x_wconf 85' lang='lat' dir='ltr'><strong>requiem</strong></span> <span class='ocrx_word' id='word_1_108' title='bbox 1774 1547 1876 1601; x_wconf 88' lang='lat' dir='ltr'><strong>ha-</strong></span> 
     </span>
    </p>
   </div>
   <div class='ocr_carea' id='block_1_17' title="bbox 308 1637 1879 1714">
    <p class='ocr_par' dir='ltr' id='par_1_17' title="bbox 308 1637 1879 1714">
     <span class='ocr_line' id='line_1_17' title="bbox 308 1637 1879 1714; baseline -0.006 -13"><span class='ocrx_word' id='word_1_109' title='bbox 308 1647 572 1712; x_wconf 88' lang='lat' dir='ltr'><strong>biturum,</strong></span> <span class='ocrx_word' id='word_1_110' title='bbox 605 1646 671 1701; x_wconf 91' lang='lat' dir='ltr'><strong>de</strong></span> <span class='ocrx_word' id='word_1_111' title='bbox 689 1644 834 1700; x_wconf 72' lang='lat' dir='ltr'><strong>fasto</strong></span> <span class='ocrx_word' id='word_1_112' title='bbox 872 1644 1143 1714; x_wconf 49' lang='lat' dir='ltr'><strong>&#39;pmniteat</strong></span> <span class='ocrx_word' id='word_1_113' title='bbox 1194 1649 1249 1696; x_wconf 86' lang='lat' dir='ltr'><strong>et</strong></span> <span class='ocrx_word' id='word_1_114' title='bbox 1308 1642 1562 1697; x_wconf 81' lang='lat' dir='ltr'><strong>salvetur.</strong></span> <span class='ocrx_word' id='word_1_115' title='bbox 1618 1638 1745 1694; x_wconf 87' lang='lat' dir='ltr'><strong>Sive</strong></span> <span class='ocrx_word' id='word_1_116' title='bbox 1799 1637 1879 1692; x_wconf 91' lang='lat' dir='ltr'><strong>sic</strong></span> 
     </span>
    </p>
   </div>
   <div class='ocr_carea' id='block_1_18' title="bbox 307 1728 1879 1805">
    <p class='ocr_par' dir='ltr' id='par_1_18' title="bbox 307 1728 1879 1805">
     <span class='ocr_line' id='line_1_18' title="bbox 307 1728 1879 1805; baseline -0.007 -14"><span class='ocrx_word' id='word_1_117' title='bbox 307 1737 538 1805; x_wconf 77' lang='lat' dir='ltr'><strong>quisque</strong></span> <span class='ocrx_word' id='word_1_118' title='bbox 565 1749 664 1804; x_wconf 90' lang='lat' dir='ltr'><strong>pro</strong></span> <span class='ocrx_word' id='word_1_119' title='bbox 695 1734 904 1803; x_wconf 86' lang='lat' dir='ltr'><strong>meritis</strong></span> <span class='ocrx_word' id='word_1_120' title='bbox 923 1733 1118 1789; x_wconf 88' lang='lat' dir='ltr'><strong>suisde</strong></span> <span class='ocrx_word' id='word_1_121' title='bbox 1140 1731 1382 1786; x_wconf 85' lang='lat' dir='ltr'><strong>Ecclesia</strong></span> <span class='ocrx_word' id='word_1_122' title='bbox 1405 1730 1641 1800; x_wconf 86' lang='lat' dir='ltr'><strong>pellitur,</strong></span> <span class='ocrx_word' id='word_1_123' title='bbox 1666 1728 1879 1783; x_wconf 70' lang='lat' dir='ltr'><strong>Satanae</strong></span> 
     </span>
    </p>
   </div>
   <div class='ocr_carea' id='block_1_19' title="bbox 1973 562 3539 637">
    <p class='ocr_par' dir='ltr' id='par_1_19' title="bbox 1973 562 3539 637">
     <span class='ocr_line' id='line_1_19' title="bbox 1973 562 3539 637; baseline -0.003 -17"><span class='ocrx_word' id='word_1_124' title='bbox 1973 567 2268 633; x_wconf 84' lang='lat' dir='ltr'><strong>licentiam,</strong></span> <span class='ocrx_word' id='word_1_125' title='bbox 2293 575 2580 637; x_wconf 81' lang='lat' dir='ltr'><strong>antequam</strong></span> <span class='ocrx_word' id='word_1_126' title='bbox 2618 565 2882 620; x_wconf 87' lang='lat' dir='ltr'><strong>submissa</strong></span> <span class='ocrx_word' id='word_1_127' title='bbox 2916 564 2968 618; x_wconf 92' lang='lat' dir='ltr'><strong>in</strong></span> <span class='ocrx_word' id='word_1_128' title='bbox 3024 570 3170 617; x_wconf 85' lang='lat' dir='ltr'><strong>terra</strong></span> <span class='ocrx_word' id='word_1_129' title='bbox 3219 562 3539 632; x_wconf 74' lang='lat' dir='ltr'><strong>pcnuitentia</strong></span> 
     </span>
    </p>
   </div>
   <div class='ocr_carea' id='block_1_20' title="bbox 1972 656 3541 726">
    <p class='ocr_par' dir='ltr' id='par_1_20' title="bbox 1972 656 3541 726">
     <span class='ocr_line' id='line_1_20' title="bbox 1972 656 3541 726; baseline -0.001 -14"><span class='ocrx_word' id='word_1_130' title='bbox 1972 673 2153 712; x_wconf 88' lang='lat' dir='ltr'><strong>coram</strong></span> <span class='ocrx_word' id='word_1_131' title='bbox 2178 657 2427 714; x_wconf 89' lang='lat' dir='ltr'><strong>omnibus</strong></span> <span class='ocrx_word' id='word_1_132' title='bbox 2455 656 2714 712; x_wconf 82' lang='lat' dir='ltr'><strong>fratribus</strong></span> <span class='ocrx_word' id='word_1_133' title='bbox 2739 656 3059 726; x_wconf 78' lang='lat' dir='ltr'><strong>supplicanti</strong></span> <span class='ocrx_word' id='word_1_134' title='bbox 3081 657 3130 710; x_wconf 89' lang='lat' dir='ltr'><strong>ei</strong></span> <span class='ocrx_word' id='word_1_135' title='bbox 3158 656 3314 710; x_wconf 89' lang='lat' dir='ltr'><strong>venia</strong></span> <span class='ocrx_word' id='word_1_136' title='bbox 3354 657 3422 710; x_wconf 88' lang='lat' dir='ltr'><strong>ab</strong></span> <span class='ocrx_word' id='word_1_137' title='bbox 3451 656 3541 711; x_wconf 88' lang='lat' dir='ltr'><strong>ab-</strong></span> 
     </span>
    </p>
   </div>
   <div class='ocr_carea' id='block_1_21' title="bbox 1970 744 3542 817">
    <p class='ocr_par' dir='ltr' id='par_1_21' title="bbox 1970 744 3542 817">
     <span class='ocr_line' id='line_1_21' title="bbox 1970 744 3542 817; baseline -0.001 -15"><span class='ocrx_word' id='word_1_138' title='bbox 1970 748 2098 803; x_wconf 89' lang='lat' dir='ltr'><strong>bate</strong></span> <span class='ocrx_word' id='word_1_139' title='bbox 2130 748 2417 803; x_wconf 84' lang='lat' dir='ltr'><strong>tribuatur.</strong></span> <span class='ocrx_word' id='word_1_140' title='bbox 2446 746 2580 801; x_wconf 85' lang='lat' dir='ltr'><strong>Nam</strong></span> <span class='ocrx_word' id='word_1_141' title='bbox 2617 747 2708 817; x_wconf 82' lang='lat' dir='ltr'><strong>qui</strong></span> <span class='ocrx_word' id='word_1_142' title='bbox 2748 762 2805 802; x_wconf 89' lang='lat' dir='ltr'><strong>se</strong></span> <span class='ocrx_word' id='word_1_143' title='bbox 2830 746 3060 800; x_wconf 86' lang='lat' dir='ltr'><strong>orationi</strong></span> <span class='ocrx_word' id='word_1_144' title='bbox 3102 746 3186 800; x_wconf 89' lang='lat' dir='ltr'><strong>vel</strong></span> <span class='ocrx_word' id='word_1_145' title='bbox 3232 744 3542 801; x_wconf 86' lang='lat' dir='ltr'><strong>confabula-</strong></span> 
     </span>
    </p>
   </div>
   <div class='ocr_carea' id='block_1_22' title="bbox 1972 836 3538 908">
    <p class='ocr_par' dir='ltr' id='par_1_22' title="bbox 1972 836 3538 908">
     <span class='ocr_line' id='line_1_22' title="bbox 1972 836 3538 908; baseline 0.001 -17"><span class='ocrx_word' id='word_1_146' title='bbox 1972 838 2109 893; x_wconf 89' lang='lat' dir='ltr'><strong>tioui</strong></span> <span class='ocrx_word' id='word_1_147' title='bbox 2136 836 2268 906; x_wconf 91' lang='lat' dir='ltr'><strong>ejus,</strong></span> <span class='ocrx_word' id='word_1_148' title='bbox 2303 842 2593 908; x_wconf 84' lang='lat' dir='ltr'><strong>antequam</strong></span> <span class='ocrx_word' id='word_1_149' title='bbox 2615 854 2645 893; x_wconf 89' lang='lat' dir='ltr'><strong>a</strong></span> <span class='ocrx_word' id='word_1_150' title='bbox 2670 838 2851 908; x_wconf 85' lang='lat' dir='ltr'><strong>priore</strong></span> <span class='ocrx_word' id='word_1_151' title='bbox 2882 836 3191 907; x_wconf 84' lang='lat' dir='ltr'><strong>recipiatur,</strong></span> <span class='ocrx_word' id='word_1_152' title='bbox 3231 836 3538 893; x_wconf 87' lang='lat' dir='ltr'><strong>inconside-</strong></span> 
     </span>
    </p>
   </div>
   <div class='ocr_carea' id='block_1_23' title="bbox 1973 926 3542 997">
    <p class='ocr_par' dir='ltr' id='par_1_23' title="bbox 1973 926 3542 997">
     <span class='ocr_line' id='line_1_23' title="bbox 1973 926 3542 997; baseline 0.002 -18"><span class='ocrx_word' id='word_1_153' title='bbox 1973 935 2086 980; x_wconf 90' lang='lat' dir='ltr'><strong>rata</strong></span> <span class='ocrx_word' id='word_1_154' title='bbox 2109 928 2306 997; x_wconf 83' lang='lat' dir='ltr'><strong>pietate</strong></span> <span class='ocrx_word' id='word_1_155' title='bbox 2325 928 2534 983; x_wconf 85' lang='lat' dir='ltr'><strong>sociare</strong></span> <span class='ocrx_word' id='word_1_156' title='bbox 2558 927 2983 997; x_wconf 63' lang='lat' dir='ltr'><strong>praesumpserit,</strong></span> <span class='ocrx_word' id='word_1_157' title='bbox 3000 926 3192 982; x_wconf 89' lang='lat' dir='ltr'><strong>similis</strong></span> <span class='ocrx_word' id='word_1_158' title='bbox 3206 926 3542 983; x_wconf 84' lang='lat' dir='ltr'><strong>damnationi</strong></span> 
     </span>
    </p>
   </div>
   <div class='ocr_carea' id='block_1_24' title="bbox 1972 1013 3538 1085">
    <p class='ocr_par' dir='ltr' id='par_1_24' title="bbox 1972 1013 3538 1085">
     <span class='ocr_line' id='line_1_24' title="bbox 1972 1013 3538 1085; baseline 0.002 -16"><span class='ocrx_word' id='word_1_159' title='bbox 1972 1013 2089 1082; x_wconf 83' lang='lat' dir='ltr'><strong>ejus</strong></span> <span class='ocrx_word' id='word_1_160' title='bbox 2111 1014 2360 1080; x_wconf 86' lang='lat' dir='ltr'><strong>eflicitur,</strong></span> <span class='ocrx_word' id='word_1_161' title='bbox 2378 1017 2595 1071; x_wconf 85' lang='lat' dir='ltr'><strong>tradens</strong></span> <span class='ocrx_word' id='word_1_162' title='bbox 2615 1016 2965 1085; x_wconf 89' lang='lat' dir='ltr'><strong>semetipsum</strong></span> <span class='ocrx_word' id='word_1_163' title='bbox 2987 1016 3288 1072; x_wconf 79' lang='lat' dir='ltr'><strong>voluntarie</strong></span> <span class='ocrx_word' id='word_1_164' title='bbox 3304 1015 3538 1082; x_wconf 63' lang='lat' dir='ltr'><strong>Satanat,</strong></span> 
     </span>
    </p>
   </div>
   <div class='ocr_carea' id='block_1_25' title="bbox 1974 1102 3542 1177">
    <p class='ocr_par' dir='ltr' id='par_1_25' title="bbox 1974 1102 3542 1177">
     <span class='ocr_line' id='line_1_25' title="bbox 1974 1102 3542 1177; baseline 0.002 -20"><span class='ocrx_word' id='word_1_165' title='bbox 1974 1105 2062 1158; x_wconf 90' lang='lat' dir='ltr'><strong>cui</strong></span> <span class='ocrx_word' id='word_1_166' title='bbox 2090 1104 2199 1170; x_wconf 89' lang='lat' dir='ltr'><strong>ille,</strong></span> <span class='ocrx_word' id='word_1_167' title='bbox 2227 1105 2522 1159; x_wconf 85' lang='lat' dir='ltr'><strong>secundum</strong></span> <span class='ocrx_word' id='word_1_168' title='bbox 2567 1104 2807 1173; x_wconf 87' lang='lat' dir='ltr'><strong>Apostoli</strong></span> <span class='ocrx_word' id='word_1_169' title='bbox 2852 1105 3178 1160; x_wconf 89' lang='lat' dir='ltr'><strong>sententiam</strong></span> <span class='ocrx_word' id='word_1_170' title='bbox 3210 1103 3263 1177; x_wconf 90' lang='lat' dir='ltr'><strong>(I</strong></span> <span class='ocrx_word' id='word_1_171' title='bbox 3288 1102 3411 1159; x_wconf 91' lang='lat' dir='ltr'><strong>Cor.</strong></span> <span class='ocrx_word' id='word_1_172' title='bbox 3461 1109 3542 1176; x_wconf 87' lang='lat' dir='ltr'><strong>v),</strong></span> 
     </span>
    </p>
   </div>
   <div class='ocr_carea' id='block_1_26' title="bbox 1975 1193 3543 1264">
    <p class='ocr_par' dir='ltr' id='par_1_26' title="bbox 1975 1193 3543 1264">
     <span class='ocr_line' id='line_1_26' title="bbox 1975 1193 3543 1264; baseline 0.001 -16"><span class='ocrx_word' id='word_1_173' title='bbox 1975 1209 2073 1263; x_wconf 90' lang='lat' dir='ltr'><strong>pro</strong></span> <span class='ocrx_word' id='word_1_174' title='bbox 2102 1196 2184 1249; x_wconf 91' lang='lat' dir='ltr'><strong>sui</strong></span> <span class='ocrx_word' id='word_1_175' title='bbox 2215 1205 2396 1249; x_wconf 88' lang='lat' dir='ltr'><strong>reatus</strong></span> <span class='ocrx_word' id='word_1_176' title='bbox 2422 1193 2799 1250; x_wconf 84' lang='lat' dir='ltr'><strong>emendatione</strong></span> <span class='ocrx_word' id='word_1_177' title='bbox 2842 1193 3021 1249; x_wconf 81' lang='lat' dir='ltr'><strong>fuerat</strong></span> <span class='ocrx_word' id='word_1_178' title='bbox 3040 1194 3345 1264; x_wconf 88' lang='lat' dir='ltr'><strong>deputatus.</strong></span> <span class='ocrx_word' id='word_1_179' title='bbox 3398 1196 3467 1251; x_wconf 84' lang='lat' dir='ltr'><strong>Et</strong></span> <span class='ocrx_word' id='word_1_180' title='bbox 3486 1199 3543 1250; x_wconf 88' lang='lat' dir='ltr'><strong>in</strong></span> 
     </span>
    </p>
   </div>
   <div class='ocr_carea' id='block_1_27' title="bbox 1976 1283 3545 1358">
    <p class='ocr_par' dir='ltr' id='par_1_27' title="bbox 1976 1283 3545 1358">
     <span class='ocr_line' id='line_1_27' title="bbox 1976 1283 3545 1358; baseline 0.004 -22"><span class='ocrx_word' id='word_1_181' title='bbox 1976 1284 2080 1337; x_wconf 92' lang='lat' dir='ltr'><strong>hoc</strong></span> <span class='ocrx_word' id='word_1_182' title='bbox 2106 1283 2325 1353; x_wconf 83' lang='lat' dir='ltr'><strong>gravius</strong></span> <span class='ocrx_word' id='word_1_183' title='bbox 2346 1292 2553 1355; x_wconf 85' lang='lat' dir='ltr'><strong>peccat,</strong></span> <span class='ocrx_word' id='word_1_184' title='bbox 2585 1285 2677 1354; x_wconf 87' lang='lat' dir='ltr'><strong>qui</strong></span> <span class='ocrx_word' id='word_1_185' title='bbox 2712 1302 2771 1341; x_wconf 90' lang='lat' dir='ltr'><strong>se</strong></span> <span class='ocrx_word' id='word_1_186' title='bbox 2795 1286 2895 1356; x_wconf 84' lang='lat' dir='ltr'><strong>ipsi</strong></span> <span class='ocrx_word' id='word_1_187' title='bbox 2928 1287 3228 1357; x_wconf 78' lang='lat' dir='ltr'><strong>coniungit,</strong></span> <span class='ocrx_word' id='word_1_188' title='bbox 3252 1288 3379 1358; x_wconf 86' lang='lat' dir='ltr'><strong>quia</strong></span> <span class='ocrx_word' id='word_1_189' title='bbox 3403 1288 3545 1343; x_wconf 86' lang='lat' dir='ltr'><strong>sola-</strong></span> 
     </span>
    </p>
   </div>
   <div class='ocr_carea' id='block_1_28' title="bbox 1976 1362 3545 1444">
    <p class='ocr_par' dir='ltr' id='par_1_28' title="bbox 1976 1362 3545 1444">
     <span class='ocr_line' id='line_1_28' title="bbox 1976 1362 3545 1444; baseline 0.005 -21"><span class='ocrx_word' id='word_1_190' title='bbox 1976 1369 2109 1424; x_wconf 86' lang='lat' dir='ltr'><strong>tium</strong></span> <span class='ocrx_word' id='word_1_191' title='bbox 2135 1371 2187 1425; x_wconf 86' lang='lat' dir='ltr'><strong>ei</strong></span> <span class='ocrx_word' id='word_1_192' title='bbox 2216 1372 2458 1427; x_wconf 90' lang='lat' dir='ltr'><strong>tribuens</strong></span> <span class='ocrx_word' id='word_1_193' title='bbox 2483 1388 2577 1428; x_wconf 91' lang='lat' dir='ltr'><strong>cor</strong></span> <span class='ocrx_word' id='word_1_194' title='bbox 2608 1371 2723 1440; x_wconf 90' lang='lat' dir='ltr'><strong>ejus</strong></span> <span class='ocrx_word' id='word_1_195' title='bbox 2747 1362 2973 1444; x_wconf 88' lang='lat' dir='ltr'><strong>amplius</strong></span> <span class='ocrx_word' id='word_1_196' title='bbox 3023 1374 3150 1431; x_wconf 89' lang='lat' dir='ltr'><strong>facit</strong></span> <span class='ocrx_word' id='word_1_197' title='bbox 3175 1376 3449 1441; x_wconf 89' lang='lat' dir='ltr'><strong>indurare,</strong></span> <span class='ocrx_word' id='word_1_198' title='bbox 3489 1387 3545 1432; x_wconf 90' lang='lat' dir='ltr'><strong>et</strong></span> 
     </span>
    </p>
   </div>
   <div class='ocr_carea' id='block_1_29' title="bbox 1976 1460 3546 1531">
    <p class='ocr_par' dir='ltr' id='par_1_29' title="bbox 1976 1460 3546 1531">
     <span class='ocr_line' id='line_1_29' title="bbox 1976 1460 3546 1531; baseline 0.004 -20"><span class='ocrx_word' id='word_1_199' title='bbox 1976 1470 2082 1512; x_wconf 77' lang='lat' dir='ltr'><strong>non</strong></span> <span class='ocrx_word' id='word_1_200' title='bbox 2112 1460 2378 1528; x_wconf 88' lang='lat' dir='ltr'><strong>permittit</strong></span> <span class='ocrx_word' id='word_1_201' title='bbox 2400 1475 2524 1515; x_wconf 91' lang='lat' dir='ltr'><strong>eum</strong></span> <span class='ocrx_word' id='word_1_202' title='bbox 2554 1476 2654 1530; x_wconf 90' lang='lat' dir='ltr'><strong>pro</strong></span> <span class='ocrx_word' id='word_1_203' title='bbox 2682 1462 2786 1518; x_wconf 88' lang='lat' dir='ltr'><strong>hoc</strong></span> <span class='ocrx_word' id='word_1_204' title='bbox 2809 1462 2952 1531; x_wconf 86' lang='lat' dir='ltr'><strong>quod</strong></span> <span class='ocrx_word' id='word_1_205' title='bbox 2980 1464 3048 1518; x_wconf 90' lang='lat' dir='ltr'><strong>ab</strong></span> <span class='ocrx_word' id='word_1_206' title='bbox 3071 1464 3315 1519; x_wconf 88' lang='lat' dir='ltr'><strong>oratione</strong></span> <span class='ocrx_word' id='word_1_207' title='bbox 3368 1462 3546 1520; x_wconf 81' lang='lat' dir='ltr'><strong>fuerat</strong></span> 
     </span>
    </p>
   </div>
   <div class='ocr_carea' id='block_1_30' title="bbox 1978 1546 3540 1621">
    <p class='ocr_par' dir='ltr' id='par_1_30' title="bbox 1978 1546 3540 1621">
     <span class='ocr_line' id='line_1_30' title="bbox 1978 1546 3540 1621; baseline 0.005 -23"><span class='ocrx_word' id='word_1_208' title='bbox 1978 1554 2307 1615; x_wconf 84' lang='lat' dir='ltr'><strong>segregatus,</strong></span> <span class='ocrx_word' id='word_1_209' title='bbox 2343 1546 2410 1601; x_wconf 90' lang='lat' dir='ltr'><strong>de</strong></span> <span class='ocrx_word' id='word_1_210' title='bbox 2453 1546 2820 1603; x_wconf 85' lang='lat' dir='ltr'><strong>satisfactione</strong></span> <span class='ocrx_word' id='word_1_211' title='bbox 2842 1564 2937 1603; x_wconf 88' lang='lat' dir='ltr'><strong>sua</strong></span> <span class='ocrx_word' id='word_1_212' title='bbox 2988 1558 3043 1604; x_wconf 89' lang='lat' dir='ltr'><strong>et</strong></span> <span class='ocrx_word' id='word_1_213' title='bbox 3074 1551 3228 1605; x_wconf 88' lang='lat' dir='ltr'><strong>venia</strong></span> <span class='ocrx_word' id='word_1_214' title='bbox 3282 1551 3540 1621; x_wconf 86' lang='lat' dir='ltr'><strong>cogitare,</strong></span> 
     </span>
    </p>
   </div>
   <div class='ocr_carea' id='block_1_31' title="bbox 1977 1632 3542 1704">
    <p class='ocr_par' dir='ltr' id='par_1_31' title="bbox 1977 1632 3542 1704">
     <span class='ocr_line' id='line_1_31' title="bbox 1977 1632 3542 1704; baseline 0.004 -16"><span class='ocrx_word' id='word_1_215' title='bbox 1977 1633 2072 1688; x_wconf 89' lang='lat' dir='ltr'><strong>sed</strong></span> <span class='ocrx_word' id='word_1_216' title='bbox 2115 1632 2371 1701; x_wconf 84' lang='lat' dir='ltr'><strong>majorem</strong></span> <span class='ocrx_word' id='word_1_217' title='bbox 2427 1636 2691 1704; x_wconf 62' lang='lat' dir='ltr'><strong>superbis</strong></span> <span class='ocrx_word' id='word_1_218' title='bbox 2754 1635 2997 1692; x_wconf 84' lang='lat' dir='ltr'><strong>fomitem</strong></span> <span class='ocrx_word' id='word_1_219' title='bbox 3045 1647 3102 1693; x_wconf 90' lang='lat' dir='ltr'><strong>et</strong></span> <span class='ocrx_word' id='word_1_220' title='bbox 3149 1642 3542 1695; x_wconf 89' lang='lat' dir='ltr'><strong>contumaciam</strong></span> 
     </span>
    </p>
   </div>
   <div class='ocr_carea' id='block_1_32' title="bbox 1982 1722 3545 1799">
    <p class='ocr_par' dir='ltr' id='par_1_32' title="bbox 1982 1722 3545 1799">
     <span class='ocr_line' id='line_1_32' title="bbox 1982 1722 3545 1799; baseline 0.004 -22"><span class='ocrx_word' id='word_1_221' title='bbox 1982 1722 2345 1792; x_wconf 89' lang='lat' dir='ltr'><strong>delinquentis</strong></span> <span class='ocrx_word' id='word_1_222' title='bbox 2379 1725 2548 1779; x_wconf 88' lang='lat' dir='ltr'><strong>nutrit</strong></span> <span class='ocrx_word' id='word_1_223' title='bbox 2574 1725 2628 1780; x_wconf 90' lang='lat' dir='ltr'><strong>in</strong></span> <span class='ocrx_word' id='word_1_224' title='bbox 2657 1726 2829 1797; x_wconf 87' lang='lat' dir='ltr'><strong>pejus.</strong></span> <span class='ocrx_word' id='word_1_225' title='bbox 2878 1727 3014 1783; x_wconf 79' lang='lat' dir='ltr'><strong>Hinc</strong></span> <span class='ocrx_word' id='word_1_226' title='bbox 3039 1730 3258 1798; x_wconf 88' lang='lat' dir='ltr'><strong>quidam</strong></span> <span class='ocrx_word' id='word_1_227' title='bbox 3288 1731 3545 1799; x_wconf 79' lang='lat' dir='ltr'><strong>magister</strong></span> 
     </span>
    </p>
   </div>
   <div class='ocr_carea' id='block_1_33' title="bbox 305 1811 3545 1893">
    <p class='ocr_par' dir='ltr' id='par_1_33' title="bbox 305 1811 3545 1893">
     <span class='ocr_line' id='line_1_33' title="bbox 305 1811 3545 1893; baseline -0.002 -14"><span class='ocrx_word' id='word_1_228' title='bbox 305 1824 538 1880; x_wconf 77' lang='lat' dir='ltr'><strong>traditur</strong></span> <span class='ocrx_word' id='word_1_229' title='bbox 571 1824 845 1893; x_wconf 80' lang='lat' dir='ltr'><strong>potestati,</strong></span> <span class='ocrx_word' id='word_1_230' title='bbox 866 1830 949 1888; x_wconf 88' lang='lat' dir='ltr'><strong>ut,</strong></span> <span class='ocrx_word' id='word_1_231' title='bbox 976 1823 1102 1878; x_wconf 79' lang='lat' dir='ltr'><strong>dtrm</strong></span> <span class='ocrx_word' id='word_1_232' title='bbox 1140 1837 1270 1877; x_wconf 87' lang='lat' dir='ltr'><strong>caro</strong></span> <span class='ocrx_word' id='word_1_233' title='bbox 1295 1820 1414 1889; x_wconf 88' lang='lat' dir='ltr'><strong>ejus</strong></span> <span class='ocrx_word' id='word_1_234' title='bbox 1466 1835 1567 1889; x_wconf 89' lang='lat' dir='ltr'><strong>per</strong></span> <span class='ocrx_word' id='word_1_235' title='bbox 1610 1818 1876 1890; x_wconf 73' lang='lat' dir='ltr'><strong>pmniten-</strong></span> <span class='ocrx_word' id='word_1_236' title='bbox 1903 1819 1951 1878; x_wconf 87' lang='lat' dir='ltr'><strong>B</strong></span> <span class='ocrx_word' id='word_1_237' title='bbox 1978 1811 2364 1866; x_wconf 76' lang='lat' dir='ltr'><strong>monachorum</strong></span> <span class='ocrx_word' id='word_1_238' title='bbox 2388 1813 2500 1867; x_wconf 87' lang='lat' dir='ltr'><strong>ait:</strong></span> <span class='ocrx_word' id='word_1_239' title='bbox 2533 1812 2590 1868; x_wconf 87' lang='lat' dir='ltr'><strong>Si</strong></span> <span class='ocrx_word' id='word_1_240' title='bbox 2621 1816 2742 1884; x_wconf 86' lang='lat' dir='ltr'><strong>quis</strong></span> <span class='ocrx_word' id='word_1_241' title='bbox 2778 1831 2909 1873; x_wconf 89' lang='lat' dir='ltr'><strong>vero</strong></span> <span class='ocrx_word' id='word_1_242' title='bbox 2944 1816 3115 1873; x_wconf 87' lang='lat' dir='ltr'><strong>frater</strong></span> <span class='ocrx_word' id='word_1_243' title='bbox 3137 1825 3229 1873; x_wconf 88' lang='lat' dir='ltr'><strong>aut</strong></span> <span class='ocrx_word' id='word_1_244' title='bbox 3257 1819 3435 1888; x_wconf 84' lang='lat' dir='ltr'><strong>palam</strong></span> <span class='ocrx_word' id='word_1_245' title='bbox 3452 1831 3545 1874; x_wconf 89' lang='lat' dir='ltr'><strong>aut</strong></span> 
     </span>
    </p>
   </div>
   <div class='ocr_carea' id='block_1_34' title="bbox 308 1908 1874 1982">
    <p class='ocr_par' dir='ltr' id='par_1_34' title="bbox 308 1908 1874 1982">
     <span class='ocr_line' id='line_1_34' title="bbox 308 1908 1874 1982; baseline -0.006 -13"><span class='ocrx_word' id='word_1_246' title='bbox 308 1917 440 1969; x_wconf 85' lang='lat' dir='ltr'><strong>tiam</strong></span> <span class='ocrx_word' id='word_1_247' title='bbox 467 1911 667 1968; x_wconf 82' lang='lat' dir='ltr'><strong>afﬂicta</strong></span> <span class='ocrx_word' id='word_1_248' title='bbox 710 1912 998 1982; x_wconf 81' lang='lat' dir='ltr'><strong>quemdam</strong></span> <span class='ocrx_word' id='word_1_249' title='bbox 1053 1912 1333 1966; x_wconf 85' lang='lat' dir='ltr'><strong>interitum</strong></span> <span class='ocrx_word' id='word_1_250' title='bbox 1377 1910 1603 1980; x_wconf 86' lang='lat' dir='ltr'><strong>patitur,</strong></span> <span class='ocrx_word' id='word_1_251' title='bbox 1650 1908 1874 1977; x_wconf 87' lang='lat' dir='ltr'><strong>spiritus</strong></span> 
     </span>
    </p>
   </div>
   <div class='ocr_carea' id='block_1_35' title="bbox 308 1998 1876 2067">
    <p class='ocr_par' dir='ltr' id='par_1_35' title="bbox 308 1998 1876 2067">
     <span class='ocr_line' id='line_1_35' title="bbox 308 1998 1876 2067; baseline -0.007 -8"><span class='ocrx_word' id='word_1_252' title='bbox 308 2011 680 2059; x_wconf 86' lang='lat' dir='ltr'><strong>conservetur.</strong></span> <span class='ocrx_word' id='word_1_253' title='bbox 706 2002 882 2057; x_wconf 81' lang='lat' dir='ltr'><strong>liabet</strong></span> <span class='ocrx_word' id='word_1_254' title='bbox 908 2002 1055 2057; x_wconf 83' lang='lat' dir='ltr'><strong>enim</strong></span> <span class='ocrx_word' id='word_1_255' title='bbox 1102 2001 1547 2056; x_wconf 85' lang='lat' dir='ltr'><strong>consuetudinem</strong></span> <span class='ocrx_word' id='word_1_256' title='bbox 1592 1998 1876 2067; x_wconf 87' lang='lat' dir='ltr'><strong>Scriptura</strong></span> 
     </span>
    </p>
   </div>
   <div class='ocr_carea' id='block_1_36' title="bbox 305 2087 1869 2163">
    <p class='ocr_par' dir='ltr' id='par_1_36' title="bbox 305 2087 1869 2163">
     <span class='ocr_line' id='line_1_36' title="bbox 305 2087 1869 2163; baseline -0.006 -14"><span class='ocrx_word' id='word_1_257' title='bbox 305 2104 367 2149; x_wconf 92' lang='lat' dir='ltr'><strong>ut</strong></span> <span class='ocrx_word' id='word_1_258' title='bbox 391 2094 663 2149; x_wconf 78' lang='lat' dir='ltr'><strong>hominem</strong></span> <span class='ocrx_word' id='word_1_259' title='bbox 689 2093 745 2146; x_wconf 85' lang='lat' dir='ltr'><strong>in</strong></span> <span class='ocrx_word' id='word_1_260' title='bbox 772 2100 930 2163; x_wconf 89' lang='lat' dir='ltr'><strong>parte</strong></span> <span class='ocrx_word' id='word_1_261' title='bbox 954 2098 1129 2147; x_wconf 84' lang='lat' dir='ltr'><strong>totum</strong></span> <span class='ocrx_word' id='word_1_262' title='bbox 1158 2090 1440 2160; x_wconf 80' lang='lat' dir='ltr'><strong>intelligat.</strong></span> <span class='ocrx_word' id='word_1_263' title='bbox 1469 2088 1596 2144; x_wconf 85' lang='lat' dir='ltr'><strong>Sive</strong></span> <span class='ocrx_word' id='word_1_264' title='bbox 1621 2089 1698 2142; x_wconf 89' lang='lat' dir='ltr'><strong>ita</strong></span> <span class='ocrx_word' id='word_1_265' title='bbox 1743 2087 1869 2156; x_wconf 88' lang='lat' dir='ltr'><strong>quia</strong></span> 
     </span>
    </p>
   </div>
   <div class='ocr_carea' id='block_1_37' title="bbox 315 2177 1879 2252">
    <p class='ocr_par' dir='ltr' id='par_1_37' title="bbox 315 2177 1879 2252">
     <span class='ocr_line' id='line_1_37' title="bbox 315 2177 1879 2252; baseline -0.006 -13"><span class='ocrx_word' id='word_1_266' title='bbox 315 2192 373 2240; x_wconf 90' lang='lat' dir='ltr'><strong>et</strong></span> <span class='ocrx_word' id='word_1_267' title='bbox 400 2184 489 2239; x_wconf 85' lang='lat' dir='ltr'><strong>hic</strong></span> <span class='ocrx_word' id='word_1_268' title='bbox 510 2181 809 2252; x_wconf 69' lang='lat' dir='ltr'><strong>Scriptura:</strong></span> <span class='ocrx_word' id='word_1_269' title='bbox 837 2197 956 2237; x_wconf 88' lang='lat' dir='ltr'><strong>mos</strong></span> <span class='ocrx_word' id='word_1_270' title='bbox 980 2189 1089 2247; x_wconf 85' lang='lat' dir='ltr'><strong>est,</strong></span> <span class='ocrx_word' id='word_1_271' title='bbox 1114 2188 1176 2235; x_wconf 90' lang='lat' dir='ltr'><strong>ut</strong></span> <span class='ocrx_word' id='word_1_272' title='bbox 1197 2181 1252 2234; x_wconf 93' lang='lat' dir='ltr'><strong>iu</strong></span> <span class='ocrx_word' id='word_1_273' title='bbox 1278 2195 1445 2235; x_wconf 87' lang='lat' dir='ltr'><strong>carne</strong></span> <span class='ocrx_word' id='word_1_274' title='bbox 1467 2177 1704 2233; x_wconf 82' lang='lat' dir='ltr'><strong>carnalis</strong></span> <span class='ocrx_word' id='word_1_275' title='bbox 1725 2183 1879 2231; x_wconf 90' lang='lat' dir='ltr'><strong>actus</strong></span> 
     </span>
    </p>
   </div>
   <div class='ocr_carea' id='block_1_38' title="bbox 308 2267 1879 2344">
    <p class='ocr_par' dir='ltr' id='par_1_38' title="bbox 308 2267 1879 2344">
     <span class='ocr_line' id='line_1_38' title="bbox 308 2267 1879 2344; baseline -0.01 -9"><span class='ocrx_word' id='word_1_276' title='bbox 308 2272 558 2342; x_wconf 79' lang='lat' dir='ltr'><strong>interire,</strong></span> <span class='ocrx_word' id='word_1_277' title='bbox 615 2274 808 2344; x_wconf 85' lang='lat' dir='ltr'><strong>spiritu</strong></span> <span class='ocrx_word' id='word_1_278' title='bbox 858 2286 990 2328; x_wconf 85' lang='lat' dir='ltr'><strong>vero</strong></span> <span class='ocrx_word' id='word_1_279' title='bbox 1044 2271 1305 2341; x_wconf 84' lang='lat' dir='ltr'><strong>spiritalis</strong></span> <span class='ocrx_word' id='word_1_280' title='bbox 1343 2270 1683 2326; x_wconf 86' lang='lat' dir='ltr'><strong>conversatio</strong></span> <span class='ocrx_word' id='word_1_281' title='bbox 1731 2267 1879 2322; x_wconf 85' lang='lat' dir='ltr'><strong>salva</strong></span> 
     </span>
    </p>
   </div>
   <div class='ocr_carea' id='block_1_39' title="bbox 311 2356 1879 2427">
    <p class='ocr_par' dir='ltr' id='par_1_39' title="bbox 311 2356 1879 2427">
     <span class='ocr_line' id='line_1_39' title="bbox 311 2356 1879 2427; baseline -0.009 -5"><span class='ocrx_word' id='word_1_282' title='bbox 311 2366 429 2422; x_wconf 74' lang='lat' dir='ltr'><strong>ﬁeri</strong></span> <span class='ocrx_word' id='word_1_283' title='bbox 451 2367 869 2421; x_wconf 83' lang='lat' dir='ltr'><strong>demonstretur.</strong></span> <span class='ocrx_word' id='word_1_284' title='bbox 892 2361 1025 2417; x_wconf 80' lang='lat' dir='ltr'><strong>item</strong></span> <span class='ocrx_word' id='word_1_285' title='bbox 1052 2362 1142 2417; x_wconf 87' lang='lat' dir='ltr'><strong>hie</strong></span> <span class='ocrx_word' id='word_1_286' title='bbox 1165 2360 1403 2416; x_wconf 83' lang='lat' dir='ltr'><strong>ostendit</strong></span> <span class='ocrx_word' id='word_1_287' title='bbox 1441 2356 1673 2427; x_wconf 89' lang='lat' dir='ltr'><strong>ejectum</strong></span> <span class='ocrx_word' id='word_1_288' title='bbox 1722 2364 1879 2410; x_wconf 78' lang='lat' dir='ltr'><strong>extra</strong></span> 
     </span>
    </p>
   </div>
   <div class='ocr_carea' id='block_1_40' title="bbox 204 2449 1881 2525">
    <p class='ocr_par' dir='ltr' id='par_1_40' title="bbox 204 2449 1881 2525">
     <span class='ocr_line' id='line_1_40' title="bbox 204 2449 1881 2525; baseline -0.008 -9"><span class='ocrx_word' id='word_1_289' title='bbox 204 2457 217 2470; x_wconf 85' lang='lat'>&#39;</span> <span class='ocrx_word' id='word_1_290' title='bbox 309 2457 629 2522; x_wconf 78' lang='lat' dir='ltr'><strong>Eeclesiam,</strong></span> <span class='ocrx_word' id='word_1_291' title='bbox 665 2456 853 2525; x_wconf 87' lang='lat' dir='ltr'><strong>rapido</strong></span> <span class='ocrx_word' id='word_1_292' title='bbox 898 2468 994 2507; x_wconf 87' lang='lat' dir='ltr'><strong>ore</strong></span> <span class='ocrx_word' id='word_1_293' title='bbox 1040 2454 1346 2508; x_wconf 78' lang='lat' dir='ltr'><strong>daemonum</strong></span> <span class='ocrx_word' id='word_1_294' title='bbox 1397 2449 1770 2514; x_wconf 84' lang='lat' dir='ltr'><strong>lacerandum,</strong></span> <span class='ocrx_word' id='word_1_295' title='bbox 1833 2449 1881 2503; x_wconf 90' lang='lat' dir='ltr'><strong>si</strong></span> 
     </span>
    </p>
   </div>
   <div class='ocr_carea' id='block_1_41' title="bbox 308 2540 1882 2617">
    <p class='ocr_par' dir='ltr' id='par_1_41' title="bbox 308 2540 1882 2617">
     <span class='ocr_line' id='line_1_41' title="bbox 308 2540 1882 2617; baseline -0.008 -14"><span class='ocrx_word' id='word_1_296' title='bbox 308 2545 670 2617; x_wconf 76' lang='lat' dir='ltr'><strong>permanserit</strong></span> <span class='ocrx_word' id='word_1_297' title='bbox 693 2545 1060 2602; x_wconf 84' lang='lat' dir='ltr'><strong>nolensvitam</strong></span> <span class='ocrx_word' id='word_1_298' title='bbox 1086 2542 1271 2600; x_wconf 86' lang='lat' dir='ltr'><strong>carnis</strong></span> <span class='ocrx_word' id='word_1_299' title='bbox 1298 2540 1650 2603; x_wconf 78' lang='lat' dir='ltr'><strong>mortificare,</strong></span> <span class='ocrx_word' id='word_1_300' title='bbox 1680 2545 1741 2591; x_wconf 89' lang='lat' dir='ltr'><strong>ut</strong></span> <span class='ocrx_word' id='word_1_301' title='bbox 1755 2551 1882 2606; x_wconf 89' lang='lat' dir='ltr'><strong>pos-</strong></span> 
     </span>
    </p>
   </div>
   <div class='ocr_carea' id='block_1_42' title="bbox 316 2626 1885 2706">
    <p class='ocr_par' dir='ltr' id='par_1_42' title="bbox 316 2626 1885 2706">
     <span class='ocr_line' id='line_1_42' title="bbox 316 2626 1885 2706; baseline -0.009 -12"><span class='ocrx_word' id='word_1_302' title='bbox 316 2638 393 2693; x_wconf 89' lang='lat' dir='ltr'><strong>sit</strong></span> <span class='ocrx_word' id='word_1_303' title='bbox 413 2638 580 2692; x_wconf 80' lang='lat' dir='ltr'><strong>vitam</strong></span> <span class='ocrx_word' id='word_1_304' title='bbox 600 2644 845 2693; x_wconf 79' lang='lat' dir='ltr'><strong>sanetam</strong></span> <span class='ocrx_word' id='word_1_305' title='bbox 881 2648 1226 2706; x_wconf 82' lang='lat' dir='ltr'><strong>recuperare,</strong></span> <span class='ocrx_word' id='word_1_306' title='bbox 1250 2639 1311 2686; x_wconf 90' lang='lat' dir='ltr'><strong>ut</strong></span> <span class='ocrx_word' id='word_1_307' title='bbox 1333 2630 1555 2701; x_wconf 82' lang='lat' dir='ltr'><strong>spiritus</strong></span> <span class='ocrx_word' id='word_1_308' title='bbox 1582 2628 1762 2684; x_wconf 83' lang='lat' dir='ltr'><strong>salvus</strong></span> <span class='ocrx_word' id='word_1_309' title='bbox 1812 2626 1885 2682; x_wconf 86' lang='lat' dir='ltr'><strong>sit</strong></span> 
     </span>
    </p>
   </div>
   <div class='ocr_carea' id='block_1_43' title="bbox 308 2717 1882 2798">
    <p class='ocr_par' dir='ltr' id='par_1_43' title="bbox 308 2717 1882 2798">
     <span class='ocr_line' id='line_1_43' title="bbox 308 2717 1882 2798; baseline -0.009 -16"><span class='ocrx_word' id='word_1_310' title='bbox 308 2726 366 2782; x_wconf 76' lang='lat' dir='ltr'><strong>in</strong></span> <span class='ocrx_word' id='word_1_311' title='bbox 400 2726 492 2782; x_wconf 86' lang='lat' dir='ltr'><strong>die</strong></span> <span class='ocrx_word' id='word_1_312' title='bbox 511 2726 725 2781; x_wconf 75' lang='lat' dir='ltr'><strong>Domini</strong></span> <span class='ocrx_word' id='word_1_313' title='bbox 747 2724 908 2791; x_wconf 69' lang='lat' dir='ltr'><strong>Iesu;</strong></span> <span class='ocrx_word' id='word_1_314' title='bbox 932 2725 1184 2795; x_wconf 89' lang='lat' dir='ltr'><strong>quoniam</strong></span> <span class='ocrx_word' id='word_1_315' title='bbox 1212 2722 1267 2798; x_wconf 75' lang='lat' dir='ltr'><strong>in</strong></span> <span class='ocrx_word' id='word_1_316' title='bbox 1292 2720 1486 2790; x_wconf 88' lang='lat' dir='ltr'><strong>spiritu</strong></span> <span class='ocrx_word' id='word_1_317' title='bbox 1516 2717 1748 2773; x_wconf 84' lang='lat' dir='ltr'><strong>Satanas</strong></span> <span class='ocrx_word' id='word_1_318' title='bbox 1790 2729 1882 2770; x_wconf 89' lang='lat' dir='ltr'><strong>ac-</strong></span> 
     </span>
    </p>
   </div>
   <div class='ocr_carea' id='block_1_44' title="bbox 310 2806 1882 2887">
    <p class='ocr_par' dir='ltr' id='par_1_44' title="bbox 310 2806 1882 2887">
     <span class='ocr_line' id='line_1_44' title="bbox 310 2806 1882 2887; baseline -0.008 -16"><span class='ocrx_word' id='word_1_319' title='bbox 310 2816 496 2887; x_wconf 77' lang='lat' dir='ltr'><strong>cipere</strong></span> <span class='ocrx_word' id='word_1_320' title='bbox 524 2822 631 2872; x_wconf 79' lang='lat' dir='ltr'><strong>neu</strong></span> <span class='ocrx_word' id='word_1_321' title='bbox 651 2823 833 2887; x_wconf 80' lang='lat' dir='ltr'><strong>potest</strong></span> <span class='ocrx_word' id='word_1_322' title='bbox 855 2822 1202 2887; x_wconf 74' lang='lat' dir='ltr'><strong>potestatem,</strong></span> <span class='ocrx_word' id='word_1_323' title='bbox 1226 2819 1290 2867; x_wconf 87' lang='lat' dir='ltr'><strong>ut</strong></span> <span class='ocrx_word' id='word_1_324' title='bbox 1327 2808 1537 2866; x_wconf 89' lang='lat' dir='ltr'><strong>Domini</strong></span> <span class='ocrx_word' id='word_1_325' title='bbox 1562 2806 1769 2879; x_wconf 91' lang='lat' dir='ltr'><strong>judicio</strong></span> <span class='ocrx_word' id='word_1_326' title='bbox 1793 2818 1882 2859; x_wconf 88' lang='lat' dir='ltr'><strong>re-</strong></span> 
     </span>
    </p>
   </div>
   <div class='ocr_carea' id='block_1_45' title="bbox 307 2886 1111 2976">
    <p class='ocr_par' dir='ltr' id='par_1_45' title="bbox 307 2886 1111 2976">
     <span class='ocr_line' id='line_1_45' title="bbox 307 2886 1111 2976; baseline -0.002 -15"><span class='ocrx_word' id='word_1_327' title='bbox 307 2913 574 2962; x_wconf 70' lang='lat' dir='ltr'><strong>servetur.</strong></span> <span class='ocrx_word' id='word_1_328' title='bbox 598 2886 897 2976; x_wconf 73' lang='lat' dir='ltr'><strong>Sequitur:</strong></span> <span class='ocrx_word' id='word_1_329' title='bbox 1100 2886 1111 2906; x_wconf 80' lang='grc'><em>’</em></span> 
     </span>
    </p>
   </div>
   <div class='ocr_carea' id='block_1_46' title="bbox 378 2987 1883 3065">
    <p class='ocr_par' dir='ltr' id='par_1_46' title="bbox 378 2987 1883 3065">
     <span class='ocr_line' id='line_1_46' title="bbox 378 2987 1883 3065; baseline -0.007 -13"><span class='ocrx_word' id='word_1_330' title='bbox 378 2994 494 3052; x_wconf 59' lang='lat' dir='ltr'><strong>Cibi</strong></span> <span class='ocrx_word' id='word_1_331' title='bbox 517 3005 692 3052; x_wconf 77' lang='lat' dir='ltr'><strong>autem</strong></span> <span class='ocrx_word' id='word_1_332' title='bbox 720 2995 1054 3065; x_wconf 81' lang='lat' dir='ltr'><strong>refectionem</strong></span> <span class='ocrx_word' id='word_1_333' title='bbox 1077 2992 1222 3048; x_wconf 76' lang='lat' dir='ltr'><strong>solus</strong></span> <span class='ocrx_word' id='word_1_334' title='bbox 1239 2992 1510 3063; x_wconf 82' lang='lat' dir='ltr'><strong>percipiat,</strong></span> <span class='ocrx_word' id='word_1_335' title='bbox 1545 3002 1791 3044; x_wconf 77' lang='lat' dir='ltr'><strong>mensura</strong></span> <span class='ocrx_word' id='word_1_336' title='bbox 1804 2987 1883 3042; x_wconf 73' lang='lat' dir='ltr'><strong>vel</strong></span> 
     </span>
    </p>
   </div>
   <div class='ocr_carea' id='block_1_47' title="bbox 307 3078 1879 3157">
    <p class='ocr_par' dir='ltr' id='par_1_47' title="bbox 307 3078 1879 3157">
     <span class='ocr_line' id='line_1_47' title="bbox 307 3078 1879 3157; baseline -0.006 -17"><span class='ocrx_word' id='word_1_337' title='bbox 307 3086 441 3140; x_wconf 70' lang='lat' dir='ltr'><strong>hora</strong></span> <span class='ocrx_word' id='word_1_338' title='bbox 465 3101 570 3157; x_wconf 79' lang='lat' dir='ltr'><strong>qua</strong></span> <span class='ocrx_word' id='word_1_339' title='bbox 591 3084 887 3156; x_wconf 67' lang='lat' dir='ltr'><strong>praeciderit</strong></span> <span class='ocrx_word' id='word_1_340' title='bbox 914 3085 963 3137; x_wconf 88' lang='lat' dir='ltr'><strong>ei</strong></span> <span class='ocrx_word' id='word_1_341' title='bbox 981 3083 1139 3137; x_wconf 86' lang='lat' dir='ltr'><strong>abbas</strong></span> <span class='ocrx_word' id='word_1_342' title='bbox 1162 3078 1465 3151; x_wconf 75' lang='lat' dir='ltr'><strong>competere.</strong></span> <span class='ocrx_word' id='word_1_343' title='bbox 1491 3078 1728 3134; x_wconf 84' lang='lat' dir='ltr'><strong>Proinde</strong></span> <span class='ocrx_word' id='word_1_344' title='bbox 1755 3084 1879 3132; x_wconf 82' lang='lat' dir='ltr'><strong>eum</strong></span> 
     </span>
    </p>
   </div>
   <div class='ocr_carea' id='block_1_48' title="bbox 1974 1899 3546 1977">
    <p class='ocr_par' dir='ltr' id='par_1_48' title="bbox 1974 1899 3546 1977">
     <span class='ocr_line' id='line_1_48' title="bbox 1974 1899 3546 1977; baseline 0.007 -23"><span class='ocrx_word' id='word_1_345' title='bbox 1974 1899 2235 1955; x_wconf 85' lang='lat' dir='ltr'><strong>absconse</strong></span> <span class='ocrx_word' id='word_1_346' title='bbox 2259 1917 2381 1956; x_wconf 89' lang='lat' dir='ltr'><strong>cum</strong></span> <span class='ocrx_word' id='word_1_347' title='bbox 2408 1917 2475 1957; x_wconf 91' lang='lat' dir='ltr'><strong>eo</strong></span> <span class='ocrx_word' id='word_1_348' title='bbox 2502 1901 2668 1959; x_wconf 86' lang='lat' dir='ltr'><strong>fuerit</strong></span> <span class='ocrx_word' id='word_1_349' title='bbox 2703 1904 2966 1962; x_wconf 86' lang='lat' dir='ltr'><strong>allocutus</strong></span> <span class='ocrx_word' id='word_1_350' title='bbox 2995 1916 3091 1962; x_wconf 88' lang='lat' dir='ltr'><strong>aut</strong></span> <span class='ocrx_word' id='word_1_351' title='bbox 3108 1907 3351 1977; x_wconf 77' lang='lat' dir='ltr'><strong>junctus,</strong></span> <span class='ocrx_word' id='word_1_352' title='bbox 3399 1924 3546 1965; x_wconf 88' lang='lat' dir='ltr'><strong>com—</strong></span> 
     </span>
    </p>
   </div>
   <div class='ocr_carea' id='block_1_49' title="bbox 1975 1990 3549 2054">
    <p class='ocr_par' dir='ltr' id='par_1_49' title="bbox 1975 1990 3549 2054">
     <span class='ocr_line' id='line_1_49' title="bbox 1975 1990 3549 2054; baseline 0.008 -13"><span class='ocrx_word' id='word_1_353' title='bbox 1975 2003 2193 2044; x_wconf 84' lang='lat' dir='ltr'><strong>munem</strong></span> <span class='ocrx_word' id='word_1_354' title='bbox 2214 1990 2397 2045; x_wconf 79' lang='lat' dir='ltr'><strong>statim</strong></span> <span class='ocrx_word' id='word_1_355' title='bbox 2418 2007 2547 2047; x_wconf 86' lang='lat' dir='ltr'><strong>eum</strong></span> <span class='ocrx_word' id='word_1_356' title='bbox 2571 2004 2636 2049; x_wconf 90' lang='lat' dir='ltr'><strong>eo</strong></span> <span class='ocrx_word' id='word_1_357' title='bbox 2659 1997 3229 2053; x_wconf 80' lang='lat' dir='ltr'><strong>exeommunicationis</strong></span> <span class='ocrx_word' id='word_1_358' title='bbox 3248 2000 3549 2054; x_wconf 79' lang='lat' dir='ltr'><strong>contrahat</strong></span> 
     </span>
    </p>
   </div>
   <div class='ocr_carea' id='block_1_50' title="bbox 1975 2078 3541 2156">
    <p class='ocr_par' dir='ltr' id='par_1_50' title="bbox 1975 2078 3541 2156">
     <span class='ocr_line' id='line_1_50' title="bbox 1975 2078 3541 2156; baseline 0.007 -23"><span class='ocrx_word' id='word_1_359' title='bbox 1975 2094 2214 2150; x_wconf 64' lang='lat' dir='ltr'><strong>poenam,</strong></span> <span class='ocrx_word' id='word_1_360' title='bbox 2241 2089 2295 2136; x_wconf 89' lang='lat' dir='ltr'><strong>et</strong></span> <span class='ocrx_word' id='word_1_361' title='bbox 2315 2082 2385 2136; x_wconf 89' lang='lat' dir='ltr'><strong>ab</strong></span> <span class='ocrx_word' id='word_1_362' title='bbox 2407 2084 2657 2140; x_wconf 91' lang='lat' dir='ltr'><strong>omnibus</strong></span> <span class='ocrx_word' id='word_1_363' title='bbox 2681 2099 2807 2140; x_wconf 89' lang='lat' dir='ltr'><strong>reus</strong></span> <span class='ocrx_word' id='word_1_364' title='bbox 2830 2086 2920 2151; x_wconf 86' lang='lat' dir='ltr'><strong>sit,</strong></span> <span class='ocrx_word' id='word_1_365' title='bbox 2945 2094 3106 2156; x_wconf 84' lang='lat' dir='ltr'><strong>atque</strong></span> <span class='ocrx_word' id='word_1_366' title='bbox 3132 2086 3188 2141; x_wconf 88' lang='lat' dir='ltr'><strong>in</strong></span> <span class='ocrx_word' id='word_1_367' title='bbox 3207 2087 3315 2142; x_wconf 89' lang='lat' dir='ltr'><strong>alio</strong></span> <span class='ocrx_word' id='word_1_368' title='bbox 3334 2078 3541 2144; x_wconf 73' lang='lat' dir='ltr'><strong>laboris</strong></span> 
     </span>
    </p>
   </div>
   <div class='ocr_carea' id='block_1_51' title="bbox 1978 2169 3549 2248">
    <p class='ocr_par' dir='ltr' id='par_1_51' title="bbox 1978 2169 3549 2248">
     <span class='ocr_line' id='line_1_51' title="bbox 1978 2169 3549 2248; baseline 0.007 -25"><span class='ocrx_word' id='word_1_369' title='bbox 1978 2169 2093 2239; x_wconf 88' lang='lat' dir='ltr'><strong>ipse</strong></span> <span class='ocrx_word' id='word_1_370' title='bbox 2120 2184 2284 2238; x_wconf 86' lang='lat' dir='ltr'><strong>opere</strong></span> <span class='ocrx_word' id='word_1_371' title='bbox 2308 2181 2671 2241; x_wconf 87' lang='lat' dir='ltr'><strong>sequestretur</strong></span> <span class='ocrx_word' id='word_1_372' title='bbox 2696 2189 2727 2227; x_wconf 90' lang='lat' dir='ltr'><strong>a</strong></span> <span class='ocrx_word' id='word_1_373' title='bbox 2750 2176 3042 2245; x_wconf 69' lang='lat' dir='ltr'><strong>praeposito</strong></span> <span class='ocrx_word' id='word_1_374' title='bbox 3064 2190 3182 2242; x_wconf 89' lang='lat' dir='ltr'><strong>suo,</strong></span> <span class='ocrx_word' id='word_1_375' title='bbox 3203 2186 3258 2232; x_wconf 90' lang='lat' dir='ltr'><strong>et</strong></span> <span class='ocrx_word' id='word_1_376' title='bbox 3306 2178 3381 2233; x_wconf 84' lang='lat' dir='ltr'><strong>sit</strong></span> <span class='ocrx_word' id='word_1_377' title='bbox 3433 2178 3549 2248; x_wconf 88' lang='lat' dir='ltr'><strong>ipse</strong></span> 
     </span>
    </p>
   </div>
   <div class='ocr_carea' id='block_1_52' title="bbox 1979 2261 3551 2338">
    <p class='ocr_par' dir='ltr' id='par_1_52' title="bbox 1979 2261 3551 2338">
     <span class='ocr_line' id='line_1_52' title="bbox 1979 2261 3551 2338; baseline 0.007 -24"><span class='ocrx_word' id='word_1_378' title='bbox 1979 2267 2091 2314; x_wconf 87' lang='lat' dir='ltr'><strong>tam</strong></span> <span class='ocrx_word' id='word_1_379' title='bbox 2113 2262 2181 2315; x_wconf 90' lang='lat' dir='ltr'><strong>ab</strong></span> <span class='ocrx_word' id='word_1_380' title='bbox 2210 2261 2300 2315; x_wconf 89' lang='lat' dir='ltr'><strong>illo</strong></span> <span class='ocrx_word' id='word_1_381' title='bbox 2337 2275 2433 2319; x_wconf 90' lang='lat' dir='ltr'><strong>reo</strong></span> <span class='ocrx_word' id='word_1_382' title='bbox 2467 2279 2625 2333; x_wconf 86' lang='lat' dir='ltr'><strong>quam</strong></span> <span class='ocrx_word' id='word_1_383' title='bbox 2653 2266 2981 2322; x_wconf 88' lang='lat' dir='ltr'><strong>abomuibus</strong></span> <span class='ocrx_word' id='word_1_384' title='bbox 3005 2276 3308 2338; x_wconf 86' lang='lat' dir='ltr'><strong>separatus,</strong></span> <span class='ocrx_word' id='word_1_385' title='bbox 3331 2268 3551 2325; x_wconf 85' lang='lat' dir='ltr'><strong>etsolus</strong></span> 
     </span>
    </p>
   </div>
   <div class='ocr_carea' id='block_1_53' title="bbox 1947 2351 3541 2426">
    <p class='ocr_par' dir='ltr' id='par_1_53' title="bbox 1947 2351 3541 2426">
     <span class='ocr_line' id='line_1_53' title="bbox 1947 2351 3541 2426; baseline 0.006 -24"><span class='ocrx_word' id='word_1_386' title='bbox 1947 2356 2034 2403; x_wconf 78' lang='lat' dir='ltr'><strong>&#39;et</strong></span> <span class='ocrx_word' id='word_1_387' title='bbox 2059 2364 2185 2404; x_wconf 79' lang='lat' dir='ltr'><strong>mox</strong></span> <span class='ocrx_word' id='word_1_388' title='bbox 2225 2351 2295 2405; x_wconf 86' lang='lat' dir='ltr'><strong>ab</strong></span> <span class='ocrx_word' id='word_1_389' title='bbox 2318 2352 2558 2407; x_wconf 88' lang='lat' dir='ltr'><strong>omnium</strong></span> <span class='ocrx_word' id='word_1_390' title='bbox 2602 2362 2658 2408; x_wconf 85' lang='lat' dir='ltr'><strong>et</strong></span> <span class='ocrx_word' id='word_1_391' title='bbox 2709 2354 2825 2424; x_wconf 86' lang='lat' dir='ltr'><strong>ipse</strong></span> <span class='ocrx_word' id='word_1_392' title='bbox 2857 2355 3066 2412; x_wconf 82' lang='lat' dir='ltr'><strong>alienus</strong></span> <span class='ocrx_word' id='word_1_393' title='bbox 3117 2356 3351 2426; x_wconf 85' lang='lat' dir='ltr'><strong>eloquio.</strong></span> <span class='ocrx_word' id='word_1_394' title='bbox 3403 2357 3541 2412; x_wconf 79' lang='lat' dir='ltr'><strong>Nam</strong></span> 
     </span>
    </p>
   </div>
   <div class='ocr_carea' id='block_1_54' title="bbox 1980 2440 3547 2516">
    <p class='ocr_par' dir='ltr' id='par_1_54' title="bbox 1980 2440 3547 2516">
     <span class='ocr_line' id='line_1_54' title="bbox 1980 2440 3547 2516; baseline 0.004 -22"><span class='ocrx_word' id='word_1_395' title='bbox 1980 2440 2182 2496; x_wconf 84' lang='lat' dir='ltr'><strong>nonad</strong></span> <span class='ocrx_word' id='word_1_396' title='bbox 2228 2442 2441 2496; x_wconf 83' lang='lat' dir='ltr'><strong>veniam</strong></span> <span class='ocrx_word' id='word_1_397' title='bbox 2463 2441 2688 2511; x_wconf 83' lang='lat' dir='ltr'><strong>majoris</strong></span> <span class='ocrx_word' id='word_1_398' title='bbox 2711 2453 2767 2499; x_wconf 89' lang='lat' dir='ltr'><strong>et</strong></span> <span class='ocrx_word' id='word_1_399' title='bbox 2785 2445 2900 2514; x_wconf 87' lang='lat' dir='ltr'><strong>ipse</strong></span> <span class='ocrx_word' id='word_1_400' title='bbox 2928 2446 3215 2515; x_wconf 88' lang='lat' dir='ltr'><strong>pertineat,</strong></span> <span class='ocrx_word' id='word_1_401' title='bbox 3239 2447 3344 2501; x_wconf 86' lang='lat' dir='ltr'><strong>nisi</strong></span> <span class='ocrx_word' id='word_1_402' title='bbox 3372 2447 3547 2516; x_wconf 63' lang='lat' dir='ltr'><strong>pinni-</strong></span> 
     </span>
    </p>
   </div>
   <div class='ocr_carea' id='block_1_55' title="bbox 1981 2531 3551 2606">
    <p class='ocr_par' dir='ltr' id='par_1_55' title="bbox 1981 2531 3551 2606">
     <span class='ocr_line' id='line_1_55' title="bbox 1981 2531 3551 2606; baseline 0.006 -23"><span class='ocrx_word' id='word_1_403' title='bbox 1981 2531 2164 2586; x_wconf 71' lang='lat' dir='ltr'><strong>teutim</strong></span> <span class='ocrx_word' id='word_1_404' title='bbox 2188 2532 2380 2587; x_wconf 85' lang='lat' dir='ltr'><strong>similis</strong></span> <span class='ocrx_word' id='word_1_405' title='bbox 2404 2533 2706 2589; x_wconf 83' lang='lat' dir='ltr'><strong>satisfactio</strong></span> <span class='ocrx_word' id='word_1_406' title='bbox 2733 2536 2802 2590; x_wconf 93' lang='lat' dir='ltr'><strong>ab</strong></span> <span class='ocrx_word' id='word_1_407' title='bbox 2828 2536 2908 2590; x_wconf 88' lang='lat' dir='ltr'><strong>eis</strong></span> <span class='ocrx_word' id='word_1_408' title='bbox 2933 2536 3212 2606; x_wconf 64' lang='lat' dir='ltr'><strong>aequaliter</strong></span> <span class='ocrx_word' id='word_1_409' title='bbox 3235 2535 3401 2591; x_wconf 89' lang='lat' dir='ltr'><strong>fuerit</strong></span> <span class='ocrx_word' id='word_1_410' title='bbox 3426 2552 3551 2605; x_wconf 91' lang='lat' dir='ltr'><strong>ope-</strong></span> 
     </span>
    </p>
   </div>
   <div class='ocr_carea' id='block_1_56' title="bbox 1978 2623 3549 2696">
    <p class='ocr_par' dir='ltr' id='par_1_56' title="bbox 1978 2623 3549 2696">
     <span class='ocr_line' id='line_1_56' title="bbox 1978 2623 3549 2696; baseline 0.001 -19"><span class='ocrx_word' id='word_1_411' title='bbox 1978 2631 2120 2688; x_wconf 88' lang='lat' dir='ltr'><strong>rata,</strong></span> <span class='ocrx_word' id='word_1_412' title='bbox 2148 2623 2316 2689; x_wconf 78' lang='lat' dir='ltr'><strong>ill‘ius,</strong></span> <span class='ocrx_word' id='word_1_413' title='bbox 2336 2634 2557 2694; x_wconf 85' lang='lat' dir='ltr'><strong>propter</strong></span> <span class='ocrx_word' id='word_1_414' title='bbox 2581 2627 2724 2696; x_wconf 88' lang='lat' dir='ltr'><strong>quod</strong></span> <span class='ocrx_word' id='word_1_415' title='bbox 2751 2626 2959 2681; x_wconf 78' lang='lat' dir='ltr'><strong>exstitit</strong></span> <span class='ocrx_word' id='word_1_416' title='bbox 2986 2626 3299 2682; x_wconf 87' lang='lat' dir='ltr'><strong>inobediens</strong></span> <span class='ocrx_word' id='word_1_417' title='bbox 3328 2626 3382 2681; x_wconf 91' lang='lat' dir='ltr'><strong>in</strong></span> <span class='ocrx_word' id='word_1_418' title='bbox 3415 2628 3549 2680; x_wconf 82' lang='lat' dir='ltr'><strong>vitio</strong></span> 
     </span>
    </p>
   </div>
   <div class='ocr_carea' id='block_1_57' title="bbox 1979 2712 3548 2785">
    <p class='ocr_par' dir='ltr' id='par_1_57' title="bbox 1979 2712 3548 2785">
     <span class='ocr_line' id='line_1_57' title="bbox 1979 2712 3548 2785; baseline 0.004 -20"><span class='ocrx_word' id='word_1_419' title='bbox 1979 2712 2063 2767; x_wconf 88' lang='lat' dir='ltr'><strong>vel</strong></span> <span class='ocrx_word' id='word_1_420' title='bbox 2084 2720 2325 2783; x_wconf 88' lang='lat' dir='ltr'><strong>peccato,</strong></span> <span class='ocrx_word' id='word_1_421' title='bbox 2347 2714 2523 2781; x_wconf 86' lang='lat' dir='ltr'><strong>istius,</strong></span> <span class='ocrx_word' id='word_1_422' title='bbox 2553 2715 2697 2785; x_wconf 88' lang='lat' dir='ltr'><strong>quod</strong></span> <span class='ocrx_word' id='word_1_423' title='bbox 2723 2716 3028 2773; x_wconf 86' lang='lat' dir='ltr'><strong>mercedem</strong></span> <span class='ocrx_word' id='word_1_424' title='bbox 3050 2716 3434 2773; x_wconf 86' lang='lat' dir='ltr'><strong>consolationis</strong></span> <span class='ocrx_word' id='word_1_425' title='bbox 3451 2716 3548 2771; x_wconf 88' lang='lat' dir='ltr'><strong>tri-</strong></span> 
     </span>
    </p>
   </div>
   <div class='ocr_carea' id='block_1_58' title="bbox 1979 2803 2630 2862">
    <p class='ocr_par' dir='ltr' id='par_1_58' title="bbox 1979 2803 2630 2862">
     <span class='ocr_line' id='line_1_58' title="bbox 1979 2803 2630 2862; baseline 0.002 -3"><span class='ocrx_word' id='word_1_426' title='bbox 1979 2804 2096 2859; x_wconf 91' lang='lat' dir='ltr'><strong>buit</strong></span> <span class='ocrx_word' id='word_1_427' title='bbox 2118 2803 2385 2859; x_wconf 85' lang='lat' dir='ltr'><strong>malorum</strong></span> <span class='ocrx_word' id='word_1_428' title='bbox 2411 2805 2630 2862; x_wconf 79' lang='lat' dir='ltr'><strong>artifici.</strong></span> 
     </span>
    </p>
   </div>
   <div class='ocr_carea' id='block_1_59' title="bbox 2526 2915 2995 2975">
    <p class='ocr_par' dir='ltr' id='par_1_59' title="bbox 2526 2915 2995 2975">
     <span class='ocr_line' id='line_1_59' title="bbox 2526 2915 2995 2975; baseline 0 -2"><span class='ocrx_word' id='word_1_429' title='bbox 2526 2915 2754 2975; x_wconf 84' lang='lat' dir='ltr'><strong>CAPUT</strong></span> <span class='ocrx_word' id='word_1_430' title='bbox 2781 2917 2995 2974; x_wconf 79' lang='lat' dir='ltr'><strong>XXVII.</strong></span> 
     </span>
    </p>
   </div>
   <div class='ocr_carea' id='block_1_60' title="bbox 1983 3003 3540 3132">
    <p class='ocr_par' dir='ltr' id='par_1_60' title="bbox 1983 3003 3540 3132">
     <span class='ocr_line' id='line_1_60' title="bbox 1983 3003 3540 3132; baseline 0.003 -73"><span class='ocrx_word' id='word_1_431' title='bbox 1983 3003 2223 3071; x_wconf 82' lang='lat' dir='ltr'><strong>Qualiter</strong></span> <span class='ocrx_word' id='word_1_432' title='bbox 2268 3008 2449 3063; x_wconf 82' lang='lat' dir='ltr'><strong>debeat</strong></span> <span class='ocrx_word' id='word_1_433' title='bbox 2476 3024 2586 3064; x_wconf 88' lang='lat' dir='ltr'><strong>esse</strong></span> <span class='ocrx_word' id='word_1_434' title='bbox 2610 3009 2868 3132; x_wconf 58' lang='lat' dir='ltr'><strong>sollicitus</strong></span> <span class='ocrx_word' id='word_1_435' title='bbox 2891 3008 3049 3078; x_wconf 86' lang='lat' dir='ltr'><strong>abbas</strong></span> <span class='ocrx_word' id='word_1_436' title='bbox 3072 3008 3212 3063; x_wconf 86' lang='lat' dir='ltr'><strong>circa</strong></span> <span class='ocrx_word' id='word_1_437' title='bbox 3239 3024 3540 3064; x_wconf 73' lang='lat' dir='ltr'><strong>excommu-</strong></span> 
     </span>
     <span class='ocr_line' id='line_1_61' title="bbox 2646 3095 2869 3132; baseline 0 0"><span class='ocrx_word' id='word_1_438' title='bbox 2646 3095 2765 3132; x_wconf 84' lang='lat' dir='ltr'><strong>mca</strong></span> <span class='ocrx_word' id='word_1_439' title='bbox 2791 3096 2869 3132; x_wconf 84' lang='lat' dir='ltr'><strong>os.</strong></span> 
     </span>
    </p>
   </div>
   <div class='ocr_carea' id='block_1_61' title="bbox 2646 3095 2869 3133">
    <p class='ocr_par' dir='ltr' id='par_1_61' title="bbox 2646 3095 2869 3133">
     <span class='ocr_line' id='line_1_62' title="bbox 2646 3095 2869 3133; baseline 0.004 -1"><span class='ocrx_word' id='word_1_440' title='bbox 2646 3095 2869 3133; x_wconf 73' lang='grc' dir='ltr'><strong>ηιεαιοε.</strong></span> 
     </span>
    </p>
   </div>
   <div class='ocr_carea' id='block_1_62' title="bbox 307 3163 3551 3257">
    <p class='ocr_par' dir='ltr' id='par_1_62' title="bbox 307 3163 3551 3257">
     <span class='ocr_line' id='line_1_63' title="bbox 307 3163 3551 3257; baseline -0.002 -26"><span class='ocrx_word' id='word_1_441' title='bbox 307 3175 652 3231; x_wconf 79' lang='lat' dir='ltr'><strong>considerare</strong></span> <span class='ocrx_word' id='word_1_442' title='bbox 686 3174 848 3229; x_wconf 87' lang='lat' dir='ltr'><strong>debet</strong></span> <span class='ocrx_word' id='word_1_443' title='bbox 872 3172 1061 3237; x_wconf 82' lang='lat' dir='ltr'><strong>abbas,</strong></span> <span class='ocrx_word' id='word_1_444' title='bbox 1091 3171 1177 3226; x_wconf 89' lang='lat' dir='ltr'><strong>eui</strong></span> <span class='ocrx_word' id='word_1_445' title='bbox 1206 3169 1389 3239; x_wconf 80' lang='lat' dir='ltr'><strong>qualis</strong></span> <span class='ocrx_word' id='word_1_446' title='bbox 1435 3168 1721 3224; x_wconf 83' lang='lat' dir='ltr'><strong>conveniat</strong></span> <span class='ocrx_word' id='word_1_447' title='bbox 1765 3169 1877 3223; x_wconf 86' lang='lat' dir='ltr'><strong>dis-</strong></span> <span class='ocrx_word' id='word_1_448' title='bbox 1905 3165 1949 3227; x_wconf 91' lang='lat' dir='ltr'><strong>C</strong></span> <span class='ocrx_word' id='word_1_449' title='bbox 2053 3163 2211 3219; x_wconf 85' lang='lat' dir='ltr'><strong>Omni</strong></span> <span class='ocrx_word' id='word_1_450' title='bbox 2241 3165 2592 3223; x_wconf 71' lang='lat' dir='ltr'><strong>sollicitudine</strong></span> <span class='ocrx_word' id='word_1_451' title='bbox 2618 3184 2800 3222; x_wconf 85' lang='lat' dir='ltr'><strong>curam</strong></span> <span class='ocrx_word' id='word_1_452' title='bbox 2828 3178 2974 3257; x_wconf 83' lang='lat' dir='ltr'><strong>gerat</strong></span> <span class='ocrx_word' id='word_1_453' title='bbox 2997 3169 3158 3224; x_wconf 80' lang='lat' dir='ltr'><strong>abbas</strong></span> <span class='ocrx_word' id='word_1_454' title='bbox 3198 3168 3341 3222; x_wconf 89' lang='lat' dir='ltr'><strong>circa</strong></span> <span class='ocrx_word' id='word_1_455' title='bbox 3381 3167 3551 3224; x_wconf 84' lang='lat' dir='ltr'><strong>delin-</strong></span> 
     </span>
    </p>
   </div>
   <div class='ocr_carea' id='block_1_63' title="bbox 306 3259 1899 3334">
    <p class='ocr_par' dir='ltr' id='par_1_63' title="bbox 306 3259 1899 3334">
     <span class='ocr_line' id='line_1_64' title="bbox 306 3259 1899 3334; baseline -0.004 -14"><span class='ocrx_word' id='word_1_456' title='bbox 306 3264 507 3334; x_wconf 87' lang='lat' dir='ltr'><strong>ciplina</strong></span> <span class='ocrx_word' id='word_1_457' title='bbox 531 3263 619 3318; x_wconf 91' lang='lat' dir='ltr'><strong>vel</strong></span> <span class='ocrx_word' id='word_1_458' title='bbox 647 3262 986 3333; x_wconf 65' lang='lat' dir='ltr'><strong>pauitantia.</strong></span> <span class='ocrx_word' id='word_1_459' title='bbox 1013 3261 1370 3317; x_wconf 89' lang='lat' dir='ltr'><strong>Considerare</strong></span> <span class='ocrx_word' id='word_1_460' title='bbox 1394 3260 1539 3315; x_wconf 88' lang='lat' dir='ltr'><strong>enim</strong></span> <span class='ocrx_word' id='word_1_461' title='bbox 1568 3259 1728 3314; x_wconf 87' lang='lat' dir='ltr'><strong>debet</strong></span> <span class='ocrx_word' id='word_1_462' title='bbox 1757 3266 1899 3314; x_wconf 56' lang='grc' dir='ltr'><strong>ωιαί</strong></span> 
     </span>
    </p>
   </div>
   <div class='ocr_carea' id='block_1_64' title="bbox 313 3349 1882 3424">
    <p class='ocr_par' dir='ltr' id='par_1_64' title="bbox 313 3349 1882 3424">
     <span class='ocr_line' id='line_1_65' title="bbox 313 3349 1882 3424; baseline -0.003 -15"><span class='ocrx_word' id='word_1_463' title='bbox 313 3363 422 3409; x_wconf 85' lang='lat' dir='ltr'><strong>tem</strong></span> <span class='ocrx_word' id='word_1_464' title='bbox 439 3352 722 3424; x_wconf 73' lang='lat' dir='ltr'><strong>puerilem,</strong></span> <span class='ocrx_word' id='word_1_465' title='bbox 753 3353 839 3410; x_wconf 87' lang='lat' dir='ltr'><strong>vel</strong></span> <span class='ocrx_word' id='word_1_466' title='bbox 871 3360 1205 3409; x_wconf 86' lang='lat' dir='ltr'><strong>senectutem</strong></span> <span class='ocrx_word' id='word_1_467' title='bbox 1244 3350 1538 3414; x_wconf 84' lang='lat' dir='ltr'><strong>infirmam,</strong></span> <span class='ocrx_word' id='word_1_468' title='bbox 1562 3349 1649 3404; x_wconf 86' lang='lat' dir='ltr'><strong>vel</strong></span> <span class='ocrx_word' id='word_1_469' title='bbox 1683 3349 1882 3405; x_wconf 85' lang='lat' dir='ltr'><strong>delica-</strong></span> 
     </span>
    </p>
   </div>
   <div class='ocr_carea' id='block_1_65' title="bbox 313 3435 1879 3507">
    <p class='ocr_par' dir='ltr' id='par_1_65' title="bbox 313 3435 1879 3507">
     <span class='ocr_line' id='line_1_66' title="bbox 313 3435 1879 3507; baseline -0.002 -15"><span class='ocrx_word' id='word_1_470' title='bbox 313 3446 426 3492; x_wconf 87' lang='lat' dir='ltr'><strong>tum</strong></span> <span class='ocrx_word' id='word_1_471' title='bbox 461 3451 679 3507; x_wconf 85' lang='lat' dir='ltr'><strong>corpus,</strong></span> <span class='ocrx_word' id='word_1_472' title='bbox 710 3437 852 3493; x_wconf 87' lang='lat' dir='ltr'><strong>forte</strong></span> <span class='ocrx_word' id='word_1_473' title='bbox 870 3437 953 3492; x_wconf 88' lang='lat' dir='ltr'><strong>vel</strong></span> <span class='ocrx_word' id='word_1_474' title='bbox 974 3435 1273 3501; x_wconf 84' lang='lat' dir='ltr'><strong>imbecille;</strong></span> <span class='ocrx_word' id='word_1_475' title='bbox 1305 3441 1360 3489; x_wconf 88' lang='lat' dir='ltr'><strong>et</strong></span> <span class='ocrx_word' id='word_1_476' title='bbox 1380 3435 1675 3489; x_wconf 89' lang='lat' dir='ltr'><strong>secundum</strong></span> <span class='ocrx_word' id='word_1_477' title='bbox 1690 3435 1879 3489; x_wconf 85' lang='lat' dir='ltr'><strong>unius-</strong></span> 
     </span>
    </p>
   </div>
   <div class='ocr_carea' id='block_1_66' title="bbox 200 3518 1879 3598">
    <p class='ocr_par' dir='ltr' id='par_1_66' title="bbox 200 3518 1879 3598">
     <span class='ocr_line' id='line_1_67' title="bbox 200 3518 1879 3598; baseline -0.001 -14"><span class='ocrx_word' id='word_1_478' title='bbox 200 3518 205 3524; x_wconf 50' lang='grc'><em>”</em></span> <span class='ocrx_word' id='word_1_479' title='bbox 307 3525 570 3598; x_wconf 83' lang='lat' dir='ltr'><strong>cujusque</strong></span> <span class='ocrx_word' id='word_1_480' title='bbox 598 3527 912 3598; x_wconf 82' lang='lat' dir='ltr'><strong>qualitatem</strong></span> <span class='ocrx_word' id='word_1_481' title='bbox 961 3528 1042 3584; x_wconf 88' lang='lat' dir='ltr'><strong>sic</strong></span> <span class='ocrx_word' id='word_1_482' title='bbox 1081 3527 1244 3583; x_wconf 84' lang='lat' dir='ltr'><strong>debet</strong></span> <span class='ocrx_word' id='word_1_483' title='bbox 1282 3526 1619 3596; x_wconf 71' lang='lat' dir='ltr'><strong>pmnitentite</strong></span> <span class='ocrx_word' id='word_1_484' title='bbox 1662 3525 1879 3583; x_wconf 87' lang='lat' dir='ltr'><strong>modum</strong></span> 
     </span>
    </p>
   </div>
   <div class='ocr_carea' id='block_1_67' title="bbox 308 3615 1881 3689">
    <p class='ocr_par' dir='ltr' id='par_1_67' title="bbox 308 3615 1881 3689">
     <span class='ocr_line' id='line_1_68' title="bbox 308 3615 1881 3689; baseline -0.003 -15"><span class='ocrx_word' id='word_1_485' title='bbox 308 3617 533 3686; x_wconf 86' lang='lat' dir='ltr'><strong>inferre,</strong></span> <span class='ocrx_word' id='word_1_486' title='bbox 563 3628 622 3674; x_wconf 91' lang='lat' dir='ltr'><strong>et</strong></span> <span class='ocrx_word' id='word_1_487' title='bbox 640 3619 939 3688; x_wconf 78' lang='lat' dir='ltr'><strong>disciplina:</strong></span> <span class='ocrx_word' id='word_1_488' title='bbox 959 3618 1170 3689; x_wconf 89' lang='lat' dir='ltr'><strong>pondus</strong></span> <span class='ocrx_word' id='word_1_489' title='bbox 1193 3616 1495 3685; x_wconf 90' lang='lat' dir='ltr'><strong>imponere,</strong></span> <span class='ocrx_word' id='word_1_490' title='bbox 1527 3615 1881 3671; x_wconf 76' lang='lat' dir='ltr'><strong>ntmedieiuae</strong></span> 
     </span>
    </p>
   </div>
   <div class='ocr_carea' id='block_1_68' title="bbox 308 3707 1878 3779">
    <p class='ocr_par' dir='ltr' id='par_1_68' title="bbox 308 3707 1878 3779">
     <span class='ocr_line' id='line_1_69' title="bbox 308 3707 1878 3779; baseline -0.002 -14"><span class='ocrx_word' id='word_1_491' title='bbox 308 3725 433 3765; x_wconf 84' lang='lat' dir='ltr'><strong>eum</strong></span> <span class='ocrx_word' id='word_1_492' title='bbox 457 3709 740 3779; x_wconf 85' lang='lat' dir='ltr'><strong>disciplina</strong></span> <span class='ocrx_word' id='word_1_493' title='bbox 764 3718 941 3775; x_wconf 86' lang='lat' dir='ltr'><strong>sanet,</strong></span> <span class='ocrx_word' id='word_1_494' title='bbox 964 3724 1072 3764; x_wconf 91' lang='lat' dir='ltr'><strong>non</strong></span> <span class='ocrx_word' id='word_1_495' title='bbox 1095 3708 1396 3779; x_wconf 88' lang='lat' dir='ltr'><strong>opprimat;</strong></span> <span class='ocrx_word' id='word_1_496' title='bbox 1424 3707 1662 3762; x_wconf 84' lang='lat' dir='ltr'><strong>vitaliter</strong></span> <span class='ocrx_word' id='word_1_497' title='bbox 1682 3707 1878 3773; x_wconf 75' lang='lat' dir='ltr'><strong>elevet,</strong></span> 
     </span>
    </p>
   </div>
   <div class='ocr_carea' id='block_1_69' title="bbox 310 3797 962 3866">
    <p class='ocr_par' dir='ltr' id='par_1_69' title="bbox 310 3797 962 3866">
     <span class='ocr_line' id='line_1_70' title="bbox 310 3797 962 3866; baseline -0.003 -14"><span class='ocrx_word' id='word_1_498' title='bbox 310 3811 419 3853; x_wconf 89' lang='lat' dir='ltr'><strong>non</strong></span> <span class='ocrx_word' id='word_1_499' title='bbox 443 3797 962 3866; x_wconf 85' lang='lat' dir='ltr'><strong>mortalitergravet.</strong></span> 
     </span>
    </p>
   </div>
   <div class='ocr_carea' id='block_1_70' title="bbox 385 3884 1881 3960">
    <p class='ocr_par' dir='ltr' id='par_1_70' title="bbox 385 3884 1881 3960">
     <span class='ocr_line' id='line_1_71' title="bbox 385 3884 1881 3960; baseline -0.003 -17"><span class='ocrx_word' id='word_1_500' title='bbox 385 3886 498 3944; x_wconf 78' lang='lat' dir='ltr'><strong>Nec</strong></span> <span class='ocrx_word' id='word_1_501' title='bbox 519 3905 552 3943; x_wconf 89' lang='lat' dir='ltr'><strong>a</strong></span> <span class='ocrx_word' id='word_1_502' title='bbox 572 3904 832 3960; x_wconf 82' lang='lat' dir='ltr'><strong>quoquam</strong></span> <span class='ocrx_word' id='word_1_503' title='bbox 854 3887 1192 3942; x_wconf 82' lang='lat' dir='ltr'><strong>benedicatur</strong></span> <span class='ocrx_word' id='word_1_504' title='bbox 1215 3895 1537 3951; x_wconf 81' lang='lat' dir='ltr'><strong>transeunte,</strong></span> <span class='ocrx_word' id='word_1_505' title='bbox 1592 3903 1686 3941; x_wconf 87' lang='lat' dir='ltr'><strong>nec</strong></span> <span class='ocrx_word' id='word_1_506' title='bbox 1726 3884 1881 3940; x_wconf 82' lang='lat' dir='ltr'><strong>cibus</strong></span> 
     </span>
    </p>
   </div>
   <div class='ocr_carea' id='block_1_71' title="bbox 310 3979 1880 4050">
    <p class='ocr_par' dir='ltr' id='par_1_71' title="bbox 310 3979 1880 4050">
     <span class='ocr_line' id='line_1_72' title="bbox 310 3979 1880 4050; baseline -0.001 -16"><span class='ocrx_word' id='word_1_507' title='bbox 310 3979 402 4050; x_wconf 84' lang='lat' dir='ltr'><strong>qui</strong></span> <span class='ocrx_word' id='word_1_508' title='bbox 422 3980 470 4035; x_wconf 82' lang='lat' dir='ltr'><strong>ei</strong></span> <span class='ocrx_word' id='word_1_509' title='bbox 495 3979 677 4034; x_wconf 83' lang='lat' dir='ltr'><strong>datur.</strong></span> <span class='ocrx_word' id='word_1_510' title='bbox 706 3979 787 4035; x_wconf 87' lang='lat' dir='ltr'><strong>De</strong></span> <span class='ocrx_word' id='word_1_511' title='bbox 815 3981 921 4035; x_wconf 80' lang='lat' dir='ltr'><strong>hac</strong></span> <span class='ocrx_word' id='word_1_512' title='bbox 952 3981 1220 4035; x_wconf 86' lang='lat' dir='ltr'><strong>sententia</strong></span> <span class='ocrx_word' id='word_1_513' title='bbox 1241 3979 1323 4035; x_wconf 87' lang='lat' dir='ltr'><strong>sic</strong></span> <span class='ocrx_word' id='word_1_514' title='bbox 1351 3979 1443 4034; x_wconf 89' lang='lat' dir='ltr'><strong>alii</strong></span> <span class='ocrx_word' id='word_1_515' title='bbox 1484 3979 1675 4035; x_wconf 87' lang='lat' dir='ltr'><strong>Patres</strong></span> <span class='ocrx_word' id='word_1_516' title='bbox 1726 3979 1880 4033; x_wconf 75' lang='lat' dir='ltr'><strong>dixe—</strong></span> 
     </span>
    </p>
   </div>
   <div class='ocr_carea' id='block_1_72' title="bbox 312 4070 1882 4143">
    <p class='ocr_par' dir='ltr' id='par_1_72' title="bbox 312 4070 1882 4143">
     <span class='ocr_line' id='line_1_73' title="bbox 312 4070 1882 4143; baseline -0.001 -17"><span class='ocrx_word' id='word_1_517' title='bbox 312 4082 440 4128; x_wconf 87' lang='lat' dir='ltr'><strong>runt</strong></span> <span class='ocrx_word' id='word_1_518' title='bbox 455 4087 476 4125; x_wconf 92' lang='lat'><strong><em>:</em></strong></span> <span class='ocrx_word' id='word_1_519' title='bbox 500 4070 712 4128; x_wconf 84' lang='lat' dir='ltr'><strong>Nullius</strong></span> <span class='ocrx_word' id='word_1_520' title='bbox 731 4071 949 4143; x_wconf 84' lang='lat' dir='ltr'><strong>eloquio</strong></span> <span class='ocrx_word' id='word_1_521' title='bbox 972 4072 1298 4137; x_wconf 88' lang='lat' dir='ltr'><strong>consoletur,</strong></span> <span class='ocrx_word' id='word_1_522' title='bbox 1315 4072 1483 4127; x_wconf 88' lang='lat' dir='ltr'><strong>tacito</strong></span> <span class='ocrx_word' id='word_1_523' title='bbox 1495 4070 1736 4127; x_wconf 84' lang='lat' dir='ltr'><strong>omnium</strong></span> <span class='ocrx_word' id='word_1_524' title='bbox 1761 4085 1882 4140; x_wconf 88' lang='lat' dir='ltr'><strong>pcr-</strong></span> 
     </span>
    </p>
   </div>
   <div class='ocr_carea' id='block_1_73' title="bbox 313 4160 1883 4235">
    <p class='ocr_par' dir='ltr' id='par_1_73' title="bbox 313 4160 1883 4235">
     <span class='ocr_line' id='line_1_74' title="bbox 313 4160 1883 4235; baseline -0.004 -14"><span class='ocrx_word' id='word_1_525' title='bbox 313 4170 617 4221; x_wconf 80' lang='lat' dir='ltr'><strong>traneeatur</strong></span> <span class='ocrx_word' id='word_1_526' title='bbox 636 4173 879 4235; x_wconf 85' lang='lat' dir='ltr'><strong>aspectu.</strong></span> <span class='ocrx_word' id='word_1_527' title='bbox 899 4163 1109 4220; x_wconf 87' lang='lat' dir='ltr'><strong>Peteuti</strong></span> <span class='ocrx_word' id='word_1_528' title='bbox 1133 4162 1561 4218; x_wconf 86' lang='lat' dir='ltr'><strong>benedictionem</strong></span> <span class='ocrx_word' id='word_1_529' title='bbox 1588 4160 1770 4215; x_wconf 91' lang='lat' dir='ltr'><strong>nullus</strong></span> <span class='ocrx_word' id='word_1_530' title='bbox 1798 4174 1883 4214; x_wconf 88' lang='lat' dir='ltr'><strong>re-</strong></span> 
     </span>
    </p>
   </div>
   <div class='ocr_carea' id='block_1_74' title="bbox 310 4252 1880 4326">
    <p class='ocr_par' dir='ltr' id='par_1_74' title="bbox 310 4252 1880 4326">
     <span class='ocr_line' id='line_1_75' title="bbox 310 4252 1880 4326; baseline -0.003 -17"><span class='ocrx_word' id='word_1_531' title='bbox 310 4254 592 4325; x_wconf 83' lang='lat' dir='ltr'><strong>spondeat.</strong></span> <span class='ocrx_word' id='word_1_532' title='bbox 633 4253 905 4324; x_wconf 82' lang='lat' dir='ltr'><strong>Quidquid</strong></span> <span class='ocrx_word' id='word_1_533' title='bbox 941 4256 994 4310; x_wconf 90' lang='lat' dir='ltr'><strong>ei</strong></span> <span class='ocrx_word' id='word_1_534' title='bbox 1023 4255 1340 4326; x_wconf 80' lang='lat' dir='ltr'><strong>porrigitur,</strong></span> <span class='ocrx_word' id='word_1_535' title='bbox 1366 4269 1396 4307; x_wconf 92' lang='lat' dir='ltr'><strong>a</strong></span> <span class='ocrx_word' id='word_1_536' title='bbox 1428 4252 1573 4307; x_wconf 91' lang='lat' dir='ltr'><strong>nullo</strong></span> <span class='ocrx_word' id='word_1_537' title='bbox 1620 4254 1880 4321; x_wconf 78' lang='lat' dir='ltr'><strong>signetur.</strong></span> 
     </span>
    </p>
   </div>
   <div class='ocr_carea' id='block_1_75' title="bbox 311 4341 1897 4415">
    <p class='ocr_par' dir='ltr' id='par_1_75' title="bbox 311 4341 1897 4415">
     <span class='ocr_line' id='line_1_76' title="bbox 311 4341 1897 4415; baseline -0.005 -13"><span class='ocrx_word' id='word_1_538' title='bbox 311 4345 583 4414; x_wconf 75' lang='lat' dir='ltr'><strong>Quidquid</strong></span> <span class='ocrx_word' id='word_1_539' title='bbox 608 4360 742 4400; x_wconf 88' lang='lat' dir='ltr'><strong>vero</strong></span> <span class='ocrx_word' id='word_1_540' title='bbox 790 4351 942 4400; x_wconf 79' lang='lat' dir='ltr'><strong>extra</strong></span> <span class='ocrx_word' id='word_1_541' title='bbox 978 4360 1114 4415; x_wconf 84' lang='lat' dir='ltr'><strong>opus</strong></span> <span class='ocrx_word' id='word_1_542' title='bbox 1155 4344 1488 4414; x_wconf 87' lang='lat' dir='ltr'><strong>assignatum</strong></span> <span class='ocrx_word' id='word_1_543' title='bbox 1536 4341 1897 4411; x_wconf 89' lang='lat' dir='ltr'><strong>peculiariter-</strong></span> 
     </span>
    </p>
   </div>
   <div class='ocr_carea' id='block_1_76' title="bbox 313 4427 1883 4504">
    <p class='ocr_par' dir='ltr' id='par_1_76' title="bbox 313 4427 1883 4504">
     <span class='ocr_line' id='line_1_77' title="bbox 313 4427 1883 4504; baseline -0.001 -17"><span class='ocrx_word' id='word_1_544' title='bbox 313 4435 395 4495; x_wconf 63' lang='grc' dir='ltr'><strong>νει</strong></span> <span class='ocrx_word' id='word_1_545' title='bbox 427 4435 572 4490; x_wconf 90' lang='lat' dir='ltr'><strong>ultro</strong></span> <span class='ocrx_word' id='word_1_546' title='bbox 606 4433 873 4500; x_wconf 77' lang='lat' dir='ltr'><strong>allecerit,</strong></span> <span class='ocrx_word' id='word_1_547' title='bbox 936 4435 1280 4504; x_wconf 86' lang='lat' dir='ltr'><strong>dispergatur</strong></span> <span class='ocrx_word' id='word_1_548' title='bbox 1304 4432 1387 4487; x_wconf 83' lang='lat' dir='ltr'><strong>vel</strong></span> <span class='ocrx_word' id='word_1_549' title='bbox 1429 4431 1738 4501; x_wconf 88' lang='lat' dir='ltr'><strong>dissipetur.</strong></span> <span class='ocrx_word' id='word_1_550' title='bbox 1791 4427 1883 4485; x_wconf 87' lang='lat' dir='ltr'><strong>Sic</strong></span> 
     </span>
    </p>
   </div>
   <div class='ocr_carea' id='block_1_77' title="bbox 304 4523 1470 4597">
    <p class='ocr_par' dir='ltr' id='par_1_77' title="bbox 304 4523 1470 4597">
     <span class='ocr_line' id='line_1_78' title="bbox 304 4523 1470 4597; baseline -0.003 -17"><span class='ocrx_word' id='word_1_551' title='bbox 304 4527 517 4597; x_wconf 83' lang='lat' dir='ltr'><strong>ubique</strong></span> <span class='ocrx_word' id='word_1_552' title='bbox 542 4527 691 4583; x_wconf 85' lang='lat' dir='ltr'><strong>solus</strong></span> <span class='ocrx_word' id='word_1_553' title='bbox 720 4535 778 4582; x_wconf 91' lang='lat' dir='ltr'><strong>et</strong></span> <span class='ocrx_word' id='word_1_554' title='bbox 799 4527 853 4581; x_wconf 87' lang='lat' dir='ltr'><strong>ei</strong></span> <span class='ocrx_word' id='word_1_555' title='bbox 878 4525 992 4583; x_wconf 86' lang='lat' dir='ltr'><strong>sola</strong></span> <span class='ocrx_word' id='word_1_556' title='bbox 1012 4525 1168 4596; x_wconf 88' lang='lat' dir='ltr'><strong>culpa</strong></span> <span class='ocrx_word' id='word_1_557' title='bbox 1198 4523 1470 4579; x_wconf 84' lang='lat' dir='ltr'><strong>solatium.</strong></span> 
     </span>
    </p>
   </div>
   <div class='ocr_carea' id='block_1_78' title="bbox 873 4634 1316 4692">
    <p class='ocr_par' dir='ltr' id='par_1_78' title="bbox 873 4634 1316 4692">
     <span class='ocr_line' id='line_1_79' title="bbox 873 4634 1316 4692; baseline -0.007 0"><span class='ocrx_word' id='word_1_558' title='bbox 873 4635 1104 4692; x_wconf 85' lang='lat' dir='ltr'><strong>CAPUT</strong></span> <span class='ocrx_word' id='word_1_559' title='bbox 1128 4634 1316 4691; x_wconf 74' lang='lat' dir='ltr'><strong>XXVI.</strong></span> 
     </span>
    </p>
   </div>
   <div class='ocr_carea' id='block_1_79' title="bbox 314 4725 1881 4808">
    <p class='ocr_par' dir='ltr' id='par_1_79' title="bbox 314 4725 1881 4808">
     <span class='ocr_line' id='line_1_80' title="bbox 314 4725 1881 4808; baseline -0.007 -22"><span class='ocrx_word' id='word_1_560' title='bbox 314 4730 391 4786; x_wconf 84' lang='lat' dir='ltr'><strong>De</strong></span> <span class='ocrx_word' id='word_1_561' title='bbox 410 4730 492 4786; x_wconf 75' lang='lat' dir='ltr'><strong>Itis</strong></span> <span class='ocrx_word' id='word_1_562' title='bbox 512 4731 601 4803; x_wconf 85' lang='lat' dir='ltr'><strong>qui</strong></span> <span class='ocrx_word' id='word_1_563' title='bbox 626 4731 738 4786; x_wconf 86' lang='lat' dir='ltr'><strong>sine</strong></span> <span class='ocrx_word' id='word_1_564' title='bbox 753 4728 999 4802; x_wconf 85' lang='lat' dir='ltr'><strong>jussione</strong></span> <span class='ocrx_word' id='word_1_565' title='bbox 1019 4725 1227 4808; x_wconf 63' lang='lat' dir='ltr'><strong>abbatis</strong></span> <span class='ocrx_word' id='word_1_566' title='bbox 1254 4725 1555 4796; x_wconf 71' lang='lat' dir='ltr'><strong>junguntur</strong></span> <span class='ocrx_word' id='word_1_567' title='bbox 1577 4738 1881 4778; x_wconf 75' lang='lat' dir='ltr'><strong>excommu-</strong></span> 
     </span>
    </p>
   </div>
   <div class='ocr_carea' id='block_1_80' title="bbox 977 4805 1185 4851">
    <p class='ocr_par' dir='ltr' id='par_1_80' title="bbox 977 4805 1185 4851">
     <span class='ocr_line' id='line_1_81' title="bbox 977 4805 1185 4851; baseline -0.014 0"><span class='ocrx_word' id='word_1_568' title='bbox 977 4805 1185 4851; x_wconf 75' lang='lat' dir='ltr'><strong>nicalts.</strong></span> 
     </span>
    </p>
   </div>
   <div class='ocr_carea' id='block_1_81' title="bbox 383 4884 1883 4964">
    <p class='ocr_par' dir='ltr' id='par_1_81' title="bbox 383 4884 1883 4964">
     <span class='ocr_line' id='line_1_82' title="bbox 383 4884 1883 4964; baseline -0.01 -14"><span class='ocrx_word' id='word_1_569' title='bbox 383 4891 444 4950; x_wconf 86' lang='lat' dir='ltr'><strong>Si</strong></span> <span class='ocrx_word' id='word_1_570' title='bbox 469 4893 588 4964; x_wconf 84' lang='lat' dir='ltr'><strong>quis</strong></span> <span class='ocrx_word' id='word_1_571' title='bbox 607 4892 774 4963; x_wconf 89' lang='lat' dir='ltr'><strong>frater</strong></span> <span class='ocrx_word' id='word_1_572' title='bbox 792 4889 1182 4962; x_wconf 77' lang='lat' dir='ltr'><strong>prtcsumpserit</strong></span> <span class='ocrx_word' id='word_1_573' title='bbox 1234 4887 1347 4941; x_wconf 83' lang='lat' dir='ltr'><strong>sine</strong></span> <span class='ocrx_word' id='word_1_574' title='bbox 1390 4885 1634 4956; x_wconf 81' lang='lat' dir='ltr'><strong>jussione</strong></span> <span class='ocrx_word' id='word_1_575' title='bbox 1678 4884 1883 4962; x_wconf 80' lang='lat' dir='ltr'><strong>abbatis</strong></span> 
     </span>
    </p>
   </div>
   <div class='ocr_carea' id='block_1_82' title="bbox 316 4979 1882 5056">
    <p class='ocr_par' dir='ltr' id='par_1_82' title="bbox 316 4979 1882 5056">
     <span class='ocr_line' id='line_1_83' title="bbox 316 4979 1882 5056; baseline -0.007 -15"><span class='ocrx_word' id='word_1_576' title='bbox 316 4986 470 5056; x_wconf 79' lang='lat' dir='ltr'><strong>fratri</strong></span> <span class='ocrx_word' id='word_1_577' title='bbox 483 4983 930 5040; x_wconf 70' lang='lat' dir='ltr'><strong>excommunicato</strong></span> <span class='ocrx_word' id='word_1_578' title='bbox 966 4982 1193 5055; x_wconf 79' lang='lat' dir='ltr'><strong>quolibet</strong></span> <span class='ocrx_word' id='word_1_579' title='bbox 1224 4979 1379 5035; x_wconf 85' lang='lat' dir='ltr'><strong>modo</strong></span> <span class='ocrx_word' id='word_1_580' title='bbox 1400 4995 1453 5033; x_wconf 82' lang='lat' dir='ltr'><strong>se</strong></span> <span class='ocrx_word' id='word_1_581' title='bbox 1492 4979 1739 5048; x_wconf 84' lang='lat' dir='ltr'><strong>jungere,</strong></span> <span class='ocrx_word' id='word_1_582' title='bbox 1787 4984 1882 5030; x_wconf 84' lang='lat' dir='ltr'><strong>aut</strong></span> 
     </span>
    </p>
   </div>
   <div class='ocr_carea' id='block_1_83' title="bbox 315 5067 1886 5148">
    <p class='ocr_par' dir='ltr' id='par_1_83' title="bbox 315 5067 1886 5148">
     <span class='ocr_line' id='line_1_84' title="bbox 315 5067 1886 5148; baseline -0.008 -17"><span class='ocrx_word' id='word_1_583' title='bbox 315 5077 457 5148; x_wconf 80' lang='lat' dir='ltr'><strong>loqui</strong></span> <span class='ocrx_word' id='word_1_584' title='bbox 469 5091 587 5130; x_wconf 85' lang='lat' dir='ltr'><strong>cum</strong></span> <span class='ocrx_word' id='word_1_585' title='bbox 607 5091 688 5140; x_wconf 89' lang='lat' dir='ltr'><strong>eo,</strong></span> <span class='ocrx_word' id='word_1_586' title='bbox 713 5074 791 5130; x_wconf 77' lang='lat' dir='ltr'><strong>vel</strong></span> <span class='ocrx_word' id='word_1_587' title='bbox 818 5074 1130 5129; x_wconf 83' lang='lat' dir='ltr'><strong>mandatum</strong></span> <span class='ocrx_word' id='word_1_588' title='bbox 1147 5074 1197 5127; x_wconf 88' lang='lat' dir='ltr'><strong>ei</strong></span> <span class='ocrx_word' id='word_1_589' title='bbox 1242 5071 1492 5141; x_wconf 82' lang='lat' dir='ltr'><strong>dirigere,</strong></span> <span class='ocrx_word' id='word_1_590' title='bbox 1525 5067 1747 5123; x_wconf 85' lang='lat' dir='ltr'><strong>similem</strong></span> <span class='ocrx_word' id='word_1_591' title='bbox 1771 5082 1886 5121; x_wconf 90' lang='lat' dir='ltr'><strong>sor-</strong></span> 
     </span>
    </p>
   </div>
   <div class='ocr_carea' id='block_1_84' title="bbox 314 5157 1888 5223">
    <p class='ocr_par' dir='ltr' id='par_1_84' title="bbox 314 5157 1888 5223">
     <span class='ocr_line' id='line_1_85' title="bbox 314 5157 1888 5223; baseline -0.008 -2"><span class='ocrx_word' id='word_1_592' title='bbox 314 5170 481 5223; x_wconf 77' lang='lat' dir='ltr'><strong>tiatur</strong></span> <span class='ocrx_word' id='word_1_593' title='bbox 531 5164 1083 5221; x_wconf 72' lang='lat' dir='ltr'><strong>excommunicationis</strong></span> <span class='ocrx_word' id='word_1_594' title='bbox 1129 5162 1433 5217; x_wconf 72' lang='lat' dir='ltr'><strong>uindictam.</strong></span> <span class='ocrx_word' id='word_1_595' title='bbox 1504 5157 1643 5211; x_wconf 80' lang='lat' dir='ltr'><strong>Illuc</strong></span> <span class='ocrx_word' id='word_1_596' title='bbox 1696 5157 1888 5211; x_wconf 73' lang='lat' dir='ltr'><strong>beatus</strong></span> 
     </span>
    </p>
   </div>
   <div class='ocr_carea' id='block_1_85' title="bbox 317 5246 1889 5313">
    <p class='ocr_par' dir='ltr' id='par_1_85' title="bbox 317 5246 1889 5313">
     <span class='ocr_line' id='line_1_86' title="bbox 317 5246 1889 5313; baseline -0.009 -1"><span class='ocrx_word' id='word_1_597' title='bbox 317 5257 554 5313; x_wconf 87' lang='lat' dir='ltr'><strong>Isidorus</strong></span> <span class='ocrx_word' id='word_1_598' title='bbox 586 5254 665 5309; x_wconf 82' lang='lat' dir='ltr'><strong>ait</strong></span> <span class='ocrx_word' id='word_1_599' title='bbox 695 5271 709 5307; x_wconf 92' lang='lat'><strong>:</strong></span> <span class='ocrx_word' id='word_1_600' title='bbox 734 5252 817 5307; x_wconf 87' lang='lat' dir='ltr'><strong>Ad</strong></span> <span class='ocrx_word' id='word_1_601' title='bbox 852 5251 1374 5307; x_wconf 70' lang='lat' dir='ltr'><strong>exeommunicatum</strong></span> <span class='ocrx_word' id='word_1_602' title='bbox 1425 5247 1555 5301; x_wconf 89' lang='lat' dir='ltr'><strong>nulli</strong></span> <span class='ocrx_word' id='word_1_603' title='bbox 1590 5246 1750 5301; x_wconf 85' lang='lat' dir='ltr'><strong>liceat</strong></span> <span class='ocrx_word' id='word_1_604' title='bbox 1806 5246 1889 5299; x_wconf 91' lang='lat' dir='ltr'><strong>in-</strong></span> 
     </span>
    </p>
   </div>
   <div class='ocr_carea' id='block_1_86' title="bbox 316 5336 1888 5419">
    <p class='ocr_par' dir='ltr' id='par_1_86' title="bbox 316 5336 1888 5419">
     <span class='ocr_line' id='line_1_87' title="bbox 316 5336 1888 5419; baseline -0.01 -16"><span class='ocrx_word' id='word_1_605' title='bbox 316 5346 468 5419; x_wconf 82' lang='lat' dir='ltr'><strong>gredi</strong></span> <span class='ocrx_word' id='word_1_606' title='bbox 503 5345 642 5401; x_wconf 85' lang='lat' dir='ltr'><strong>citra</strong></span> <span class='ocrx_word' id='word_1_607' title='bbox 669 5342 954 5414; x_wconf 86' lang='lat' dir='ltr'><strong>imperium</strong></span> <span class='ocrx_word' id='word_1_608' title='bbox 982 5341 1231 5395; x_wconf 83' lang='lat' dir='ltr'><strong>senioris.</strong></span> <span class='ocrx_word' id='word_1_609' title='bbox 1262 5340 1397 5395; x_wconf 92' lang='lat' dir='ltr'><strong>Cum</strong></span> <span class='ocrx_word' id='word_1_610' title='bbox 1423 5336 1888 5393; x_wconf 78' lang='lat' dir='ltr'><strong>excommunicato</strong></span> 
     </span>
    </p>
   </div>
   <div class='ocr_carea' id='block_1_87' title="bbox 319 5427 1892 5509">
    <p class='ocr_par' dir='ltr' id='par_1_87' title="bbox 319 5427 1892 5509">
     <span class='ocr_line' id='line_1_88' title="bbox 319 5427 1892 5509; baseline -0.009 -14"><span class='ocrx_word' id='word_1_611' title='bbox 319 5453 493 5509; x_wconf 89' lang='lat' dir='ltr'><strong>neque</strong></span> <span class='ocrx_word' id='word_1_612' title='bbox 526 5452 717 5504; x_wconf 88' lang='lat' dir='ltr'><strong>orare,</strong></span> <span class='ocrx_word' id='word_1_613' title='bbox 751 5449 926 5505; x_wconf 89' lang='lat' dir='ltr'><strong>neque</strong></span> <span class='ocrx_word' id='word_1_614' title='bbox 960 5432 1107 5501; x_wconf 89' lang='lat' dir='ltr'><strong>loqui</strong></span> <span class='ocrx_word' id='word_1_615' title='bbox 1147 5432 1341 5501; x_wconf 80' lang='lat' dir='ltr'><strong>cuique</strong></span> <span class='ocrx_word' id='word_1_616' title='bbox 1384 5429 1586 5484; x_wconf 76' lang='lat' dir='ltr'><strong>licebit.</strong></span> <span class='ocrx_word' id='word_1_617' title='bbox 1624 5427 1760 5483; x_wconf 91' lang='lat' dir='ltr'><strong>Cum</strong></span> <span class='ocrx_word' id='word_1_618' title='bbox 1799 5442 1892 5481; x_wconf 79' lang='lat' dir='ltr'><strong>ex-</strong></span> 
     </span>
    </p>
   </div>
   <div class='ocr_carea' id='block_1_88' title="bbox 318 5516 1891 5596">
    <p class='ocr_par' dir='ltr' id='par_1_88' title="bbox 318 5516 1891 5596">
     <span class='ocr_line' id='line_1_89' title="bbox 318 5516 1891 5596; baseline -0.011 -10"><span class='ocrx_word' id='word_1_619' title='bbox 318 5529 718 5587; x_wconf 87' lang='lat' dir='ltr'><strong>eommnuieato</strong></span> <span class='ocrx_word' id='word_1_620' title='bbox 746 5526 876 5584; x_wconf 87' lang='lat' dir='ltr'><strong>nulli</strong></span> <span class='ocrx_word' id='word_1_621' title='bbox 902 5524 1117 5596; x_wconf 89' lang='lat' dir='ltr'><strong>penitus</strong></span> <span class='ocrx_word' id='word_1_622' title='bbox 1151 5521 1294 5577; x_wconf 83' lang='lat' dir='ltr'><strong>vesci</strong></span> <span class='ocrx_word' id='word_1_623' title='bbox 1325 5521 1471 5585; x_wconf 89' lang='lat' dir='ltr'><strong>licet,</strong></span> <span class='ocrx_word' id='word_1_624' title='bbox 1503 5534 1603 5575; x_wconf 88' lang='lat' dir='ltr'><strong>nec</strong></span> <span class='ocrx_word' id='word_1_625' title='bbox 1633 5517 1737 5588; x_wconf 91' lang='lat' dir='ltr'><strong>ipsi</strong></span> <span class='ocrx_word' id='word_1_626' title='bbox 1768 5516 1891 5587; x_wconf 85' lang='lat' dir='ltr'><strong>qui-</strong></span> 
     </span>
    </p>
   </div>
   <div class='ocr_carea' id='block_1_89' title="bbox 319 5609 1891 5689">
    <p class='ocr_par' dir='ltr' id='par_1_89' title="bbox 319 5609 1891 5689">
     <span class='ocr_line' id='line_1_90' title="bbox 319 5609 1891 5689; baseline -0.01 -14"><span class='ocrx_word' id='word_1_627' title='bbox 319 5622 442 5676; x_wconf 86' lang='lat' dir='ltr'><strong>dem</strong></span> <span class='ocrx_word' id='word_1_628' title='bbox 474 5621 567 5689; x_wconf 90' lang='lat' dir='ltr'><strong>qui</strong></span> <span class='ocrx_word' id='word_1_629' title='bbox 588 5620 910 5677; x_wconf 85' lang='lat' dir='ltr'><strong>alimentum</strong></span> <span class='ocrx_word' id='word_1_630' title='bbox 957 5613 1122 5670; x_wconf 87' lang='lat' dir='ltr'><strong>victui</strong></span> <span class='ocrx_word' id='word_1_631' title='bbox 1154 5611 1378 5682; x_wconf 81' lang='lat' dir='ltr'><strong>praebet.</strong></span> <span class='ocrx_word' id='word_1_632' title='bbox 1411 5610 1549 5665; x_wconf 86' lang='lat' dir='ltr'><strong>llinc</strong></span> <span class='ocrx_word' id='word_1_633' title='bbox 1599 5609 1891 5665; x_wconf 80' lang='lat' dir='ltr'><strong>Cassianus</strong></span> 
     </span>
    </p>
   </div>
   <div class='ocr_carea' id='block_1_90' title="bbox 322 5697 1891 5779">
    <p class='ocr_par' dir='ltr' id='par_1_90' title="bbox 322 5697 1891 5779">
     <span class='ocr_line' id='line_1_91' title="bbox 322 5697 1891 5779; baseline -0.009 -17"><span class='ocrx_word' id='word_1_634' title='bbox 322 5708 397 5763; x_wconf 88' lang='lat' dir='ltr'><strong>ait</strong></span> <span class='ocrx_word' id='word_1_635' title='bbox 429 5727 440 5762; x_wconf 91' lang='lat'><strong>:</strong></span> <span class='ocrx_word' id='word_1_636' title='bbox 472 5707 674 5779; x_wconf 82' lang='lat' dir='ltr'><strong>Siquis</strong></span> <span class='ocrx_word' id='word_1_637' title='bbox 704 5717 881 5765; x_wconf 89' lang='lat' dir='ltr'><strong>autem</strong></span> <span class='ocrx_word' id='word_1_638' title='bbox 908 5722 1006 5778; x_wconf 88' lang='lat' dir='ltr'><strong>pro</strong></span> <span class='ocrx_word' id='word_1_639' title='bbox 1038 5703 1276 5774; x_wconf 85' lang='lat' dir='ltr'><strong>qualibet</strong></span> <span class='ocrx_word' id='word_1_640' title='bbox 1302 5701 1455 5772; x_wconf 81' lang='lat' dir='ltr'><strong>culpa</strong></span> <span class='ocrx_word' id='word_1_641' title='bbox 1486 5716 1582 5755; x_wconf 82' lang='lat' dir='ltr'><strong>sua</strong></span> <span class='ocrx_word' id='word_1_642' title='bbox 1611 5700 1766 5754; x_wconf 76' lang='lat' dir='ltr'><strong>fuerit</strong></span> <span class='ocrx_word' id='word_1_643' title='bbox 1826 5697 1891 5750; x_wconf 84' lang='lat' dir='ltr'><strong>ab</strong></span> 
     </span>
    </p>
   </div>
   <div class='ocr_carea' id='block_1_91' title="bbox 1979 3256 3550 3329">
    <p class='ocr_par' dir='ltr' id='par_1_91' title="bbox 1979 3256 3550 3329">
     <span class='ocr_line' id='line_1_92' title="bbox 1979 3256 3550 3329; baseline 0.003 -21"><span class='ocrx_word' id='word_1_644' title='bbox 1979 3264 2191 3325; x_wconf 80' lang='lat' dir='ltr'><strong>quentes</strong></span> <span class='ocrx_word' id='word_1_645' title='bbox 2222 3256 2437 3326; x_wconf 85' lang='lat' dir='ltr'><strong>fratres,</strong></span> <span class='ocrx_word' id='word_1_646' title='bbox 2466 3259 2589 3329; x_wconf 82' lang='lat' dir='ltr'><strong>quia</strong></span> <span class='ocrx_word' id='word_1_647' title='bbox 2621 3275 2725 3313; x_wconf 87' lang='lat' dir='ltr'><strong>non</strong></span> <span class='ocrx_word' id='word_1_648' title='bbox 2745 3266 2819 3314; x_wconf 86' lang='lat' dir='ltr'><strong>est</strong></span> <span class='ocrx_word' id='word_1_649' title='bbox 2848 3275 2978 3329; x_wconf 79' lang='lat' dir='ltr'><strong>opus</strong></span> <span class='ocrx_word' id='word_1_650' title='bbox 3004 3262 3149 3315; x_wconf 87' lang='lat' dir='ltr'><strong>sanis</strong></span> <span class='ocrx_word' id='word_1_651' title='bbox 3177 3261 3424 3322; x_wconf 85' lang='lat' dir='ltr'><strong>medicus,</strong></span> <span class='ocrx_word' id='word_1_652' title='bbox 3458 3262 3550 3315; x_wconf 82' lang='lat' dir='ltr'><strong>sed</strong></span> 
     </span>
    </p>
   </div>
   <div class='ocr_carea' id='block_1_92' title="bbox 1982 3342 3550 3418">
    <p class='ocr_par' dir='ltr' id='par_1_92' title="bbox 1982 3342 3550 3418">
     <span class='ocr_line' id='line_1_93' title="bbox 1982 3342 3550 3418; baseline 0.004 -22"><span class='ocrx_word' id='word_1_653' title='bbox 1982 3342 2119 3397; x_wconf 74' lang='lat' dir='ltr'><strong>male</strong></span> <span class='ocrx_word' id='word_1_654' title='bbox 2141 3345 2447 3400; x_wconf 76' lang='lat' dir='ltr'><strong>habentibus</strong></span> <span class='ocrx_word' id='word_1_655' title='bbox 2478 3345 2694 3417; x_wconf 78' lang='lat' dir='ltr'><strong>(Matth.</strong></span> <span class='ocrx_word' id='word_1_656' title='bbox 2725 3346 2823 3418; x_wconf 75' lang='grc' dir='ltr'><strong>ιι).</strong></span> <span class='ocrx_word' id='word_1_657' title='bbox 2867 3347 3094 3404; x_wconf 88' lang='lat' dir='ltr'><strong>Omnem</strong></span> <span class='ocrx_word' id='word_1_658' title='bbox 3137 3349 3550 3405; x_wconf 88' lang='lat' dir='ltr'><strong>sollicitudinem</strong></span> 
     </span>
    </p>
   </div>
   <div class='ocr_carea' id='block_1_93' title="bbox 1983 3432 3551 3508">
    <p class='ocr_par' dir='ltr' id='par_1_93' title="bbox 1983 3432 3551 3508">
     <span class='ocr_line' id='line_1_94' title="bbox 1983 3432 3551 3508; baseline 0.004 -20"><span class='ocrx_word' id='word_1_659' title='bbox 1983 3432 2113 3489; x_wconf 85' lang='lat' dir='ltr'><strong>dicit</strong></span> <span class='ocrx_word' id='word_1_660' title='bbox 2150 3449 2365 3490; x_wconf 87' lang='lat' dir='ltr'><strong>omnem</strong></span> <span class='ocrx_word' id='word_1_661' title='bbox 2398 3451 2608 3502; x_wconf 88' lang='lat' dir='ltr'><strong>curam,</strong></span> <span class='ocrx_word' id='word_1_662' title='bbox 2650 3451 2870 3492; x_wconf 85' lang='lat' dir='ltr'><strong>omnem</strong></span> <span class='ocrx_word' id='word_1_663' title='bbox 2917 3438 3298 3508; x_wconf 87' lang='lat' dir='ltr'><strong>sagacitatem,</strong></span> <span class='ocrx_word' id='word_1_664' title='bbox 3334 3452 3551 3494; x_wconf 89' lang='lat' dir='ltr'><strong>omnem</strong></span> 
     </span>
    </p>
   </div>
   <div class='ocr_carea' id='block_1_94' title="bbox 1980 3528 3553 3600">
    <p class='ocr_par' dir='ltr' id='par_1_94' title="bbox 1980 3528 3553 3600">
     <span class='ocr_line' id='line_1_95' title="bbox 1980 3528 3553 3600; baseline 0.002 -19"><span class='ocrx_word' id='word_1_665' title='bbox 1980 3528 2302 3583; x_wconf 77' lang='lat' dir='ltr'><strong>industriam</strong></span> <span class='ocrx_word' id='word_1_666' title='bbox 2338 3529 2485 3584; x_wconf 84' lang='lat' dir='ltr'><strong>circa</strong></span> <span class='ocrx_word' id='word_1_667' title='bbox 2513 3529 2907 3600; x_wconf 81' lang='lat' dir='ltr'><strong>delinquentes,</strong></span> <span class='ocrx_word' id='word_1_668' title='bbox 2930 3530 2984 3584; x_wconf 88' lang='lat' dir='ltr'><strong>id</strong></span> <span class='ocrx_word' id='word_1_669' title='bbox 2997 3538 3100 3595; x_wconf 86' lang='lat' dir='ltr'><strong>est,</strong></span> <span class='ocrx_word' id='word_1_670' title='bbox 3115 3531 3254 3585; x_wconf 88' lang='lat' dir='ltr'><strong>circa</strong></span> <span class='ocrx_word' id='word_1_671' title='bbox 3267 3536 3553 3600; x_wconf 89' lang='lat' dir='ltr'><strong>peccantes</strong></span> 
     </span>
    </p>
   </div>
   <div class='ocr_carea' id='block_1_95' title="bbox 1983 3615 3555 3689">
    <p class='ocr_par' dir='ltr' id='par_1_95' title="bbox 1983 3615 3555 3689">
     <span class='ocr_line' id='line_1_96' title="bbox 1983 3615 3555 3689; baseline 0.003 -19"><span class='ocrx_word' id='word_1_672' title='bbox 1983 3615 2198 3673; x_wconf 83' lang='lat' dir='ltr'><strong>fratres.</strong></span> <span class='ocrx_word' id='word_1_673' title='bbox 2226 3618 2325 3674; x_wconf 77' lang='lat' dir='ltr'><strong>Hic</strong></span> <span class='ocrx_word' id='word_1_674' title='bbox 2367 3619 2741 3689; x_wconf 79' lang='lat' dir='ltr'><strong>delinquentes</strong></span> <span class='ocrx_word' id='word_1_675' title='bbox 2792 3620 2991 3677; x_wconf 84' lang='lat' dir='ltr'><strong>fratres</strong></span> <span class='ocrx_word' id='word_1_676' title='bbox 3032 3621 3174 3689; x_wconf 88' lang='lat' dir='ltr'><strong>male</strong></span> <span class='ocrx_word' id='word_1_677' title='bbox 3226 3620 3555 3675; x_wconf 88' lang='lat' dir='ltr'><strong>habentibus</strong></span> 
     </span>
    </p>
   </div>
   <div class='ocr_carea' id='block_1_96' title="bbox 1983 3711 3551 3786">
    <p class='ocr_par' dir='ltr' id='par_1_96' title="bbox 1983 3711 3551 3786">
     <span class='ocr_line' id='line_1_97' title="bbox 1983 3711 3551 3786; baseline 0.003 -22"><span class='ocrx_word' id='word_1_678' title='bbox 1983 3711 2272 3777; x_wconf 86' lang='lat' dir='ltr'><strong>assimilat;</strong></span> <span class='ocrx_word' id='word_1_679' title='bbox 2303 3712 2553 3767; x_wconf 87' lang='lat' dir='ltr'><strong>abbatem</strong></span> <span class='ocrx_word' id='word_1_680' title='bbox 2580 3728 2710 3768; x_wconf 91' lang='lat' dir='ltr'><strong>vero</strong></span> <span class='ocrx_word' id='word_1_681' title='bbox 2735 3714 2943 3769; x_wconf 86' lang='lat' dir='ltr'><strong>medico</strong></span> <span class='ocrx_word' id='word_1_682' title='bbox 2971 3724 3268 3786; x_wconf 89' lang='lat' dir='ltr'><strong>comparat.</strong></span> <span class='ocrx_word' id='word_1_683' title='bbox 3294 3712 3423 3769; x_wconf 88' lang='lat' dir='ltr'><strong>Sine</strong></span> <span class='ocrx_word' id='word_1_684' title='bbox 3456 3715 3551 3768; x_wconf 88' lang='lat' dir='ltr'><strong>du-</strong></span> 
     </span>
    </p>
   </div>
   <div class='ocr_carea' id='block_1_97' title="bbox 1982 3798 3553 3873">
    <p class='ocr_par' dir='ltr' id='par_1_97' title="bbox 1982 3798 3553 3873">
     <span class='ocr_line' id='line_1_98' title="bbox 1982 3798 3553 3873; baseline 0.003 -20"><span class='ocrx_word' id='word_1_685' title='bbox 1982 3798 2073 3853; x_wconf 89' lang='lat' dir='ltr'><strong>bio</strong></span> <span class='ocrx_word' id='word_1_686' title='bbox 2097 3800 2241 3854; x_wconf 89' lang='lat' dir='ltr'><strong>enim</strong></span> <span class='ocrx_word' id='word_1_687' title='bbox 2272 3801 2451 3855; x_wconf 89' lang='lat' dir='ltr'><strong>anima</strong></span> <span class='ocrx_word' id='word_1_688' title='bbox 2478 3804 2695 3872; x_wconf 86' lang='lat' dir='ltr'><strong>quando</strong></span> <span class='ocrx_word' id='word_1_689' title='bbox 2718 3811 2929 3873; x_wconf 90' lang='lat' dir='ltr'><strong>peccat,</strong></span> <span class='ocrx_word' id='word_1_690' title='bbox 2970 3804 3112 3860; x_wconf 90' lang='lat' dir='ltr'><strong>male</strong></span> <span class='ocrx_word' id='word_1_691' title='bbox 3143 3804 3322 3865; x_wconf 84' lang='lat' dir='ltr'><strong>habet,</strong></span> <span class='ocrx_word' id='word_1_692' title='bbox 3357 3804 3483 3873; x_wconf 89' lang='lat' dir='ltr'><strong>quia</strong></span> <span class='ocrx_word' id='word_1_693' title='bbox 3521 3820 3553 3858; x_wconf 88' lang='lat' dir='ltr'><strong>a</strong></span> 
     </span>
    </p>
   </div>
   <div class='ocr_carea' id='block_1_98' title="bbox 1984 3892 3556 3962">
    <p class='ocr_par' dir='ltr' id='par_1_98' title="bbox 1984 3892 3556 3962">
     <span class='ocr_line' id='line_1_99' title="bbox 1984 3892 3556 3962; baseline 0.001 -15"><span class='ocrx_word' id='word_1_694' title='bbox 1984 3892 2224 3947; x_wconf 88' lang='lat' dir='ltr'><strong>bonitate</strong></span> <span class='ocrx_word' id='word_1_695' title='bbox 2250 3893 2457 3962; x_wconf 88' lang='lat' dir='ltr'><strong>pariter</strong></span> <span class='ocrx_word' id='word_1_696' title='bbox 2494 3894 2697 3949; x_wconf 85' lang='lat' dir='ltr'><strong>recedit</strong></span> <span class='ocrx_word' id='word_1_697' title='bbox 2742 3903 2801 3949; x_wconf 90' lang='lat' dir='ltr'><strong>et</strong></span> <span class='ocrx_word' id='word_1_698' title='bbox 2827 3895 3080 3950; x_wconf 86' lang='lat' dir='ltr'><strong>sanitate.</strong></span> <span class='ocrx_word' id='word_1_699' title='bbox 3115 3894 3268 3951; x_wconf 89' lang='lat' dir='ltr'><strong>Sicut</strong></span> <span class='ocrx_word' id='word_1_700' title='bbox 3294 3896 3436 3950; x_wconf 88' lang='lat' dir='ltr'><strong>enim</strong></span> <span class='ocrx_word' id='word_1_701' title='bbox 3472 3902 3556 3949; x_wconf 87' lang='lat' dir='ltr'><strong>est</strong></span> 
     </span>
    </p>
   </div>
   <div class='ocr_carea' id='block_1_99' title="bbox 1985 3981 3552 4053">
    <p class='ocr_par' dir='ltr' id='par_1_99' title="bbox 1985 3981 3552 4053">
     <span class='ocr_line' id='line_1_100' title="bbox 1985 3981 3552 4053; baseline 0.001 -17"><span class='ocrx_word' id='word_1_702' title='bbox 1985 3981 2271 4037; x_wconf 85' lang='lat' dir='ltr'><strong>infirmitas</strong></span> <span class='ocrx_word' id='word_1_703' title='bbox 2292 3983 2558 4053; x_wconf 88' lang='lat' dir='ltr'><strong>corporis,</strong></span> <span class='ocrx_word' id='word_1_704' title='bbox 2589 3992 2674 4038; x_wconf 89' lang='lat' dir='ltr'><strong>est</strong></span> <span class='ocrx_word' id='word_1_705' title='bbox 2698 3992 2754 4038; x_wconf 91' lang='lat' dir='ltr'><strong>et</strong></span> <span class='ocrx_word' id='word_1_706' title='bbox 2779 3984 2898 4039; x_wconf 88' lang='lat' dir='ltr'><strong>sine</strong></span> <span class='ocrx_word' id='word_1_707' title='bbox 2927 3984 3091 4039; x_wconf 85' lang='lat' dir='ltr'><strong>dubio</strong></span> <span class='ocrx_word' id='word_1_708' title='bbox 3124 3983 3414 4038; x_wconf 84' lang='lat' dir='ltr'><strong>infirmitas</strong></span> <span class='ocrx_word' id='word_1_709' title='bbox 3432 3985 3552 4037; x_wconf 87' lang='lat' dir='ltr'><strong>aui-</strong></span> 
     </span>
    </p>
   </div>
   <div class='ocr_carea' id='block_1_100' title="bbox 1984 4073 3557 4145">
    <p class='ocr_par' dir='ltr' id='par_1_100' title="bbox 1984 4073 3557 4145">
     <span class='ocr_line' id='line_1_101' title="bbox 1984 4073 3557 4145; baseline 0 -18"><span class='ocrx_word' id='word_1_710' title='bbox 1984 4088 2107 4128; x_wconf 73' lang='lat' dir='ltr'><strong>mae.</strong></span> <span class='ocrx_word' id='word_1_711' title='bbox 2130 4074 2197 4127; x_wconf 92' lang='lat' dir='ltr'><strong>Et</strong></span> <span class='ocrx_word' id='word_1_712' title='bbox 2216 4073 2356 4128; x_wconf 88' lang='lat' dir='ltr'><strong>sicut</strong></span> <span class='ocrx_word' id='word_1_713' title='bbox 2377 4074 2582 4145; x_wconf 84' lang='lat' dir='ltr'><strong>indiget</strong></span> <span class='ocrx_word' id='word_1_714' title='bbox 2602 4076 2813 4130; x_wconf 88' lang='lat' dir='ltr'><strong>medico</strong></span> <span class='ocrx_word' id='word_1_715' title='bbox 2827 4075 3075 4130; x_wconf 77' lang='lat' dir='ltr'><strong>inﬁmus</strong></span> <span class='ocrx_word' id='word_1_716' title='bbox 3089 4089 3335 4143; x_wconf 89' lang='lat' dir='ltr'><strong>corpore,</strong></span> <span class='ocrx_word' id='word_1_717' title='bbox 3348 4074 3557 4144; x_wconf 82' lang='lat' dir='ltr'><strong>indiget</strong></span> 
     </span>
    </p>
   </div>
   <div class='ocr_carea' id='block_1_101' title="bbox 1988 4164 3553 4235">
    <p class='ocr_par' dir='ltr' id='par_1_101' title="bbox 1988 4164 3553 4235">
     <span class='ocr_line' id='line_1_102' title="bbox 1988 4164 3553 4235; baseline 0 -18"><span class='ocrx_word' id='word_1_718' title='bbox 1988 4164 2233 4219; x_wconf 83' lang='lat' dir='ltr'><strong>infirmus</strong></span> <span class='ocrx_word' id='word_1_719' title='bbox 2256 4171 2313 4219; x_wconf 92' lang='lat' dir='ltr'><strong>et</strong></span> <span class='ocrx_word' id='word_1_720' title='bbox 2331 4164 2529 4219; x_wconf 88' lang='lat' dir='ltr'><strong>anima.</strong></span> <span class='ocrx_word' id='word_1_721' title='bbox 2556 4164 2601 4218; x_wconf 82' lang='lat' dir='ltr'><strong>A</strong></span> <span class='ocrx_word' id='word_1_722' title='bbox 2628 4172 2733 4235; x_wconf 86' lang='lat' dir='ltr'><strong>qua</strong></span> <span class='ocrx_word' id='word_1_723' title='bbox 2762 4165 3075 4221; x_wconf 82' lang='lat' dir='ltr'><strong>inﬁrmitate</strong></span> <span class='ocrx_word' id='word_1_724' title='bbox 3098 4165 3287 4220; x_wconf 87' lang='lat' dir='ltr'><strong>volens</strong></span> <span class='ocrx_word' id='word_1_725' title='bbox 3329 4164 3553 4219; x_wconf 85' lang='lat' dir='ltr'><strong>liberari</strong></span> 
     </span>
    </p>
   </div>
   <div class='ocr_carea' id='block_1_102' title="bbox 1985 4254 3551 4325">
    <p class='ocr_par' dir='ltr' id='par_1_102' title="bbox 1985 4254 3551 4325">
     <span class='ocr_line' id='line_1_103' title="bbox 1985 4254 3551 4325; baseline -0.001 -17"><span class='ocrx_word' id='word_1_726' title='bbox 1985 4254 2289 4320; x_wconf 87' lang='lat' dir='ltr'><strong>Psalmista,</strong></span> <span class='ocrx_word' id='word_1_727' title='bbox 2322 4255 2549 4311; x_wconf 86' lang='lat' dir='ltr'><strong>Domino</strong></span> <span class='ocrx_word' id='word_1_728' title='bbox 2574 4271 2703 4313; x_wconf 90' lang='lat' dir='ltr'><strong>vero</strong></span> <span class='ocrx_word' id='word_1_729' title='bbox 2733 4257 2943 4312; x_wconf 88' lang='lat' dir='ltr'><strong>medico</strong></span> <span class='ocrx_word' id='word_1_730' title='bbox 2966 4257 3182 4312; x_wconf 87' lang='lat' dir='ltr'><strong>dicebat</strong></span> <span class='ocrx_word' id='word_1_731' title='bbox 3213 4274 3227 4309; x_wconf 89' lang='lat'><strong>:</strong></span> <span class='ocrx_word' id='word_1_732' title='bbox 3274 4254 3388 4325; x_wconf 82' lang='lat' dir='ltr'><strong>Ego</strong></span> <span class='ocrx_word' id='word_1_733' title='bbox 3420 4255 3551 4316; x_wconf 71' lang='lat' dir='ltr'><strong>dixi,</strong></span> 
     </span>
    </p>
   </div>
   <div class='ocr_carea' id='block_1_103' title="bbox 1986 4343 3556 4414">
    <p class='ocr_par' dir='ltr' id='par_1_103' title="bbox 1986 4343 3556 4414">
     <span class='ocr_line' id='line_1_104' title="bbox 1986 4343 3556 4414; baseline -0.001 -17"><span class='ocrx_word' id='word_1_734' title='bbox 1986 4343 2232 4408; x_wconf 88' lang='lat' dir='ltr'><strong>Domine,</strong></span> <span class='ocrx_word' id='word_1_735' title='bbox 2263 4346 2507 4398; x_wconf 87' lang='lat' dir='ltr'><strong>miserere</strong></span> <span class='ocrx_word' id='word_1_736' title='bbox 2537 4346 2662 4412; x_wconf 88' lang='lat' dir='ltr'><strong>mei,</strong></span> <span class='ocrx_word' id='word_1_737' title='bbox 2721 4363 2854 4400; x_wconf 86' lang='lat' dir='ltr'><strong>sana</strong></span> <span class='ocrx_word' id='word_1_738' title='bbox 2899 4347 3132 4400; x_wconf 79' lang='lat' dir='ltr'><strong>animum</strong></span> <span class='ocrx_word' id='word_1_739' title='bbox 3185 4362 3375 4407; x_wconf 86' lang='lat' dir='ltr'><strong>meam,</strong></span> <span class='ocrx_word' id='word_1_740' title='bbox 3429 4346 3556 4414; x_wconf 75' lang='lat' dir='ltr'><strong>quia</strong></span> 
     </span>
    </p>
   </div>
   <div class='ocr_carea' id='block_1_104' title="bbox 1987 4433 3557 4507">
    <p class='ocr_par' dir='ltr' id='par_1_104' title="bbox 1987 4433 3557 4507">
     <span class='ocr_line' id='line_1_105' title="bbox 1987 4433 3557 4507; baseline 0 -20"><span class='ocrx_word' id='word_1_741' title='bbox 1987 4435 2195 4504; x_wconf 86' lang='lat' dir='ltr'><strong>peccavi</strong></span> <span class='ocrx_word' id='word_1_742' title='bbox 2224 4434 2318 4487; x_wconf 80' lang='lat' dir='ltr'><strong>tibi</strong></span> <span class='ocrx_word' id='word_1_743' title='bbox 2345 4433 2520 4505; x_wconf 84' lang='lat' dir='ltr'><strong>(Psal.</strong></span> <span class='ocrx_word' id='word_1_744' title='bbox 2554 4434 2665 4507; x_wconf 72' lang='lat' dir='ltr'><strong>xc).</strong></span> <span class='ocrx_word' id='word_1_745' title='bbox 2698 4435 2864 4506; x_wconf 89' lang='lat' dir='ltr'><strong>Cujus</strong></span> <span class='ocrx_word' id='word_1_746' title='bbox 2900 4436 3074 4491; x_wconf 84' lang='lat' dir='ltr'><strong>vicem</strong></span> <span class='ocrx_word' id='word_1_747' title='bbox 3103 4435 3278 4491; x_wconf 82' lang='lat' dir='ltr'><strong>bonus</strong></span> <span class='ocrx_word' id='word_1_748' title='bbox 3298 4435 3352 4488; x_wconf 89' lang='lat' dir='ltr'><strong>in</strong></span> <span class='ocrx_word' id='word_1_749' title='bbox 3374 4449 3557 4488; x_wconf 83' lang='lat' dir='ltr'><strong>mona-</strong></span> 
     </span>
    </p>
   </div>
   <div class='ocr_carea' id='block_1_105' title="bbox 1910 4497 3559 4584">
    <p class='ocr_par' dir='ltr' id='par_1_105' title="bbox 1910 4497 3559 4584">
     <span class='ocr_line' id='line_1_106' title="bbox 1910 4497 3559 4584; baseline 0.002 -6"><span class='ocrx_word' id='word_1_750' title='bbox 1910 4497 1963 4558; x_wconf 78' lang='lat' dir='ltr'><strong>D</strong></span> <span class='ocrx_word' id='word_1_751' title='bbox 1987 4497 2160 4579; x_wconf 82' lang='lat' dir='ltr'><strong>sterio</strong></span> <span class='ocrx_word' id='word_1_752' title='bbox 2196 4497 2385 4581; x_wconf 81' lang='lat' dir='ltr'><strong>tenens</strong></span> <span class='ocrx_word' id='word_1_753' title='bbox 2411 4526 2581 4582; x_wconf 87' lang='lat' dir='ltr'><strong>abbas</strong></span> <span class='ocrx_word' id='word_1_754' title='bbox 2608 4497 2795 4583; x_wconf 75' lang='lat' dir='ltr'><strong>curam</strong></span> <span class='ocrx_word' id='word_1_755' title='bbox 2822 4530 2889 4583; x_wconf 89' lang='lat' dir='ltr'><strong>de</strong></span> <span class='ocrx_word' id='word_1_756' title='bbox 2916 4518 3146 4584; x_wconf 81' lang='lat' dir='ltr'><strong>inﬁmis</strong></span> <span class='ocrx_word' id='word_1_757' title='bbox 3175 4530 3374 4583; x_wconf 88' lang='lat' dir='ltr'><strong>habere</strong></span> <span class='ocrx_word' id='word_1_758' title='bbox 3400 4528 3559 4582; x_wconf 88' lang='lat' dir='ltr'><strong>debet</strong></span> 
     </span>
    </p>
   </div>
   <div class='ocr_carea' id='block_1_106' title="bbox 1989 4612 3557 4687">
    <p class='ocr_par' dir='ltr' id='par_1_106' title="bbox 1989 4612 3557 4687">
     <span class='ocr_line' id='line_1_107' title="bbox 1989 4612 3557 4687; baseline 0.002 -21"><span class='ocrx_word' id='word_1_759' title='bbox 1989 4612 2293 4678; x_wconf 89' lang='lat' dir='ltr'><strong>animabus,</strong></span> <span class='ocrx_word' id='word_1_760' title='bbox 2320 4622 2380 4668; x_wconf 90' lang='lat' dir='ltr'><strong>ut</strong></span> <span class='ocrx_word' id='word_1_761' title='bbox 2408 4624 2668 4670; x_wconf 89' lang='lat' dir='ltr'><strong>sanentur</strong></span> <span class='ocrx_word' id='word_1_762' title='bbox 2690 4632 2720 4670; x_wconf 91' lang='lat' dir='ltr'><strong>a</strong></span> <span class='ocrx_word' id='word_1_763' title='bbox 2754 4617 2991 4687; x_wconf 90' lang='lat' dir='ltr'><strong>peccatis</strong></span> <span class='ocrx_word' id='word_1_764' title='bbox 3025 4626 3084 4671; x_wconf 91' lang='lat' dir='ltr'><strong>et</strong></span> <span class='ocrx_word' id='word_1_765' title='bbox 3107 4617 3278 4682; x_wconf 89' lang='lat' dir='ltr'><strong>vitiis,</strong></span> <span class='ocrx_word' id='word_1_766' title='bbox 3300 4624 3353 4672; x_wconf 90' lang='lat' dir='ltr'><strong>et</strong></span> <span class='ocrx_word' id='word_1_767' title='bbox 3373 4616 3557 4686; x_wconf 87' lang='lat' dir='ltr'><strong>pristi—</strong></span> 
     </span>
    </p>
   </div>
   <div class='ocr_carea' id='block_1_107' title="bbox 1984 4704 3345 4771">
    <p class='ocr_par' dir='ltr' id='par_1_107' title="bbox 1984 4704 3345 4771">
     <span class='ocr_line' id='line_1_108' title="bbox 1984 4704 3345 4771; baseline 0.005 -17"><span class='ocrx_word' id='word_1_768' title='bbox 1984 4716 2058 4754; x_wconf 86' lang='lat' dir='ltr'><strong>na</strong></span> <span class='ocrx_word' id='word_1_769' title='bbox 2085 4710 2300 4771; x_wconf 88' lang='lat' dir='ltr'><strong>recepta</strong></span> <span class='ocrx_word' id='word_1_770' title='bbox 2328 4704 2580 4767; x_wconf 88' lang='lat' dir='ltr'><strong>sanitate,</strong></span> <span class='ocrx_word' id='word_1_771' title='bbox 2598 4706 2795 4759; x_wconf 85' lang='lat' dir='ltr'><strong>iterum</strong></span> <span class='ocrx_word' id='word_1_772' title='bbox 2819 4707 3057 4761; x_wconf 88' lang='lat' dir='ltr'><strong>serviant</strong></span> <span class='ocrx_word' id='word_1_773' title='bbox 3080 4706 3345 4762; x_wconf 88' lang='lat' dir='ltr'><strong>Creatori.</strong></span> 
     </span>
    </p>
   </div>
   <div class='ocr_carea' id='block_1_108' title="bbox 2061 4789 3555 4866">
    <p class='ocr_par' dir='ltr' id='par_1_108' title="bbox 2061 4789 3555 4866">
     <span class='ocr_line' id='line_1_109' title="bbox 2061 4789 3555 4866; baseline 0.003 -24"><span class='ocrx_word' id='word_1_774' title='bbox 2061 4789 2132 4842; x_wconf 84' lang='lat' dir='ltr'><strong>Et</strong></span> <span class='ocrx_word' id='word_1_775' title='bbox 2157 4791 2274 4845; x_wconf 78' lang='lat' dir='ltr'><strong>ideo</strong></span> <span class='ocrx_word' id='word_1_776' title='bbox 2311 4794 2387 4846; x_wconf 85' lang='lat' dir='ltr'><strong>uti</strong></span> <span class='ocrx_word' id='word_1_777' title='bbox 2423 4792 2570 4848; x_wconf 85' lang='lat' dir='ltr'><strong>debet</strong></span> <span class='ocrx_word' id='word_1_778' title='bbox 2598 4796 2738 4848; x_wconf 83' lang='lat' dir='ltr'><strong>omni</strong></span> <span class='ocrx_word' id='word_1_779' title='bbox 2770 4795 2945 4859; x_wconf 86' lang='lat' dir='ltr'><strong>modo,</strong></span> <span class='ocrx_word' id='word_1_780' title='bbox 2973 4806 3030 4849; x_wconf 91' lang='lat' dir='ltr'><strong>ut</strong></span> <span class='ocrx_word' id='word_1_781' title='bbox 3052 4797 3257 4866; x_wconf 85' lang='lat' dir='ltr'><strong>sapiens</strong></span> <span class='ocrx_word' id='word_1_782' title='bbox 3306 4795 3555 4857; x_wconf 77' lang='lat' dir='ltr'><strong>medicus,</strong></span> 
     </span>
    </p>
   </div>
   <div class='ocr_carea' id='block_1_109' title="bbox 1990 4882 3559 4958">
    <p class='ocr_par' dir='ltr' id='par_1_109' title="bbox 1990 4882 3559 4958">
     <span class='ocr_line' id='line_1_110' title="bbox 1990 4882 3559 4958; baseline 0.003 -24"><span class='ocrx_word' id='word_1_783' title='bbox 1990 4882 2267 4936; x_wconf 84' lang='lat' dir='ltr'><strong>immittere</strong></span> <span class='ocrx_word' id='word_1_784' title='bbox 2290 4886 2444 4953; x_wconf 76' lang='lat' dir='ltr'><strong>quasi</strong></span> <span class='ocrx_word' id='word_1_785' title='bbox 2465 4884 2693 4940; x_wconf 83' lang='lat' dir='ltr'><strong>occultos</strong></span> <span class='ocrx_word' id='word_1_786' title='bbox 2715 4888 3069 4942; x_wconf 82' lang='lat' dir='ltr'><strong>consolatores</strong></span> <span class='ocrx_word' id='word_1_787' title='bbox 3093 4889 3369 4958; x_wconf 85' lang='lat' dir='ltr'><strong>senipetas.</strong></span> <span class='ocrx_word' id='word_1_788' title='bbox 3403 4886 3559 4941; x_wconf 82' lang='lat' dir='ltr'><strong>Seni-</strong></span> 
     </span>
    </p>
   </div>
   <div class='ocr_carea' id='block_1_110' title="bbox 1991 4975 3561 5050">
    <p class='ocr_par' dir='ltr' id='par_1_110' title="bbox 1991 4975 3561 5050">
     <span class='ocr_line' id='line_1_111' title="bbox 1991 4975 3561 5050; baseline 0.002 -22"><span class='ocrx_word' id='word_1_789' title='bbox 1991 4982 2161 5046; x_wconf 90' lang='lat' dir='ltr'><strong>pctas,</strong></span> <span class='ocrx_word' id='word_1_790' title='bbox 2186 4975 2428 5032; x_wconf 66' lang='lat' dir='ltr'><strong>Gnaeum</strong></span> <span class='ocrx_word' id='word_1_791' title='bbox 2447 4986 2531 5033; x_wconf 90' lang='lat' dir='ltr'><strong>est</strong></span> <span class='ocrx_word' id='word_1_792' title='bbox 2554 4994 2770 5044; x_wconf 89' lang='lat' dir='ltr'><strong>nomen,</strong></span> <span class='ocrx_word' id='word_1_793' title='bbox 2803 4995 2908 5034; x_wconf 91' lang='lat' dir='ltr'><strong>non</strong></span> <span class='ocrx_word' id='word_1_794' title='bbox 2944 4980 3214 5043; x_wconf 90' lang='lat' dir='ltr'><strong>Latinum,</strong></span> <span class='ocrx_word' id='word_1_795' title='bbox 3243 4995 3351 5050; x_wconf 85' lang='lat' dir='ltr'><strong>quo</strong></span> <span class='ocrx_word' id='word_1_796' title='bbox 3376 4994 3561 5035; x_wconf 63' lang='lat' dir='ltr'><strong>secum</strong></span> 
     </span>
    </p>
   </div>
   <div class='ocr_carea' id='block_1_111' title="bbox 1990 5066 3334 5138">
    <p class='ocr_par' dir='ltr' id='par_1_111' title="bbox 1990 5066 3334 5138">
     <span class='ocr_line' id='line_1_112' title="bbox 1990 5066 3334 5138; baseline 0.004 -20"><span class='ocrx_word' id='word_1_797' title='bbox 1990 5067 2117 5119; x_wconf 88' lang='lat' dir='ltr'><strong>dum</strong></span> <span class='ocrx_word' id='word_1_798' title='bbox 2152 5066 2319 5134; x_wconf 73' lang='lat' dir='ltr'><strong>ipsius</strong></span> <span class='ocrx_word' id='word_1_799' title='bbox 2345 5067 2484 5121; x_wconf 87' lang='lat' dir='ltr'><strong>beati</strong></span> <span class='ocrx_word' id='word_1_800' title='bbox 2522 5066 2792 5123; x_wconf 84' lang='lat' dir='ltr'><strong>Benedicti</strong></span> <span class='ocrx_word' id='word_1_801' title='bbox 2819 5070 3334 5138; x_wconf 86' lang='lat' dir='ltr'><strong>interpretationem,</strong></span> 
     </span>
    </p>
   </div>
   <div class='ocr_carea' id='block_1_112' title="bbox 2065 5155 3450 5229">
    <p class='ocr_par' dir='ltr' id='par_1_112' title="bbox 2065 5155 3450 5229">
     <span class='ocr_line' id='line_1_113' title="bbox 2065 5155 3450 5229; baseline 0.001 -20"><span class='ocrx_word' id='word_1_802' title='bbox 2065 5155 2130 5209; x_wconf 83' lang='lat' dir='ltr'><strong>Id</strong></span> <span class='ocrx_word' id='word_1_803' title='bbox 2151 5166 2248 5218; x_wconf 83' lang='lat' dir='ltr'><strong>est,</strong></span> <span class='ocrx_word' id='word_1_804' title='bbox 2278 5158 2507 5211; x_wconf 77' lang='lat' dir='ltr'><strong>seniores</strong></span> <span class='ocrx_word' id='word_1_805' title='bbox 2529 5158 2784 5229; x_wconf 85' lang='lat' dir='ltr'><strong>sapientes</strong></span> <span class='ocrx_word' id='word_1_806' title='bbox 2809 5158 3022 5227; x_wconf 81' lang='lat' dir='ltr'><strong>fratres,</strong></span> <span class='ocrx_word' id='word_1_807' title='bbox 3062 5159 3450 5229; x_wconf 80' lang='lat' dir='ltr'><strong>intelliguntur.</strong></span> 
     </span>
    </p>
   </div>
   <div class='ocr_carea' id='block_1_113' title="bbox 2063 5242 3551 5317">
    <p class='ocr_par' dir='ltr' id='par_1_113' title="bbox 2063 5242 3551 5317">
     <span class='ocr_line' id='line_1_114' title="bbox 2063 5242 3551 5317; baseline -0.001 -19"><span class='ocrx_word' id='word_1_808' title='bbox 2063 5245 2168 5311; x_wconf 85' lang='lat' dir='ltr'><strong>Qui</strong></span> <span class='ocrx_word' id='word_1_809' title='bbox 2190 5242 2342 5317; x_wconf 83' lang='lat' dir='ltr'><strong>quasi</strong></span> <span class='ocrx_word' id='word_1_810' title='bbox 2363 5257 2557 5301; x_wconf 86' lang='lat' dir='ltr'><strong>secrete</strong></span> <span class='ocrx_word' id='word_1_811' title='bbox 2578 5245 2911 5302; x_wconf 85' lang='lat' dir='ltr'><strong>consolentur</strong></span> <span class='ocrx_word' id='word_1_812' title='bbox 2931 5249 3146 5317; x_wconf 81' lang='lat' dir='ltr'><strong>fratrem</strong></span> <span class='ocrx_word' id='word_1_813' title='bbox 3192 5249 3551 5317; x_wconf 80' lang='lat' dir='ltr'><strong>ﬂuctuantem.</strong></span> 
     </span>
    </p>
   </div>
   <div class='ocr_carea' id='block_1_114' title="bbox 1992 5336 3557 5403">
    <p class='ocr_par' dir='ltr' id='par_1_114' title="bbox 1992 5336 3557 5403">
     <span class='ocr_line' id='line_1_115' title="bbox 1992 5336 3557 5403; baseline -0.002 -12"><span class='ocrx_word' id='word_1_814' title='bbox 1992 5336 2365 5392; x_wconf 84' lang='lat' dir='ltr'><strong>Fluctuantem</strong></span> <span class='ocrx_word' id='word_1_815' title='bbox 2380 5337 2539 5403; x_wconf 83' lang='lat' dir='ltr'><strong>dicit,</strong></span> <span class='ocrx_word' id='word_1_816' title='bbox 2568 5337 2620 5392; x_wconf 90' lang='lat' dir='ltr'><strong>id</strong></span> <span class='ocrx_word' id='word_1_817' title='bbox 2647 5346 2749 5400; x_wconf 89' lang='lat' dir='ltr'><strong>est,</strong></span> <span class='ocrx_word' id='word_1_818' title='bbox 2796 5337 3157 5403; x_wconf 61' lang='lat' dir='ltr'><strong>haesitantem,</strong></span> <span class='ocrx_word' id='word_1_819' title='bbox 3191 5337 3557 5398; x_wconf 84' lang='lat' dir='ltr'><strong>tribulantem,</strong></span> 
     </span>
    </p>
   </div>
   <div class='ocr_carea' id='block_1_115' title="bbox 1988 5428 3197 5499">
    <p class='ocr_par' dir='ltr' id='par_1_115' title="bbox 1988 5428 3197 5499">
     <span class='ocr_line' id='line_1_116' title="bbox 1988 5428 3197 5499; baseline -0.001 -17"><span class='ocrx_word' id='word_1_820' title='bbox 1988 5428 2073 5484; x_wconf 85' lang='lat' dir='ltr'><strong>vel</strong></span> <span class='ocrx_word' id='word_1_821' title='bbox 2098 5428 2153 5483; x_wconf 91' lang='lat' dir='ltr'><strong>in</strong></span> <span class='ocrx_word' id='word_1_822' title='bbox 2175 5428 2401 5484; x_wconf 85' lang='lat' dir='ltr'><strong>diversis</strong></span> <span class='ocrx_word' id='word_1_823' title='bbox 2425 5429 2839 5499; x_wconf 82' lang='lat' dir='ltr'><strong>cogitationibus</strong></span> <span class='ocrx_word' id='word_1_824' title='bbox 2879 5429 3197 5482; x_wconf 87' lang='lat' dir='ltr'><strong>variantem.</strong></span> 
     </span>
    </p>
   </div>
   <div class='ocr_carea' id='block_1_116' title="bbox 2062 5512 3563 5588">
    <p class='ocr_par' dir='ltr' id='par_1_116' title="bbox 2062 5512 3563 5588">
     <span class='ocr_line' id='line_1_117' title="bbox 2062 5512 3563 5588; baseline -0.003 -17"><span class='ocrx_word' id='word_1_825' title='bbox 2062 5516 2131 5571; x_wconf 85' lang='lat' dir='ltr'><strong>Et</strong></span> <span class='ocrx_word' id='word_1_826' title='bbox 2148 5528 2421 5588; x_wconf 80' lang='lat' dir='ltr'><strong>provocent</strong></span> <span class='ocrx_word' id='word_1_827' title='bbox 2435 5534 2551 5571; x_wconf 81' lang='lat' dir='ltr'><strong>eum</strong></span> <span class='ocrx_word' id='word_1_828' title='bbox 2579 5518 2647 5570; x_wconf 88' lang='lat' dir='ltr'><strong>ad</strong></span> <span class='ocrx_word' id='word_1_829' title='bbox 2660 5517 2969 5572; x_wconf 76' lang='lat' dir='ltr'><strong>humilitatis</strong></span> <span class='ocrx_word' id='word_1_830' title='bbox 2997 5515 3429 5585; x_wconf 83' lang='lat' dir='ltr'><strong>satisfactionem.</strong></span> <span class='ocrx_word' id='word_1_831' title='bbox 3458 5512 3563 5567; x_wconf 79' lang='lat' dir='ltr'><strong>llu-</strong></span> 
     </span>
    </p>
   </div>
   <div class='ocr_carea' id='block_1_117' title="bbox 1994 5605 3564 5676">
    <p class='ocr_par' dir='ltr' id='par_1_117' title="bbox 1994 5605 3564 5676">
     <span class='ocr_line' id='line_1_118' title="bbox 1994 5605 3564 5676; baseline -0.003 -15"><span class='ocrx_word' id='word_1_832' title='bbox 1994 5607 2239 5661; x_wconf 86' lang='lat' dir='ltr'><strong>militatis</strong></span> <span class='ocrx_word' id='word_1_833' title='bbox 2277 5606 2574 5662; x_wconf 89' lang='lat' dir='ltr'><strong>satisfactio</strong></span> <span class='ocrx_word' id='word_1_834' title='bbox 2606 5615 2710 5672; x_wconf 86' lang='lat' dir='ltr'><strong>est,</strong></span> <span class='ocrx_word' id='word_1_835' title='bbox 2747 5608 2962 5676; x_wconf 86' lang='lat' dir='ltr'><strong>quando</strong></span> <span class='ocrx_word' id='word_1_836' title='bbox 2987 5605 3264 5676; x_wconf 80' lang='lat' dir='ltr'><strong>cognoscit</strong></span> <span class='ocrx_word' id='word_1_837' title='bbox 3301 5619 3361 5657; x_wconf 88' lang='lat' dir='ltr'><strong>se</strong></span> <span class='ocrx_word' id='word_1_838' title='bbox 3402 5605 3564 5656; x_wconf 86' lang='lat' dir='ltr'><strong>homo</strong></span> 
     </span>
    </p>
   </div>
   <div class='ocr_carea' id='block_1_118' title="bbox 1993 5693 3537 5766">
    <p class='ocr_par' dir='ltr' id='par_1_118' title="bbox 1993 5693 3537 5766">
     <span class='ocr_line' id='line_1_119' title="bbox 1993 5693 3537 5766; baseline -0.001 -20"><span class='ocrx_word' id='word_1_839' title='bbox 1993 5712 2089 5765; x_wconf 69' lang='grc' dir='ltr'><strong>νυν</strong></span> <span class='ocrx_word' id='word_1_840' title='bbox 2127 5696 2429 5766; x_wconf 78' lang='lat' dir='ltr'><strong>superbiam</strong></span> <span class='ocrx_word' id='word_1_841' title='bbox 2458 5710 2730 5766; x_wconf 74' lang='lat' dir='ltr'><strong>peccasse,</strong></span> <span class='ocrx_word' id='word_1_842' title='bbox 2757 5708 2809 5750; x_wconf 89' lang='lat' dir='ltr'><strong>et</strong></span> <span class='ocrx_word' id='word_1_843' title='bbox 2836 5696 3116 5751; x_wconf 87' lang='lat' dir='ltr'><strong>humiliato</strong></span> <span class='ocrx_word' id='word_1_844' title='bbox 3165 5693 3326 5749; x_wconf 83' lang='lat' dir='ltr'><strong>corde</strong></span> <span class='ocrx_word' id='word_1_845' title='bbox 3354 5701 3406 5748; x_wconf 86' lang='lat' dir='ltr'><strong>et</strong></span> <span class='ocrx_word' id='word_1_846' title='bbox 3443 5705 3537 5745; x_wconf 80' lang='lat' dir='ltr'><strong>(‘UI‘</strong></span> 
     </span>
    </p>
   </div>
  </div>
