3992 6206
378 358 480 438 sas

1396 384 1747 441 COMMENT.
1787 387 1854 442 IN
1892 387 2049 443 REG.
2093 387 2151 442 S.
2192 387 2569 444 BENEDIC'H.

3510 394 3616 452 85!

372 508 506 565 pore
558 508 658 563 pro
701 492 941 561 peccatis
1004 493 1119 548 suis
1176 493 1383 549 fructus
1433 497 1622 567 dignos
1685 498 1952 569 poeniten—
1977 507 2023 564 Λ
2052 507 2269 555 vocant.
2300 501 2624 571 Tyrannidis
2661 502 2908 558 Caecum
2958 507 3157 561 nomen
3206 514 3308 562 est.
3367 507 3620 580 intelligi-

378 585 465 640 tias
494 582 644 638 facit.
676 582 861 648 ,Quem
919 583 988 637 ad
1031 580 1354 639 humilitatis
1392 586 1816 642 satisfactionem
1854 604 1944 644 se-

374 677 558 731 niores
583 674 783 729 fratres
807 688 1106 743 provocare
1150 676 1346 730 debent
1394 676 1638 733 dicentes
1669 694 1683 732 :
1712 678 1945 733 Humilia

375 776 428 824 te
448 782 546 840 per
568 766 943 837 paenitentiam
969 766 1068 821 sub
1097 769 1302 837 potenti
1332 784 1491 822 manu
1514 768 1631 828 Dei.
1657 776 1781 823 utte
1806 769 1947 824 exal-

374 870 453 915 tet
473 860 528 914 in
561 867 803 928 tempore
830 857 1187 925 visitationis;
1229 859 1356 933 quia
1391 859 1531 913 Deus
1556 860 1790 930 superbis
1808 861 1949 914 resi-

371 949 481 1013 stit,
511 946 796 1001 humilibus
817 956 991 1000 autem
1010 948 1100 1001 dat
1120 949 1367 1018 gratiam.

442 1035 514 1089 Et
547 1035 850 1089 consoletur
869 1052 1012 1101 eum,
1048 1052 1112 1089 ne
1133 1036 1508 1091 abundantiori
1528 1037 1740 1092 tristitia
1761 1038 1946 1093 absor—

372 1127 575 1181 bratur.
604 1126 1064 1180 Abundantiorem
1088 1126 1369 1181 tristitiam
1387 1127 1536 1191 dicit,
1568 1127 1623 1182 id
1661 1129 1948 1199 est,majo—

372 1228 485 1268 rem
528 1222 585 1269 et
626 1213 1034 1284 profundiorem
1078 1230 1241 1285 quam
1297 1225 1454 1272 antea
1500 1217 1688 1270 habuit
1733 1217 1947 1286 quando

370 1306 632 1374 peccavit.
672 1305 1042 1360 Absorbeatur
1085 1305 1243 1369 dixit,
1293 1307 1346 1360 id
1395 1315 1496 1370 est,
1551 1307 1842 1362 devoretur
1891 1315 1948 1361 et

368 1397 715 1468 deglutiatur.
768 1396 918 1451 Solet
966 1396 1111 1451 enim
1152 1396 1397 1451 inﬁrmus
1427 1398 1609 1452 animo
1661 1397 1831 1452 frater
1875 1397 1945 1452 de

369 1474 708 1541 correctione
732 1484 1085 1539 immoderata
1112 1485 1344 1555 amplius
1363 1500 1523 1555 quam
1552 1486 1619 1541 de
1632 1493 1942 1555 perpetrata

366 1575 679 1630 contristari
700 1575 874 1644 culpa.
910 1574 1064 1630 Unde
1088 1590 1312 1630 necesse
1334 1584 1417 1632 est
1456 1584 1518 1631 ut
1568 1590 1690 1631 cum
1738 1577 1946 1646 peccati

365 1667 562 1721 vulnus
589 1666 641 1720 in
673 1665 905 1721 subditis
930 1666 1251 1738 corrigendo
1288 1669 1656 1739 restringitur,
1695 1684 1945 1741 magnam

366 1758 493 1813 inde
523 1757 941 1815 sollicitudinem
966 1761 1128 1812 etiam
1154 1759 1421 1814 districtio
1448 1760 1563 1833 ipsa
1611 1762 1941 1826 moderetur,

2047 596 2135 643 tur
2198 591 2343 645 enim
2402 592 2684 664 usurpatio
2757 596 2909 666 regni
2968 596 3195 665 iniusta,
3237 599 3415 654 honor
3466 600 3619 656 inde—

2045 677 2219 743 bitus,
2271 689 2511 749 potestas
2575 683 2796 755 iniusta,
2844 687 2988 741 actio
3041 688 3290 756 superba,
3351 689 3622 745 ordinatio

2047 766 2252 837 iniqua,
2290 769 2359 824 de
2388 771 2571 827 animo
2598 774 2804 829 tumido
2820 783 2882 829 et
2905 775 3067 831 corde
3088 777 3386 846 procedens
3428 793 3617 848 super-

2044 856 2133 911 bo.
2181 858 2336 925 Quod
2386 862 2746 918 ministerium
2798 878 2902 918 non
2950 865 3188 935 suscepit
3235 864 3401 920 abbas
3459 881 3623 936 super

2045 959 2209 1002 sanas
2234 949 2444 1006 animas
2475 953 2830 1017 exemere,“
2853 962 2938 1008 est
2959 968 3123 1024 super
3147 955 3333 1011 ﬁrmos
3376 965 3435 1014 et
3484 960 3622 1014 bene

2044 1035 2286 1091 viventes
2308 1040 2605 1095 monachos
2622 1052 2803 1112 agere,
2833 1042 2927 1097 sed
2949 1057 3112 1113 super
3123 1043 3368 1102 infirmas
3387 1047 3619 1105 animas.

2045 1139 2165 1195 qua
2186 1127 2255 1182 ad
2282 1128 2592 1188 tolerandas
2633 1133 2917 1203 passiones
2955 1143 3011 1189 et
3071 1136 3415 1193 tentationes‘
3440 1141 3621 1194 saeculi

2045 1216 2258 1275 fortiter
2282 1223 2458 1278 adhuc
2482 1239 2589 1278 non
2612 1234 2740 1280 sunt
2762 1226 3134 1291 consolidant,
3162 1243 3349 1283 curam
3368 1231 3617 1285 medendi

2045 1313 2283 1380 suscepit
2319 1322 2482 1383 atque
2523 1317 2773 1372 sanandi.
2821 1316 3071 1387 Suscepit
3114 1321 3257 1375 enim
3305 1330 3623 1391 peccatores

2045 1414 2257 1467 curare,
2309 1403 2553 1460 infirmos
2581 1408 2762 1462 animo
2790 1409 3072 1473 roborare,
3115 1411 3410 1468 titubantes
3435 1412 3489 1466 in
3526 1413 3619 1468 Dei

2045 1489 2265 1543 servitio
2291 1491 2545 1557 solidam,
2575 1508 2684 1554 non
2708 1510 2877 1553 sanos
2895 1506 2989 1556 aut
3026 1506 3175 1554 recte
3220 1499 3464 1556 viventes
3491 1503 3619 1557 sub-

2045 1587 2276 1643 vertere,
2305 1581 2587 1637 deviantes
2611 1585 2958 1639 conturbare.
3422 1586 3429 1591 ’

2115 1666 2184 1720 Et
2221 1679 2416 1723 metuat
2444 1672 2709 1742 prophetae
2729 1676 3211 1742 amaritudinem,
3244 1694 3338 1749 per
3356 1694 3507 1751 quem
3538 1681 3620 1735 di—

2043 1756 2116 1808 cit
2139 1755 2323 1811 Deus:
2362 1757 2518 1823 Quod
2552 1776 2790 1816 crassum
2824 1762 3098 1829 videbatis,
3147 1768 3531 1834 assmbatis;
3572 1781 3622 1827 et

364 1857 632 1917 quatenus
667 1848 749 1903 sic
794 1847 919 1917 jura
962 1848 1256 1919 disciplinae
1310 1860 1496 1904 contra
1567 1849 1940 1920 delinquentes
1969 1855 2016 1913 Β
2040 1846 2180 1916 quod
2199 1846 2367 1901 debile
2389 1858 2501 1902 erat
2537 1851 2892 1921 projicicbatis
2923 1852 3139 1924 (Ezech.
3197 1858 3406 1929 xxxw).
3469 1860 3623 1927 Quod

362 1948 634 2003 exerceat,
660 1946 721 1992 ut
746 1938 961 2008 pietatis
1004 1939 1214 1994 viscera
1271 1955 1380 1993 non
1440 1940 1676 1995 amittat.
1702 1942 1801 1997 .De
1843 1942 1944 1997 hac

362 2030 630 2086 sententia
667 2029 1026 2100 Hieronymus
1056 2030 1231 2084 dicit:
1258 2030 1336 2085 Ne
1365 2029 1506 2086 fcrte
1554 2031 1943 2086 abundantiori

360 2120 582 2175 tristitia
618 2119 999 2183 absorbeatur,
1032 2118 1124 2188 qui
1150 2117 1413 2187 eiusmodi
1435 2128 1538 2185 est,
1576 2135 1644 2176 ne
1679 2120 1818 2176 forte
1844 2136 1946 2192 per

357 2208 785 2280 desperationem
817 2207 1165 2281 indulgentiae
1196 2210 1557 2265 absorbeatur
1602 2213 1841 2283 gurgite-
1862 2213 1941 2267 vi-

359 2300 582 2365 tiorum,
609 2309 666 2355 et
701 2317 732 2355 a
784 2301 998 2356 diabolo
1027 2316 1338 2370 persuasus,
1387 2304 1455 2357 ad
1502 2303 1838 2360 infidelitatis
1886 2314 1943 2360 ct

354 2391 707 2461 blasphemia:
733 2390 940 2460 majora
990 2393 1292 2462 praecipitia
1342 2394 1658 2450 deducatur.
1712 2396 1942 2465 Propter

357 2479 505 2548 quod
528 2480 758 2533 obsecro
808 2493 906 2534 vos
940 2490 1000 2534 ut
1029 2481 1364 2536 conﬁrmetis
1409 2482 1462 2536 in
1494 2482 1640 2537 illum
1694 2485 1937 2539 charita-

360 2580 495 2637 tem,
524 2585 631 2641 qua
680 2571 976 2641 perfectam
1023 2587 1081 2629 se
1126 2575 1371 2644 agnoscit
1422 2577 1638 2632 veniam
1682 2594 1940 2635 consecu-

361 2669 498 2717 tum.

427 2750 550 2818 Sed,
580 2753 714 2807 sicut
744 2753 820 2807 ait
860 2752 1139 2823 Apostolus
1191 2753 1278 2824 (II
1314 2755 1438 2810 Cor.
1489 2755 1573 2825 tt),
1601 2756 1938 2827 conﬁrmetur

353 2844 411 2897 in
438 2858 501 2898 eo
524 2844 778 2908 charitas,
810 2853 860 2899 et
881 2854 1062 2899 oretur
1083 2861 1178 2915 pro
1207 2863 1267 2901 eo
1292 2846 1357 2901 ab
1369 2848 1626 2902 omnibus.
1646 2848 1783 2905 Hinc
1804 2848 1936 2904 Gre-

355 2935 540 3006 gorius
566 2933 1041 2990 Nazianzenusait
1067 2949 1082 2988 :
1107 2936 1268 3001 Eum,
1293 2938 1383 3007 qui
1414 2937 1465 2992 in
1516 2936 1776 2994 Corintho
1802 2955 1934 3011 pec-

353 3026 517 3091 cavit,
543 3034 829 3095 peccatum
850 3026 1010 3097 quale
1035 3027 1297 3082 necinter
1323 3038 1530 3096 gentes,
1558 3031 1626 3084 ad
1666 3033 1934 3100 ptenitcn-

352 3115 485 3169 tiam
509 3114 710 3170 Paulus
733 3117 989 3187 suscepit.
1024 3116 1091 3171 Et
1118 3132 1225 3171 non
1247 3118 1421 3173 solum
1454 3122 1710 3191 suscepit,
1742 3137 1933 3177 verum

2042 1943 2223 2014 autem
2251 1938 2403 2004 dicit,
2434 1941 2576 2009 quod
2603 1958 2840 1997 crassum
2866 1956 2978 2000 erat
3011 1950 3377 2015 assumebatis,
3423 1952 3623 2007 intelli-

2041 2024 2208 2094 gitur,
2230 2024 2597 2094 devorabatis,
2618 2030 3053 2101 interliciebatis,
3082 2036 3166 2091 vel
3193 2039 3615 2095 consumebatis.

2040 2113 2119 2168 De
2146 2115 2249 2169 hac
2271 2119 2537 2172 sententia
2567 2120 2758 2176 beatus
2784 2121 3116 2193 Augustinus
3145 2125 3221 2180 ait
3250 2119 3439 2183 :Sante
3451 2136 3621 2200 atque

2040 2218 2239 2258 crassa:
2257 2220 2388 2262 oves
2406 2222 2690 2277 perpaucae
2726 2219 2873 2278 sunt,
2918 2213 2973 2266 id
3001 2222 3105 2280 est,
3160 2216 3344 2271 solida:
3389 2218 3442 2272 in
3489 2220 3616 2275 cibo

2039 2294 2302 2359 veritatis,
2330 2305 2543 2353 utentes
2580 2301 2799 2369 pascuis
2827 2302 2966 2359 bene
3015 2304 3082 2361 de
3110 2321 3336 2364 munere
3364 2308 3478 2364 Dei.
3511 2309 3619 2367 Sed

2038 2388 2164 2441 mali
2190 2387 2266 2442 illi
2304 2399 2551 2459 pastores
2592 2409 2696 2449 non
2734 2406 2967 2475 parcunt
3015 2399 3233 2456 talibus.
3292 2401 3490 2458 Parum
3536 2414 3623 2459 est

2036 2477 2181 2543 quod
2208 2476 2328 2532 illas
2357 2479 2674 2551 languentes
2698 2493 2755 2539 et
2784 2484 3050 2553 infirmas,
3078 2496 3137 2543 et
3157 2499 3408 2547 errantes
3432 2501 3488 2548 et
3501 2508 3621 2564 per-

2037 2566 2181 2620 ditas
2201 2583 2306 2622 non
2345 2579 2567 2635 curant,
2605 2573 2771 2628 etiam
2801 2575 2935 2633 istas
2961 2575 3127 2633 fortes
3159 2587 3216 2634 et
3246 2581 3475 2652 pingues
3529 2598 3621 2637 nc-

2036 2662 2183 2719 cant,
2231 2666 2499 2726 quantum
2526 2659 2580 2713 in
2610 2661 2744 2731 ipsis
2767 2671 2873 2718 est.
2905 2663 3014 2720 ιιιω
3042 2668 3231 2722 vivunt
3286 2670 3356 2725 de
3403 2671 3617 2726 miseri~

2040 2750 2229 2804 cordia
2276 2751 2404 2815 Dei;
2457 2760 2663 2820 tamen,
2715 2746 2978 2823 quantum
3037 2759 3107 2813 ad
3158 2758 3408 2829 pastcres
3448 2763 3620 2820 malos

2035 2839 2248 2907 attinet,
2274 2842 2547 2899 occidunt.
2579 2843 2881 2911 Quomodo,
2915 2848 3111 2918 inquit,
3147 2846 3440 2908 occidunt?
3484 2853 3619 2911 Male

2036 2935 2285 3003 vivendo,
2328 2938 2529 2992 malum
2553 2940 2861 3010 exemplum
2887 2943 3463 3012 prmbendo-Attendit
3475 2950 3623 3005 enim

2035 3027 2152 3082 ovis
2187 3028 2352 3082 etiam
2380 3028 2538 3086 fortis
2564 3031 2882 3102 plerumque
2907 3037 3257 3105 praepositum
3288 3054 3444 3092 suum
3473 3041 3615 3098 male

2036 3118 2304 3173 viventem
2322 3137 2347 3186 ;
2369 3121 2417 3176 si
2444 3121 2678 3179 declinet
2701 3125 2886 3181 oculos
2914 3141 2945 3180 a
2979 3129 3182 3199 regulis
3202 3129 3440 3199 Domini,
3464 3142 3514 3189 et
3535 3135 3620 3190 in—

348 3205 515 3260 etiam
547 3206 866 3261 charitatem
895 3207 947 3261 in
993 3222 1059 3262 eo
1092 3207 1450 3264 confirmavit.
1476 3210 1923 3284 Quandoquidem

2035 3208 2283 3263 tendatin
2298 3209 2994 3284 hominem,ineipitdicece
3011 3197 3066 3271 ui
3085 3220 3252 3274 corde
3265 3235 3394 3276 suo:
3410 3197 3468 3277 si
3481 3236 3619 3294 prte-

348 3295 780 3352 emendationem
801 3296 954 3362 vidit,
979 3306 1035 3352 et
1049 3314 1270 3353 causam
1299 3298 1428 3356 facti
1443 3303 1693 3374 exposuit
1706 3306 1924 3362 dicens:

353 3386 437 3442 Ne
462 3387 598 3456 forte
623 3388 868 3459 ampliori
903 3390 1114 3445 tristitia
1144 3391 1485 3448 absorbeatur
1507 3398 1596 3466 qui
1621 3397 1925 3466 huiusmodi
1964 3446 1971 3452 .

347 3489 427 3533 est
442 3476 659 3550 (Ibid.),
710 3482 1071 3550 correptionis
1106 3483 1317 3541 scilicet
1359 3486 1638 3541 nimietate
1679 3503 1924 3560 prazgra-

346 3576 522 3623 vatus.
1415 3588 1420 3592 ‘

418 3658 738 3730 Magrwpere
766 3662 902 3715 enim
943 3660 1089 3717 debet
1110 3663 1513 3721 sollicitudinem
1553 3684 1731 3738 gerere
1758 3670 1917 3723 abbas

346 3751 490 3804 circa
526 3749 878 3821 delinquentes
908 3752 1116 3822 fratres.
1145 3755 1470 3827 Magnopere
1512 3758 1663 3819 dicit,
1720 3774 1915 3830 magno

345 3840 543 3904 studio,
577 3856 767 3913 magna
804 3859 953 3906 cura,
982 3844 1061 3899 vel
1090 3861 1287 3917 magno
1303 3849 1635 3915 certamine;
1671 3851 1795 3921 quia
1811 3868 1918 3907 non

343 3926 604 3997 molliter,
637 3940 729 3986 aut
766 3935 1026 4004 segniter,
1050 3937 1143 3991 sed
1171 3937 1384 3992 fortiter
1408 3946 1463 3992 et
1492 3940 1783 4010 vigilanter
1807 3942 1923 3997 ani-

341 4039 557 4079 marum
584 4024 743 4080 debet
775 4026 941 4083 abbas
953 4043 1137 4084 curam
1153 4026 1253 4085 sibi
1276 4046 1465 4102 gerere
1486 4034 1919 4091 commissarum.

336 4114 501 4170 Unde
526 4123 581 4171 et
606 4116 884 4187 sequitur;

415 4205 486 4261 Et
506 4208 649 4263 omni
667 4211 950 4280 sagacitate
974 4220 1021 4265 et
1044 4212 1304 4268 industria
1339 4231 1527 4273 curare
1579 4235 1643 4272 ne
1688 4218 1921 4291 aliquam

342 4296 408 4350 de
438 4296 617 4351 ovibus
641 4298 741 4352 sibi
764 4299 977 4354 creditis
1008 4302 1210 4370 perdat.
1265 4300 1565 4372 Sagacitas,
1615 4307 1919 4378 vigilantia,

343 4386 670 4454 sollicitudo,
692 4389 776 4443 vel
801 4390 1038 4458 prolicua
1096 4392 1414 4463 intelligitur
1461 4395 1784 4465 curiositas;
1842 4400 1921 4454 in-

341 4475 550 4531 dustria
578 4486 756 4532 autem
784 4478 1026 4547 solertia,
1070 4482 1153 4536 vel
1180 4483 1519 4551 providentia
1543 4495 1647 4552 est,
1677 4502 1782 4557 qua
1811 4488 1917 4546 fre-

2026 3306 2239 3375 positus
2258 3323 2411 3363 meus
2441 3308 2520 3364 sic
2546 3310 2709 3377 vivit,
2750 3326 2849 3383 ego
2868 3314 2989 3383 quis
3014 3329 3134 3370 sum
3161 3317 3252 3385 qui
3277 3333 3385 3373 non
3426 3317 3627 3374 faciam

2027 3396 2168 3466 quod
2187 3398 2276 3453 ille
2296 3397 2456 3453 facit?
2467 3400 2681 3456 Occidit
2708 3417 2864 3457 ovem
2881 3405 3095 3460 fortem.
3112 3403 3169 3460 Si
3187 3407 3379 3463 fortem
3395 3424 3522 3481 ergo
3535 3425 3621 3465 ορ-

2026 3489 2160 3544 cidit
2173 3505 2352 3555 ovem,
2373 3491 2488 3562 jam
2523 3493 2591 3547 de
2618 3495 2829 3550 exteris
2855 3496 2983 3571 quid
3014 3496 3194 3564 faciet,
3209 3500 3303 3568 qui
3326 3499 3452 3556 illud
3474 3504 3614 3572 quod

2026 3594 2133 3634 non
2162 3581 2278 3650 ipse
2298 3580 2713 3650 fortiﬁcaverat,
2743 3585 2839 3640 sed
2868 3584 3009 3642 forte
3035 3593 3130 3642 aut
3153 3590 3433 3646 robustum
3470 3594 3620 3651 inve-

2024 3678 2200 3737 nerat,
2229 3671 2372 3727 male
2398 3672 2626 3728 vivendo
2654 3674 2945 3731 interfecit.
2964 3677 3103 3734 Dico
3119 3680 3377 3738 ebaritati
3397 3673 3613 3752 vestrae,

2025 3757 2222 3813 iterum
2252 3759 2374 3815 dico
2403 3775 2420 3816 :
2447 3761 2549 3816 etsi
2574 3762 2765 3818 vivunt
2792 3780 2944 3832 oves,
2974 3768 3079 3823 etsi
3129 3766 3272 3825 forte
3305 3779 3432 3827 sunt
3483 3788 3616 3831 oves

2024 3849 2078 3904 in
2110 3852 2278 3907 verbo
2302 3852 2534 3918 Domini,
2565 3863 2621 3910 et
2651 3862 2837 3912 tenent
2874 3857 3005 3913 illud
3056 3861 3200 3931 quod
3254 3863 3549 3923 audierunt
3578 3883 3610 3922 a

2026 3940 2259 3998 Domino
2297 3959 2399 3999 suo
2426 3961 2438 3998 :
2475 3945 2608 4011 Quia
2632 3947 2813 4003 dicunt
2838 3948 3018 4018 facite,
3047 3966 3167 4022 quae
3197 3963 3373 4009 autent
3405 3956 3611 4025 faciunt

2024 4031 2199 4100 facere
2222 4033 2383 4089 nolite
2404 4035 2619 4107 (Matth.
2650 4038 2844 4109 xxtn);
2872 4047 3058 4095 tamen
3079 4044 3172 4111 qui
3206 4043 3262 4098 in
3310 4057 3619 4118 conSpeetn.

2022 4124 2204 4192 populi
2253 4125 2395 4181 male
2422 4126 2574 4192 vivit,
2605 4135 2866 4197 quantum
2896 4131 2950 4185 in
2996 4131 3089 4189 illo
3123 4126 3227 4200 est,
3269 4150 3393 4192 enm
3441 4154 3472 4193 a
3501 4155 3607 4210 quo

2025 4215 2323 4269 attenditur
2346 4216 2565 4272 occidit.
2596 4218 2689 4274 Sic
2717 4221 2896 4276 omnis
2925 4223 3017 4292 qui
3064 4224 3205 4282 male
3232 4227 3367 4283 vivit
3397 4230 3450 4284 in
3482 4246 3611 4286 con.-

2025 4313 2211 4374 spectu
2245 4321 2437 4361 eorum
2455 4309 2655 4378 quibus
2677 4311 3000 4380 praepositus
3023 4323 3125 4383 est,
3142 4325 3407 4387 quantum
3425 4320 3477 4373 in
3496 4321 3620 4391 ipso

2019 4403 2123 4459 cst,
2148 4396 2347 4452 occidit
2367 4404 2423 4452 et
2447 4396 2616 4455 fortes
2637 4414 2784 4456 oves.
2817 4400 2919 4469 Qui
2956 4418 3086 4474 ergo
3122 4405 3367 4462 imitatur
3405 4423 3613 4482 purpo-

2019 4486 2180 4541 situm
2210 4487 2429 4553 malum,
2444 4490 2702 4556 moritur;
2719 4492 2809 4561 qui
2829 4507 2935 4548 non
2946 4493 3205 4564 imitatur,
3219 4499 3369 4555 vivit.
3385 4501 3623 4570 Tamen,

343 4574 432 4621 tus
458 4568 687 4638 quisque
710 4569 1000 4637 providere
1051 4570 1229 4636 debet,
1275 4579 1331 4628 et
1382 4589 1489 4628 non
1543 4556 1789 4646 corpore,
1822 4581 1917 4635 sed
1944 4556 1996 4615 Ῐ)
2021 4584 2278 4644 quantum
2300 4577 2366 4633 ad
2387 4578 2535 4632 illum
2563 4556 2814 4650 pertinet,
2847 4556 3262 4644 ambosoccid'it.

339 4660 543 4713 mentis
567 4666 622 4713 et
648 4659 1015 4731 intelligentia:
1042 4663 1315 4732 gressibus
1341 4678 1555 4732 curare,
1584 4682 1652 4722 ne
1682 4667 1918 4739 aliquam

341 4746 410 4800 de
435 4746 626 4802 ovibus
652 4748 765 4803 suis
800 4765 900 4820 per
941 4765 1095 4804 suam
1138 4752 1539 4824 negligentiam,
1590 4759 1920 4827 tarditatem,

340 4833 427 4889 vel
449 4835 730 4905 segnitiem
786 4838 994 4907 perdat.
1043 4839 1289 4896 Monachi
1336 4843 1481 4897 enim
1526 4845 1650 4900 boni
1702 4858 1924 4919 propter

339 4923 709 4980 innocentiam
736 4927 859 4983 vita:
885 4928 1094 4985 Christi
1121 4945 1250 4986 oves
1277 4941 1561 4988 vocantur.
1604 4936 1680 4991 De
1729 4940 1924 5010 quibus

340 5016 457 5085 ipse
476 5015 741 5073 Dominus
775 5026 828 5072 et
851 5027 1037 5093 pastor
1064 5037 1251 5077 corum
1309 5023 1523 5079 dicebat
1557 5044 1568 5080 :
1616 5026 1749 5084 Oves
1792 5048 1919 5088 mea:

336 5118 514 5158 uocem
540 5123 709 5161 meam
746 5109 972 5164 audiunt
997 5127 1016 5175 ;
1051 5120 1099 5166 et
1126 5129 1378 5182 cognosco
1408 5131 1588 5182 meas;
1625 5128 1674 5172 et
1703 5137 1919 5192 cognos-

341 5206 465 5248 cunt
490 5212 572 5249 me
600 5213 730 5252 mete
768 5211 787 5250 .‘
812 5208 859 5252 et
896 5211 1075 5270 pastor
1119 5203 1282 5258 bonus
1323 5205 1553 5259 animum
1582 5224 1731 5262 suam
1771 5213 1918 5280 ponit

339 5300 436 5352 pro
465 5285 644 5339 oribus
676 5288 785 5342 suis
814 5288 995 5359 (Joan.
1028 5293 1104 5363 χ).

413 5370 633 5430 Noverit
662 5376 801 5431 enim
827 5396 879 5433 se
907 5380 1235 5449 inﬁrmarum
1257 5400 1437 5439 curam
1472 5390 1759 5460 suscepisse
1795 5393 1914 5447 ani-

338 5479 574 5530 marum,
592 5483 694 5520 non
721 5484 878 5539 super
903 5487 1060 5526 sanas
1088 5476 1438 5543 tyrannidem.
1463 5478 1690 5550 Proprie
1728 5492 1913 5554 tyran-

232 5574 243 5581 ι
336 5567 442 5607 nus
472 5553 692 5620 dicitur,
720 5559 809 5627 qui
835 5559 886 5612 in
915 5562 1188 5631 republica
1230 5581 1333 5619 non
1384 5566 1507 5635 jure
1557 5553 1912 5643 principatum

338 5641 479 5713 Ergo
489 5645 666 5700 omnis
683 5650 946 5717 superbus
951 5650 1102 5719 juxta
1119 5657 1331 5711 modum
1348 5660 1646 5728 proprium,
1668 5641 1913 5732 tyranni-

337 5732 459 5789 dcm
474 5746 710 5793 exercet.
741 5739 1060 5810 Superbiam
1075 5761 1203 5817 ergo
1229 5749 1375 5817 impii
1405 5767 1483 5806 re,
1500 5760 1549 5807 te
1575 5758 1911 5825 tyrannidem

2092 4668 2162 4722 Et
2191 4672 2419 4740 pastoris
2450 4671 2569 4726 boni
2596 4673 2740 4743 pium
2771 4675 3003 4730 imitetur
3049 4680 3368 4752 exemplum.
3412 4683 3612 4742 Pastor

2023 4760 2197 4815 bonus
2221 4760 2467 4818 Christus
2493 4770 2597 4829 est,
2629 4764 2723 4834 qui
2754 4765 2892 4821 dixit
2922 4785 2936 4822 :
2962 4760 3075 4840 Ego
3100 4788 3216 4826 sum
3240 4783 3424 4842 pastor
3438 4776 3607 4835 bonus

2027 4847 2208 4921 (Joan.
2237 4851 2315 4922 κ).
2347 4850 2412 4907 Et
2440 4853 2509 4908 de
2531 4868 2590 4908 se
2618 4854 2813 4910 iterum
2849 4857 2927 4912 ait
2956 4876 2970 4912 :
2994 4858 3173 4915 Bonus
3186 4869 3613 4933 pastoranimam-

2026 4962 2177 5000 suam
2205 4949 2350 5017 ponit
2377 4968 2472 5021 pro
2516 4953 2697 5008 ovibus
2718 4955 2829 5011 suis
2855 4953 3066 5029 (lbid.).
3101 4957 3266 5030 Cujus
3292 4961 3441 5032 pium
3487 4963 3606 5018 imi—

2029 5038 2132 5091 tari
2160 5037 2320 5095 debet
2348 5042 2516 5099 abbas
2534 5045 2934 5116 exemplum,ct
2963 5048 3191 5122 diligere
3206 5052 3367 5108 debet
3386 5070 3601 5127 gregem

2021 5128 2202 5182 ovium
2229 5146 2471 5198 suarum,
2504 5134 2557 5189 id
2585 5144 2668 5191 est
2694 5140 3082 5196 monachorum
3112 5158 3355 5213 suorum,
3386 5148 3526 5204 sicut
3550 5157 3607 5203 ct

2019 5216 2107 5270 ille
2135 5217 2323 5275 dilexit
2344 5238 2513 5293 genus
2541 5223 2854 5293 humanum,
2896 5230 2948 5285 in
2984 5240 3225 5301 tantum,
3273 5247 3332 5292 ut
3365 5254 3463 5308 pro
3513 5241 3604 5294 illo

2022 5311 2181 5364 morti
2197 5314 2433 5368 traderet
2449 5318 2819 5389 semetipsum,
2841 5334 2895 5377 et
2908 5341 3133 5398 surgens
3145 5345 3174 5381 a
3192 5332 3417 5385 mortuis
3433 5331 3604 5385 eleva-

2020 5401 2096 5455 vit
2114 5401 2260 5457 illum
2309 5404 2362 5458 in
2392 5406 2608 5475 malum,
2636 5418 2693 5465 et
2715 5412 2881 5468 choro
2924 5417 3148 5473 sociavit
3168 5420 3428 5490 angelico,
3451 5421 3603 5475 etsic

2022 5494 2202 5547 ovium
2228 5510 2446 5550 suarum
2483 5500 2871 5574 redintegravit
2922 5523 3224 5563 numerum.
3264 5507 3399 5563 Nam
3433 5510 3603 5566 abbas

2022 5593 2295 5640 errantem
2326 5589 2484 5645 debet
2520 5595 2793 5666 corrigere
2818 5600 3165 5663 monachum,
3201 5609 3257 5654 et
3293 5612 3599 5661 correctum

2024 5690 2055 5742 ι)
2074 5675 2328 5745 u-itcrquc
2355 5679 2606 5738 dilectum
2636 5702 2809 5742 cuneo
2835 5697 3152 5743 caeterorum
3182 5704 3404 5746 suorum
3435 5694 3596 5749 debet

2021 5765 2228 5821 scciarc
2258 5773 2677 5843 tnonacltorum;
2718 5785 2771 5831 et
2812 5785 2938 5832 tunc
2967 5778 3102 5832 bene
3158 5778 3399 5836 imitatur
3449 5784 3613 5839 illum.
