3992 6206
399 311 504 368 855

1695 309 1830 362 SMA
1839 308 1972 362 ΒΑΕ
1981 307 2044 362 Dl
2080 306 2373 364 ABBATIS

3540 319 3648 375 856

466 417 589 485 Qui,
606 419 800 473 relictis
830 423 1118 491 nonaginta
1149 438 1328 476 novem
1361 422 1540 476 ovibus
1585 423 1638 474 in
1671 420 1957 482 montibus,
1989 419 2041 478 Α
2065 419 2386 474 animarum.
2423 419 2635 475 Sienim
2653 435 2859 491 magnae
2886 425 3154 480 mercedis
3174 434 3307 482 esta
3343 440 3520 488 niorte
3539 437 3649 490 eri-

395 509 522 562 abiit
549 525 708 564 unam
729 526 895 575 ovem,
915 527 1032 580 quin
1060 520 1346 576 erraverat,
1376 526 1627 581 quwrere.
1662 507 1830 580 Cujus
1886 511 1966 562 in-

390 600 633 668 firmitati
663 601 718 653 in
739 609 942 654 tantum
965 619 1266 671 compassus
1295 613 1390 666 est,
1450 613 1507 656 ut
1536 619 1652 656 eam
1694 603 1749 655 in
1801 602 1967 656 sacris

391 691 621 746 humeris
635 692 746 745 suis
771 692 1077 762 dignaretur
1101 696 1386 763 imponere,
1422 704 1470 748 et
1499 695 1574 748 sic
1609 704 1873 764 reportare
1897 693 1966 744 ad

389 799 593 852 gregem
622 782 773 853 (Luc.
806 783 916 854 xv).
955 782 1182 838 Centum
1202 800 1334 840 oves
1383 785 1709 840 universitas
1751 790 1836 837 est
1879 798 1968 835 an-

389 870 632 940 gelorum
657 879 712 925 et
737 871 1035 926 hominum.
1061 872 1177 928 Una
1198 882 1378 927 autem
1405 874 1628 936 erravit,
1660 872 1711 926 id
1732 879 1840 935 est,
1861 872 1962 925 hu-

389 977 607 1016 manum
635 977 804 1033 genus
839 965 1102 1032 peccavit.
1127 963 1430 1034 Nonaginta
1451 980 1643 1019 novem
1675 962 1963 1031 reliquitin

388 1053 684 1117 montibus,
712 1054 765 1107 id
799 1063 899 1119 est,
927 1069 1122 1108 novem
1149 1055 1365 1108 ordines
1387 1055 1700 1122 angelorum
1718 1053 1771 1106 in
1786 1053 1962 1115 cmlis,

386 1151 444 1197 et
465 1143 613 1197 venit
641 1159 883 1211 quasrere
913 1159 1076 1198 unam
1098 1145 1154 1199 in
1171 1144 1309 1199 valle
1334 1145 1718 1214 lacrymarum,
1749 1159 1854 1212 qua
1878 1144 1960 1198 in-

388 1240 550 1286 venta
580 1232 640 1286 fit
665 1233 917 1303 gaudium
939 1249 1101 1303 super
1121 1249 1184 1288 ea
1215 1234 1391 1304 magis
1415 1249 1576 1302 quam
1605 1248 1765 1303 super
1793 1248 1960 1288 nona-

387 1323 536 1392 ginta
563 1338 756 1378 novem
779 1323 870 1393 qui
889 1339 993 1377 non
1021 1332 1358 1378 erraverant.

920 1437 1147 1493 CAPUT
1189 1437 1423 1492 XXVIII.

528 1509 604 1561 De
629 1510 697 1562 iis
725 1508 814 1578 qui
840 1508 1030 1578 sapius
1052 1509 1269 1562 correcti
1305 1525 1408 1561 non
1451 1507 1814 1562 emendantur.

459 1595 519 1651 Si
551 1599 665 1668 quis
689 1599 857 1668 frater
877 1598 1172 1668 frequenter
1191 1606 1460 1667 correptus
1484 1614 1580 1667 pro
1596 1598 1826 1666 qualibet
1847 1597 1961 1650 cul-

387 1705 476 1758 pa,
496 1688 544 1741 si
568 1689 725 1741 etiam
743 1687 1221 1742 eacommunicatus
1248 1703 1353 1741 non
1377 1687 1747 1751 mandaverit,
1783 1689 1960 1740 acrior

2070 525 2199 579 pere
2229 527 2448 566 carnem
2471 512 2792 582 quandoque
2808 516 3148 582 morituram,
3182 523 3374 587 quanti
3399 532 3484 578 est
3533 543 3644 582 me-

2072 599 2162 652 riti
2192 616 2222 654 a
2252 609 2426 655 morte
2448 602 2682 656 animam
2715 603 2947 658 liberare
2971 605 3027 658 in
3057 607 3265 663 ctelesti
3301 614 3480 680 patria
3523 618 3644 676 sine

2072 687 2176 742 line
2208 691 2509 744 victuram?

2141 778 2294 842 Quod
2314 780 2360 833 si
2380 797 2470 834 nec
2484 781 2582 834 isto
2611 781 2764 835 modo
2793 793 3008 837 sanatus
3037 784 3218 852 fuerit,
3249 797 3375 843 tunc
3393 792 3512 860 jam
3533 805 3646 848 uta-

2068 879 2156 921 tur
2200 869 2360 922 abbas
2405 869 2545 938 ferro
2584 870 2939 934 abscissionis,
2988 880 3045 925 ut
3081 874 3156 926 ait
3183 874 3464 945 Apostolus
3494 895 3512 932 :
3534 883 3647 937 Αι-

2069 955 2197 1024 ferte
2227 956 2421 1010 malum
2449 973 2513 1011 ea;
2553 957 2692 1010 vobis
2728 957 2778 1023 (1
2821 956 2944 1012 Cor.
2977 959 3056 1027 v).
3099 961 3240 1017 Hinc
3286 965 3341 1020 in
3364 968 3645 1038 cujusdam

2035 1057 2039 1061 '
2067 1046 2245 1100 Patris
2269 1047 2529 1116 scriptum
2553 1055 2635 1102 est
2665 1047 2852 1115 regula
2883 1069 2896 1102 ;
2934 1048 3128 1105 Frater
3157 1053 3202 1107 si
3233 1056 3428 1124 saepius
3454 1073 3640 1116 corre-

2065 1146 2190 1207 ptus
2239 1137 2531 1192 emendare
2580 1137 2814 1194 noluerit
2839 1179 2856 1202 ,
2923 1145 3485 1202 excommunicatione
3544 1167 3645 1220 pro

2068 1229 2226 1282 modo
2255 1228 2424 1298 culpat
2451 1229 2776 1300 corrigatur.
2812 1229 2871 1286 Si
2906 1248 3005 1286 nec
3036 1234 3116 1288 sic
3159 1236 3362 1305 aliquid
3391 1241 3642 1308 proficiat

2065 1317 2393 1386 increpantis
2418 1319 2705 1385 correctio,
2753 1326 2881 1375 tunc
2906 1321 3192 1378 verberum
3221 1326 3472 1384 vindicta:
3513 1333 3642 1387 sub-

2057 1405 2282 1475 jacebit.
2316 1406 2469 1473 Quod
2507 1409 2550 1462 si
2583 1409 2662 1463 sic
2698 1411 2992 1466 emendare
3013 1413 3266 1481 noluerit,
3319 1418 3414 1471 sed
3462 1423 3642 1492 magis

2065 1497 2118 1550 in
2167 1508 2431 1551 tumorem
2469 1499 2735 1567 superbiae
2780 1498 2977 1566 elatus,
3031 1517 3192 1571 opera
3238 1506 3323 1560 vel
3369 1517 3522 1564 actus
3572 1512 3642 1567 de

2063 1587 2263 1656 quibus
2294 1587 2587 1657 corrigitur
2633 1587 2952 1655 defenderit,
2981 1599 3110 1647 tunc
3155 1593 3368 1650 abbatis
3397 1599 3642 1656 scientia

2063 1679 2327 1748 regimine
2347 1678 2672 1748 corrigatur,
2701 1680 2827 1748 quia
2847 1681 3110 1752 scriptum
3138 1692 3224 1738 est
3248 1702 3262 1737 :
3299 1684 3400 1751 Qui
3453 1689 3638 1759 objicit

386 1777 436 1832 ei
455 1778 667 1832 accedat
689 1778 964 1841 correctio,
991 1777 1164 1841 idest,
1218 1786 1274 1830 ut
1314 1777 1580 1831 verberum
1626 1777 1858 1830 uindicta
1903 1779 1949 1832 in

2061 1768 2393 1838 disciplinam
2421 1808 2437 1833 ,
2489 1767 2677 1836 infelix
2734 1769 2892 1843 (Sap.
2935 1770 3096 1842 1111).
3145 1773 3456 1832 bioderante
3507 1793 3639 1851 ergo

385 1881 506 1919 eum
532 1865 800 1936 procedat.
838 1865 1136 1935 Correptus
1159 1866 1310 1933 dicit,
1332 1867 1629 1938 castigatus
1660 1868 1744 1922 vel
1781 1867 1962 1937 objur-

386 1962 564 2026 gatus.
587 1954 734 2010 Inter
762 1956 1036 2026 corripere
1062 1957 1232 2020 enim,
1258 1957 1530 2027 castigare
1551 1957 1636 2012 vel
1674 1957 1962 2028 obiurgare

390 2043 498 2098 hoc
525 2044 790 2099 interest:
826 2045 1148 2113 corripimus
1172 2045 1320 2100 enim
1343 2047 1680 2111 verberibus,
1706 2046 1958 2121 objurga:

390 2151 514 2190 mus
536 2145 718 2190 autem
743 2136 1295 2208 verbis,.castigamus
1320 2153 1448 2193 vero
1472 2147 1526 2194 et
1556 2139 1734 2194 verbis
1758 2148 1814 2194 et
1843 2155 1962 2193 vcr-

395 2227 638 2282 beribus.
1039 2282 1045 2289 ,

459 2313 613 2385 Quod
635 2319 681 2372 si
707 2335 798 2373 nec
825 2319 901 2371 ita
926 2335 980 2372 se
1009 2319 1314 2383 correxerit,
1341 2328 1433 2373 aut
1454 2319 1588 2387 forte
1614 2318 1774 2388 (quod
1801 2320 1958 2391 absit)

384 2410 439 2464 in
461 2409 759 2479 superbiam
795 2407 989 2472 elatus,
1035 2409 1196 2462 etiam
1241 2408 1520 2477 defendere
1556 2407 1774 2462 voluerit
1802 2425 1960 2478 opera

381 2518 501 2565 sua,
533 2497 657 2554 tunc
679 2497 840 2553 abbas
869 2498 1031 2567 faciat
1053 2499 1192 2568 quod
1217 2499 1426 2568 sapiens
1458 2498 1709 2552 medicus.
1737 2497 1796 2552 Si
1821 2499 1962 2551 exhi-

379 2589 490 2643 buit
517 2589 770 2658 fomenta,
789 2588 836 2641 si
857 2597 1123 2658 unguenta
1173 2588 1621 2649 adhortationum,
1659 2589 1705 2642 si
1733 2589 1960 2642 medica-

382 2683 530 2736 mina
552 2680 949 2750 Scripturarum
971 2680 1287 2746 diuinarum,
1315 2683 1362 2735 si
1393 2681 1462 2734 ad
1491 2681 1755 2748 ultimum,
1794 2683 1959 2736 ustio-

379 2788 496 2826 nem
535 2771 1110 2836 excommunieaaionis,
1136 2770 1214 2826 uel
1240 2772 1422 2842 plagas
1467 2773 1754 2842 virgarum.
1785 2773 1959 2828 Casti-

377 2863 755 2932 gationescum
792 2864 994 2934 pietate
1037 2872 1091 2928 et
1111 2865 1522 2920 mansuetudine
1549 2874 1692 2922 recte
1716 2867 1954 2922 fomenta

375 2963 662 3012 vocantur.
705 2955 1124 3010 Adhortationes
1147 2971 1277 3010 vero
1302 2971 1427 3011 cum
1479 2957 1774 3012 dulcedinis
1824 2959 1957 3012 leni-

377 3056 490 3102 tate
536 3055 807 3118 unguenta
846 3047 1119 3101 dicuntur.
1165 3047 1479 3101 Divinarum
1517 3064 1648 3103 vero
1709 3048 1957 3118 Scriptu-

2062 1857 2286 1911 scienlia
2317 1852 2533 1912 saniem
2552 1856 2800 1912 medendi
2836 1872 2965 1912 cura
3006 1861 3345 1918 adhibeatur.
3401 1867 3460 1920 Si
3507 1883 3639 1923 vero

2063 1945 2170 1998 tale
2195 1945 2386 1999 vulnus
2405 1960 2502 2014 per
2530 1945 2768 2000 fomenta
2799 1948 3215 2018 castigationum
3243 1961 3298 2008 et
3319 1955 3534 2024 pictatis
3568 1974 3634 2015 ac

2060 2039 2298 2095 lenitatis
2339 2049 2613 2110 unguenta
2640 2041 2888 2110 sospitati
2915 2058 3022 2097 non
3065 2045 3340 2112 redditur,
3381 2057 3508 2104 tunc
3536 2067 3630 2107 cx-

2061 2131 2566 2185 communicationis
2593 2133 2920 2187 sententiam
2949 2133 3033 2188 vel
3058 2135 3355 2206 disciplina:
3380 2155 3637 2212 corpora-

2061 2219 2127 2274 lis
2155 2212 2370 2290 paniam
2398 2221 2660 2275 incurrat.
2711 2222 2778 2276 Et
2825 2224 2870 2279 si
2909 2223 3011 2280 ncc'
3054 2232 3638 2290 exeommunicationis

2060 2317 2229 2375 metu,
2257 2325 2358 2366 nec
2386 2310 2580 2380 ﬂagelli
2608 2326 2769 2381 paena
2818 2313 3104 2386 frangitur,
3149 2329 3414 2390 augeatur
3457 2324 3634 2380 adhuc

2060 2401 2277 2470 pietatis
2303 2402 2496 2467 fomes,
2530 2405 2606 2458 ita
2631 2413 2690 2460 ut
2718 2405 2786 2460 ab
2812 2408 2957 2462 omni
2979 2413 3398 2481 congregatione
3424 2431 3521 2484 pro
3569 2433 3636 2473 eo

2059 2492 2360 2547 communis
2383 2493 2643 2550 Dominus
2672 2495 2979 2550 orationum
3008 2499 3182 2556 oﬂicio
3203 2501 3541 2571 deprecetur,
3576 2517 3637 2560 ut

2060 2580 2151 2650 qui
2176 2581 2367 2651 laqueo
2401 2584 2599 2638 diaboli
2627 2585 2866 2641 irretitus
2901 2594 3131 2651 tenetur,
3176 2591 3388 2646 Domini
3419 2596 3634 2651 miseri-

2060 2674 2246 2728 cordia
2281 2690 2344 2729 ae
2371 2675 2570 2744 pietate
2607 2686 2846 2750 curetur.
2895 2677 3051 2745 Quod
3083 2681 3130 2734 si
3169 2697 3269 2736 nec
3302 2683 3382 2738 sic
3427 2687 3626 2755 corripi

2058 2763 2311 2828 voluerit,
2350 2764 2492 2820 intra
2517 2775 2669 2836 septa
2699 2769 3016 2824 monasterii
3055 2771 3153 2826 sub
3178 2773 3512 2842 ptenitentia:
3545 2785 3629 2831 te-

2058 2869 2216 2920 nore,
2240 2855 2308 2910 ab
2328 2854 2577 2910 omnibus
2601 2865 2798 2926 printer
2823 2862 3074 2916 custodes
3097 2872 3432 2934 segregatus,
3447 2867 3630 2920 tandiu

2059 2944 2356 3015 castigetur
2378 2945 2607 3002 diversis
2648 2949 3094 3018 correptionibus,
3138 2967 3306 3022 usque
3341 2954 3466 3008 dum
3510 2954 3629 3023 ejus

2059 3035 2343 3090 humilitas.
2388 3036 2641 3091 omnibus
2675 3052 2802 3091 vera
2848 3039 3167 3095 credulitate
3212 3043 3454 3110 patefiat,
3501 3046 3629 3113 quia

374 3153 566 3194 rarum
615 3136 922 3192 testimonia
956 3135 1040 3188 vel
1069 3150 1222 3190 sacra
1266 3135 1401 3205 legis
1426 3145 1689 3206 praecepta
1720 3152 1828 3192 non
1870 3138 1949 3192 in-

2059 3133 2114 3180 et
2152 3124 2318 3179 invita
2348 3139 2488 3194 saepe
2524 3125 2670 3180 salus
2694 3135 3001 3196 praestatur.
3040 3129 3175 3184 Nam
3206 3131 3328 3188 ideo
3372 3149 3632 3204 separan-

375 3239 615 3295 congrue
640 3233 899 3278 vocantur
925 3224 1300 3279 medicamina.
1325 3222 1532 3278 Sanant
1565 3225 1710 3280 enim
1743 3226 1950 3281 anima.—

377 3331 500 3370 rum
529 3313 947 3369 custodientium
969 3320 1024 3369 et
1049 3314 1456 3368 observantium
1481 3329 1548 3369 ea
1600 3323 1947 3384 peccaturum

373 3404 618 3459 vulnera.
669 3404 821 3460 Unde
841 3403 1126 3459 Psalmista
1154 3405 1366 3460 Domini
1381 3406 1693 3463 custodiens
1709 3424 1947 3480 praecep-

374 3507 428 3553 ta
455 3497 666 3552 diccbat
697 3515 712 3552 :
743 3496 856 3566 Ego
883 3497 1016 3562 dixi,
1063 3497 1306 3563 Domine,
1341 3499 1586 3553 miserere
1639 3501 1762 3564 mei,
1814 3519 1948 3556 sana

370 3589 601 3643 animam
633 3605 820 3654 meam,
845 3588 970 3658 quia
993 3587 1200 3658 peccaui
1229 3589 1323 3642 tibi
1354 3587 1530 3660 (Psal.
1571 3591 1685 3662 XL).
1718 3593 1948 3648 Excom-

368 3679 756 3734 municationis
791 3687 973 3734 autem
993 3693 1178 3734 severa
1201 3680 1490 3745 districtio,
1520 3696 1640 3750 qua:
1673 3685 1946 3751 peccaturi

370 3770 669 3839 injungitur
691 3785 790 3839 pro
816 3779 1061 3840 peccato,
1096 3772 1481 3826 convenienter
1525 3775 1670 3827 ustio
1697 3783 1941 3830 vocatur.

370 3858 526 3913 Sicut
551 3859 696 3913 enim
713 3860 917 3914 ustulat
940 3868 1101 3930 atque
1123 3871 1334 3916 cremat
1365 3877 1580 3932 corpus,
1612 3864 1688 3918 ita
1723 3865 1943 3920 distric-

367 3949 446 4004 tio
469 3951 1041 4006 excommunicationis
1071 3951 1306 4006 animam
1335 3951 1546 4024 afﬂigit,
1587 3955 1795 4024 pariter
1819 3971 1947 4010 eon-

365 4048 573 4095 cremat
618 4049 780 4110 atque
807 4057 1021 4110 corpus.
1051 4041 1156 4097 Sed
1186 4043 1331 4098 ustio
1350 4043 1450 4097 ista
1484 4059 1514 4097 a
1541 4045 1754 4113 peccati
1797 4046 1945 4100 ruli—

365 4129 492 4199 gine
553 4131 811 4184 humilem
851 4140 1044 4201 purgat
1085 4132 1342 4197 animam,
1393 4135 1680 4204 superbam
1712 4151 1842 4189 vero
1892 4136 1942 4189 in

363 4217 564 4288 plumbi
586 4219 857 4273 convertit
901 4228 1168 4275 naturam.
1217 4219 1293 4276 De
1337 4221 1502 4292 virgae
1545 4239 1671 4278 vero
1733 4223 1943 4294 ﬂagello

365 4304 617 4361 Salomon
649 4307 725 4360 ait
757 4325 770 4360 :
801 4305 1026 4362 Percute
1045 4309 1215 4376 filium
1240 4319 1387 4363 tuum
1407 4311 1574 4381 virga,
1613 4323 1660 4366 et
1691 4314 1940 4369 liberabis

362 4396 980 4466 animamejusamorte
1027 4396 1210 4470 (Prov.
1261 4401 1446 4471 xxiii).
1495 4402 1584 4467 Et,
1645 4402 1707 4458 Si
1757 4403 1934 4474 diligis

359 4485 529 4554 [ilium
558 4496 735 4552 tuum,
761 4488 1092 4546 assiduatilli
1115 4489 1327 4560 ﬂagella
1351 4492 1540 4562 (Eccli.
1575 4496 1728 4563 xxx).

429 4577 608 4632 Etiam
641 4579 687 4632 si
709 4579 890 4632 uiderit
918 4579 1048 4633 nihil
1069 4597 1220 4634 suam
1264 4582 1548 4652 prtevalere
1573 4584 1891 4639 industriant
1923 4626 1936 4642 .

359 4669 604 4725 adhibeat
626 4672 784 4724 etiam
811 4672 970 4742 (quod
1001 4673 1176 4742 majus
1203 4673 1298 4738 est)
1325 4691 1473 4726 suam
1498 4684 1544 4728 et
1569 4677 1802 4728 omnium
1828 4676 1941 4744 fra-

359 4768 498 4810 trum
534 4775 628 4828 pro
655 4776 713 4812 eo
736 4760 1058 4823 orationem;
1098 4770 1152 4812 ut
1183 4760 1462 4826 Dominus,
1493 4764 1580 4832 qui
1619 4764 1795 4816 omnia
1840 4781 1936 4832 po-

358 4855 476 4910 test,
505 4857 745 4916 operetur
773 4849 994 4902 salutem
1028 4851 1169 4902 circa
1215 4850 1483 4916 infirmum
1511 4851 1750 4920 fratrem.
1798 4852 1934 4907 Hinc

357 4943 414 4987 ct
439 4936 712 5004 apostolus
742 4937 816 4990 ait
843 4956 854 4990 :
889 4937 1222 5007 Conﬁlemini
1256 4938 1568 4993 alterutrum
1593 4951 1807 5010 peccata
1855 4959 1936 4994 ve-

356 5033 490 5089 stra,
517 5035 566 5078 et
603 5035 746 5080 orate
774 5044 867 5097 pro
897 5029 1114 5082 invicem
1142 5039 1196 5081 ut
1219 5029 1509 5082 salvemini.
1544 5028 1770 5082 Multum
1797 5031 1934 5083 enim

356 5115 489 5170 valet
511 5115 802 5185 deprecatio
827 5118 964 5186 justi
987 5119 1222 5172 assidua.
1256 5118 1406 5173 Elius
1425 5120 1579 5172 homo
1618 5129 1728 5171 erat
1749 5119 1934 5172 similis

355 5205 503 5260 nobis
535 5205 819 5275 possibilia,
848 5216 896 5260 et
931 5209 1166 5261 oratione
1195 5211 1377 5271 oravit,
1413 5217 1518 5262 etc.
1567 5208 1707 5277 (Jac.
1759 5207 1832 5278 v).
1877 5207 1932 5262 Si

355 5296 460 5351 hoc
505 5309 647 5350 unus
688 5295 834 5349 Elias
876 5303 1084 5349 tantum
1132 5298 1460 5366 impetravit,
1512 5305 1717 5365 quanto
1759 5297 1934 5367 magis

352 5383 554 5439 valebit
609 5381 863 5453 frequens
904 5382 1261 5454 plurimorum
1308 5385 1484 5440 oratio
1519 5386 1808 5456 justorum.
1842 5385 1932 5440 Ju-

352 5473 550 5528 bentur
571 5474 753 5544 itaque
778 5487 937 5527 orare
957 5481 1028 5526 et-
1045 5474 1277 5543 psallere
1311 5474 1559 5540 Domino,
1589 5476 1806 5545 quoties
1833 5476 1932 5530 ali-

261 5571 266 5575 ‘
353 5562 550 5630 quibus
575 5563 856 5632 pulsamur
876 5564 1137 5628 adversis,
1183 5578 1291 5617 non
1323 5564 1494 5618 solum
1546 5579 1646 5633 pro
1694 5566 1930 5620 sanitate

357 5667 666 5723 corporum,
695 5656 790 5712 sed
831 5656 994 5711 etiam
1041 5671 1140 5726 pro
1193 5655 1427 5712 sanitate
1471 5657 1726 5712 debemus
1771 5673 1929 5714 orare

2057 3216 2157 3270 dus
2180 3223 2266 3270 est
2295 3231 2324 3269 a
2383 3218 2822 3287 congregatione,
2850 3227 2911 3273 ut
2950 3235 3052 3276 suo
3099 3222 3229 3278 vitio
3253 3239 3360 3279 non
3393 3227 3632 3283 maculet

2053 3306 2385 3362 innocentes.
2413 3305 2622 3364 Tcnera
2651 3325 2780 3365 vero
2803 3320 2959 3377 tetas,
2983 3328 3102 3382 qua:
3121 3319 3626 3375 excommunicandi

2052 3398 2158 3451 vim
2190 3398 2382 3464 nescit,
2409 3414 2519 3452 non
2539 3401 3120 3466 excommunicatione,
3149 3405 3241 3459 sed
3265 3403 3476 3475 ﬂagello
3505 3423 3631 3463 cor-

2052 3489 2274 3559 rigenda
2302 3499 2406 3544 est.
2443 3489 2579 3546 Hinc
2601 3491 2841 3547 Isidorus
2865 3495 2943 3547 ait
2977 3512 2989 3546 :
3024 3494 3123 3561 Qui
3151 3497 3300 3565 gravi
3330 3498 3463 3552 vitio
3483 3514 3629 3570 saepe

2050 3579 2550 3634 cxcommuuicatus
2579 3581 2800 3652 negligit
2826 3584 3135 3648 emendare,
3180 3587 3366 3642 tandiu
3399 3588 3625 3644 damna-

2053 3667 2190 3723 tioni
2218 3667 2512 3736 subjaceat,
2545 3685 2824 3740 quousque
2871 3672 3001 3726 vitia
3031 3673 3217 3728 inclita
3265 3675 3533 3744 deponat;
3567 3687 3628 3732 ut

2050 3772 2210 3826 quem
2238 3758 2407 3812 semel
2455 3759 2604 3813 illata
2631 3761 3031 3834 animadversio
3069 3781 3173 3820 non
3218 3768 3484 3832 coercuit,
3519 3767 3626 3822 fre-

2050 3862 2224 3916 quens
2286 3849 2547 3904 severitas
2609 3857 2828 3904 censeat
2890 3853 3301 3908 emendandum.
3365 3855 3626 3922 Quamvis

2049 3934 2411 4006 frequentium
2435 3939 2983 4010 gravissimorumque
3004 3942 3256 3997 vitiorum
3276 3946 3536 4016 voragine
3555 3946 3627 3999 sit

2048 4025 2276 4094 quisque
2304 4025 2624 4093 immersus,
2675 4045 2782 4084 non
2838 4039 2922 4086 est
2976 4041 3152 4087 tamen
3201 4050 3236 4088 a
3289 4039 3624 4096 monasterio

2046 4118 2433 4188 projicicndus,
2465 4122 2560 4175 sed
2587 4120 2744 4189 juxta
2771 4123 3086 4192 qualitatem
3132 4126 3311 4183 delicti
3360 4144 3620 4185 coercen-

2047 4208 2147 4263 dus
2186 4217 2299 4274 est;
2340 4225 2408 4264 ne
2431 4209 2596 4275 forte,
2621 4213 2712 4281 qui
2747 4220 2960 4282 poterat
2987 4231 3084 4285 per
3109 4217 3420 4273 diuturnam
3445 4222 3623 4290 paeni-

2047 4297 2287 4354 tudinem
2310 4299 2607 4365 emendari,
2640 4303 2765 4356 dum
2792 4303 3095 4372 projicitur,
3119 4322 3213 4362 ore
3241 4309 3436 4364 diaboli
3458 4312 3624 4367 devo-

2046 4396 2213 4442 retur.
2244 4388 2442 4443 Beatus
2467 4399 2649 4444 autem
2681 4391 2984 4449 Macbarius
3015 4396 3172 4451 aliter
3197 4397 3252 4452 in
3275 4414 3373 4453 sua
3402 4400 3610 4470 Regula

1959 4464 2014 4524 Ι)
2040 4480 2116 4534 ait
2142 4499 2152 4532 :
2190 4479 2292 4546 Qui
2323 4481 2539 4550 sapius,
2573 4482 2766 4552 inquit,
2789 4486 3100 4556 corripitur,
3130 4496 3184 4543 et
3212 4505 3319 4544 non
3343 4506 3403 4547 se
3430 4507 3614 4547 emen-

2043 4573 2271 4642 daverit,
2316 4581 2606 4628 extraneas
2641 4575 2923 4643 habeatur,
2954 4578 3093 4633 sicut
3136 4580 3272 4634 dixit
3307 4581 3610 4639 Dominus:

2045 4656 2124 4716 Sit
2150 4664 2244 4717 tibi
2285 4664 2422 4718 sicut
2453 4666 2689 4720 ethnicus
2725 4677 2771 4722 et
2799 4668 3131 4737 publicanus.
3157 4671 3353 4726 Beatus
3383 4673 3620 4730 Basilius

2045 4761 2116 4804 ita
2153 4770 2164 4804 :
2195 4753 2296 4818 Qui
2327 4769 2425 4823 pro
2451 4763 2673 4822 peccato
2702 4771 2809 4810 non
2837 4759 3087 4825 poenitet,
3111 4761 3460 4818 abscindatur
3494 4774 3619 4816 tan-

2042 4859 2203 4912 quam
2227 4845 2590 4912 putrefactum
2620 4849 2924 4902 membrum
2975 4865 3005 4903 a
3051 4865 3304 4921 corpore,
3354 4854 3614 4923 scriptum

2041 4943 2123 4986 est
2151 4934 2294 4987 enim
2326 4935 2450 5003 quia
2473 4936 2678 5004 expedit
2725 4946 2781 4990 ut
2826 4949 3000 5006 pereat
3056 4957 3219 4993 unum
3266 4943 3614 4997 membrorum

2039 5031 2272 5088 tuorum,
2313 5032 2368 5078 ct
2412 5040 2519 5079 non
2571 5040 2734 5082 omne
2754 5044 2940 5097 corpus
2972 5039 3120 5082 tuum
3148 5032 3391 5085 mittatur
3432 5035 3486 5086 in
3529 5052 3613 5104 ge-

2037 5111 2298 5177 bennam;
2329 5115 2454 5182 quia
2500 5115 2550 5170 ei
2599 5132 2824 5185 parcere
2873 5134 3032 5188 quem
3067 5120 3328 5177 Dominus
3361 5125 3614 5178 condem-

2039 5205 2206 5266 navit,
2237 5206 2373 5260 velle
2399 5216 2550 5260 tuum
2582 5225 2686 5262 non
2713 5217 2814 5264 est.
2852 5209 2910 5264 In
2947 5211 3209 5266 Orientali
3243 5216 3384 5268 enim
3415 5215 3612 5284 Regula

2038 5293 2118 5347 sic
2143 5294 2447 5351 invenimus
2482 5317 2493 5350 :
2525 5297 2582 5352 Si
2613 5297 2778 5354 fuerit
2810 5300 3008 5371 aliquis
3047 5312 3155 5357 tam
3188 5305 3356 5360 durus
3403 5314 3460 5360 et
3506 5317 3616 5359 tam

2043 5377 2252 5439 alienus
2282 5401 2312 5440 a
2347 5386 2542 5441 timore
2574 5387 2810 5454 Domini,
2855 5399 2914 5444 ut
2961 5399 3040 5446 tot
3072 5393 3523 5463 castigationibus
3565 5403 3620 5448 et

2044 5481 2120 5528 tot
2143 5476 2553 5532 remissionibus
2578 5493 2682 5531 non
2707 5481 3045 5546 emendetur,
3072 5482 3389 5552 projiciatur
3419 5485 3486 5540 de
3509 5501 3620 5540 mo-

2039 5569 2298 5634 nasterio,
2331 5577 2385 5623 et
2412 5569 2556 5624 velut
2593 5578 2885 5627 cxtrancus
2931 5573 3220 5642 habeatur,
3255 5593 3322 5633 nc
3370 5579 3505 5634 vitio
3556 5578 3621 5632 il-

2038 5658 2246 5715 liusalii
2274 5661 2665 5732 periclitentur.
2703 5663 2855 5720 Unde
2881 5673 2931 5719 et
2962 5667 3209 5734 sequitur
3240 5687 3253 5722 :
