3992 6206
354 312 459 371 857

1414 319 1766 375 COMMENT.
1808 322 1876 376 IN
1916 322 2074 378 ΠΕΟ.
2116 324 2174 380 S.
2217 325 2593 383 BENEDICTI.

3486 337 3594 394 858

423 425 494 479 Et
524 423 713 478 iterum
741 438 762 479 ':
796 423 1036 492 Inﬁdelis
1065 427 1110 479 si
1156 426 1394 493 discedit,
1441 429 1677 484 discedat
1702 429 1755 502 (1
1798 430 1922 486 Cor.
1950 433 2003 493 Α
2030 439 2114 487 tes
2136 445 2381 507 receptps
2408 438 2592 492 tandiu
2625 438 2983 505 examinetur,
3017 442 3315 512 usquedum
3344 447 3596 510 probabi-

348 513 467 585 vn).
511 513 569 569 Id
591 522 698 579 est,
721 514 766 569 si
804 514 919 568 vult
953 516 1124 581 abire,
1168 518 1345 573 abeat.
1374 519 1442 573 Et
1472 534 1576 574 non
1608 520 1713 575 hoc
1756 522 1922 576 abbas

349 605 763 675 grandipendat,
790 614 885 660 aut
907 606 1179 677 culpatum
1221 626 1279 665 se
1302 609 1525 679 iudicet,
1558 614 1605 670 si
1632 629 1762 670 suus
1799 615 1921 670 infl-

350 695 487 751 delis
515 694 746 750 discedit
796 699 1095 753 monachus
1124 718 1136 753 :
1168 701 1294 769 quia
1333 703 1376 756 si
1407 702 1495 757 ille
1534 705 1756 775 proprio
1786 705 1922 761 vitio

252 846 257 855 I
347 783 664 839 monasterii
684 784 887 839 deserit
903 787 1162 851 claustra,
1181 789 1233 842 in
1257 790 1508 845 abbatem
1533 807 1638 846 non
1657 792 1921 848 redundat

347 875 464 945 ejus
488 877 699 946 peccati
728 877 961 931 macula.
986 877 1087 944 Qui
1113 880 1259 933 enim
1286 880 1437 948 prius
1463 881 1695 937 discedit
1714 891 1914 949 mente,

346 983 569 1024 necesse
593 975 679 1024 est
717 970 1061 1038 postmodum
1116 969 1360 1027 discedat
1381 980 1437 1027 et
1482 987 1726 1043 corpore,
1755 989 1825 1030 ne
1848 974 1917 1030 ab

345 1058 438 1114 illo
486 1058 579 1113 flat
602 1059 657 1113 in
685 1073 847 1130 grege
871 1059 1016 1128 quod
1042 1060 1290 1129 sequitur
1321 1079 1335 1114 :

417 1146 503 1201 Ne
537 1162 644 1200 una
671 1148 781 1201 ouis
814 1148 1054 1202 morbida
1100 1166 1304 1205 omnem
1350 1169 1554 1224 gregem
1600 1155 1916 1211 contaminet

343 1238 557 1313 (Ibid.).
595 1240 838 1296 Morbum
874 1242 997 1297 ideo
1026 1255 1239 1300 veteres
1267 1242 1688 1316 appellaverunt,
1711 1256 1773 1303 ut
1798 1250 1913 1319 ipsa

345 1320 701 1404 appellatione
738 1332 848 1387 vim
877 1334 1090 1400 mortis,
1132 1351 1255 1406 quas
1298 1351 1366 1392 ex
1410 1352 1476 1393 eo
1513 1339 1774 1404 nascitur,
1820 1339 1912 1393 de-

342 1430 725 1477 monstrarent.
762 1421 897 1477 Nam
927 1424 1074 1480 inter
1098 1426 1384 1480 sanitatem
1418 1435 1473 1482 et
1508 1429 1755 1483 morbum
1794 1441 1909 1483 me-

341 1512 428 1568 dia
466 1520 551 1568 est
569 1514 800 1578 curatio,
831 1529 953 1583 quas
979 1514 1083 1591 nisi
1114 1518 1304 1571 morbo
1336 1526 1616 1588 congruat,
1641 1533 1750 1573 non
1786 1533 1913 1586 per-

340 1602 489 1656 ducit
513 1603 580 1656 ad
606 1603 915 1657 sanitatem.
959 1602 1113 1670 Quod
1143 1612 1324 1659 autem
1349 1606 1501 1670 dicit,
1557 1607 1904 1670 contaminet,

341 1692 683 1776 intelligitnr,
710 1692 915 1762 polluat
955 1693 1042 1747 vel
1090 1693 1351 1763 inquinet.
1395 1693 1717 1765 Contagium
1764 1694 1907 1751 enim

2022 520 2090 577 lis
2121 522 2238 592 ejus
2264 525 2374 580 vita
2400 526 2729 582 inveniatur.

2589 617 2817 674 CAPUT
2850 620 2944 675 XX
2953 621 3020 675 Χ.

2126 701 2204 755 De
2230 704 2405 773 pueris
2434 706 2626 759 minori
2646 717 2818 773 (etate,
2845 709 3076 780 qualiter
3103 713 3479 783 corripiantur.
3657 780 3661 785 ,

2089 788 2276 845 Omnis
2323 802 2457 847 artas
2483 793 2558 847 vel
2598 794 2891 851 intellectus
2940 800 3179 869 proprias
3202 800 3349 855 debet
3396 804 3590 860 habere

2016 893 2308 933 mensuras.
2334 880 2393 934 Id
2432 890 2547 945 est,
2571 882 2758 952 judicii
2788 884 3069 956 disciplina
3094 903 3201 943 non
3244 889 3588 948 uniformiter

2015 974 2102 1021 est
2119 968 2375 1024 omnibus
2386 969 2707 1037 exhibenda,
2724 972 2821 1028 sed
2843 976 3141 1030 secundum
3164 979 3585 1053 uniuscujusque

2014 1066 2228 1115 aetatem
2255 1061 2341 1116 vel
2370 1062 2698 1119 intellectum
2734 1080 2856 1121 cum
2877 1083 3074 1140 magno
3098 1080 3181 1127 est
3218 1078 3586 1138 moderamine

2014 1145 2311 1203 inferenda.
2342 1148 2516 1205 Aliter
2558 1152 2702 1207 enim
2750 1156 2978 1223 parvuli,
3030 1158 3189 1216 aliter
3218 1163 3589 1224 adolescentes

2011 1243 2067 1288 et
2090 1234 2336 1304 juvenes,
2366 1237 2527 1293 aliter
2551 1254 2731 1308 senes,
2770 1242 2927 1298 aliter
2957 1260 3084 1302 vero
3110 1249 3381 1321 decrepita
3418 1255 3584 1325 positi

2011 1324 2211 1380 debent
2227 1327 2457 1397 judicari
2495 1338 2672 1386 aetate.

2079 1413 2309 1487 Ideoque
2348 1420 2551 1487 quoties
2580 1422 2730 1489 pueri
2772 1423 2849 1478 vel
2897 1425 3328 1483 adolescentiores
3380 1440 3534 1487 trtate
3560 1473 3577 1497 ,

2008 1512 2101 1556 aut
2124 1505 2213 1574 qui
2239 1507 2411 1560 minus
2435 1508 2721 1579 intelligere
2744 1524 2979 1580 possunt,
3000 1528 3197 1584 quanta
3224 1536 3373 1586 pinna
3398 1522 3465 1575 sit
3487 1539 3575 1577 ea:-

2007 1593 2527 1657 communicationis;
2565 1598 2619 1650 lii
2658 1598 2791 1654 tales
2824 1600 2951 1655 dum
2989 1601 3316 1673 delinquunt,
3360 1616 3455 1661 aut
3486 1610 3576 1678 je-

1998 1681 2170 1758 juniis
2198 1684 2372 1738 nimiis
2394 1685 2709 1755 afﬂigantur,
2737 1698 2826 1742 aut
2855 1691 3014 1744 arctis
3045 1689 3174 1763 [Al.,
3205 1694 3450 1761 acribus;
3484 1697 3580 1757 aL.

340 1783 539 1837 dicitur
565 1765 948 1837 contaminatio
967 1782 1273 1847 criminum,
1302 1783 1537 1849 miseria,
1562 1783 1727 1837 animi
1763 1798 1905 1838 mor-

2012 1771 2206 1843 acrius]
2236 1773 2532 1828 verberibus
2569 1786 2906 1832 coerceantur
2929 1789 2986 1832 ut
3033 1792 3307 1837 sanentur.
3336 1784 3412 1839 De
3460 1787 3583 1841 tali-

341 1871 459 1935 bus,
490 1869 788 1935 calamitas,
812 1870 899 1924 vel
925 1870 1293 1940 coinquiuatio
1335 1873 1550 1927 mentis.
1588 1872 1908 1943 Contagiom
1941 1860 1981 1891 ‘
2008 1862 2110 1917 bus
2134 1864 2278 1918 enim
2304 1862 2558 1921 Salomon
2576 1865 2654 1920 ait
2685 1884 2700 1920 :
2732 1866 2971 1923 Stultitia
2995 1871 3239 1941 colligata
3265 1883 3340 1927 est
3361 1874 3415 1928 in
3427 1876 3585 1931 corde

338 1960 483 2015 enim
509 1976 539 2014 a
567 1960 926 2033 contingendo
941 1960 1164 2017 dictum.
1194 1961 1463 2032 Quidquid
1490 1965 1635 2019 enim
1652 1966 1906 2036 tetigerit,

339 2050 546 2121 polluit.

884 2162 1108 2220 CAPUT
1146 2163 1337 2219 XXIX.

336 2291 397 2349 Si
446 2292 665 2349 debeant
722 2294 913 2364 fratres
966 2306 1211 2380 exeuntes
1253 2299 1677 2356 de-monasterio
1717 2302 1905 2356 iterum

1021 2383 1198 2437 recipi.

412 2497 602 2553 Frater
627 2500 718 2571 qui
744 2503 956 2571 proprio
979 2502 1102 2556 vitio
1130 2505 1395 2574 egreditur
1418 2515 1508 2560 aut
1538 2507 1817 2577 projicitur
1841 2508 1905 2562 de

334 2592 671 2656 monasterio,
700 2594 745 2646 si
783 2595 964 2647 reverti
1000 2593 1238 2661 voluerit,
1267 2598 1520 2667 spondeat
1535 2599 1682 2669 prius
1702 2615 1904 2654 omnem

333 2680 749 2736 emendationem
775 2683 884 2736 uitii
909 2699 1005 2753 pro
1028 2701 1131 2754 quo
1160 2702 1394 2756 egressus
1431 2697 1540 2755 est;
1573 2698 1623 2744 et
1647 2690 1723 2743 sic
1742 2690 1797 2743 in
1823 2689 1905 2742 ul-

334 2774 461 2826 timo
485 2773 654 2842 gradu
681 2774 986 2844 recipiatur,
1016 2784 1075 2830 ut
1106 2793 1172 2831 ea:
1203 2779 1303 2831 hoc
1326 2779 1443 2848 ejus
1471 2779 1741 2835 humilitas
1761 2796 1904 2834 com-

332 2863 599 2933 probetur.
628 2862 781 2929 Quod
809 2866 857 2919 si
885 2865 1058 2921 denuo
1081 2868 1291 2935 exierit,
1313 2885 1477 2941 usque
1498 2873 1650 2924 tertio
1682 2871 1903 2940 recipia-

333 2961 441 3005 tur.
465 2951 591 3006 lam
615 2970 733 3008 vero
752 2964 930 3023 postea
958 2957 1091 3011 sciat
1110 2972 1314 3013 omnem
1330 2959 1431 3013 sibi
1459 2961 1766 3015 reversionis
1786 2960 1894 3014 adi-

335 3053 448 3096 tum
477 3044 742 3114 denegari.
789 3045 923 3101 Hinc
969 3048 1185 3116 quidam
1214 3050 1471 3120 magister
1513 3051 1897 3106 monachorum

2005 1953 2179 2022 pueri,
2207 1962 2257 2007 et
2300 1955 2443 2024 virga
2475 1954 2765 2026 disciplinis
2789 1957 2995 2027 fugabit
3022 1976 3139 2014 eam
3186 1959 3365 2031 (Prov.
3417 1962 3578 2035 χχιι).

2006 2042 2143 2099 Hinc
2164 2043 2405 2110 Isidorus
2415 2046 2490 2100 ait
2508 2065 2521 2098 :
2541 2046 2598 2100 In
2626 2046 2821 2103 minori
2841 2057 3000 2104 aetate
3014 2052 3292 2106 constituti
3322 2068 3428 2109 non
3451 2062 3583 2111 sunt

2005 2137 2290 2191 coercendi
2314 2137 2579 2193 sententia
2609 2141 3309 2207 excommunicationis,sed
3326 2159 3426 2212 pro
3445 2160 3580 2214 qna-

2004 2228 2154 2283 litate
2181 2228 2519 2300 negligentia:
2533 2235 2785 2302 congruis
2806 2233 3123 2290 emendandi
3150 2244 3275 2290 sunt
3300 2235 3496 2306 plagis,
3518 2243 3582 2291 ut

2003 2334 2140 2398 quos
2180 2324 2354 2375 aetatis
2395 2319 2682 2377 inﬁrmitas
2709 2337 2740 2376 a
2771 2323 2925 2394 culpa
2966 2340 3072 2380 non
3101 2335 3340 2392 revocat,
3379 2327 3575 2398 ﬂagelli

2004 2392 2287 2479 disciplina
2314 2420 2640 2480 compescat.
2655 2411 2735 2466 Illi
2750 2392 2877 2467 vero
2897 2411 3096 2469 fratres
3123 2423 3246 2485 post
3265 2392 3572 2485 quindecim

2006 2514 2176 2553 annos
2222 2499 2400 2554 aetatis
2441 2500 2713 2569 vapulent,
2764 2503 2857 2571 qui
2894 2503 3030 2557 satis
3067 2519 3286 2574 gravem
3315 2514 3408 2560 aut
3447 2506 3579 2561 furti

2004 2587 2211 2660 fugacis
2228 2597 2319 2643 aut
2343 2589 2678 2645 criminalem
2705 2591 2917 2662 culpam
2944 2593 3356 2653 commiserunt.

2557 2696 2784 2754 CAPUT
2818 2698 3010 2755 XXXI.

2284 2767 2363 2822 De
2388 2766 2658 2822 cellerario
2684 2771 2990 2823 monasterii
3009 2771 3180 2842 qualis
3206 2773 3293 2827 sit.

2073 2858 2390 2915 Cellerarius
2440 2860 2744 2914 monasterii
2797 2860 3024 2931 eligatur
3069 2863 3134 2917 de
3179 2868 3578 2936 congregatione

2000 2952 2225 3021 sapiens.
2256 2951 2599 3017 Cellerarius,
2629 2954 2718 3023 qui
2748 2954 2923 3009 servis
2955 2955 3050 3010 Dei
3090 2957 3447 3011 substantiam
3474 2958 3576 3011 mi-

2002 3042 2220 3107 nistrat,
2242 3056 2430 3096 eorum
2475 3042 2681 3098 cibaria
2725 3043 3022 3113 dispensat,
3061 3045 3344 3115 prudentia
3386 3046 3580 3116 plenus

336 3131 510 3186 dicit:
538 3103 730 3187 Frater
752 3134 797 3188 si
823 3103 1018 3189 exierit
1059 3103 1368 3205 nequeam:
1411 3103 1479 3192 de
1526 3103 1859 3193 salignas
1884 3179 1899 3204 ,
1928 3103 1974 3165 (ἶ
2005 3137 2061 3185 et
2086 3130 2349 3201 sapientia
2379 3132 2538 3187 debet
2587 3145 2710 3188 esse
2756 3135 3034 3202 pristinus,
3061 3103 3123 3189 ἶιι
3150 3103 3446 3205 prudenter
3485 3153 3572 3192 διι-

333 3236 508 3291 usque
554 3222 610 3277 in
660 3225 879 3279 tertium
932 3240 1181 3282 reversus
1209 3229 1616 3299 resuscipiatur.
1658 3228 1902 3299 Amplius

335 3329 447 3369 non
466 3314 598 3382 jam.
648 3314 845 3384 thuid
873 3316 929 3370 in
967 3320 1295 3374 monasterio
1311 3318 1426 3388 jam
1461 3335 1596 3390 opus
1623 3321 1715 3386 sit,
1740 3336 1902 3391 quem

336 3405 480 3459 Deus
507 3420 612 3459 non
639 3405 913 3473 possidet?
947 3406 1180 3478 Ideoque
1207 3417 1330 3478 post
1358 3411 1571 3464 tertiam
1599 3410 1901 3480 correptio-

337 3492 618 3561 nemjuste
638 3497 965 3563 monasterio
995 3498 1068 3552 sit
1097 3506 1159 3552 ut
1194 3500 1442 3555 ethnicus
1468 3509 1522 3555 et
1558 3501 1899 3570 publicanus.

334 3585 474 3641 Iliae
517 3587 801 3644 Ferreolus
846 3589 924 3643 ait
965 3606 981 3645 :
1019 3589 1324 3660 Fugitivum
1370 3605 1499 3645 vero
1537 3593 1898 3656 monachum,

332 3674 671 3731 deserentem
693 3676 1034 3747 disciplinam
1058 3686 1115 3732 et
1140 3679 1455 3747 perdentem
1484 3692 1542 3732 se
1560 3718 1575 3744 ,
1605 3678 1748 3734 velut
1773 3695 1901 3734 con-

335 3775 657 3837 temptorem
691 3768 893 3837 placuit
924 3783 1199 3823 revocare.
1231 3768 1367 3824 Hinc
1400 3778 1620 3824 sanctus
1644 3769 1904 3825 Fructuo-

333 3873 429 3913 sus
457 3858 738 3929 episcOpus
773 3858 889 3911 ait:
928 3857 1062 3913 Cum
1089 3858 1283 3928 aliquis
1327 3874 1423 3929 per
1447 3859 1635 3913 vitium
1684 3859 1901 3929 elapsus

332 3947 502 4004 fuerit
527 3964 559 4003 a
581 3949 935 4014 monasterio,
962 3948 1017 4002 in
1047 3949 1193 4004 aliud
1227 3964 1333 4004 non
1384 3949 1676 4018 recipiatur
1718 3964 1902 4005 coeno-

331 4040 504 4104 bium,
532 4054 709 4110 neque
736 4040 790 4093 in
837 4039 1191 4095 humanitatis
1236 4040 1574 4105 charitatem,
1619 4055 1793 4109 neque
1844 4039 1899 4093 in

331 4130 486 4200 pacis
528 4128 803 4195 osculum,
852 4130 947 4184 sed
993 4130 1247 4184 continuo
1287 4130 1485 4184 vinctis
1531 4137 1654 4198 post
1689 4139 1899 4201 tergum

332 4220 583 4275 manibus
611 4219 790 4273 abbati
847 4219 1136 4274 reducatur
1174 4219 1412 4288 proprio.
1462 4219 1594 4272 Item
1649 4219 1803 4289 ipse:
1840 4218 1900 4274 Si

331 4318 481 4364 certe
506 4308 607 4378 ipsi
640 4315 897 4378 apostatae
940 4310 1009 4364 ab
1034 4309 1286 4364 omnibus
1328 4307 1528 4363 fuerint
1562 4308 1795 4378 expulsi,
1846 4318 1902 4364 et

334 4399 443 4455 huc
467 4397 698 4466 illucque
733 4405 991 4468 vagantes
1015 4398 1243 4453 diversis
1271 4397 1403 4452 locis
1430 4398 1713 4453 instabiles
1736 4407 1900 4467 atque
1926 4434 1977 4492 D

334 4485 671 4552 vacillantes,
707 4501 806 4542 suo
840 4487 1168 4542 monasterio
1195 4502 1254 4542 se
1281 4488 1480 4542 reverti
1519 4488 1771 4554 petierint
1804 4504 1901 4544 ne-

334 4579 591 4635 cessitate
625 4578 906 4649 compulsi,
932 4579 987 4633 in
1024 4588 1293 4634 conventu
1327 4580 1591 4650 majorum
1631 4581 1901 4638 deducan-

272 4704 285 4710 -
335 4679 447 4734 tur,
477 4676 531 4723 et
563 4677 622 4722 ut
647 4684 775 4722 vasa
806 4668 950 4739 ﬁguli
990 4669 1043 4723 in
1081 4668 1301 4725 fornace
1322 4670 1637 4741 probentur.
1665 4672 1733 4725 Et
1778 4688 1903 4727 cum

330 4759 542 4830 probati
560 4758 778 4822 fnerint,
810 4773 906 4826 suo
940 4760 1268 4814 monasterio
1295 4758 1682 4826 reformentur;
1704 4768 1760 4814 et
1793 4777 1902 4815 non

331 4849 530 4918 prima,
551 4850 644 4903 sed
671 4848 859 4903 ultima
880 4848 1132 4903 cathedra
1163 4849 1511 4919 recipiantur.
1541 4848 1674 4904 Item
1700 4865 1767 4905 ex
1799 4850 1904 4906 Re-

331 4938 458 5010 gula
486 4937 762 5006 cujusdam
790 4956 802 4991 :
837 4937 895 4992 Si
918 4937 1024 4992 ullo
1045 4946 1303 5007 tempore,
1327 4938 1469 5008 quod
1493 4937 1654 5003 absit,
1686 4954 1718 4992 a
1745 4938 1901 4993 Chri-

331 5028 509 5084 stiana
545 5028 802 5098 religione
831 5026 998 5081 frater
1032 5042 1063 5080 a
1091 5027 1258 5097 septis
1284 5027 1603 5082 monasterii
1632 5028 1898 5084 discesse-

331 5118 426 5181 rit,
459 5127 514 5172 et
538 5116 681 5172 foras
708 5115 917 5187 fugiens
936 5125 1119 5186 postea
1144 5118 1458 5173 recordatus
1505 5118 1748 5187 pristina:
1777 5121 1901 5174 reli-

330 5213 510 5285 gionis
544 5220 597 5267 et
639 5213 825 5268 aeterni
867 5211 1055 5280 judicii
1082 5212 1362 5283 perculsus
1413 5214 1605 5267 timore
1654 5226 1901 5267 reversus

329 5302 527 5369 fuerit,
554 5305 703 5374 prius
743 5304 982 5359 omnium
1033 5318 1241 5357 morum
1279 5303 1707 5357 emendationem
1743 5301 1901 5371 polli-

328 5401 521 5448 ceatur
551 5411 565 5447 :
595 5401 782 5462 postea
810 5392 854 5446 si
884 5392 1178 5462 probabilis
1216 5390 1332 5459 ejus
1360 5391 1679 5461 ptenitentia
1731 5402 1900 5459 agno-

330 5490 541 5547 scatur,
580 5492 711 5538 tunc
738 5474 954 5537 demum
985 5483 1125 5536 intra
1156 5490 1308 5552 septa
1338 5479 1651 5536 monasterii
1681 5478 1879 5548 recipia

333 5581 442 5628 tur.
476 5574 545 5629 Et
568 5575 613 5629 si
643 5574 729 5629 bis
758 5583 851 5629 aut
876 5573 1035 5628 tertio
1086 5574 1191 5628 hoc
1233 5572 1443 5637 fecerit,
1480 5570 1643 5626 simili
1701 5569 1902 5639 pietate

336 5664 613 5729 foveatur;
651 5665 728 5720 sic
756 5672 937 5719 tamen
965 5670 1026 5719 ut
1052 5670 1294 5718 extremo
1323 5661 1437 5717 loco
1471 5660 1611 5715 inter
1636 5658 1899 5729 Ρωηὶιοιι-

1970 3222 2320 3292 ~pienterque
2361 3230 2432 3281 et.
2456 3222 2819 3293 dispensanda
2866 3225 3162 3296 dispenset,
3193 3234 3247 3281 et
3291 3243 3410 3297 quae
3451 3237 3578 3284 sunt

2002 3313 2369 3369 conservanda
2396 3323 2716 3380 conservet;
2760 3316 2886 3385 quia
2928 3316 3020 3385 qui
3065 3316 3360 3371 secundum
3404 3318 3575 3373 Deum

2002 3403 2219 3472 sapiens
2244 3412 2350 3469 est,
2376 3404 2570 3460 beatas
2593 3414 2675 3460 est
2700 3424 2713 3459 :
2743 3415 2799 3460 et
2821 3408 3074 3461 neminem
3097 3406 3267 3478 diligit
3291 3409 3569 3473 Dominus,

2001 3492 2133 3547 dicit
2163 3492 2464 3561 Scriptura,
2497 3495 2600 3547 nisi
2622 3511 2738 3547 eum
2768 3496 2859 3565 qui
2887 3511 3003 3547 cum
3046 3497 3304 3565 sapientia
3334 3508 3573 3552 moratur

2002 3580 2151 3651 (Sap.
2181 3583 2302 3652 vn).
2343 3581 2481 3638 Ilinc
2516 3584 2752 3639 Isidorus
2780 3585 2856 3638 ait
2887 3603 2900 3638 :
2933 3584 3078 3639 Nihil
3109 3587 3330 3656 prodest
3357 3605 3572 3645 omnem

2002 3672 2143 3726 scire
2171 3672 2511 3740 prudentiam
2560 3688 2682 3728 cum
2713 3674 3018 3745 ignorantia
3072 3676 3196 3740 Dei;
3246 3678 3379 3731 nihil
3418 3680 3576 3735 obest

2001 3762 2298 3817 scientibus
2367 3763 2653 3818 Dominum
2709 3765 3014 3836 ignorantia
3064 3767 3270 3822 mundi.
3326 3767 3573 3825 Perfeete

2001 3861 2179 3908 autem
2205 3854 2328 3917 scit,
2354 3854 2446 3923 qui
2470 3853 2639 3909 Deum
2669 3855 2840 3926 prius,
2872 3865 2928 3911 et
2972 3857 3074 3913 ista
3103 3874 3213 3914 non
3244 3874 3342 3929 pro
3366 3875 3446 3927 se,
3477 3863 3572 3917 sed

2000 3957 2097 4011 pro
2118 3942 2227 3997 Deo
2249 3944 2369 3998 scit.

2071 4031 2316 4084 Maturus
2359 4031 2607 4085 moribus.
2653 4031 2849 4087 Maturi
2894 4033 3038 4089 enim
3094 4050 3275 4091 mores
3317 4037 3570 4093 dicuntur

1999 4136 2211 4183 suaves.
2251 4121 2508 4185 modesti,
2553 4131 2602 4176 et
2632 4121 2924 4176 multarum
2955 4137 3135 4179 rerum
3159 4125 3490 4194 experientia
3514 4137 3572 4184 et

1999 4211 2253 4266 diuturno
2304 4219 2541 4279 tempore
2586 4212 2891 4280 temperati.
2938 4212 3209 4281 Scriptum
3239 4224 3324 4270 est
3371 4216 3515 4270 enim
3549 4234 3564 4272 :

2001 4299 2135 4355 Cani
2175 4308 2294 4355 sunt
2332 4316 2515 4355 sensus
2562 4301 2818 4367 hominis,
2868 4311 2917 4355 et
2966 4310 3093 4355 a'tas
3143 4305 3418 4359 senectutis
3461 4305 3570 4360 vita

2003 4389 2340 4445 immaculata
2370 4388 2521 4461 (Sap.
2568 4393 2665 4462 iv).
2696 4393 2837 4464 Ergo
2869 4393 3094 4448 canities
3140 4395 3449 4450 honoranda
3485 4410 3572 4451 se—

2005 4486 2299 4549 nectusque
2321 4481 2647 4547 veneranda,
2690 4488 2747 4537 et
2790 4490 2924 4538 tetas
2971 4489 3177 4538 matura
3208 4498 3316 4538 non
3358 4492 3568 4540 tantum

2006 4571 2058 4625 in
2089 4585 2314 4639 corpore
2336 4572 2429 4627 sed
2453 4580 2510 4627 et
2537 4572 2593 4626 in
2616 4572 2862 4628 sensibus
2887 4573 3123 4629 hominis
3151 4574 3440 4641 invenitur,
3478 4576 3571 4631 ubi

2002 4659 2191 4713 oninia
2214 4660 2353 4713 bona
2408 4674 2528 4728 quae
2582 4676 2613 4713 a
2668 4660 2779 4715 Deo
2822 4662 3200 4731 accipiuntur,
3245 4671 3302 4717 et
3338 4663 3574 4722 discreto

2002 4760 2418 4820 componuntur,
2448 4759 2503 4805 et
2526 4752 2919 4808 rationabiliter
2948 4754 3352 4819 discernuntur,
3383 4765 3437 4810 et
3476 4756 3571 4811 ﬁr-

2003 4842 2166 4896 miter
2191 4849 2601 4897 conservantur.

2078 4930 2317 4985 Sobrius.
2367 4930 2591 4986 Sobrius
2623 4931 2940 5002 intelligitur
2964 4940 3176 4998 cautus,
3206 4933 3290 4988 vel
3332 4935 3568 4990 conside-

2006 5032 2157 5077 ratus
2180 5022 2234 5077 in
2273 5023 2395 5078 cibo
2435 5031 2491 5077 et
2517 5031 2665 5093 potu,
2697 5021 2922 5091 frugalis
2947 5030 3004 5075 et
3052 5036 3269 5091 parcus,
3307 5023 3473 5078 verbo
3521 5032 3571 5078 et

2005 5126 2168 5181 opere
2196 5120 2544 5181 temperatus.
2579 5112 2716 5166 Hinc
2737 5111 2937 5166 Paulus
2957 5111 3034 5165 ait
3059 5130 3073 5165 :
3106 5111 3230 5166 Non
3252 5112 3370 5182 plus
3395 5129 3573 5180 sapere

2004 5218 2162 5272 quam
2215 5211 2413 5272 oportet
2470 5218 2687 5270 sapere,
2748 5201 2840 5255 sed
2885 5217 3067 5271 sapere
3127 5200 3197 5255 ad
3246 5202 3573 5255 sobrietatem

2008 5292 2180 5364 (Rom.
2222 5292 2341 5362 xu),
2381 5292 2433 5347 id
2461 5299 2564 5356 est,
2590 5300 2907 5362 temperate.
2952 5291 3273 5362 Temperate
3301 5293 3444 5346 enim
3480 5288 3569 5343 de-

1998 5384 2088 5438 bet
2113 5397 2302 5452 sapere
2325 5382 2654 5447 cellerarius,
2690 5391 2987 5453 temperate
3032 5383 3229 5444 vivere,
3269 5385 3572 5447 temperato

2000 5470 2168 5540 loqui,
2219 5479 2273 5524 et
2309 5485 2371 5523 ea
2410 5485 2529 5539 quae
2581 5470 2937 5526 ministranda
2965 5476 3091 5524 sunt
3127 5465 3403 5528 fratribus,
3429 5472 3568 5516 tem-

2000 5569 2185 5630 perate
2245 5560 2576 5616 ministrare.
2630 5559 2857 5616 Sobrius
2912 5564 3092 5613 mente
3118 5595 3133 5618 ,
3193 5555 3457 5608 discretus
3512 5552 3582 5628 ID_

2003 5668 2183 5722 opere,
2216 5653 2399 5709 suavis
2424 5654 2478 5710 iu
2508 5655 2670 5710 verbo
2699 5663 2753 5709 et
2802 5651 2972 5707 dulcis
3018 5646 3248 5717 eloquio.
3295 5645 3566 5716 Scriptum
