3992 6206
405 309 512 366 859

1711 306 2059 363 SMARAGDI
2095 304 2384 360 ABBATIS

3541 305 3652 361 830

405 430 492 478 est
514 423 659 479 enim
691 441 705 476 :
735 423 957 492 Sapiens
988 423 1044 475 in
1074 419 1245 475 verbis
1269 417 1497 487 seipsum
1535 415 1814 472 amabilem
1842 417 1969 486 facit
1998 418 2045 477 Α
2066 413 2244 485 iurgia
2273 414 2568 470 concitant.
2622 413 2819 469 Contra
2845 428 2982 483 quos
3024 413 3248 484 angelus
3266 413 3501 472 crudelis
3529 418 3654 472 mit-

409 510 601 581 (Eccli.
620 511 745 581 xx).
761 510 959 575 Et,Qui
977 509 1185 578 sapiens
1207 515 1281 559 est
1296 506 1472 571 corde,
1489 505 1840 576 appellabitur
1849 523 1977 577 pru-

316 588 321 591 ⁷
407 600 536 654 dens
563 597 747 670 (Prov.
774 596 907 668 xvr).
926 596 1015 662 Et,
1047 595 1152 661 Qui
1179 593 1349 649 dulcis
1373 592 1600 665 eloquio,
1624 593 1831 663 majora
1864 610 1981 663 per-

407 689 561 758 cipiet
590 687 643 758 (1
648 686 805 757 bid.).

481 776 607 831 Non
658 775 889 831 multum
927 776 1081 830 edax.
1135 774 1361 829 Multum
1410 773 1555 827 enim
1606 773 1744 828 edax
1783 772 1983 827 dicitur

408 866 584 939 gluco,
613 874 859 932 vorator,
888 865 1032 934 quod
1063 864 1387 918 monachum
1440 870 1496 917 et
1542 863 1778 917 maxime
1823 860 1985 917 celle-

407 958 611 1013 rarium
631 973 740 1012 non
765 958 943 1013 decet.
980 956 1099 1011 Non
1125 955 1269 1011 enim
1291 954 1557 1026 gluconis,
1588 954 1685 1009 sed
1711 952 1985 1009 abstinen-

409 1048 480 1103 tis
507 1046 757 1102 monachi
786 1046 961 1101 oratio
994 1052 1246 1115 penetrat
1271 1044 1488 1099 coelum.
1517 1043 1812 1098 Abstinens
1837 1042 1985 1097 enim

409 1136 575 1190 homo
588 1134 858 1204 ‘spiritalis
880 1132 1129 1198 edicitur,
1170 1132 1376 1203 angelis
1394 1132 1655 1198 sociatur,
1676 1139 1732 1186 et
1750 1130 1983 1186 creatori

408 1238 506 1278 suo
550 1222 762 1278 facilius
803 1223 1219 1292 appropinquat,
1262 1221 1402 1277 sicut
1429 1220 1691 1290 scriptum
1721 1227 1804 1274 est
1831 1236 1847 1273 :
1875 1218 1985 1290 Ap-

407 1312 753 1382 propinquate
780 1310 890 1366 Deo
906 1352 922 1376 ,
963 1320 1010 1365 et
1029 1310 1463 1381 appropinquabit
1478 1308 1640 1363 vobis.
1672 1307 1881 1363 Bonum
1900 1316 1984 1363 est

405 1418 536 1475 ergo
561 1419 756 1460 cavere
778 1404 986 1459 ventris
1006 1404 1319 1474 ingluviem,
1338 1418 1408 1458 ne
1430 1403 1485 1457 in
1507 1408 1773 1457 aeternum
1794 1402 1984 1457 vivens

405 1496 585 1550 anima
619 1494 952 1550 destruendo
999 1494 1259 1548 subdatur
1312 1494 1510 1559 ventri,
1545 1502 1600 1548 ct
1640 1509 1670 1547 a
1700 1494 1984 1548 destruen-

406 1584 494 1641 dis
515 1584 827 1639 dominetur
850 1583 1011 1639 escis.
1043 1584 1120 1638 De
1143 1590 1332 1638 ventre
1358 1593 1538 1638 autem
1565 1592 1620 1638 et
1640 1597 1765 1638 esca
1790 1582 1984 1638 scribit

404 1674 693 1744 Apostolus
722 1690 736 1726 :
767 1673 907 1728 Esca
934 1672 1099 1729 ventri
1129 1682 1177 1726 et
1207 1682 1385 1727 venter
1419 1674 1551 1727 escis
1574 1688 1593 1724 :
1620 1673 1763 1728 Deus
1806 1682 1978 1728 autem

2079 505 2231 570 titur,
2265 505 2390 574 quia
2425 503 2532 559 illis
2556 503 2732 558 locum
2758 504 3011 559 dantibus
3043 513 3240 560 contra
3293 519 3391 560 eos
3434 509 3654 561 anima-

2080 610 2200 650 rum
2237 593 2468 649 bellator
2491 592 2719 648 infestus
2746 593 2994 649 diabolus
3021 594 3346 651 concitatur.

2152 684 2278 741 Non
2315 684 2520 738 tardus.
2569 683 2783 740 Tardus
2823 684 2969 739 enim
3008 684 3209 739 dicitur
3250 685 3439 756 piger,
3473 684 3656 743 lentus

2079 773 2165 828 vel
2188 773 2415 843 tepidus.
2439 772 2557 829 Non
2579 773 2727 828 enim
2741 772 2907 828 decet
2922 773 3260 829 cellerarium
3285 787 3409 833 esse
3437 777 3655 833 tardum

2080 865 2168 920 vel
2194 866 2432 936 pigrum,
2462 879 2532 922 ne
2559 864 2700 922 forte
2728 866 2941 922 dicatur
2963 865 3031 921 de
3051 866 3145 922 illo
3176 881 3195 921 :
3224 866 3505 923 Abscondit
3535 885 3655 921 ma-

2082 971 2206 1009 num
2224 957 2369 1025 piger
2399 955 2495 1010 sub
2516 953 2728 1017 ascella,
2769 971 2862 1010 nec
2906 955 2975 1010 ad
3003 972 3060 1011 os
3086 972 3241 1010 suum
3261 956 3488 1026 applicat
3535 974 3655 1013 eam

2084 1042 2265 1115 (Prov.
2299 1044 2469 1115 XXVI).
2499 1044 2634 1098 Eum
2683 1052 2863 1103 autem
2907 1060 3014 1100 non
3050 1045 3207 1101 decet
3247 1060 3370 1101 esse
3414 1048 3653 1110 tardum,

2082 1130 2177 1199 qui
2209 1130 2393 1186 multis
2421 1130 2580 1185 debet
2606 1131 2917 1200 impendere
2944 1132 3244 1187 servitium.
3277 1133 3387 1188 Sed
3430 1150 3657 1190 necesse

2084 1231 2170 1280 est
2207 1232 2269 1277 ut
2304 1223 2568 1278 sit'velox
2615 1225 2684 1278 ad
2725 1224 3073 1290 audiendum,
3112 1224 3271 1283 velox
3313 1227 3382 1282 ad
3415 1228 3659 1281 serviec

2086 1314 2234 1378 dum,
2270 1312 2458 1368 tardus
2502 1321 2685 1368 autem
2731 1314 2801 1370 ad
2842 1315 3206 1374 excusandum
3246 1324 3306 1371 et
3355 1316 3541 1371 tardus
3587 1317 3659 1371 ad

2086 1416 2245 1455 Iram.

2157 1493 2281 1549 Non
2304 1494 2578 1564 prodigus.
2620 1492 2884 1564 Prodigus
2920 1494 3065 1548 enim
3110 1493 3307 1549 dicitur
3343 1494 3506 1549 nimis
3541 1493 3657 1549 lar-

2084 1597 2199 1653 gus,
2232 1584 2488 1654 profusus
2513 1585 2626 1640 sive
2653 1584 2966 1655 naufragus,
2993 1594 3343 1654 consumptor
3363 1585 3449 1639 vel
3474 1602 3665 1641 rerum

2084 1672 2412 1744 dilapidator
2440 1674 2778 1741 monasterii,
2819 1673 2903 1729 vel
2926 1674 3186 1743 stirpator
3206 1674 3522 1730 substantia:
3548 1675 3665 1729 fra-

404 1768 543 1821 ltunc
562 1776 610 1821 et
640 1768 737 1820 has
774 1766 1001 1820 destruet
1043 1764 1096 1837 (I
1132 1763 1257 1819 Cor.
1295 1765 1395 1835 vr).
1444 1764 1613 1820 Nemo
1641 1780 1771 1835 ergo
1798 1772 1976 1835 potest
2005 1747 2049 1806 Β
2079 1769 2241 1816 trum.

401 1857 669 1912 dominari
689 1856 836 1912 vitiis
858 1857 1090 1922 caeteris,
1128 1855 1231 1910 nisi
1258 1856 1407 1924 prius
1430 1855 1718 1925 ingluviem
1750 1857 1980 1911 restrin-
2009 1847 2048 1876 ⁵
2154 1850 2260 1906 Sed
2283 1852 2472 1908 timens
2495 1852 2795 1924 Deum,qui
2847 1855 2989 1909 omni
3015 1854 3399 1925 congregationi
3425 1855 3492 1908 sit
3520 1855 3668 1909 sicut

402 1946 546 2002 xerit
572 1945 797 2000 ventris.
840 1944 978 2000 Hinc
1026 1944 1246 2016 quidam
1282 1944 1676 1999 monachorum
1719 1944 1979 2015 magister

403 2037 577 2093 dicit:
609 2036 936 2092 Cellerarius
978 2051 1107 2091 vero
1160 2035 1274 2105 ipse
1313 2034 1482 2089 frater
1521 2035 1837 2099 ordinetur,
1884 2036 1979 2104 qui

403 2127 663 2196 probatus
691 2125 857 2181 fuerit
882 2127 952 2181 ah
976 2125 1173 2180 abbate
1203 2124 1375 2180 fidelis
1410 2131 1467 2179 et
1501 2124 1779 2179 abstinens
1820 2138 1979 2190 csse,

401 2234 562 2289 quem
583 2234 859 2289 nunquam
883 2218 1053 2272 vincit
1078 2216 1366 2285 aliquando
1381 2216 1564 2286 aliqua
1579 2215 1979 2271 desideriorum

401 2310 551 2378 gula,
585 2309 670 2364 vel
698 2308 790 2378 qui
818 2322 927 2362 non
963 2306 1192 2360 multum
1232 2312 1379 2359 amat
1420 2304 1749 2359 manducare
1775 2312 1869 2358 aut
1892 2304 1980 2358 bi-

402 2398 566 2462 bere;
593 2409 663 2450 ne
685 2396 846 2451 detur
868 2396 1044 2465 magis
1066 2394 1217 2450 locus
1243 2392 1480 2459 diabolo,
1504 2393 1645 2447 sicut
1666 2393 1802 2448 dicit
1829 2390 1981 2447 Scri-

402 2486 560 2556 ptura
585 2500 599 2539 :
632 2485 810 2539 Nolite
830 2485 959 2538 dare
973 2483 1295 2538 occasionem
1318 2482 1669 2554 qumrentibus
1688 2498 1803 2536 eam
1831 2479 1977 2552 (Gal.

402 2591 463 2639 v;
483 2573 513 2627 Ι
531 2573 666 2628 Tim.
682 2572 770 2645 v);
800 2579 858 2629 et
879 2573 1127 2628 videatur
1145 2570 1536 2641 gastrimargia:
1546 2570 1686 2641 gulae
1697 2571 1983 2627 voracibus

402 2663 487 2717 vel
518 2662 835 2733 gluconibus
863 2662 1124 2717 fratribus
1145 2661 1419 2731 provideri
1459 2660 1632 2731 magis
1685 2675 1847 2731 quam
1893 2676 1981 2716 re-

402 2752 627 2807 frenari.

474 2840 600 2896 Non
625 2839 816 2896 elatus.
850 2840 1042 2897 Elatus
1067 2840 1268 2897 dicitur
1306 2841 1363 2896 in
1409 2840 1662 2911 superbis
1691 2839 1939 2895 elevatus
1961 2880 1977 2906 ,

399 2933 575 2988 audax
594 2940 651 2989 et
670 2931 906 3002 iactans,
939 2934 1023 2989 vel
1043 2949 1326 3005 arrogans.
1360 2933 1438 2990 De
1465 2933 1665 2988 talibus
1695 2933 1842 2989 enim
1866 2933 1984 2988 -Sa-

402 3024 585 3080 lomon
608 3025 686 3080 ait
713 3042 728 3079 :
751 3025 1086 3081 Abominatio
1114 3026 1325 3080 Domini
1362 3035 1438 3080 est
1483 3027 1655 3080 omnis
1678 3042 1935 3097 arrogans
1960 3066 1976 3090 ,

2077 1950 2245 2012 pater.
2258 1938 2484 2000 'Timcre
2504 1944 2647 1999 enim
2662 1951 2716 2000 et
2737 1959 2921 2001 amare
2951 1945 3111 2001 debet
3124 1944 3436 2001 cellerarius
3462 1945 3665 2009 Deum,

2081 2039 2134 2087 et
2156 2048 2255 2103 pro
2283 2034 2426 2089 illius
2453 2050 2636 2090 amore
2648 2036 2734 2091 vel
2765 2037 2959 2101 timore
2982 2036 3205 2107 diligere
3228 2035 3441 2100 fratres,
3466 2038 3669 2095 etobs-

2079 2124 2194 2180 dire
2222 2124 2351 2190 illis,
2374 2125 2681 2195 junioribus
2727 2133 2787 2180 ut
2814 2134 2989 2196 pater,
3041 2126 3346 2181 senioribus
3384 2136 3444 2180 ut
3491 2126 3662 2182 ﬁlius.

2080 2212 2341 2267 Pietatem
2374 2220 2553 2267 tamen
2607 2214 2815 2268 habens
2847 2222 3131 2283 paternam
3159 2226 3392 2281 congrue
3420 2221 3477 2267 et
3522 2224 3660 2284 apte

2081 2301 2336 2356 omnibus
2394 2302 2612 2355 serviat.
2661 2301 2931 2371 Scriptum
2981 2315 3214 2370 namque
3260 2310 3347 2356 est
3378 2319 3392 2355 :
3425 2301 3492 2357 In
3544 2312 3670 2357 tota

2080 2391 2260 2445 animo
2296 2401 2388 2445 tua
2416 2391 2539 2444 time
2573 2390 2766 2456 Deum,
2796 2402 2845 2445 et
2869 2391 3160 2446 sacerdotes
3193 2391 3336 2446 illius
3362 2393 3665 2460 sancti/ira.

2082 2478 2149 2533 In
2183 2482 2325 2534 omni
2364 2482 2554 2536 virtute
2578 2491 2670 2539 tua
2713 2480 2872 2552 dilige
2898 2497 3015 2535 eum
3062 2482 3152 2552 qui
3179 2489 3229 2535 te
3260 2481 3478 2551 fecit,et
3504 2483 3659 2536 mini-

2079 2580 2214 2627 stros
2237 2572 2353 2642 ejus
2383 2589 2487 2627 non
2512 2572 2843 2643 derelinquas
2873 2556 3064 2644 (Ecc‘li.
3096 2572 3217 2645 vn).

2150 2665 2344 2721 Curam
2371 2675 2518 2738 gerat
2547 2668 2612 2723 de
2643 2668 2907 2734 omnibus,
2929 2670 3043 2723 sine
3058 2669 3300 2739 iussione
3324 2669 3528 2724 abbatis
3570 2670 3669 2724 ni-

2079 2754 2156 2809 hil
2184 2755 2365 2824 faciat.
2401 2756 2551 2812 Multi
2574 2757 2723 2813 enim
2749 2758 2937 2814 dicunt
2968 2779 2980 2812 :
3013 2758 3142 2815 Sine
3157 2757 3403 2827 iussione
3442 2761 3671 2816 abbatis

2080 2846 2215 2902 nihil
2245 2847 2320 2901 illi
2344 2846 2475 2903 licet
2510 2847 2723 2914 facere,
2760 2851 3031 2920 quomodo
3062 2858 3242 2921 potest
3284 2854 3353 2908 de
3392 2854 3659 2910 omnibus

2080 2952 2265 2991 curam
2288 2939 2509 3009 gerere?
2539 2937 2646 2996 Sed
2672 2939 2760 2995 ille
2787 2940 2890 2996 hoc
2930 2941 3169 3011 exponit,
3204 2957 3330 2998 cum
3352 2943 3534 3000 subdit
3556 2944 3655 2998 di-

2080 3040 2211 3081 cens
2253 3044 2268 3081 2

395 3125 445 3171 et
466 3119 557 3188 qui
581 3134 638 3172 se
654 3118 851 3188 iactat,
879 3127 929 3172 et
952 3118 1160 3180 dilatat,
1181 3119 1366 3188 iurgia
1393 3118 1616 3172 concitat
1632 3116 1816 3188 (Prov.
1839 3117 1974 3188 va).
2006 3100 2050 3161 (ἶ
2153 3114 2285 3181 Qut:
2303 3117 2559 3186 iubentur
2576 3118 2859 3173 custodiat.
2882 3119 2963 3175 Ac
2994 3119 3040 3175 si
3081 3120 3287 3176 diceret
3312 3138 3327 3175 :
3357 3120 3508 3188 Quod
3559 3138 3669 3178 su-

401 3206 479 3262 De
507 3210 759 3279 superbia
786 3225 1022 3279 namque
1057 3209 1299 3264 nascitur
1321 3209 1650 3279 arrogantis.
1694 3208 1808 3263 Nisi
1834 3209 1979 3263 enim

396 3299 741 3366 praecesserit
801 3299 1014 3355 occulta
1066 3297 1229 3352 elatio
1284 3297 1510 3358 mentis.
1569 3312 1679 3351 non
1736 3298 1984 3367 sequitur

398 3396 586 3458 aperta
618 3387 882 3458 iactantia
925 3387 1121 3443 laudis.
1175 3387 1360 3442 Talem
1401 3387 1547 3442 enim
1589 3386 1771 3442 divina
1812 3388 1986 3447 incre-

397 3488 494 3550 pat
539 3480 820 3551 Scriptura
856 3480 1042 3535 dicens
1071 3497 1084 3533 :
1119 3478 1202 3533 Ne
1227 3476 1498 3533 extollatis
1542 3475 1600 3530 in
1630 3478 1979 3547 cogitatione,

395 3570 534 3625 velut
569 3581 775 3636 taurus,
807 3587 870 3624 ne
889 3569 1023 3640 forte
1049 3568 1278 3622 elidatur
1303 3569 1467 3622 virtus
1488 3576 1598 3631 tua,
1632 3576 1679 3621 et
1710 3567 1977 3638 relinqua-

398 3659 474 3711 ris
502 3656 639 3711 velut
661 3656 860 3726 lignum
895 3654 1105 3709 aridum
1133 3655 1189 3707 in
1210 3670 1380 3707 eremo
1409 3652 1600 3724 (Eccli.
1627 3652 1725 3723 VI).
1790 3660 1793 3665 '

473 3746 598 3800 Non
621 3746 973 3800 turbulentus.
999 3746 1367 3800 Turimlentus
1399 3736 1624 3801 vocatur
1651 3763 1680 3801 a
1710 3749 1870 3821 turbo
1895 3749 1977 3801 fu-

398 3837 544 3891 roris
586 3844 911 3900 commotus,
948 3835 1064 3889 sive
1114 3834 1182 3889 ab
1225 3834 1307 3888 ira
1353 3835 1573 3898 mentis,
1603 3836 1764 3891 oculo
1799 3839 1981 3894 cordis
2014 3882 2019 3885 .

292 3917 305 3928 ’
397 3935 653 3988 evocatus,
684 3925 827 3980 sicut
867 3924 1127 3994 scriptum
1178 3931 1263 3977 est
1292 3940 1306 3976 :
1338 3922 1597 3977 Turbatus
1626 3933 1702 3978 est
1745 3941 1855 3994 pro:
1896 3927 1978 3980 ira

397 4016 582 4071 oculus
608 4031 755 4069 meus
776 4012 953 4086 (Psal.
988 4012 1086 4085 γι).
1125 4013 1203 4068 De
1230 4013 1323 4066 tali
1351 4021 1405 4066 et
1433 4012 1696 4068 Salomon
1725 4014 1803 4070 ait
1831 4031 1846 4068 :
1871 4014 1977 4081 Qui

396 4106 674 4161 conturbat
702 4104 917 4158 domum
940 4120 1114 4169 suam,
1144 4105 1311 4174 pascit
1341 4114 1517 4159 ventos
1555 4103 1737 4176 (Prov.
1767 4108 1846 4176 χ).
1874 4107 1979 4162 Do-

399 4212 550 4252 mum
580 4197 725 4251 enim
750 4211 903 4251 suam
934 4196 1242 4260 conturbat,
1273 4196 1362 4263 qui
1392 4211 1505 4266 prie
1540 4195 1759 4253 levitate
1781 4199 1980 4254 mentis

396 4291 464 4345 ad
490 4290 824 4345 iracundiam
852 4300 1087 4346 mentem
1119 4306 1275 4346 suam
1303 4292 1413 4347 cito
1443 4300 1764 4348 commovet.
1801 4292 1980 4364 Impa—

2082 3204 2267 3273 perius
2293 3205 2428 3269 dixi,
2453 3206 2520 3262 de
2547 3207 2797 3263 omnibus
2834 3208 2984 3263 illum
3012 3224 3200 3265 curam
3220 3225 3436 3280 gerere;
3466 3210 3537 3266 de
3567 3212 3667 3269 his

2081 3309 2202 3363 quae
2225 3296 2499 3351 custodire
2538 3295 2726 3365 jussus
2753 3298 2940 3364 fuerit,
2969 3314 3154 3355 curam
3183 3308 3369 3371 gerat;
3400 3300 3467 3357 de
3492 3312 3676 3358 cate—

2080 3385 2159 3440 ris
2183 3399 2313 3441 vero
2342 3387 2506 3441 rebus
2540 3387 2659 3443 sine
2682 3389 2926 3458 iussione
2953 3389 3161 3447 abbatis
3186 3390 3319 3445 nihil
3348 3390 3532 3446 faciat.

2151 3471 2372 3533 Fratres
2406 3491 2511 3529 non
2557 3479 2849 3532 contristet.
2874 3478 3055 3545 Quare
3084 3478 3280 3535 fratres
3301 3495 3407 3536 non
3448 3483 3677 3537 contri-

2081 3574 2213 3632 stet,
2241 3567 2522 3635 sequentia
2545 3569 2691 3623 audi.

2152 3653 2212 3710 Si
2229 3657 2345 3725 quis
2384 3664 2558 3710 autem
2588 3656 2753 3726 frater
2803 3659 2868 3713 ab
2890 3676 2952 3713 eo
2983 3659 3116 3729 forte
3147 3660 3347 3732 aliquid
3366 3663 3675 3719 irrationa-

2079 3746 2253 3802 biliter
2278 3746 2530 3819 postulat,
2555 3765 2659 3802 non
2686 3750 2975 3819 spernendo
3003 3766 3120 3805 eum
3141 3753 3428 3818 contristet,
3444 3754 3543 3807 sed
3572 3771 3671 3808 ra-

2078 3837 2400 3892 tionabiliter
2425 3854 2542 3892 cum
2555 3838 2848 3894 humilitate
2869 3840 3006 3895 male
3027 3843 3215 3908 petenti
3245 3843 3475 3914 deneget.
3495 3844 3675 3910 Male.

2078 3925 2274 3996 inquit,
2302 3935 2490 3996 petere
2510 3935 2615 3994 est,
2645 3928 2862 3998 quando
2902 3930 3366 3999 irrationabiliter,
3407 3950 3530 4004 qua:
3570 3952 3672 4006 pe-

2080 4016 2238 4071 tenda
2264 4031 2373 4077 non
2401 4026 2542 4079 sunt,
2583 4025 2863 4087 petuntur,
2892 4028 2986 4074 aut
3003 4035 3066 4074 ea
3094 4036 3215 4090 qua:
3239 4021 3469 4090 petenda
3498 4034 3665 4093 sunt,

2080 4120 2187 4160 non
2211 4120 2450 4177 congruo
2478 4114 2720 4177 tempore
2738 4117 3014 4178 petuntur.
3044 4110 3159 4164 Tali
3185 4113 3519 4187 enimmodo
3552 4114 3673 4181 pe.

2080 4194 2197 4259 tita,
2248 4195 2591 4265 culpabiliter
2637 4198 2807 4267 petita
2855 4198 3195 4268 accipiuntur
3234 4200 3320 4254 vel
3361 4202 3668 4256 habentur.

2077 4284 2215 4351 Quia
2241 4284 2372 4340 dare
2398 4286 2579 4342 taliter
2599 4287 2915 4344 cellerarius
2927 4288 3262 4358 prohibetur.
3282 4290 3518 4346 maxime
3531 4306 3669 4349 οων

396 4380 541 4436 tiens
584 4380 728 4436 enim
772 4381 1107 4448 cellerarius,
1138 4382 1330 4437 videns
1387 4383 1487 4439 sibi
1511 4384 1709 4439 multos
1729 4399 1975 4453 qurerere
1998 4450 2029 4453 Δ
2076 4373 2145 4428 de
2165 4389 2231 4429 80
2253 4376 2534 4444 εθίιυεηιίδ
2557 4375 2745 4432 dicunt
2772 4395 2785 4431 ε
3630 4424 3643 4445 ε

397 4470 590 4537 multa,
640 4486 754 4541 pm
780 4470 1000 4527 levitate
1021 4472 1270 4527 turbatur
1315 4473 1516 4538 animo,
1557 4481 1612 4527 ει
1665 4450 1971 4544 petentibus
1997 4450 2051 4510 Ι)
2147 4463 2391 4519 Animam
2412 4481 2561 4520 suam
2585 4467 2865 4521 custodiat.
2897 4467 2954 4523 Id
2975 4475 3081 4533 est,
3097 4482 3197 4522 nec
3221 4467 3458 4524 offendat
3480 4470 3538 4524 in
3567 4470 3669 4527 his

393 4558 497 4614 sibi
523 4574 630 4613 non
657 4559 814 4615 dulce
843 4561 1020 4615 reddit
1051 4575 1394 4631 responsum,
1423 4562 1520 4617 sed
1564 4564 1737 4634 magis
1764 4579 1973 4620 sermo-

392 4664 518 4707 nem
556 4650 765 4721 profert
811 4651 1165 4721 iniuriosum;
1210 4657 1354 4723 quod
1393 4654 1470 4710 illi
1522 4654 1703 4710 facere
1745 4671 1973 4726 magno-

394 4751 521 4805 pere
542 4747 772 4803 vetetur,
801 4756 925 4796 cum
952 4742 1200 4796 subditur
1232 4760 1245 4796 :
1575 4761 1584 4769 ·

473 4828 592 4884 Non
636 4832 944 4899 iniuriosus.
990 4833 1284 4903 lniuriosus
1330 4835 1548 4900 dicitur,
1580 4835 1671 4905 qui
1707 4835 1972 4893 fratribus

397 4917 560 4974 infert
580 4919 804 4989 iniurias
831 4925 917 4979 vel
967 4925 1173 4995 irrogat
1218 4926 1594 4981 contumelias.
1644 4928 1720 4982 De
1773 4928 1971 4985 talibus

395 5008 540 5064 enim
581 5012 842 5081 scriptum
879 5022 963 5069 cst
1001 5032 1013 5070 :
1055 5014 1149 5069 Vir
1188 5016 1479 5070 iracundus
1532 5027 1781 5086 provocat
1825 5019 1971 5074 rixas

397 5099 581 5171 (Prov.
620 5100 734 5173 xv).
766 5103 853 5169 Et,
882 5103 955 5159 0s
980 5106 1261 5177 impiorum
1298 5105 1556 5160 redundat
1585 5105 1970 5178 malis(lbid.).

395 5193 487 5260 Et,
515 5194 733 5264 Semper
744 5196 928 5266 jnrgia
962 5199 1148 5269 quierit
1174 5197 1365 5262 malus,
1395 5198 1612 5268 angelus
1650 5208 1823 5252 autem
1845 5215 1970 5253 cru-

393 5285 528 5342 delis
554 5289 790 5342 mittetur
814 5296 997 5343 contra
1025 5306 1141 5343 eum
1169 5287 1350 5360 (Prov.
1384 5290 1543 5361 xvu).
1576 5289 1643 5344 Et
1671 5289 1801 5345 illud
1834 5304 1848 5344 :
1878 5289 1971 5344 ln-

394 5387 476 5432 ter
499 5380 747 5450 superbos
774 5396 977 5450 semper
992 5380 1175 5450 jurgia
1209 5392 1332 5435 sunt
1351 5379 1534 5444 (Prov.
1565 5379 1708 5453 xm).
1737 5381 1965 5450 Superbi

394 5466 650 5523 dicuntur
684 5469 936 5525 monachi
983 5469 1138 5534 mali,
1171 5484 1283 5539 (μη,
1315 5471 1577 5541 neglectis
1612 5473 1855 5527 consiliis
1883 5487 1967 5527 se-

376 5554 608 5611 niorum
633 5572 873 5623 suorum,
902 5567 1063 5627 prout
1096 5557 1199 5613 illis
1230 5558 1439 5613 libitum
1466 5558 1651 5624 fuerit,
1683 5560 1795 5615 suis
1839 5559 1969 5629 logi-

396 5644 499 5701 bus
535 5648 739 5714 vivunt;
760 5656 813 5704 ct
840 5650 979 5705 inter
1004 5666 1060 5706 sc
1091 5648 1403 5721 frequenter
1428 5650 1656 5722 litigant,
1705 5660 1756 5705 ct
1778 5654 1967 5707 croth

2078 4568 2200 4623 qua:
2222 4554 2399 4609 danda
2420 4571 2528 4610 non
2563 4566 2709 4623 sunt,
2748 4556 2964 4623 dando;
3011 4566 3106 4615 aut
3134 4573 3255 4628 quas
3279 4561 3663 4629 respondentia

2079 4657 2185 4698 non
2219 4655 2364 4709 sunt,
2392 4646 2786 4716 respondendo.
3384 4658 3388 4661 ‘

2150 4733 2354 4789 Memor
2383 4753 2583 4807 semper
2610 4737 2754 4793 illius
2782 4738 3054 4809 apostolici
3078 4754 3095 4792 :
3122 4741 3247 4811 quia
3273 4741 3364 4812 qui
3389 4741 3518 4797 bene
3548 4746 3659 4797 rui-

2081 4826 2396 4893 nistraverit,
2436 4829 2659 4899 gradum
2690 4829 2883 4884 bonum
2910 4830 3008 4885 sibi
3034 4831 3259 4901 acquirit
3291 4830 3343 4901 (I
3378 4830 3516 4885 Tini.
3548 4834 3660 4903 tu).

2076 4920 2314 4977 Gradum
2357 4922 2540 4990 itaque
2580 4922 2726 4976 illum
2759 4937 2919 4992 quem
2967 4922 3141 4978 ﬁdelis
3185 4911 3289 4978 sibi
3326 4932 3382 4977 et
3421 4925 3663 4993 prudens

2077 5011 2416 5082 dispensator
2428 5012 2718 5082 acquisivit
2734 5027 2895 5082 quem
2917 5013 3200 5069 constituit
3218 5012 3476 5070 Dominus
3494 5031 3660 5084 super

2075 5100 2334 5156 familiam
2359 5116 2532 5166 suam,
2562 5110 2623 5156 ut
2644 5102 2736 5156 det
2763 5102 2871 5156 illis
2897 5103 2950 5155 in
2976 5109 3219 5169 tempore
3245 5102 3410 5157 tritici
3438 5117 3659 5157 mensu-

2076 5208 2212 5248 ram.
2241 5192 2375 5249 Cum
2421 5193 2512 5248 illo
2541 5203 2767 5262 uterque
2795 5194 2976 5248 audiet
3016 5212 3028 5246 :
3077 5192 3274 5248 Beatus
3318 5194 3407 5248 ille
3451 5212 3635 5249 servas

2071 5301 2242 5355 quem,
2292 5301 2410 5339 cunt
2443 5285 2638 5339 venerit
2679 5285 2958 5350 dominus,
3004 5287 3223 5341 inveniet
3262 5288 3337 5341 ita
3376 5287 3657 5355 facientem

2076 5375 2294 5446 (Matth.
2320 5375 2495 5448 xxxv),
2536 5376 2588 5429 id
2614 5382 2715 5433 est,
2750 5360 2889 5430 bene
2915 5375 3334 5430 ministrantem.
3366 5377 3507 5432 Vcrc
3530 5378 3659 5433 dico

2073 5467 2226 5523 vobis
2268 5468 2396 5538 quia
2442 5483 2604 5538 super
2641 5466 2821 5522 omnia
2863 5482 2984 5536 quae
3029 5468 3267 5536 possidet
3292 5509 3308 5533 ,
3360 5471 3657 5525 constituet

2075 5577 2232 5627 cum,
2283 5562 2333 5615 id
2375 5568 2493 5623 est,
2547 5576 2709 5631 supra
2744 5560 2923 5615 omnia
2961 5559 3199 5615 caelestis
3240 5561 3392 5630 regni
3433 5561 3645 5629 gaudia.

2077 5652 2211 5706 Erro
2241 5653 2328 5721 qui
2353 5653 2487 5706 bene
2520 5651 2927 5717 ministraverit,
2961 5665 3126 5719 quam
3155 5650 3350 5706 bonum
3379 5649 3482 5705 sibi
3514 5666 3619 5723 gau
