3992 6206
209 369 316 424 861

1265 365 1619 423 ΟΟΜΜΕΝΤ.
1660 364 1727 418 IN
1766 365 1924 419 RBG.
1964 364 2020 419 S.
2059 362 2439 457 BENEDIC'l'l.

3356 366 3464 420 86?.

208 485 365 540 diu.
411 478 679 552 acquirit,
731 478 784 532 id
824 487 942 543 est,
982 486 1041 532 ut
1067 478 1141 534 sit
1179 478 1323 533 inter
1382 479 1783 547 dispensatores
1810 480 1862 538 Α
1956 473 2319 531 Humilitatem
2362 485 2483 532 ante
2511 478 2686 532 omnia
2728 478 2914 533 habeat
2938 491 2957 529 :
2981 485 3031 532 et
3056 478 3144 531 cui
3166 477 3461 532 substantia

209 581 274 629 et
299 571 577 626 ministros
595 567 806 622 Domini
836 568 1130 622 honoratus
1166 568 1220 621 in
1246 566 1403 621 nmio.
1441 567 1579 633 Quia
1608 566 1698 634 qui
1733 566 1788 618 in

211 659 443 721 mitia
466 658 563 714 Dei
589 657 711 726 plus
734 657 943 712 laborat
967 657 1023 710 in
1060 657 1335 725 praesenti,
1361 655 1481 726 plus
1513 654 1782 710 mercedis

213 752 449 822 accitum
475 750 532 805 in
556 748 759 804 futuro.

288 840 653 909 Inﬁmorum,
665 837 972 904 infantium,
992 835 1250 904 hospitum
1272 848 1655 904 pauperumque
1673 848 1791 887 cum

212 932 359 989 omni
380 928 736 987 sollicitudine
754 942 938 981 eurum
967 934 1132 996 gerat.
1159 925 1214 978 ln
1253 924 1567 978 inﬁrmitate
1597 924 1791 993 positis

214 1024 481 1081 fratribus
499 1022 743 1093 diligenti
773 1034 904 1077 cura
934 1027 992 1074 et
1026 1018 1429 1089 promptissimo
1453 1017 1649 1073 affectu
1685 1018 1787 1072 mi-

213 1115 431 1169 nistret.
464 1112 735 1180 Scriptum
779 1118 864 1165 est
900 1109 1084 1163 enim:
1116 1106 1367 1175 Inﬁrmus
1402 1107 1504 1176 fui,
1534 1116 1581 1161 et
1612 1108 1791 1162 visita-

213 1207 312 1261 stis
365 1221 446 1260 me
492 1203 707 1275 (Matth.
763 1202 913 1271 xxv).
950 1198 1281 1263 lnfantibus,
1330 1199 1678 1253 considerans
1734 1198 1788 1251 in

214 1296 302 1351 eis
334 1294 510 1348 atatis
548 1286 900 1361 fragilitatem
941 1297 997 1343 et
1030 1288 1278 1358 corporis
1334 1286 1781 1354 teneritudinem,

212 1398 340 1453 quae
399 1380 709 1437 necessaria
772 1385 902 1435 sunt
960 1385 1187 1447 paterno
1234 1377 1509 1431 ministret
1560 1376 1781 1432 affectu.

213 1470 535 1540 Hospitlbns
569 1466 874 1523 necessaria
915 1467 1187 1536 porrigat,
1222 1465 1349 1534 quia
1375 1466 1632 1535 scriptum
1657 1474 1783 1520 est:

216 1559 422 1628 Hospes
461 1558 633 1628 {ui,et
667 1557 961 1627 suscepistis
989 1571 1072 1610 me
1107 1554 1316 1626 (Ibid.).
1348 1554 1414 1609 Et
1437 1555 1561 1624 quia
1591 1571 1785 1625 praece-

215 1658 371 1719 ptum
396 1656 481 1705 est
510 1666 524 1702 :
553 1646 709 1703 Omni
736 1647 923 1715 petenti
944 1654 993 1699 te
1014 1646 1182 1699 tribue
1210 1644 1360 1714 (Luc.
1387 1644 1484 1714 vr).
1510 1645 1552 1698 Α
1578 1659 1785 1715 panpe-

1894 581 1998 619 non
2027 575 2100 620 est
2128 583 2243 636 qua:
2279 569 2563 635 tribuatur,
2588 584 2757 623 sermo
2783 570 3135 639 responsionis
3161 570 3465 639 porrigatur

1890 655 2073 718 bonus,
2120 667 2175 709 ut
2213 659 2463 728 scriptum
2498 668 2573 713 est
2619 673 2638 711 :
2678 677 2847 715 sermo
2890 660 3054 715 bonus
3094 677 3253 731 super
3278 660 3463 714 datum

1892 744 2141 812 Optimum
2198 744 2406 816 (Eccli.
2460 747 2656 819 XVIII).
2723 748 2851 803 Siue
2908 749 3072 804 dubio
3129 758 3312 803 autem
3367 749 3461 819 qui

1892 853 2076 894 veram
2128 838 2482 893 humilitatem
2534 839 2784 893 habuerit
2823 839 2881 893 in
2921 840 3104 905 corde,
3154 853 3461 894 sermonem

1890 933 2089 987 bonum
2117 931 2355 1002 proferet
2382 933 2435 986 in
2461 947 2592 998 ore;
2626 940 2682 988 et
2701 932 2835 1000 Lsive
2860 932 2949 995 sit,
2982 932 3098 987 sive
3141 931 3282 988 desit
3309 932 3452 1001 quod

1889 1021 2113 1086 tribuat,
2152 1036 2456 1077 sermonem
2493 1022 2702 1077 dulcem
2727 1022 2977 1077 omnibus
3009 1022 3252 1092 porrigat
3293 1029 3459 1092 atque

1887 1111 2107 1166 houmn.
2138 1112 2196 1166 ln
2220 1112 2601 1167 Ecclesiastieo
2621 1120 2802 1166 autem
2824 1112 3085 1179 scriptum
3112 1120 3194 1167 est
3221 1130 3236 1165 :
3272 1112 3461 1169 Nonne

1888 1201 2128 1255 ardorem
2159 1201 2481 1272 refrigerabit
2512 1218 2618 1266 ros,
2641 1201 2771 1255 sicut
2791 1209 2839 1255 et
2860 1202 3070 1256 verbum
3091 1200 3273 1257 melius
3300 1217 3462 1271 quam

1884 1290 2069 1343 datum
2116 1286 2324 1361 (Ibid).
2374 1290 2560 1345 Nonne
2612 1305 2739 1346 ecce
2788 1290 3012 1345 verbum
3065 1304 3226 1359 super
3268 1290 3457 1343 datum

1886 1378 2108 1435 bonum.

1956 1487 2147 1544 Omnia
2192 1505 2311 1560 quis
2357 1491 2405 1544 ei
2442 1490 2729 1559 injunxerit
2760 1489 2941 1553 abbas,
2980 1489 3090 1558 ipse
3133 1488 3319 1541 habeat
3362 1489 3461 1540 sub

1885 1592 2013 1631 cura
2039 1593 2159 1630 sua.
2204 1576 2248 1629 A
2274 1578 2458 1647 quibus
2486 1593 2602 1631 eum
2629 1576 2967 1647 prohibuerit,
3000 1592 3103 1629 non
3147 1584 3454 1645 prasumat.

1880 1665 1984 1720 Hic
2007 1667 2243 1721 ostendit
2264 1667 2392 1736 quia
2419 1667 2466 1721 si
2492 1667 2597 1720 alia
2619 1666 2729 1737 juri
2767 1681 2865 1721 suo
2903 1663 3267 1735 subjugaverit
3293 1677 3460 1734 quam

217 1734 849 1826 ribus‘non‘snbtrabat
891 1734 1307 1826 eleemosynam,
1360 1733 1487 1803 quia
1527 1733 1784 1826 scriptum
1814 1806 1859 1826 ῃ
1884 1769 1950 1810 ea
1979 1770 2100 1824 qua
2132 1757 2201 1811 ab
2234 1733 2428 1811 ammte
2456 1770 2555 1811 suo
2600 1733 2840 1826 minuma
2882 1733 3199 1824 susc'ep'em,
3248 1761 3342 1807 aut
3389 1753 3457 1808 de

215 1832 338 1879 es“
371 1822 707 1915 ονξοὺεεξῆαι
736 1838 915 1876 autem
946 1838 1097 1876 εααπι
1114 1821 1194 1915 ad
1220 1820 1497 1915 “suum
1518 1823 1787 1915 ραιξρεςίεε
1813 1806 2578 1915 B.LE51I13:£}Iii}I-siii{i{a
2601 1806 3202 1913 suscenses;
3258 1806 3364 1897 .0.
3400 1806 3455 1895 ei

216 1923 268 1968 et
296 1915 404 1983 ipse
435 1912 702 1979 clamabit,
732 1921 782 1966 et
821 1928 925 1965 non
953 1911 1262 1966 exaudietur
1289 1907 1471 1978 (Prov.
1505 1911 1641 1980 xxx).
1684 1909 1791 1965 Sed

218 2002 393 2074 magis
415 2017 535 2071 qua:
562 2001 868 2056 necessaria
896 2008 1022 2055 sunt
1045 2000 1124 2055 eis
1151 2015 1275 2055 cum
1303 1999 1578 2054 hilaritate
1602 2000 1785 2069 porri—

215 2103 330 2165 gat,
360 2094 487 2164 quia
511 2094 769 2163 scriptum
793 2101 876 2148 est
899 2109 912 2145 :
937 2090 1173 2145 Hilarem
1200 2091 1436 2145 datorem
1459 2089 1624 2160 diligit
1648 2090 1789 2145 Deus

218 2183 309 2255 (II
335 2180 457 2238 Cor.
482 2182 581 2253 ιι).

293 2272 475 2329 Sciens
501 2273 612 2327 sine
636 2272 794 2326 dubio
819 2272 945 2342 quia
971 2287 1064 2340 pro
1096 2272 1177 2325 his
1199 2270 1434 2329 omnibus
1455 2271 1510 2324 in
1535 2269 1619 2323 die
1635 2269 1786 2339 judi-

216 2364 289 2418 cii
317 2364 570 2418 rationem
602 2362 898 2419 redditurus
924 2369 1020 2416 est.
1068 2359 1282 2430 Oportet
1312 2377 1425 2423 nos,
1459 2360 1537 2414 ait
1559 2359 1790 2429 Aposto-

214 2453 304 2508 lus
320 2493 337 2519 ,
360 2464 499 2509 stare
517 2462 638 2508 ante
655 2450 888 2507 tribunal
906 2449 1124 2515 Christi,
1146 2459 1200 2503 ut
1227 2449 1416 2518 referat
1436 2451 1789 2521 unusquisque

212 2553 371 2614 prout
407 2544 585 2614 gessit,
622 2543 729 2598 sive
760 2543 952 2597 bonum
977 2542 1081 2597 sive
1121 2539 1318 2596 malum
1343 2539 1430 2611 (Il
1458 2538 1581 2595 Cor.
1611 2540 1688 2612 v).
1721 2541 1788 2595 Et

214 2632 300 2688 sic
327 2633 693 2703 unusquisque
719 2640 964 2687 nostrum
993 2630 1211 2702 dignam
1236 2629 1436 2685 laboris
1461 2629 1544 2684 sui
1570 2644 1783 2684 merce-

219 2723 349 2776 dem
379 2721 622 2791 recipiet.

292 2810 486 2867 Omnia
505 2828 629 2866 rasa
652 2811 953 2866 monasterii
975 2797 1314 2879 cunctamque
1338 2807 1703 2872 substantiam,
1725 2823 1787 2860 ac

212 2905 266 2958 si
291 2901 477 2957 altaris
498 2918 621 2955 vasa
647 2910 854 2956 sacrata
883 2901 1185 2971 conspiciat.
1219 2899 1353 2955 llinc
1381 2898 1586 2968 antiqui
1609 2912 1790 2953 mona-

215 2992 445 3047 chorum
467 2987 656 3045 Patres
679 2988 957 3044 dixerunt:
975 2988 1298 3044 Debetenim
1329 2986 1448 3042 talis
1475 2986 1788 3043 cellerarius

214 3079 347 3151 eligi
369 3080 463 3149 qui
485 3080 656 3149 possit
678 3079 731 3133 in
757 3078 1005 3134 omnibus
1032 3078 1343 3147 evangelico
1370 3076 1559 3133 ordine
1594 3074 1783 3130 fratri-

216 3169 322 3222 bus
352 3167 462 3221 suis
493 3168 697 3222 vietnm
722 3168 1040 3238 gubernare,
1072 3166 1166 3235 (ιυί
1196 3165 1383 3220 timeat
1400 3164 1553 3220 Indae
1576 3171 1787 3223 senten-
1810 3158 1856 3221 C

215 3256 372 3321 tiam,
414 3256 505 3325 qui
541 3257 608 3310 ab
652 3255 805 3311 initio
833 3256 920 3310 fur
947 3255 1063 3310 fuit.
1096 3254 1324 3310 Studere
1354 3255 1513 3310 debet
1538 3254 1631 3323 qui
1661 3254 1787 3309 huic

214 3342 396 3402 ofﬁcio
445 3345 733 3415 deputatur
760 3355 820 3400 ut
855 3345 1037 3400 audiat
1063 3346 1186 3417 quia
1215 3346 1306 3415 (ιυί
1343 3346 1481 3402 bene
1517 3346 1790 3401 ministra-

218 3434 380 3501 verit,
404 3436 627 3503 gradum
653 3436 851 3489 bonum
873 3436 1124 3504 acquirit,
1145 3443 1202 3490 et
1226 3435 1420 3490 anima:
1447 3451 1557 3490 suae
1577 3434 1786 3489 lucrum

221 3524 375 3581 facit.
402 3524 568 3584 Nosse
582 3528 744 3583 etiam
770 3528 966 3584 debent
981 3528 1175 3583 fratres
1190 3528 1317 3598 quia
1335 3528 1596 3598 quidquid
1611 3528 1665 3581 in
1679 3543 1791 3582 mo-

223 3614 470 3669 nasterio
493 3623 757 3672 tractatur
781 3618 894 3673 sive
923 3617 973 3672 in
998 3618 1164 3682 vasis,
1198 3617 1310 3672 sive
1344 3617 1397 3670 in
1422 3617 1784 3681 ferramentis,

218 3698 307 3757 vel
334 3712 525 3758 cratera
565 3708 746 3761 omnia
786 3720 907 3763 esse
943 3706 1295 3761 sanctiﬁcata.
1335 3706 1393 3761 Si
1432 3706 1555 3775 quis
1584 3707 1649 3761 de
1680 3706 1787 3761 fra~

221 3792 400 3849 tribus
422 3794 621 3866 aliquid
642 3797 971 3869 negligenter
999 3798 1327 3864 tractaverit,
1365 3806 1573 3868 partem
1596 3814 1657 3854 se
1685 3800 1787 3853 ha-

205 3876 355 3936 ‘bere
393 3884 605 3938 noverit
640 3901 761 3940 cum
806 3887 895 3941 illo
930 3902 1061 3956 rege
1090 3888 1182 3957 qui
1212 3887 1265 3941 in
1293 3887 1439 3943 vasis
1470 3888 1662 3942 domus
1691 3888 1785 3943 Dei

220 3970 572 4027 sanet'rﬁcatis
599 3987 719 4028 cum
743 3960 1094 4030 suisbibebat
1120 3975 1453 4040 concubinis,
1493 3984 1547 4030 et
1575 3975 1785 4046 qualem

219 4061 422 4119 meruit
457 4054 783 4118 vindictam.~
810 4063 1169 4120 Custodienda
1212 4074 1338 4120 sunt
1378 4065 1462 4119 illa
1499 4075 1784 4135 prmcepta,

217 4159 279 4206 et
304 4164 403 4221 per
424 4152 660 4223 singulos
686 4155 798 4210 dies
824 4155 877 4209 in
900 4170 1059 4210 aures
1081 4153 1305 4209 fratrum
1335 4154 1612 4210 recitanda
1639 4162 1781 4218 sunt,

217 4248 284 4295 ut
310 4257 417 4294 non
444 4243 865 4298 condemnentur
892 4246 943 4300 in
975 4246 1211 4315 peccatis
1236 4246 1368 4301 suis.

294 4331 444 4386 Nihil
472 4334 626 4387 ducat
671 4333 1063 4406 negligendum;
1104 4353 1264 4405 neque
1283 4337 1527 4391 avaritia:
1555 4336 1782 4402 studeat,

220 4437 389 4492 neque
413 4423 657 4493 prodigus
688 4424 776 4489 sit,
820 4433 911 4477 aut
936 4422 1248 4495 exstirpator
1272 4426 1574 4479 substantia:
1599 4442 1784 4480 mona-

1884 1935 2156 1989 mercedis
2189 1934 2513 1999 obedientia,
2560 1936 2653 1990 sed
2694 1932 3069 1990 inobedientiaa
3110 1933 3457 2003 deputabitur

1890 2026 2066 2096 culpa.
2108 2027 2168 2081 Si
2193 2027 2339 2081 enim
2382 2043 2488 2082 non
2520 2027 2668 2082 venit
2711 2027 2765 2080 in
2796 2037 3182 2080 monasterum
3211 2037 3361 2078 suam
3389 2023 3461 2075 fa—

1886 2128 2013 2169 cere
2060 2115 2414 2179 voluntatem,
2460 2129 2582 2183 quae
2622 2114 2697 2168 illi
2736 2129 2842 2168 non
2874 2113 3075 2167 fuerint
3103 2111 3341 2182 iniuncta
3382 2116 3465 2164 te-

1882 2218 2037 2259 mere
2066 2218 2174 2259 non
2197 2203 2356 2258 debet
2379 2204 2713 2270 contingere.

1960 2311 2239 2366 Fratribus
2264 2312 2593 2367 constitutam
2619 2327 2879 2365 annonam
2903 2310 3012 2364 sine
3040 2308 3212 2379 aliquo
3242 2315 3361 2376 typo
3382 2306 3460 2360 vel

1890 2416 2036 2453 mora
2068 2401 2276 2469 o/ferat,
2312 2410 2367 2453 ut
2408 2416 2509 2455 non
2537 2397 2980 2453 scandalizentur.
3019 2397 3300 2450 Annonam
3330 2394 3461 2448 dicit

1889 2490 2196 2545 alimoniam
2220 2490 2478 2550 ciborum,
2508 2497 2565 2543 et
2582 2488 2783 2543 victum
2807 2500 3021 2542 omnem
3049 2485 3456 2540 monachorum.

1886 2579 2032 2634 liora
2063 2580 2209 2636 enim
2237 2595 2377 2634 nona
2404 2587 2616 2634 veteres
2636 2579 2919 2634 comedere
2945 2576 3204 2639 solebant,
3240 2583 3296 2630 et
3323 2574 3445 2628 ideo

1888 2685 1920 2723 a
1952 2678 2190 2740 tempore
2222 2671 2337 2738 ipso
2365 2672 2513 2725 hora:
2533 2686 2708 2735 nonat,
2742 2685 2849 2739 quo
2876 2668 2954 2723 illi
2977 2670 3127 2723 cibos
3151 2666 3458 2729 sumebant,

1887 2760 2063 2815 omnis
2087 2760 2265 2814 victus
2297 2760 2532 2815 hominis
2566 2776 2673 2815 non
2708 2760 2998 2829 incongrue
3035 2772 3227 2811 nomen
3253 2755 3462 2824 accepit

1884 2864 2122 2904 annona.
2151 2848 2234 2904 Ab
2270 2857 2392 2904 actu
2419 2850 2561 2904 enim
2593 2857 2649 2903 et
2682 2857 2918 2917 tempore
2945 2846 3112 2900 multa
3145 2845 3461 2899 derivantur

1889 2943 2125 2995 nomina.
2157 2940 2309 3008 Quod
2329 2948 2509 2996 autem
2539 2940 2688 3005 dicit,
2716 2938 2826 2993 sine
2854 2937 3028 3006 aliquo
3053 2946 3172 3007 typo
3190 2952 3306 3006 qum
3327 2935 3455 3003 om:-

1889 3031 2051 3085 renda
2091 3038 2212 3085 sunt
2264 3032 2485 3100 offerat,
2543 3028 2857 3100 intelligitur
2904 3027 2957 3081 in
2997 3027 3160 3082 corde
3219 3025 3453 3086 turbato,

1891 3135 2064 3188 neque
2092 3119 2245 3174 vultu
2294 3119 2537 3188 corporis
2574 3125 2800 3182 mutato,
2835 3116 2929 3171 sed
2969 3114 3131 3169 hilari
3175 3113 3376 3176 animo,
3405 3119 3460 3166 et

1888 3209 2041 3263 vultu
2086 3223 2281 3265 sereno
2326 3208 2411 3263 vel
2461 3208 2692 3278 placido,
2724 3223 2845 3278 qua:
2873 3206 3157 3262 tribuenda
3190 3211 3315 3259 sunt
3354 3203 3455 3256 tri-

1888 3297 2039 3362 buat,
2071 3305 2126 3353 et
2165 3312 2284 3366 quae
2306 3296 2580 3352 offerenda
2614 3304 2741 3353 sunt
2762 3297 2971 3351 offerat.
3001 3295 3185 3365 Typus
3202 3292 3455 3346 enim'est

1886 3385 2107 3440 Graecus
2145 3402 2324 3441 sermo
2343 3427 2358 3452 ,
2387 3401 2545 3455 quem
2578 3402 2678 3441 nos
2708 3387 2932 3456 ﬁguram
2957 3384 3186 3440 dicimus
3211 3396 3306 3436 seu
3346 3380 3459 3436 for-

1878 3488 2054 3528 mam.
2085 3475 2141 3527 ln
2168 3483 2291 3544 typo
2315 3475 2458 3528 enim
2483 3489 2571 3528 res
2595 3468 2900 3528 declaratur
2927 3488 2993 3528 ex
3022 3472 3202 3534 rebus,
3234 3476 3288 3523 et
3313 3476 3461 3523 exte-

1888 3562 2000 3617 rius
2031 3563 2285 3617 interiora
2312 3568 2703 3616 monstrantur.
2750 3560 2884 3614 Nam
2908 3567 2962 3614 et
2990 3571 3151 3627 typus
3179 3558 3348 3611 herba
3375 3556 3458 3609 di-

1878 3653 2049 3717 citur,
2072 3667 2191 3720 qua:
2212 3666 2273 3706 se
2299 3651 2368 3705 ab
2391 3666 2530 3721 aqua
2556 3650 2725 3705 inﬂat.
2759 3648 2912 3706 Unde
2943 3649 3105 3704 etiam
3142 3646 3454 3702 ambitioso-

1878 3760 2008 3800 rum
2034 3753 2090 3801 et
2116 3746 2217 3801 sibi
2245 3745 2569 3815 placentium
2599 3752 2778 3801 tumor
2802 3754 2960 3817 typus
2984 3751 3228 3800 vocatur.

1959 3878 2164 3933 Memor
2182 3880 2344 3934 divini
2374 3878 2585 3951 eloquii,
2624 3878 2749 3950 quid
2781 3887 3066 3946 mereatur,
3087 3879 3175 3948 qui
3199 3874 3461 3934 scandali‘

1890 3971 2085 4023 zaverit
2110 3987 2271 4023 unum
2304 3971 2369 4024 de
2396 3970 2620 4040 pusillis.
2645 3969 2919 4039 Scriptum
2947 3976 3032 4024 est
3056 3969 3113 4022 in
3138 3965 3458 4035 Evangelio:

1890 4058 1992 4124 Qui
2015 4068 2189 4113 autem
2209 4056 2644 4112 scandalizaverit
2662 4074 2825 4110 unum
2852 4057 2915 4110 de
2935 4055 3138 4126 pusillis
3162 4053 3275 4107 istis
3288 4055 3383 4127 qui
3404 4053 3459 4109 in

1887 4164 1968 4202 me
1996 4148 2233 4212 credunt,
2261 4147 2461 4217 expedit
2495 4147 2542 4200 ei
2584 4157 2641 4200 ut
2685 4145 3033 4217 suspendatur
3059 4143 3197 4198 mola
3225 4143 3464 4197 asinaria

1888 4239 1942 4292 in
1983 4239 2116 4292 collo
2157 4239 2303 4307 ejus,
2348 4246 2397 4292 et
2438 4237 2770 4307 demergatur
2816 4238 2873 4290 in
2915 4235 3234 4306 profundum
3295 4233 3466 4287 maris-

1891 4328 2104 4397 (Matth.
2135 4328 2312 4398 xvm).
2337 4327 2474 4395 Quid
2499 4327 2640 4382 enim
2661 4341 2759 4396 per
2784 4316 3320 4386 molam'asinariam,
3351 4321 3454 4376 nisi

1889 4418 2145 4472 circuitus
2172 4432 2315 4471 cura:
2344 4415 2625 4487 praesentis
2662 4414 2881 4470 surculi?
2918 4414 2985 4467 Et
3007 4412 3134 4481 quid
3161 4426 3257 4480 per
3284 4422 3453 4472 mare,

218 4510 392 4575 sterii,
420 4510 509 4564 sed
535 4513 708 4566 omnia
732 4520 1025 4567 ménsurale
1048 4486 1231 4583 fuciat,
1268 4524 1315 4568 et
1349 4514 1633 4568 secundum
1666 4516 1788 4584 jus-
1810 4486 1864 4545 Β
1890 4506 1992 4560 niSi
2020 4506 2161 4560 idem
2184 4520 2420 4575 ρηεεειιε
2448 4504 2700 4559 Sittium"!
2727 4501 3070 4572 designatur?
3091 4500 3287 4554 LCVillS
3313 4498 3457 4553 enim

216 4601 424 4655 sionem
445 4601 662 4656 abbatis.
694 4602 831 4656 Hinc
853 4604 1152 4657 secundum
1179 4601 1432 4673 Regulam
1460 4603 1787 4660 Orientalem

220 4686 449 4741 Patrum
475 4688 669 4743 dicitur
696 4707 708 4742 :
740 4689 819 4744 Ad
843 4691 1168 4746 condiendos
1197 4691 1345 4747 cibos
1365 4692 1453 4746 det
1482 4691 1791 4747 cellcrarius

217 4776 529 4829 necessaria
556 4778 846 4831 secundum
877 4780 1199 4848 quotidianae
1224 4793 1471 4848 expensze
1500 4787 1791 4834 consuetu-

219 4863 432 4928 dinem,
460 4878 633 4934 neque
667 4865 906 4935 profuse,
936 4883 1109 4936 neque
1151 4883 1333 4933 avare,
1363 4883 1431 4922 ne
1456 4869 1587 4923 vitio
1624 4870 1791 4938 ipsius

220 4953 308 5008 vel
349 4953 659 5009 monasterii
696 4955 1000 5010 substantia
1037 4965 1309 5027 gravetur,
1350 4955 1436 5010 vel
1472 4955 1668 5011 fratres
1697 4972 1793 5026 pa-

220 5042 435 5097 tiantur
481 5040 753 5111 iniuriam.
801 5043 906 5100 Sed
938 5054 991 5100 et
1037 5045 1412 5100 necessitatem
1457 5044 1790 5100 inﬁrmorum

221 5130 456 5183 fratrum
497 5146 563 5185 ac
592 5130 828 5186 laborem
858 5133 1223 5196 considerans,
1256 5132 1391 5185 nihil
1416 5133 1792 5202 aegrotandum

219 5215 508 5273 desideriis
535 5227 695 5290 neget
716 5234 783 5274 ex
816 5220 901 5276 his
930 5235 1049 5289 quae
1085 5222 1353 5284 habuerit,
1390 5230 1650 5291 quantum
1688 5223 1793 5277 illis

218 5321 448 5362 necesse
517 5309 697 5379 fuerit.
768 5308 1183 5365 Advenientibus
1244 5310 1473 5365 diversis
1536 5309 1794 5365 fratribus

217 5412 381 5453 escas
407 5399 635 5469 parabit.
681 5400 806 5456 Haec
840 5402 945 5456 erit
971 5416 1101 5456 cura
1135 5401 1373 5456 custodis
1411 5399 1673 5456 cellerarii
1702 5417 1790 5457 re-

216 5500 451 5546 currens
475 5504 688 5559 semper
711 5492 777 5545 ad
809 5492 1079 5546 seniorum
1108 5491 1409 5557 consilium,
1435 5500 1489 5546 et
1515 5491 1793 5560 requirens

217 5575 292 5629 de
339 5576 604 5641 omnibus,
634 5579 718 5633 vel
755 5580 1021 5649 prmcipue
1064 5579 1128 5633 de
1174 5578 1257 5633 his
1285 5594 1404 5649 qum
1443 5580 1658 5649 proprio
1696 5594 1793 5634 suo

221 5661 500 5720 intellectu
529 5681 635 5721 non
661 5668 894 5737 poluerit
924 5668 1229 5738 adimplere.

1888 4595 2065 4650 fuerat
2083 4595 2345 4650 monacho
2371 4594 2460 4665 qui
2485 4594 2619 4649 alios
2642 4593 2695 4647 in
2722 4592 3047 4647 monasterio
3067 4590 3274 4661 positus
3299 4603 3457 4644 scan-

1889 4683 2105 4749 dalizat,
2151 4692 2213 4738 ut
2241 4684 2380 4739 mola
2424 4683 2660 4739 asinaria
2704 4682 2845 4738 collo
2887 4697 2987 4736 suo
3023 4680 3187 4750 ligata
3215 4679 3267 4733 in
3305 4693 3456 4732 mare

1891 4775 2072 4829 saeculi
2108 4775 2265 4844 hujus
2290 4773 2577 4844 proiectus,
2612 4774 2665 4829 id
2688 4781 2791 4839 est,
2818 4782 2881 4828 ut
2901 4788 3045 4828 cura:
3072 4770 3253 4826 saeculi
3280 4770 3456 4840 impli-

1891 4874 2043 4921 catus
2081 4866 2357 4921 saecularia
2390 4866 2603 4936 negotia
2637 4872 2700 4920 et
2740 4864 3024 4920 circuitum
3052 4870 3276 4917 terrenae
3310 4876 3453 4915 eum

1890 4966 2191 5027 perageret,
2222 4971 2383 5026 quam
2411 4956 2467 5011 in
2512 4963 2670 5024 portu
2698 4953 3008 5008 monasterii
3049 4960 3105 5007 et
3146 4966 3203 5006 se
3237 4958 3292 5004 et
3317 4948 3454 5005 alios

1892 5044 2302 5100 seandalizando
2323 5044 2633 5114 perimeret.
2665 5040 2803 5096 Hinc
2824 5042 3012 5096 beatus
3031 5039 3323 5111 Gregorius
3345 5041 3451 5094 ait:

1894 5136 1997 5189 Per
2040 5134 2237 5189 molam
2267 5134 2556 5188 asinariam
2597 5132 2872 5188 saecularis
2917 5132 3176 5186 circuitus
3212 5145 3276 5186 ac
3302 5129 3456 5186 labor

1893 5224 2229 5294 exprimitur,
2259 5232 2313 5279 et
2336 5240 2434 5294 per
2458 5223 2781 5293 profundum
2828 5223 2994 5278 maris
3028 5231 3268 5278 extrema
3305 5222 3455 5276 dam-

1895 5314 2038 5367 natio
2065 5312 2393 5382 designatur.
2418 5312 2518 5378 Qui
2542 5327 2668 5381 ergo
2689 5313 2756 5367 ad
2779 5312 3084 5368 sanctitatis
3107 5311 3340 5382 speciem
3365 5309 3455 5362 de-

1892 5403 2104 5469 ductus,
2137 5403 2219 5458 vel
2243 5404 2408 5458 verbo
2426 5412 2653 5458 caeteros
2675 5404 2909 5460 destruit
2932 5404 3012 5460 vel
3046 5399 3310 5468 exemplo,
3341 5411 3452 5450 me-

1893 5491 1997 5545 lius
2040 5492 2279 5560 profecto
2306 5499 2509 5546 eratut
2536 5493 2678 5547 hunc
2704 5493 2772 5546 ad
2811 5502 3036 5548 mortem
3069 5489 3166 5543 sub
3199 5480 3453 5539 exteriori

1896 5580 2079 5636 habitu
2109 5590 2318 5636 terrena
2342 5588 2461 5636 acta
2485 5584 2938 5653 constringerent,
2969 5592 3128 5648 quam
3158 5587 3314 5628 sacra
3339 5570 3452 5625 olli-

1896 5670 1977 5723 cia
2015 5668 2065 5722 in
2098 5668 2249 5739 culpa
2280 5671 2487 5725 ueteris
2517 5671 2827 5726 imitabilem
2852 5666 3297 5727 demonstrarent,
3323 5659 3449 5731 quia
