3992 6206
537 346 642 402 863

1818 335 2170 393 SMARAGDI
2212 336 2504 392 ABBATIS

3694 343 3797 400 86.5

539 461 794 516 nimirum
828 457 874 512 si
907 453 1054 511 solus
1097 452 1332 518 caderet,
1386 459 1658 521 utcunque
1681 452 1825 506 hunc
1854 451 2110 506 tolerabi-
2138 451 2188 510 Α
2216 452 2434 506 nebunt.
2486 451 2621 505 llinc
2647 450 2866 520 quidam
2910 453 3299 508 monachorum
3316 455 3586 527 magister
3625 457 3791 516 dicit:

542 550 646 604 lior
669 547 864 602 inferni
894 558 1052 614 pinna
1089 543 1382 599 cruciaret.

611 636 670 690 Si
698 634 1024 704 congregatio
1046 634 1219 702 major
1240 633 1416 701 fuerit,
1438 632 1630 686 solatia
1652 631 1698 684 ei
1721 629 1930 692 dentur,
1955 645 1986 680 a
2007 627 2118 697 qui-

538 730 633 782 bus
663 728 880 796 adjutus
907 734 955 779 et
981 725 1092 794 ipse
1121 741 1268 794 tequo
1295 725 1470 778 animo
1513 721 1727 793 impleat
1758 720 1981 790 ofﬁcium
2015 717 2116 771 sibi

537 816 888 869 commissum.
918 815 1040 869 Ideo
1063 813 1299 868 maxime
1328 813 1403 867 illi
1425 813 1676 869 solatium
1701 819 1786 866 est
1807 823 2116 864 accommo-

537 907 808 970 dandum,
863 920 930 960 ne
968 921 1090 960 cum
1133 905 1432 958 murmurio
1480 903 1581 958 sibi
1618 901 1966 956 commissum
1995 906 2119 970 agat

537 995 790 1050 ollicium.
842 995 975 1050 Nam
1012 997 1057 1051 si
1087 995 1235 1050 solus
1261 995 1398 1049 bene
1438 994 1768 1049 laboriosum
1795 992 1900 1046 sibi
1935 989 2118 1058 injun-

537 1094 686 1140 ctum
732 1101 840 1140 non
876 1086 1112 1154 potuerit
1151 1100 1408 1157 peragere
1437 1083 1826 1148 ministerium,
1854 1080 1976 1135 aliis
2003 1080 2121 1135 sine

537 1178 702 1233 dubio
727 1178 1088 1246 periculosum
1116 1177 1399 1245 generabit
1420 1175 1799 1230 murmurium.

611 1267 774 1322 Horis
803 1267 1207 1338 competentibus
1227 1267 1418 1321 dentur
1439 1282 1557 1336 qute
1585 1263 1764 1317 danda
1791 1271 1933 1328 sunt,
1961 1271 2009 1316 et
2033 1279 2123 1332 pe-

539 1367 722 1412 tantur
754 1375 870 1430 qute
911 1359 1131 1429 petenda
1178 1367 1324 1412 sunt.
1371 1358 1544 1413 Horas
1594 1362 1962 1424 competentes
1995 1353 2127 1408 dicit

541 1449 704 1504 horas
717 1450 1100 1504 convenientes
1111 1449 1193 1502 vel
1216 1456 1594 1517 congruentes,
1609 1448 1823 1517 quando
1839 1454 2126 1512 utrumque

541 1536 689 1600 licet,
712 1547 1020 1607 utrumque,
1045 1538 1098 1591 id
1127 1545 1232 1602 est,
1258 1546 1313 1590 et
1336 1539 1538 1605 petenti
1567 1548 1767 1608 petere,
1798 1545 1852 1591 et
1875 1536 2006 1589 dare
2034 1533 2128 1587 do-

543 1628 716 1681 nanti.
753 1627 887 1682 Nam
919 1628 1134 1697 quando
1159 1627 1379 1681 lectioni
1410 1627 1495 1682 vel
1537 1627 1769 1682 orationi
1809 1626 2007 1680 debent
2036 1637 2128 1676 va-

545 1733 702 1783 care,
743 1717 1127 1786 silentiumque
1166 1727 1370 1782 tenere,
1415 1717 1520 1771 nisi
1565 1730 1729 1772 causa
1764 1710 2127 1773 necessitatis,

2215 539 2563 595 Ferramenta
2589 542 2901 596 monasterii
2925 543 2978 594 in
2999 557 3108 597 uno
3125 543 3506 598 contineantur
3526 545 3800 610 cubiculo,

2215 637 2269 683 et
2325 630 2417 683 uni
2474 629 2630 684 fratri
2676 629 2829 698 cujus
2873 631 3206 700 diligentiam
3253 634 3420 689 abbas
3459 635 3796 705 cognoverit

2216 736 2402 776 eorum
2431 724 2924 778 conservandorum
2947 740 3134 778 curam
3169 727 3504 792 committat;
3545 729 3641 796 qui
3665 743 3804 797 quo-

2217 812 2346 866 tidie
2373 811 2631 866 fratribus
2653 812 2721 866 ad
2753 810 3060 866 faciendum
3096 827 3262 882 opera
3293 815 3576 883 consignet
3609 818 3680 871 ad
3709 833 3807 870 nu-

2219 914 2446 967 merum,
2478 911 2532 956 et
2564 918 2594 956 a
2622 903 3044 974 suscipientibus
3069 904 3321 958 similiter
3344 908 3545 961 munda
3572 908 3690 976 ipse
3719 923 3806 962 re-

2219 991 2383 1058 cipiat
2440 1000 2494 1044 et
2549 999 2774 1060 reponat
2800 1030 2818 1056 ,
2873 992 3094 1046 brevem
3147 993 3213 1047 de
3269 995 3522 1050 omnibus
3585 1004 3809 1052 tenente

2222 1081 2437 1137 abbate.

2763 1149 2991 1207 CAPUT
3027 1151 3260 1206 XXXIII.

2384 1243 2446 1298 Si
2468 1242 2594 1314 quid
2616 1242 2838 1297 debeant
2864 1243 3107 1297 monachi
3132 1245 3403 1314 proprium
3429 1245 3646 1299 habere.

2299 1355 2571 1424 Prwcipue
2598 1355 2695 1407 hoc
2723 1354 2906 1408 vitium
2933 1364 3234 1425 amputetur
3257 1355 3325 1410 dc
3359 1357 3722 1421 monasterio,
3748 1372 3814 1412 ne

2223 1449 2339 1518 quis
2367 1455 2652 1517 prtesumat
2679 1445 2880 1516 aliquid
2909 1445 3040 1500 dare
3059 1454 3152 1500 aut
3181 1446 3414 1518 accipere
3438 1448 3554 1502 sine
3569 1448 3813 1517 iussione

2225 1539 2446 1594 abbatis.
2475 1537 2589 1591 Non
2610 1538 2753 1592 enim
2782 1543 2996 1606 oportet
3019 1537 3343 1591 monachum
3367 1539 3434 1593 de
3458 1538 3544 1592 bis
3568 1554 3694 1608 qua:
3714 1554 3813 1607 pro

2228 1629 2551 1694 necessitate
2564 1627 2847 1696 prmsentis
2863 1626 3121 1695 temporis
3141 1626 3210 1680 ab
3223 1627 3418 1682 abbate
3438 1629 3704 1697 suscepit,
3723 1638 3815 1681 aut

2229 1722 2359 1774 dare
2381 1728 2472 1774 aut
2499 1719 2842 1774 commodare
2872 1719 3148 1787 cuiquam,
3183 1719 3287 1772 nisi
3317 1719 3386 1773 ab
3415 1719 3614 1775 abbate
3649 1720 3814 1774 fuerit

541 1825 645 1863 nec
671 1818 858 1879 petere
893 1810 1008 1874 uni,
1052 1825 1154 1863 nec
1189 1809 1390 1862 donare
1419 1807 1604 1862 licebit
1635 1805 1812 1869 alteri,
1841 1818 1909 1856 ne
1943 1803 2011 1856 ab
2039 1816 2123 1854 οι·-
2151 1781 2197 1840 Β
2224 1811 2552 1866 ordinatum.
2599 1809 2739 1876 Quid
2763 1810 2907 1863 enim
2947 1781 3013 1863 de
3041 1781 3204 1864 rebus
3243 1809 3429 1863 mundi
3463 1809 3620 1864 alteri
3654 1809 3814 1864 fratri

543 1898 670 1952 dine
714 1899 948 1968 regulari
987 1899 1282 1953 indiscrete
1333 1897 1566 1966 petendo
1613 1894 1968 1963 donandoque
2006 1899 2122 1945 tur-

543 1989 744 2043 bentur
785 1989 1017 2056 utrique.
1054 1987 1208 2042 Unde
1237 1987 1518 2055 sequitur:

617 2077 684 2132 Ut
731 2095 878 2132 nento
913 2078 1245 2148 perturbetur
1291 2093 1454 2147 neque
1505 2075 1844 2130 contristetur
1882 2073 1938 2126 in
1973 2070 2126 2124 domo

542 2167 661 2222 Dei.
714 2168 914 2222 Domus
960 2168 1103 2221 enim
1140 2165 1378 2229 Domini,
1426 2166 1692 2220 bonorum
1738 2161 2128 2216 monachorum

543 2258 884 2314 sanctissima
923 2256 1089 2312 corda
1120 2266 1172 2310 et
1211 2271 1398 2311 eorum
1433 2263 1558 2310 sunt
1596 2253 1886 2324 purissima
1920 2250 2131 2306 habita-

541 2347 685 2412 cula,
717 2348 768 2401 in
797 2348 994 2416 quibus
1034 2346 1448 2401 mundissimum
1493 2345 1723 2400 Domino
1751 2359 1850 2398 suo
1889 2341 2132 2413 praebent

544 2436 934 2491 habitaculum.
991 2434 1110 2506 Ipse
1147 2435 1293 2490 enim
1342 2435 1603 2489 Dominus
1637 2434 1716 2487 ait
1757 2451 1768 2485 :
1816 2429 2130 2484 Inhabitabo

490 2525 498 2530 ’
540 2527 597 2580 in
622 2524 763 2590 illis,
803 2536 848 2579 et
885 2524 1222 2578 inambulabo
1247 2564 1261 2589 ,
1305 2533 1353 2578 et
1401 2541 1489 2578 ero
1521 2523 1734 2577 illorum
1773 2521 2053 2582 Dominus,
2083 2527 2132 2571 et

541 2617 621 2671 illi
649 2627 801 2670 erunt
834 2618 958 2671 mihi
989 2616 1234 2688 populus.
1278 2617 1345 2670 Et
1379 2614 1671 2685 Apostolus
1696 2614 1772 2666 ait
1807 2631 1818 2665 :
1865 2609 2132 2681 Templum

546 2706 646 2762 Dei
668 2709 812 2774 estis,
839 2717 886 2762 et
919 2707 1147 2778 Spiritus
1174 2707 1387 2762 Domini
1423 2706 1623 2759 habitat
1652 2705 1706 2758 in
1729 2704 1868 2759 vobis
1893 2702 1940 2772 (1
2007 2700 2132 2756 Cor.

544 2812 636 2864 v1;
675 2795 706 2849 Ι
736 2794 858 2851 Cor.
893 2813 986 2863 Ill;
1029 2797 1092 2850 II
1129 2796 1252 2851 Cor.
1326 2796 1423 2866 vr).
1453 2795 1510 2850 In
1539 2810 1647 2865 quo
1679 2794 1896 2864 templo,
1933 2793 1988 2847 id
2029 2799 2132 2855 cst,

548 2888 607 2942 in
637 2902 742 2956 qua
773 2887 934 2942 domo
961 2887 1194 2951 Domini,
1225 2902 1332 2942 non
1359 2886 1540 2942 licebit
1565 2885 1720 2942 alteri
1749 2884 1976 2939 alterum
2004 2897 2130 2951 per—

547 2976 768 3036 turbare
789 2977 870 3031 vel
895 2978 1236 3041 contristare,
1270 2977 1396 3046 quia
1422 2976 1680 3046 paciﬁcos
1717 2974 1970 3032 convenit
1994 2987 2126 3030 sem-

547 3081 649 3137 per
673 3081 794 3122 esse
826 3065 965 3121 filios
998 3067 1167 3137 pacis.

1096 3157 1325 3214 CAPUT
1359 3157 1576 3211 XXXII.

805 3246 880 3300 De
905 3246 1234 3314 ferramentis
1258 3247 1336 3301 vel
1367 3247 1517 3301 rebus
1545 3247 1869 3300 monasterii.

623 3334 1282 3390 Substantitemonasterii
1325 3337 1379 3390 in
1418 3334 1748 3405 ferramentis
1794 3334 1869 3388 vel
1912 3335 2138 3388 vestibus

551 3443 644 3482 seu
671 3425 980 3495 quibuslibet
1019 3427 1168 3480 rebus
1198 3427 1464 3496 provideat
1494 3425 1653 3478 abbas
1683 3423 1876 3492 fratres
1914 3424 1978 3478 de
2010 3440 2140 3494 quo-

547 3532 665 3570 rum
685 3516 788 3570 vita
813 3524 861 3570 et
883 3515 1112 3570 moribus
1140 3533 1353 3570 securus
1379 3517 1484 3578 sit;
1512 3524 1562 3567 et
1590 3515 1664 3568 eis
1695 3512 1904 3583 singula
1936 3523 1991 3566 ut
2017 3513 2141 3568 utile

546 3608 861 3676 iudicaverit
890 3607 1157 3677 consignet
1199 3606 1543 3661 custodienda
1570 3615 1725 3676 atque
1769 3604 2137 3674 recolligenda.

559 3699 645 3752 Ea:
671 3699 857 3768 quibus
887 3699 1046 3752 abbas
1076 3700 1222 3752 breve
1251 3708 1446 3762 teneat,
1475 3707 1531 3751 ut
1563 3698 1688 3750 dum
1711 3696 1808 3750 sibi
1831 3699 1885 3750 in
1915 3697 2028 3766 ipsa
2057 3712 2141 3748 as-

553 3789 762 3856 signato
795 3786 985 3854 fratres
1015 3789 1240 3842 vicissim
1277 3788 1582 3852 succedunt,
1614 3787 1747 3840 sciat
1775 3787 1900 3857 quid
1929 3787 2020 3839 dat
2047 3795 2138 3838 aut

556 3874 683 3946 quid
711 3875 910 3945 recipit.
936 3873 993 3929 Si
1019 3875 1134 3946 quis
1157 3885 1330 3928 autem
1353 3874 1562 3928 sordide
1591 3883 1682 3927 aut
1714 3874 2026 3944 negligenter
2062 3891 2140 3928 res

550 3965 854 4018 monasterii
885 3965 1217 4030 tractaverit,
1245 3965 1598 4034 corripiatur;
1627 3965 1673 4018 si
1701 3980 1804 4017 non
1832 3963 2139 4016 emendave-

554 4054 644 4119 rit,
673 4053 964 4124 disciplinte
991 4055 1223 4125 regulari
1249 4055 1540 4124 subjaceat.
1569 4053 1936 4120 Interrogatus
1950 4050 2141 4106 beatus

551 4145 784 4201 Basilius
813 4145 1083 4215 quomodo
1125 4144 1325 4198 debent
1365 4145 1420 4198 hi
1462 4144 1552 4213 qui
1595 4151 1908 4212 operantur,
1949 4155 2137 4195 curam

551 4249 740 4306 gerere
773 4233 1223 4288 ferramentorum
1260 4233 1572 4288 utensilium
1611 4248 1799 4287 eorum
1845 4231 1912 4286 de
1944 4231 2139 4301 quibus

550 4335 864 4396 operantur.
907 4325 1181 4396 reSpondit
1220 4340 1234 4379 :
1281 4324 1522 4379 Primum
1563 4325 1778 4393 quidem
1827 4323 1967 4378 sicut
1994 4323 2140 4378 vasis

2225 1901 2469 1958 conferat
2509 1901 2598 1970 qui
2640 1915 2766 1955 suas
2798 1901 2871 1954 in
2930 1900 3182 1954 omnibus
3238 1899 3546 1954 voluntates
3591 1907 3818 1968 propter

2225 1992 2496 2047 Christum
2524 1992 2577 2044 in
2602 1991 2811 2044 abbatis
2837 1990 3058 2043 tradidit
3078 1989 3434 2056 potestatem?
3459 1988 3816 2066 Ilincgbeatus

2225 2083 2556 2137 Fructuosus
2600 2081 2678 2134 ait
2716 2095 2730 2133 :
2781 2079 3063 2134 Peculiare
3093 2092 3226 2147 opus
3269 2078 3578 2132 institutum
3608 2086 3720 2140 est,
3761 2086 3819 2131 ut

2227 2173 2404 2227 nullus
2436 2177 2688 2226 exerceat
2725 2169 3024 2224 monachus
3049 2169 3201 2237 quasi
3243 2169 3344 2223 sibi
3388 2167 3612 2238 proprie
3635 2168 3814 2222 vindi-

2229 2262 2484 2326 candum,
2535 2267 2628 2314 aut
2674 2259 2912 2324 cuilibet,
2962 2271 3084 2312 cum
3119 2257 3372 2323 voluerit,
3413 2272 3508 2311 sua
3561 2271 3817 2326 praesum.

2227 2353 2410 2422 ptione
2432 2348 2879 2410 distribuendum,
2912 2361 3012 2401 nec
3041 2346 3320 2416 quodlibet
3343 2361 3480 2414 opus
3515 2345 3638 2400 sine
3684 2360 3818 2413 pra:-

2230 2439 2479 2509 ccptione
2507 2447 2563 2492 et
2598 2453 2722 2492 cum
2769 2437 2989 2491 licentia
3016 2435 3246 2490 senioris
3273 2435 3706 2505 suscipiendum,
3746 2436 3821 2488 iu-

2233 2529 2556 2594 choandum,
2613 2529 2728 2582 sive
2775 2527 3079 2581 faciendum
3123 2533 3242 2590 est;
3290 2525 3388 2579 sed
3441 2526 3493 2578 in
3541 2539 3710 2579 omne
3759 2540 3824 2580 re

2232 2621 2492 2690 quidquid
2549 2619 2717 2675 abbas
2781 2617 2864 2673 vel
2925 2616 3244 2688 praepositus
3292 2617 3660 2698 prteceperit,
3716 2618 3822 2673 hoc

2233 2712 2520 2782 agendum.

2306 2803 2488 2873 Neque
2535 2801 2738 2872 aliquid
2783 2801 2974 2856 habere
3013 2803 3304 2872 proprium,
3356 2800 3557 2855 nullam
3605 2801 3830 2854 omnino

2236 2910 2364 2958 rem,
2394 2909 2555 2964 neque
2581 2893 2833 2958 codicem,
2863 2909 3026 2963 neque
3066 2893 3296 2959 tabulas,
3327 2910 3490 2964 neque
3513 2894 3822 2964 graphium,

2235 2983 2326 3040 sed
2349 2982 2478 3037 nihil
2499 2983 2742 3046 omnino;
2767 2983 2956 3053 quippe
2981 2983 3168 3054 quibus
3201 3001 3294 3037 nec
3327 2999 3547 3053 corpora
3577 2999 3704 3047 sua,
3735 2999 3826 3036 nec

2238 3073 2525 3129 voluntates
2552 3072 2668 3127 licet
2688 3073 2876 3127 habere
2893 3073 2948 3127 in
2975 3076 3187 3144 propria
3211 3082 3481 3145 potestate.
3510 3073 3657 3139 Quid
3683 3074 3829 3128 etum

2239 3164 2515 3234 proprium
2558 3163 2760 3219 habere
2787 3170 2968 3232 potest
2995 3173 3213 3220 sanctus
3242 3167 3564 3228 monachus,
3594 3168 3690 3234 qui
3729 3181 3824 3220 nec

2241 3268 2439 3321 corpus
2470 3267 2648 3316 suum,
2675 3267 2776 3307 nec
2802 3251 3136 3308 voluntatem
3167 3267 3318 3308 suam
3365 3253 3420 3306 in
3456 3267 3615 3306 suam
3647 3267 3824 3307 reser-

2240 3346 2384 3399 vavit
2409 3351 2752 3415 potestatem,
2781 3344 2877 3400 sed
2910 3353 3084 3402 totum
3112 3361 3170 3401 se
3199 3347 3484 3418 abnegavit
3512 3347 3620 3402 sibi
3656 3355 3719 3400 ut
3747 3362 3822 3402 se—

2241 3442 2438 3504 quatur
2488 3433 2797 3489 Christum?
2851 3433 2992 3500 Quid
3038 3435 3102 3490 de
3145 3436 3346 3490 mundo
3394 3443 3573 3505 potest
3625 3437 3824 3491 habere

2244 3524 2540 3593 proprium,
2567 3524 2653 3578 cui
2697 3525 2929 3579 mundus
2951 3525 3239 3581 crucifixus
3269 3535 3353 3581 est
3382 3535 3437 3581 et
3467 3527 3560 3582 ille
3589 3527 3826 3582 mundo?

2244 3613 2345 3680 Qui
2374 3613 2540 3668 semel
2565 3621 2810 3668 mortuus
2837 3622 2924 3669 est
2960 3616 3160 3671 mundo
3182 3630 3282 3671 nec
3309 3616 3695 3678 desiderando,
3729 3631 3823 3670 nec

2243 3705 2565 3773 possidendo
2592 3720 2680 3759 res
2705 3705 2913 3770 mundi,
2953 3707 3111 3762 debet
3142 3708 3337 3763 iterum
3356 3707 3546 3763 vivere
3586 3707 3826 3762 mundo?

2247 3793 2424 3848 Semel
2453 3795 2596 3848 enim
2625 3795 2811 3850 relicto
2839 3795 3117 3866 implicare
3142 3814 3202 3853 se
3227 3814 3333 3852 non
3364 3799 3523 3853 debet
3549 3798 3772 3852 mundo.

2318 3885 2509 3940 Omnia
2535 3903 2650 3940 vero
2680 3889 2972 3941 necessaria
2998 3905 3031 3941 a
3062 3886 3225 3944 Patre
3254 3891 3563 3944 monasterii
3590 3907 3824 3960 sperare.

2246 3976 2538 4030 Monachus
2561 3977 2724 4040 enim,
2757 3977 2844 4032 cui
2877 3976 3136 4033 Dominus
3164 3988 3376 4049 partem
3404 3980 3574 4045 dedit,
3603 3981 3736 4050 quid
3767 3981 3826 4035 de

2245 4065 2496 4119 omnibus
2520 4064 2626 4120 illis
2652 4065 2912 4122 sollicitus
2933 4082 3117 4122 curam
3145 4077 3300 4139 gerat
3328 4071 3677 4134 necessariis,
3701 4071 3824 4140 quid

2245 4153 2506 4210 sollicitus
2531 4162 2616 4210 est
2641 4155 2707 4210 de
2738 4155 2900 4210 rebus
2928 4157 3196 4212 terrenis?
3220 4157 3450 4212 Domino
3482 4159 3728 4212 maxime
3749 4157 3823 4211 di—

2245 4252 2400 4300 cente
2443 4261 2454 4297 :
2506 4243 2680 4298 Nolite
2717 4244 2928 4298 solliciti
2967 4261 3078 4299 esse
3115 4246 3341 4302 dicentes
3369 4288 3383 4310 ,
3422 4247 3554 4318 quid
3595 4247 3822 4300 mandu-

2244 4337 2390 4401 cetis,
2421 4343 2513 4388 aut
2551 4334 2676 4403 quid
2719 4334 2925 4400 bibatis,
2951 4344 3043 4388 aut
3072 4335 3199 4405 quid
3223 4335 3456 4390 induatis
3486 4333 3707 4407 (Matth.
3730 4334 3821 4404 vt).

552 4413 648 4467 Dei
675 4414 758 4468 vel
784 4415 868 4469 his
889 4430 1007 4484 qua:
1022 4414 1133 4483 jam
1159 4415 1268 4468 Deo
1293 4422 1609 4469 consecrata
1634 4421 1781 4514 sunt,
1815 4413 1890 4466 uti
1916 4412 2134 4466 debent.
2163 4462 2215 4521 Β
2244 4425 2482 4480 primum
2526 4423 2671 4478 enim
2713 4423 2869 4478 nobis
2918 4426 3265 4494 qumrendum
3321 4434 3404 4480 εει
3446 4439 3678 4496 regnum
3720 4437 3824 4476 ραι-

555 4503 760 4558 Deinde
790 4512 1048 4574 tanquam
1085 4504 1175 4573 qui
1209 4518 1313 4557 non
1353 4503 1559 4573 possint
1587 4502 1703 4557 sine
1730 4497 1860 4573 ipsis
1890 4502 2132 4555 devotio-

554 4596 640 4650 nis
661 4603 716 4650 et
737 4596 896 4650 studii
925 4597 1006 4649 sui
1035 4595 1398 4650 emolumenta
1429 4593 1707 4662 consequi.
1736 4593 1870 4646 Item
1897 4592 2134 4646 interro-

554 4694 735 4756 gatus,
770 4685 913 4756 quod
954 4686 998 4740 si
1045 4700 1142 4753 per
1174 4685 1556 4755 negligentiam
1592 4690 1783 4752 pereat
1818 4681 2020 4750 aliquid
2067 4695 2134 4735 ex

556 4776 661 4840 bis,
706 4785 798 4829 aut
822 4791 919 4845 per
951 4785 1315 4844 contemptum
1357 4776 1669 4844 dissipetur,
1716 4773 1995 4842 respondit
2034 4786 2048 4825 :
2087 4771 2136 4825 ls

559 4865 777 4932 quidem
809 4866 898 4934 qui
934 4867 1251 4928 contemnit,
1305 4864 1450 4917 velut
1495 4863 1788 4931 sacrilegus
1812 4860 2136 4928 judicandus

558 4962 662 5008 est.
691 4953 757 5006 Et
787 4957 877 5023 qui
908 4957 1203 5025 perdiderit
1224 4971 1318 5024 per
1343 4953 1720 5024 negligentiam
1746 4959 1800 5006 et
1829 4951 1940 5019 ipse
1963 4951 2137 5004 simile

561 5047 766 5100 crimen
819 5047 1068 5113 incurrit,
1112 5064 1210 5118 pro
1245 5062 1309 5101 eo
1353 5047 1496 5116 quod
1527 5045 1708 5098 omnia
1736 5058 1856 5112 qum
1893 5043 1960 5096 ad
2008 5058 2140 5096 usus

559 5150 840 5190 servorum
871 5138 964 5191 Dei
993 5138 1244 5206 deputata
1283 5147 1429 5201 sunt,
1466 5136 1578 5190 Deo
1612 5133 1730 5188 sine
1759 5133 1922 5187 dubio
1951 5148 2140 5187 conse-

558 5234 709 5281 crata
731 5234 876 5280 sunt.
911 5227 1048 5280 llinc
1086 5227 1319 5283 Isidorus
1350 5229 1463 5282 ait:
1503 5227 1937 5280 Strumentorum
1962 5231 2140 5277 custo-

559 5315 648 5372 dia
679 5315 1131 5370 ferramentorum
1161 5319 1228 5372 ad
1256 5334 1420 5372 unum
1461 5331 1618 5386 quem
1656 5314 1814 5368 Pater
1851 5313 2139 5374 monacho-

559 5422 683 5462 rum
711 5405 956 5479 elegerit,
996 5409 1308 5480 pertinebit,
1339 5410 1430 5479 qui
1469 5424 1533 5462 ea
1583 5405 1934 5476 operantibus
1963 5405 2142 5459 distri-

558 5499 713 5566 buat,
738 5510 952 5571 recepta
971 5503 1259 5559 custodiat.
1281 5503 1347 5557 Et
1372 5503 1495 5556 licet
1519 5501 1634 5556 haec
1659 5506 1852 5555 cuncta
1893 5497 2141 5567 speciali-

562 5601 649 5650 ter
693 5596 916 5666 singulis
969 5605 1228 5652 maneant
1276 5595 1588 5657 distributa,
1641 5591 1824 5646 omnia
1881 5597 2061 5643 tamen
2109 5603 2139 5641 a

561 5683 720 5743 Patre
755 5691 1065 5747 monasterii
1096 5692 1341 5747 ordinat-.1
1367 5687 1432 5744 ad
1464 5701 1646 5743 curam
1678 5683 1947 5754 prtepositi
1974 5683 2140 5752 perti-

2240 4519 2434 4579 lorum,
2466 4523 2520 4569 et
2563 4522 2747 4584 postea
2776 4513 2891 4568 ιιωο
2939 4515 3121 4569 omnia
3168 4529 3272 4569 non
3321 4531 3350 4568 a
3398 4513 3819 4583 nobismetipsis,

2237 4607 2331 4662 sed
2377 4621 2407 4659 a
2447 4603 2671 4659 Domino
2725 4618 2823 4673 per
2869 4603 3086 4659 Patrem
3139 4604 3402 4674 speranda
3456 4612 3586 4659 sunt
3642 4618 3822 4658 mona-

2236 4696 2405 4752 sterii.
2450 4694 2566 4747 Non
2608 4707 2738 4764 ergo
2780 4708 3002 4748 necesse
3045 4703 3128 4749 est
3181 4694 3460 4758 monacho
3486 4693 3694 4762 aliquid
3737 4693 3822 4744 ha-

2235 4785 2364 4838 bere
2410 4781 2708 4851 peculiare,
2736 4782 2822 4836 cui
2862 4783 3042 4836 omnia
3085 4782 3398 4837 monasterii
3449 4782 3821 4835 ministrantur

2245 4888 2274 4926 a
2304 4873 2484 4926 Patre.

2321 4963 2432 5016 Nec
2453 4962 2736 5032 quidquam
2759 4963 2915 5014 liceat
2945 4961 3155 5024 habere,
3187 4961 3327 5030 quod
3355 4959 3516 5014 abbas
3550 4977 3654 5014 non
3683 4959 3823 5013 dede-

2247 5057 2334 5118 rit,
2369 5063 2459 5107 aut
2485 5055 2796 5124 permiserit.
2839 5053 2992 5118 Quod
3041 5053 3209 5106 abbas
3253 5068 3359 5107 non
3401 5052 3637 5115 dederit,
3679 5052 3820 5110 dicit.

2248 5146 2300 5199 id
2346 5153 2449 5208 est,
2497 5144 2774 5203 manibus,
2829 5150 2922 5195 aut
2969 5142 3295 5212 permiserit,
3349 5141 3689 5203 subauditur,
3739 5147 3822 5191 aut

2251 5236 2386 5299 dari,
2415 5242 2509 5287 aut
2533 5233 2740 5286 haberi.
2771 5232 2871 5285 llic
2897 5232 3134 5286 ostendit
3155 5231 3297 5299 quod
3324 5245 3424 5285 nec
3447 5231 3516 5283 ab
3540 5229 3821 5285 exteriori-

2244 5329 2344 5381 bus
2377 5323 2716 5394 propinquis,
2749 5338 2848 5375 nec
2870 5324 2936 5374 ab
2961 5322 3307 5376 interioribus
3333 5321 3538 5392 aliquid
3563 5320 3817 5388 accipere.

2242 5415 2326 5471 vel
2376 5429 2498 5467 cum
2543 5412 2649 5466 alio
2691 5411 2872 5480 aliquo
2920 5410 3258 5464 familiariter
3300 5419 3673 5471 commutare;
3733 5405 3820 5461 sed

2243 5504 2385 5575 quod
2414 5503 2462 5556 ei
2508 5503 2576 5557 ab
2629 5503 2825 5556 abbate
2859 5501 3173 5569 abbatisque
3195 5499 3437 5567 jussione
3459 5500 3817 5560 distribuitur,

2243 5597 2346 5650 hoc
2380 5592 2552 5646 libens
2577 5597 2758 5644 teneat
2779 5588 3093 5658 placideque
3120 5587 3436 5642 delectetur.

2315 5682 2606 5752 Omniaque
2637 5680 2872 5733 omnibus
2904 5679 3003 5733 sint
3034 5677 3350 5746 communia,
3382 5688 3434 5731 ut
3465 5680 3722 5750 scriptum
3753 5684 3822 5729 est
