3992 6206
134 295 240 351 865

137 507 440 573 prmumat.
485 495 621 550 llinc
659 493 947 548 Ferreolus
982 495 1059 548 ait
1093 512 1104 547 :
1141 493 1253 548 lloc
1283 502 1490 548 tantum
1519 492 1724 562 judicet

136 590 440 661 proprium,
462 584 726 656 quidquid
750 600 873 639 cum
911 584 1172 639 fratribus
1201 584 1504 652 possederit
1530 580 1725 635 indivi-

137 697 280 736 sum.
327 678 463 733 Nam
512 684 568 732 et
613 675 774 731 lectio
813 673 1047 730 Actuum
1089 676 1452 745 apostolorum
1484 681 1724 741 tempore

139 770 410 841 surgentis
458 767 716 822 Ecclesia:
787 766 970 821 taliter
1025 766 1210 822 ﬁdeles
1259 765 1460 820 Christi
1519 764 1722 818 vixisse

139 869 546 919 commemorat.
597 858 806 922 Nullus,
852 858 1047 927 inquit,
1085 873 1150 912 ex
1181 856 1340 910 bonis
1368 856 1480 910 suis
1508 853 1724 909 dicebat

142 951 340 1021 aliquid
371 964 527 1005 suum
561 961 704 1011 esse,
740 947 833 1001 sed
855 954 1013 999 erant
1046 945 1152 998 illis
1179 943 1360 997 omnia
1390 944 1721 997 communia.

138 1042 268 1096 Item
296 1039 424 1092 alibi
464 1055 478 1091 :
521 1037 656 1090 Nam
677 1036 722 1090 si
759 1035 825 1089 de
855 1033 1115 1104 peculiari
1146 1032 1385 1088 Ananias
1409 1040 1464 1085 et
1493 1031 1721 1101 Saphira

140 1129 299 1185 ﬁdem
355 1127 422 1181 ab
460 1125 720 1197 apostolis
755 1139 863 1179 non
905 1131 1219 1178 meruerunt
1261 1122 1564 1192 percipere,
1605 1121 1720 1190 qui,

139 1220 321 1276 omnia
351 1233 447 1274 sua
482 1231 604 1272 cum
635 1224 760 1270 ante
785 1215 949 1286 pedes
973 1214 1338 1283 apostolorum
1362 1213 1719 1283 assignarent,

138 1313 206 1368 de
217 1310 583 1382 peculiaribus
603 1306 974 1362 fraudulenter
987 1305 1300 1370 subtractis,
1313 1302 1516 1373 judicio
1532 1301 1723 1356 subita:

137 1403 333 1456 mortis
347 1398 587 1455 damnati
605 1406 758 1462 sunt;
783 1398 909 1466 quia
934 1393 1085 1456 fraus
1110 1396 1221 1450 Deo
1245 1394 1363 1449 ﬁeri
1389 1409 1496 1449 non
1520 1401 1720 1464 potest,

137 1507 262 1546 cum
283 1489 417 1544 nihil
441 1497 526 1543 est
551 1486 824 1543 occultum
853 1485 998 1556 quod
1023 1485 1091 1538 ab
1118 1499 1184 1539 eo
1214 1499 1322 1539 non
1355 1483 1726 1539 revelabitur.-

210 1581 366 1648 Quod
395 1582 441 1634 si
470 1580 748 1650 quisquam
769 1578 866 1632 hoc
895 1575 1209 1646 nequissimo
1237 1574 1356 1629 vitio
1376 1573 1722 1644 deprehensus

137 1673 296 1743 fuerit
319 1670 588 1737 delectari,
613 1669 962 1723 admoneatur
987 1666 1165 1732 semel,
1194 1675 1242 1720 et
1282 1665 1504 1730 iterum;
1545 1666 1590 1719 si
1619 1681 1721 1720 non

135 1762 512 1826 emendaverit,
559 1758 875 1828 correptioni
905 1756 1194 1827 subjaceat.
1245 1754 1383 1810 Hinc
1425 1754 1720 1810 Cassianus

137 1854 216 1908 ait
263 1870 277 1906 :
329 1852 396 1906 Et
437 1849 746 1906 neeverbo
777 1848 996 1918 quidem
1047 1846 1243 1901 audeat
1294 1844 1474 1899 dicere
1519 1842 1722 1913 aliquid

137 1959 322 2007 suum,
371 1943 517 2011 quod
563 1955 818 2011 magnum
861 1938 933 1994 sit
982 1937 1189 1994 crimen
1217 1952 1285 1990 ex
1331 1950 1426 1990 ore
1469 1933 1720 1988 monachi

137 2033 493 2104 processisse,
521 2032 759 2085 tunicam
789 2043 988 2093 meam,
1020 2028 1260 2082 codicem
1284 2041 1484 2091 meum,
1509 2023 1722 2079 tabulas

139 2141 312 2190 meas,
341 2124 627 2196 graphium
656 2137 857 2188 meum,
897 2129 951 2176 et
986 2129 1181 2174 uetera
1212 2118 1297 2172 his
1328 2115 1542 2172 similia.
1583 2115 1720 2169 Nam

137 2223 183 2276 si
217 2218 529 2287 hujusmodi
553 2217 776 2272 verbum
805 2229 902 2284 per
927 2211 1329 2282 subreptionem
1358 2208 1443 2263 vel
1468 2208 1722 2278 ignoran-

136 2312 273 2365 tiam
304 2311 372 2364 de
399 2323 494 2363 ore
520 2307 636 2378 ejus
663 2305 934 2368 elfuderit,
961 2303 1182 2373 dignam
1207 2315 1308 2370 pro
1332 2301 1436 2354 hoc
1463 2297 1722 2367 pmniten-

137 2401 274 2453 tiam
317 2395 678 2459 satisfaciens,
705 2393 917 2448 veniam
940 2398 1088 2461 petat
1117 2390 1173 2444 in
1217 2397 1362 2443 terra
1392 2392 1717 2456 prostratus.

131 2493 271 2546 item
295 2489 432 2544 alius
468 2488 860 2542 monachorum
889 2483 1145 2554 magister
1171 2481 1246 2535 ait
1284 2499 1297 2534 :
1346 2479 1403 2534 Si
1427 2477 1556 2548 quid
1592 2490 1722 2544 ergo

129 2566 435 2652 peculiare,
470 2587 565 2632 aut
590 2575 794 2647 aliquid
828 2590 950 2630 cum
987 2575 1264 2627 inventum
1302 2571 1357 2625 in
1388 2569 1568 2639 aliquo
1607 2566 1722 2621 fue-

130 2675 227 2738 rit,
277 2672 467 2743 grandi
503 2685 630 2726 eum
685 2669 851 2724 abbas
895 2676 950 2721 et
995 2666 1249 2720 diuturna
1287 2659 1722 2718 excommunica-

129 2767 286 2821 tione
313 2765 655 2826 condemnet,
693 2767 753 2816 ut
781 2758 1086 2828 exemplum
1113 2756 1258 2812 illius
1278 2755 1528 2811 vindictae
1545 2751 1722 2808 nullus

129 2858 337 2914 audeat
360 2856 464 2911 hoc
486 2852 710 2909 imitari.

670 2941 898 2998 CAPUT
937 2940 1179 2995 XXXIV.

229 3040 294 3094 Si
317 3055 493 3093 omnes
521 3033 790 3108 aequaliter
810 3032 1028 3086 debeant
1055 3028 1349 3084 necessaria
1378 3027 1627 3096 accipere.

210 3133 364 3188 Sicut
393 3130 643 3200 scriptum
669 3135 742 3180 est
772 3139 788 3178 :
819 3123 1158 3178 Dividebatur
1179 3119 1398 3190 singulis
1426 3126 1578 3188 prout
1608 3116 1722 3169 cui-

130 3243 235 3296 que
261 3240 392 3292 opus
416 3229 525 3275 erat
557 3220 694 3290 (Act.
727 3215 836 3288 tv);
869 3214 956 3267 ubi
988 3229 1089 3266 non
1113 3211 1354 3274 dicimus,
1388 3218 1444 3264 ut
1472 3223 1723 3278 persona-

134 3333 257 3369 rum
287 3312 446 3385 (quod
472 3309 627 3382 absit)
654 3306 884 3376 acceptio
916 3304 1004 3369 sit,
1037 3301 1127 3357 sed
1152 3301 1522 3370 inﬁrmitatum
1554 3296 1724 3351 consi-

133 3406 364 3460 deratio.
389 3401 490 3456 Ubi
513 3401 600 3471 qui
623 3399 794 3453 minus
813 3396 1010 3466 indiget
1038 3401 1158 3463 agat
1183 3391 1292 3444 Deo
1309 3390 1529 3461 gratias,
1557 3395 1723 3440 etnon

135 3493 510 3555 contristetur;
534 3489 622 3559 qui
656 3503 776 3541 vero
803 3485 919 3557 plus
948 3483 1142 3553 indiget
1182 3479 1487 3533 ltumilietur
1513 3493 1606 3547 pro
1643 3477 1725 3528 in-

135 3582 412 3651 firmitate,
453 3589 502 3633 et
535 3594 636 3632 non
675 3574 960 3630 extollatur
995 3589 1089 3642 pro
1143 3567 1540 3630 misericordia;
1573 3573 1621 3619 et
1650 3567 1724 3617 ita

137 3671 317 3725 omnia
354 3669 581 3724 membra
610 3675 762 3722 erunt
789 3667 846 3719 in
874 3680 1020 3735 pace.
1059 3662 1198 3716 llinc
1231 3661 1422 3714 beatus
1469 3657 1724 3727 Augusti-

138 3777 246 3830 nus
275 3761 388 3814 ait:
425 3759 606 3814 Virtus
631 3766 688 3811 et
728 3765 977 3826 tegumen
1011 3768 1116 3807 non
1161 3748 1440 3820 aequaliter
1473 3746 1727 3801 omnibus

137 3850 561 3914 distribuuntur,
609 3847 736 3916 quia
783 3859 888 3899 non
938 3842 1220 3913 aequaliter
1262 3838 1456 3894 valetis
1495 3851 1722 3900 omnes;

137 3939 238 3995 sed
271 3939 452 4008 potius
482 3936 793 4004 unicuique,
842 3934 982 3988 sicut
1010 3932 1205 4001 cuique
1238 3944 1374 3999 Opus
1416 3927 1594 3982 fuerit.
1635 3925 1727 3980 Sic

133 4033 287 4087 enim
314 4029 511 4100 legitur
533 4028 587 4082 in
608 4027 832 4081 Actibus
862 4024 1268 4096 apostolorum:
1301 4019 1439 4084 Quia
1473 4028 1622 4072 erant
1653 4018 1726 4071 eis

131 4125 322 4179 omnia
362 4120 655 4176 communia
676 4160 690 4183 ,
733 4128 782 4173 et
823 4115 1234 4172 distribuebatur
1265 4111 1544 4181 unicuique
1573 4119 1726 4180 prout

132 4215 332 4284 cuique
358 4229 485 4282 opus
514 4220 624 4265 erat
652 4208 860 4282 (Ibid).
891 4207 1026 4262 Item
1047 4205 1174 4260 alibi
1202 4205 1461 4274 scriptum
1487 4210 1602 4256 est:
1633 4200 1729 4254 Ni-

123 4305 322 4375 hilque
374 4303 562 4357 habere
596 4319 683 4356 vos
719 4301 988 4372 proprium
1023 4298 1290 4370 reputetis,
1325 4295 1416 4350 sed
1455 4295 1559 4348 sint
1586 4293 1727 4347 vobis

129 4403 333 4449 cuncta
380 4393 672 4445 communia
692 4381 858 4462 '(Act.
904 4390 998 4462 tv).
1046 4389 1176 4455 Qua:
1227 4387 1377 4441 vobis
1418 4385 1487 4439 ah
1515 4384 1726 4438 abbatis

131 4485 374 4555 imperio
407 4483 808 4552 dispensantur,
857 4496 964 4536 non
1013 4479 1295 4549 aequaliter
1336 4475 1605 4538 omnibus,
1632 4473 1726 4527 sed

131 4577 288 4632 sicut
310 4576 453 4629 ratio
481 4573 900 4643 dispensationis
928 4582 1020 4626 aut
1047 4585 1209 4624 causa
1245 4565 1576 4621 inﬁrmitatis
1602 4577 1729 4617 exc—

130 4669 308 4745 gerit,
342 4667 631 4736 unicuique
657 4676 839 4720 tamen
880 4665 1174 4720 secundum
1217 4659 1357 4730 quod
1387 4673 1524 4728 opus
1566 4656 1731 4711 fuerit

131 4764 448 4826 tribuatur;
481 4776 581 4815 nec
606 4761 873 4816 feliciores
909 4757 1151 4827 judicent
1179 4755 1377 4825 quibus
1414 4749 1730 4805 infirmitate

129 4859 458 4924 prmstatur,
490 4851 634 4920 quod
672 4851 818 4906 sanis
861 4864 962 4918 pro
1006 4843 1365 4903 observantiae
1404 4842 1580 4912 rigore
1611 4839 1732 4894 sub-

132 4945 408 5000 trahitur.
449 4942 516 4997 Et
556 4943 601 4998 si
639 4943 719 4996 cis
765 4957 902 5010 quos
947 4948 1198 5010 parentes
1240 4933 1548 4989 dcliciosius
1589 4930 1735 4985 alue-

132 5041 298 5099 runt,
329 5034 508 5088 victus
531 5041 622 5087 aut
657 5033 980 5088 vestimenta
1021 5029 1223 5100 largius
1263 5027 1594 5088 tribuuntur,
1626 5037 1732 5075 non

131 5127 211 5182 ob
257 5125 362 5182 hoc
394 5123 553 5178 debet
583 5122 910 5177 commoveri
946 5120 1280 5181 fraternitas,
1313 5116 1458 5185 quod
1495 5112 1735 5168 fortiori-

132 5218 252 5271 bus
307 5229 536 5284 corpore
578 5228 676 5284 pro
721 5212 1106 5268 constitutione
1161 5207 1355 5279 regulae
1411 5205 1732 5274 denegatur,

133 5305 294 5378 quod
327 5304 431 5360 illis
456 5305 740 5359 cbaritatis
774 5301 1207 5358 consideratione
1237 5297 1508 5351 tribuitur.
1739 5299 1746 5306 '

215 5394 360 5450 Ante
400 5395 576 5448 omnia
629 5412 693 5448 ne
744 5390 1176 5447 murmurationis
1223 5387 1421 5442 malum
1465 5402 1563 5456 pro
1607 5401 1732 5454 qua-

135 5490 397 5558 licunque
461 5503 622 5542 causa
679 5488 734 5541 in
795 5484 973 5556 aliquo
1035 5481 1384 5554 qualicunque
1444 5477 1594 5532 verbo
1657 5474 1734 5529 vel

136 5583 537 5654 significatione
582 5589 852 5652 appareat.
893 5579 1045 5646 Quod
1095 5579 1140 5632 si
1187 5577 1536 5645 deprehensus
1579 5570 1736 5642 fuerit

134 5675 314 5748 quis,
375 5673 680 5728 districtiori
732 5671 1022 5743 disciplina:
1083 5669 1357 5724 subdatur.
1428 5667 1563 5721 llinc
1610 5664 1740 5720 Fer-

1189 284 1541 342 COMMENT.
1581 282 1645 337 IN
1688 280 1844 336 REG.
1890 280 1948 334 S.
1991 277 2368 334 BENEDICTI.

136 411 279 484 (Act.
327 405 425 471 tv),
463 421 554 458 nec
587 403 861 473 quisquam
887 417 1038 455 suum
1077 417 1186 455 esse
1212 401 1412 471 aliquid
1434 401 1597 464 dicat,
1634 403 1724 450 aut
1755 397 1804 454 Α
1831 410 2011 464 motus
2065 410 2196 463 dicit

3305 277 3412 332 866

2255 427 2266 460 :
2329 407 2391 462 Ut
2438 405 2640 460 nullum
2685 405 2738 460 in
2786 406 3203 478 congregatione
3260 423 3412 462 mur-

1829 513 1950 552 mur
2001 511 2096 551 seu
2142 496 2449 561 detractio,
2500 495 2643 564 quod
2684 494 3166 549 familiarissimum
3211 496 3418 554 habent

1829 588 2117 655 monachi,
2152 596 2342 649 contra
2383 587 2634 641 abbatem
2667 594 2760 639 aut
2795 587 3090 655 quemlibet
3128 587 3294 642 alium
3342 589 3412 642 de

1826 679 2109 744 fratribus,
2150 679 2434 743 audiatur;
2480 693 2548 732 ne
2590 679 2668 732 ira
2715 677 2833 740 Dei,
2878 691 2996 746 qua:
3024 693 3165 747 saepe
3192 686 3417 748 propter

1827 771 1969 825 hanc
1998 770 2211 839 culpam
2244 768 2609 823 miserabilem
2637 767 2892 837 populum
2915 768 3326 831 condemnabat,
3358 768 3414 820 in

1826 862 2128 932 perditione
2147 860 2398 914 similiter
2418 858 2873 912 murmurantium
2901 857 3094 922 turbae,
3121 857 3412 922 excitetur,

1826 959 1879 1006 et
1901 959 2103 1005 terram
2133 949 2588 1019 repromissionis,
2629 963 2790 1017 quam
2820 962 2917 1001 nos
2943 955 3087 1002 recte
3115 947 3412 1018 accipimus

1827 1040 2003 1095 locum
2029 1039 2222 1094 futura:
2251 1037 2621 1101 beatitudinis,
2666 1037 2860 1105 perdat
2892 1036 3252 1090 murmuratio
3288 1052 3413 1106 pro-

1825 1130 1963 1200 pria,
1995 1145 2115 1199 quae
2143 1129 2372 1184 debetur
2409 1128 2699 1198 sponsione
2724 1127 2923 1181 divina.
2965 1125 3058 1182 Sic
3085 1128 3229 1182 enim
3257 1129 3408 1183 dam-

1826 1221 2032 1276 nandos
2079 1219 2238 1289 hujus
2284 1219 2398 1273 vitii
2442 1226 2740 1273 sectatores
2786 1219 3028 1287 psalmus
3073 1219 3405 1273 annuntiat:

1825 1313 2194 1367 Detrahentem
2231 1312 2477 1366 adversus
2508 1313 2805 1380 proximum
2833 1328 2987 1364 suum
3017 1313 3238 1377 occulte,
3269 1312 3410 1364 hunc

1823 1403 2168 1474 persequebar
2193 1399 2365 1470 (Psal.
2389 1399 2462 1472 (ι).
2502 1399 2568 1453 Ει
2609 1400 2809 1455 iterum
2845 1413 3079 1467 arguens
3120 1398 3413 1467 Apostolus

1823 1493 1956 1547 dicit
1984 1510 1995 1545 :
2023 1490 2370 1556 Susurrones,
2401 1492 2724 1546 detractores
2746 1489 2857 1543 Deo
2890 1488 3107 1543 odibiles
3135 1489 3312 1559 (Rom.
3351 1507 3368 1544 ι
3394 1508 3410 1554 ;

1823 1584 1982 1639 Iuda:
2006 1584 2115 1655 16).
2153 1585 2220 1638 Et
2246 1584 2443 1638 iterum
2467 1582 2572 1637 :Hi
2601 1593 2720 1637 sunt
2743 1590 3175 1646 murmuratores,
3210 1599 3406 1652 queru-

1823 1676 1942 1742 losi,
1968 1676 2253 1732 secundum
2275 1675 2534 1730 desideria
2555 1691 2652 1729 sua
2675 1672 3021 1741 ambulantes,
3045 1683 3094 1728 et
3117 1689 3173 1727 os
3199 1672 3410 1727 illorum

1750 1731 1796 1789 Β
1825 1731 2060 1838 loquitur
2089 1767 2406 1840 superbiam.

2359 1856 2588 1912 CAPUT
2628 1855 2849 1912 XXXV.

2215 1948 2288 2003 De
2325 1947 2715 2018 septimanariis
2755 1947 3010 2018 coquinae.
3419 2001 3423 2006 ,

1893 2033 2112 2091 Fratres
2133 2038 2207 2092 sic
2227 2038 2326 2092 sibi
2348 2037 2562 2091 invicem
2593 2036 2822 2090 serviant
2854 2046 2906 2089 ut
2931 2035 3107 2089 nullus
3129 2045 3413 2091 excusetur

1821 2146 1854 2182 a
1883 2128 2120 2198 coquinaz
2149 2127 2334 2198 ofﬁcio,
2369 2126 2474 2180 nisi
2501 2134 2593 2179 aut
2633 2125 2967 2196 (egritudine,
3011 2135 3102 2179 aut
3147 2127 3201 2180 in
3239 2144 3403 2180 causa

1787 2220 1992 2289 .gravis
2045 2219 2288 2272 utilitatis
2336 2219 2453 2290 quis
2495 2226 2779 2288 occupatus
2817 2217 3007 2286 fuerit;
3049 2219 3173 2288 quia
3218 2219 3408 2273 exinde

1823 2309 1996 2378 major
2021 2325 2214 2363 merces
2253 2317 2302 2362 et
2343 2309 2576 2362 charitas
2625 2309 2938 2379 acquiritur.
2968 2307 3227 2380 Egrntos
3253 2326 3283 2364 a
3313 2326 3407 2365 co-

1821 2399 1999 2469 quinae
2026 2398 2200 2454 olIicio
2242 2399 2355 2468 ipsa
2379 2409 2604 2454 excusat
2631 2400 2874 2469 corporis
2899 2403 3184 2471 aegritudo.
3213 2402 3407 2457 Chari-

1822 2488 1951 2543 tatis
1971 2489 2114 2542 enim
2140 2497 2196 2542 et
2224 2487 2582 2544 fraternitatis
2627 2489 2918 2544 dilectione
2967 2489 3230 2545 tolerandi
3258 2500 3406 2557 sunt,

1821 2593 1928 2633 non
1951 2579 2018 2632 ad
2047 2593 2212 2648 opera
2234 2567 2591 2648 compellendi
2623 2579 2834 2650 aegroti.
2861 2579 3016 2646 Quod
3045 2589 3226 2635 autem
3257 2582 3406 2647 dicit,

1822 2669 1994 2737 gravis
2026 2667 2292 2733 utilitatis,
2326 2684 2536 2739 magna:
2561 2669 2646 2723 vel
2675 2670 2897 2738 grandis
2919 2670 3236 2740 intelligitur
3263 2672 3409 2725 utili-

1823 2758 1971 2813 tatis.
2001 2756 2177 2813 Grave
2205 2758 2351 2812 enim
2396 2773 2538 2827 saepe
2568 2773 2669 2828 pro
2699 2749 2909 2828 grandi,
2931 2775 3128 2830 magno
3173 2760 3256 2814 vel
3286 2775 3409 2828 per-

1824 2845 1966 2900 fecto
1986 2846 2304 2917 intelligitur
2329 2846 2585 2914 positum,
2621 2845 3069 2900 sicntPsalmista
3103 2847 3172 2901 ait
3212 2867 3223 2900 :
3259 2847 3402 2901 Can-

1824 2937 2010 3005 ﬁtebor
2045 2938 2138 2990 tibi
2167 2938 2220 2990 in
2261 2936 2492 2994 Ecclesia
2517 2953 2729 3006 magna,
2761 2936 2816 2989 in
2862 2936 3058 3006 populo
3105 2939 3251 3006 gravi
3285 2936 3405 2991 lau-

1825 3027 1962 3081 dabo
2001 3037 2048 3080 te
2079 3026 2250 3098 (Psal.
2280 3025 2492 3096 xxxrv).
2523 3025 2678 3092 Quod
2709 3033 2887 3080 autem
2935 3025 3104 3080 dicit:
3141 3025 3280 3090 Quia
3320 3041 3409 3079 eac-

1827 3116 1949 3169 inde
1977 3117 2154 3186 major
2193 3125 2387 3168 merces
2411 3123 2458 3168 et
2487 3115 2722 3168 charitas
2743 3113 3056 3184 acquiritur,
3095 3114 3411 3184 intelligitur

1827 3206 1971 3277 quod
2012 3205 2150 3276 apud
2182 3205 2350 3259 Deum
2391 3202 2569 3274 major
2595 3219 2804 3259 merces
2839 3205 3160 3274 acquiritur,
3192 3214 3246 3260 et
3280 3207 3412 3262 cha-

1826 3296 1960 3350 ritas
1993 3295 2133 3364 apud
2166 3294 2335 3349 Deum
2383 3302 2439 3348 et
2466 3293 2716 3349 homines
2759 3303 3008 3366 augetur.
3042 3294 3142 3362 Qui
3174 3297 3317 3350 enim
3349 3297 3407 3352 in

1825 3386 2077 3441 omnibus
2103 3400 2258 3453 :cquo
2287 3385 2470 3438 animo
2499 3385 2702 3439 cibaria
2746 3393 3036 3454 praeparat,
3065 3386 3134 3439 ab
3159 3387 3414 3442 omnibus

1827 3474 2110 3530 claritatis
2138 3474 2389 3543 gratiam,
2415 3483 2468 3526 et
2505 3489 2605 3542 pro
2634 3475 2886 3528 omnibus
2917 3476 3227 3529 mercedem
3269 3479 3410 3532 acci-

1826 3566 1941 3636 pict
1960 3565 2366 3633 sempiternam.
2399 3563 2674 3632 Scriptum
2699 3571 2784 3617 est
2804 3563 2980 3617 enim:
3016 3564 3153 3629 Quia
3185 3566 3274 3635 qui
3295 3566 3413 3636 plus

1827 3656 2056 3721 laborat,
2087 3654 2203 3724 plus
2233 3655 2485 3708 mercedis
2520 3655 2736 3724 accipiet
2759 3653 2961 3726 (Eccle.
2990 3655 3133 3726 vm).

1899 3747 2254 3803 Imbecillibus
2303 3759 2478 3802 autem
2524 3757 2874 3820 procurentur
2916 3749 3147 3815 solatia,
3184 3759 3241 3803 ut
3299 3767 3404 3804 non

1827 3859 1948 3897 cum
1987 3842 2203 3895 tristitia
2226 3843 2321 3895 hoc
2363 3841 2586 3911 faciant,
2617 3841 2707 3894 sed
2750 3841 2976 3895 habeant
3012 3858 3191 3895 omnes
3219 3839 3410 3894 solatia

1826 3933 2114 3989 secundum
2151 3934 2362 3988 modum
2391 3933 2808 4003 congregationis
2824 3921 2915 3986 aut
2942 3934 3252 4002 positionem
3284 3931 3408 3985 loci.

1829 4022 2130 4078 lmbecilles
2158 4033 2359 4087 autem,
2391 4021 2612 4090 fragiles
2631 4063 2644 4086 ,
2681 4023 2939 4077 delicatos
2968 4023 3052 4076 vel
3098 4022 3301 4076 debiles
3331 4022 3412 4076 di-

1829 4116 1922 4170 cit.
1948 4113 2260 4180 lmbecillis,
2289 4114 2444 4185 quasi
2471 4114 2591 4168 sine
2612 4115 2788 4169 baculi
2817 4114 3188 4170 consolatione
3216 4115 3416 4170 intelli-

1830 4206 1974 4277 gitur
1994 4220 2133 4260 csse.
2160 4205 2312 4272 Quod
2347 4213 2530 4260 autem
2559 4205 2710 4267 dicit,
2742 4205 3030 4258 secundum
3052 4204 3264 4258 modum
3290 4221 3417 4259 con-

1829 4297 2170 4368 gregationis,
2186 4297 2482 4351 secundum
2507 4296 2719 4350 numeri
2743 4297 2958 4350 modum
2978 4303 3032 4349 et
3053 4295 3414 4365 quantitatem

1833 4386 2153 4455 intelligitur
2197 4386 2605 4440 monachorum.
2646 4384 2955 4440 Secundum
3005 4385 3416 4442 multitudinem

1829 4477 1974 4533 enim
1999 4476 2451 4547 congregationis,
2466 4482 2521 4530 et
2535 4475 2908 4529 ministrorum
2933 4491 3191 4531 numerus
3209 4483 3305 4531 aut
3321 4475 3420 4531 mi-

1833 4583 1934 4622 nor
1955 4574 2048 4620 aut
2073 4565 2300 4635 amplior
2321 4565 2628 4634 deputetur.
2648 4564 2800 4632 Quod
2833 4573 3012 4620 autem
3037 4566 3186 4631 dicit,
3210 4575 3303 4619 aut
3323 4581 3418 4637 po-

1831 4659 2071 4712 sitionem
2116 4657 2250 4723 loci,
2281 4656 2604 4726 intelligitur
2646 4656 2933 4712 aediﬁcatio
2962 4657 3048 4711 vel
3083 4657 3422 4712 constructio

1833 4749 2169 4806 monasterii.
2196 4747 2541 4804 Constructio
2562 4749 2706 4804 enim
2738 4750 3074 4814 monasterii,
3103 4750 3148 4803 si
3175 4763 3418 4820 congruo

1835 4841 2056 4911 ponitur
2075 4839 2326 4903 loco,ubi
2355 4839 2650 4894 secundum
2684 4837 2846 4908 hujus
2867 4839 3088 4911 Regula:
3117 4839 3413 4910 capitulum

1839 4929 2021 4983 omnia
2051 4929 2106 4983 in
2153 4929 2392 4984 claustro
2433 4930 2711 4984 contineat
2740 4931 3068 4997 necessaria,
3118 4931 3298 4986 minus
3327 4947 3422 4987 co-

1841 5036 1980 5090 quus
2007 5021 2235 5075 aliorum
2261 5022 2467 5093 indiget
2497 5021 2787 5090 adjutorio.
2816 5022 2874 5076 Si
2887 5037 3022 5077 vero
3043 5023 3098 5076 in
3118 5031 3271 5078 arcto
3299 5023 3422 5078 loco

1841 5123 1896 5168 et
1936 5121 2164 5183 angusto
2208 5112 2294 5167 vel
2346 5113 2498 5167 arido
2531 5113 2752 5182 ponitur
2775 5113 2907 5179 situ,
2946 5113 3038 5168 ubi
3082 5127 3183 5169 nec
3218 5127 3418 5185 aquam

1842 5205 1959 5260 sine
1980 5205 2181 5269 labore,
2199 5219 2301 5259 nec
2329 5205 2545 5259 hortum
2570 5205 2770 5259 habere
2797 5207 3008 5276 possint
3029 5207 3146 5262 sine
3167 5207 3418 5277 penuria,

1838 5294 1960 5363 plus
1996 5295 2183 5363 coquis
2219 5294 2588 5347 administrari
2616 5293 2812 5349 debent
2838 5295 3050 5350 solatia.

1910 5382 1971 5437 Si
1996 5383 2171 5452 major
2193 5383 2523 5452 congregatio
2551 5381 2738 5452 fuerit,
2759 5384 3062 5440 cellerarius
3090 5395 3366 5439 excusetur
3385 5399 3419 5435 α

1838 5478 2093 5547 coquina;
2123 5474 2201 5528 vel
2221 5476 2266 5528 si
2287 5476 2399 5544 qui,
2426 5485 2481 5528 ut
2511 5475 2761 5543 diximus,
2792 5478 3082 5548 majoribus
3107 5473 3420 5528 utilitatibus

1839 5576 2179 5638 occupantur.
2210 5565 2396 5620 Cceteri
2441 5584 2561 5622 vero
2609 5569 2708 5623 sibi
2753 5569 2848 5624 sub
2899 5569 3152 5622 charitate
3199 5564 3420 5618 invicem

1803 5661 1806 5664 ’
1842 5660 2089 5712 serviant.
2115 5659 2411 5716 Charitatis
2450 5659 2594 5716 enim
2621 5661 2795 5717 oﬂicio
2819 5671 3008 5714 omnes
3029 5655 3278 5712 omnibus
3307 5667 3422 5712 ser-
