3992 6206
588 258 698 312 8’37

1868 241 2004 299 ΒΜΔ
2013 241 2219 298 EAG-Di
2254 236 2543 297 ABBATIS

3729 237 3822 295 868

591 370 774 430 viant,
820 374 875 422 et
918 366 985 419 ab
1015 360 1246 417 invicem
1295 356 1577 414 servitium
1620 353 1942 423 recipientes
1995 352 2165 407 servi-
2193 350 2241 410 A
2269 351 2642 415 commendet;
2675 354 2731 404 et
2763 344 3023 416 quidquid
3072 357 3172 413 per
3203 342 3582 413 ignorantiam,
3625 356 3716 403 aut
3739 363 3823 419 per

594 461 731 516 lium
777 456 1003 512 reddant
1053 457 1433 522 supportautes
1462 446 1713 510 invicem,
1756 452 1814 499 et
1854 443 2055 498 laboris
2085 442 2170 496 sui

591 546 962 616 unusquisque
1007 556 1039 595 a
1075 540 1305 596 Domino
1345 537 1563 609 dignam
1609 541 1990 606 exspectantes
2032 546 2174 589 mer-

597 637 806 692 cedem.

668 727 989 796 Egressurus
1020 722 1085 777 de
1110 717 1655 792 septimana,sabbato
1679 715 1963 770 munditias
1987 714 2170 786 faciat.

597 815 923 871 Linteamina
962 829 1080 867 cum
1107 812 1291 885 quibus
1321 808 1641 878 sibi‘fratres
1679 821 1868 860 manus
1897 814 1988 858 aut
2020 803 2175 874 pedes

592 916 832 980 tergunt,
866 904 1019 960 lavet.
1068 902 1235 957 Pedes
1288 915 1408 954 vero
1467 908 1576 953 tam
1614 898 1722 969 ipse
1776 895 1868 966 qui
1912 894 2179 966 egreditur

594 1014 753 1071 quam
780 996 866 1051 ille
902 995 992 1067 qui
1032 995 1329 1047 intraturus
1378 997 1483 1054 est,
1528 986 1767 1041 omnibus
1806 984 1997 1039 lavent.
2043 980 2179 1037 Vasa

596 1086 872 1143 ministerii
907 1084 991 1140 sui
1018 1080 1218 1136 munda
1259 1087 1308 1133 et
1334 1094 1467 1133 sana
1493 1074 1767 1129 cellerario
1796 1071 2177 1142 reconsignent.

598 1178 703 1245 Qui
730 1176 1033 1232 cellerarius
1060 1174 1182 1227 item
1220 1170 1439 1225 intranti
1480 1167 1745 1237 consignd
1766 1204 1781 1229 ,
1810 1173 1863 1217 ut
1893 1164 2027 1218 sciat
2052 1162 2178 1233 quid

595 1271 687 1323 dat
705 1276 795 1323 aut
819 1266 947 1339 quid
971 1265 1174 1336 recipit.
1208 1261 1348 1319 llinc
1372 1258 1668 1315 Cassianus
1693 1256 1769 1309 ait
1797 1272 1812 1308 :
1840 1256 1973 1309 Acte
2000 1262 2182 1308 autem

595 1359 901 1421 Dominico,
938 1347 1571 1426 ingredientessecunda
1601 1345 1760 1410 feria,
1814 1344 1939 1400 aliis
1980 1343 2180 1398 iterum

595 1446 1013 1504 succedentibus
1037 1444 1095 1498 bi
1120 1442 1213 1513 qui
1238 1438 1589 1514 egrediuntur
1612 1432 1865 1491 utensilia
1898 1432 1954 1488 in
1985 1431 2184 1507 quibus

598 1535 1028 1593 ministraverint
1054 1548 1119 1588 ac
1146 1546 1276 1587 vasa
1314 1528 1657 1598 consignent.
1705 1523 1835 1590 Qua:
1862 1528 2012 1576 tanta
2042 1521 2184 1577 solli-

596 1629 838 1685 citudine
867 1639 1109 1695 curaque
1138 1620 1472 1683 custodiant,
1504 1632 1572 1673 ne
1600 1614 1804 1684 aliquid
1848 1629 1915 1672 ex
1959 1613 2040 1668 eis
2087 1612 2185 1667 mi-

600 1726 797 1772 nuatur
822 1723 915 1769 aut
938 1719 1154 1783 pereat;
1191 1718 1284 1764 aut
1312 1707 1539 1763 credant
1582 1719 1642 1760 se
1676 1703 1843 1757 etiam
1881 1717 1980 1772 pro
2020 1701 2182 1756 mini-
2211 1684 2260 1744 Β

598 1808 702 1862 mis
730 1806 1033 1875 quibusque
1057 1800 1292 1856 vasculis
1318 1807 1579 1867 tanquam
1618 1809 1718 1864 pro
1758 1793 1961 1847 sanctis
1991 1800 2047 1847 et
2069 1806 2184 1846 ma—

596 1898 717 1967 gnis
742 1896 902 1949 rebus
925 1893 1196 1947 rationem
1241 1904 1350 1943 non
1395 1884 1569 1941 solum
1615 1883 1846 1947 homini,
1889 1881 1984 1937 sed
2019 1881 2183 1936 etiam

600 1988 828 2041 Domino
843 1983 1169 2047 reddituros,
1193 1980 1239 2034 si
1260 1977 1401 2032 forte
1422 1974 1627 2045 aliquid
1654 1988 1721 2028 ex
1742 1973 1825 2028 his
1848 1971 2188 2047 negligenter

598 2075 764 2130 fuerit
792 2072 991 2128 factum
1016 2080 1110 2125 aut
1142 2066 1436 2139 perditum.
1480 2062 1559 2119 ita
1589 2063 1737 2118 enim
1766 2060 2188 2132 septimanarius

596 2167 918 2236 obsequium
938 2179 1097 2219 suum
1125 2161 1355 2216 ﬁdeliter
1381 2165 1626 2230 peragat,
1669 2172 1739 2211 ne
1768 2170 1934 2211 unum
1969 2154 2187 2226 quidem

601 2270 829 2327 granum
877 2252 1165 2324 leguminis
1211 2249 1544 2320 negligenter
1572 2247 1751 2317 perire
1781 2247 1848 2303 de
1876 2245 1991 2303 suis
2016 2242 2190 2299 mani-

603 2349 704 2402 bus
731 2346 985 2416 patiatur.
1022 2343 1160 2411 Quia
1190 2341 1374 2396 omnia
1409 2353 1533 2407 qua:
1556 2339 1611 2392 in
1638 2335 1969 2393 monasterio
1992 2334 2192 2391 fuerint

604 2437 772 2493 semel
815 2437 1080 2506 ingressa,
1120 2441 1378 2501 tanquam
1412 2436 1758 2495 sacrosancta
1786 2435 1843 2484 et
1889 2424 2045 2496 quasi
2075 2421 2190 2491 jam

606 2528 832 2583 Domino
868 2529 1185 2581 consecrata
1215 2536 1339 2576 cum
1388 2534 1598 2575 summa
1657 2515 1964 2572 reverentia
2000 2512 2194 2569 Patres

606 2621 779 2678 nostri
829 2625 1064 2676 tractare
1091 2615 1401 2686 'jusserunt.
1444 2612 1551 2685 Ipsi
1595 2608 2005 2667 bebdomadarii
2033 2622 2193 2664 omne

575 2727 579 2735 '
605 2712 904 2776 servitium,
938 2718 992 2766 et
1017 2723 1233 2765 omnem
1262 2704 1623 2777 diligentiam,
1669 2710 1726 2757 et
1755 2699 2054 2757 munditias
2079 2712 2195 2752 mo-

609 2803 835 2861 nasterii
856 2808 1182 2865 exerceant,
1206 2812 1407 2868 aquam
1444 2792 1697 2849 manibus
1726 2791 1829 2861 ipsi
1858 2789 2193 2853 ministrent,

602 2894 773 2966 pedes
801 2894 1004 2959 lavent,
1043 2904 1268 2962 mappas
1292 2894 1351 2943 et
1379 2886 1615 2944 sabanas
1632 2923 1649 2951 ,
1695 2888 1753 2936 et
1782 2878 2067 2949 facitergia
2095 2877 2198 2948 ipsi

615 2996 813 3044 «avent.

680 3074 1063 3149 Septimanarii
1095 3082 1293 3137 autem,
1322 3078 1444 3125 ante
1482 3082 1642 3122 unam
1670 3066 1856 3118 horam
1881 3061 2193 3133 refectionis,

611 3148 869 3238 accipiant
899 3178 1077 3233 super,
1106 3168 1360 3214 statutam
1391 3169 1677 3216 annonam,
1713 3148 1945 3221 singulos
1977 3148 2197 3213 biberes,

612 3269 660 3312 et
682 3273 894 3329 panem,
940 3264 998 3309 ut
1036 3254 1169 3306 hora
1197 3248 1496 3321 refectionis
1544 3245 1655 3300 sine
1694 3238 2108 3296 murmuratione
2152 3246 2201 3292 et

614 3328 773 3421 gravi.
793 3346 972 3401 labore
1014 3342 1240 3397 serviant
1266 3337 1522 3409 fratribus
1548 3334 1678 3389 suis.
1711 3331 1866 3400 Quod
1895 3337 2079 3385 autem
2126 3328 2211 3389 di-,

611 3419 692 3497 cit
728 3448 893 3493 :eante
917 3451 1077 3491 unum
1104 3430 1401 3502 refectionis
1431 3427 1647 3490 horam,
1687 3419 2111 3492 subiutelligitur
2146 3419 2205 3473 in

615 3534 705 3589 illa
734 3546 840 3587 una
870 3530 1024 3589 hora.
1049 3532 1341 3594 antequam
1371 3519 1572 3575 fratres
1592 3516 1861 3580 reﬁciant,
1881 3513 1938 3568 in
1964 3512 2082 3583 ipsa
2112 3525 2203 3565 ac-

618 3625 823 3695 cipiant
849 3635 1011 3692 super
1034 3624 1293 3674 statutam
1324 3626 1617 3677 annonam,
1647 3607 1702 3664 id
1725 3615 1831 3674 est,
1858 3619 2021 3675 super
2050 3618 2204 3659 suam

620 3729 954 3778 mensuram,
988 3720 1098 3766 tam
1126 3707 1411 3770 cibariam,
1443 3717 1564 3773 qua:
1604 3701 1710 3757 illis
1759 3696 2120 3754 communiter
2144 3702 2205 3750 et

622 3805 939 3877 regulariter
988 3808 1190 3858 statuta
1232 3807 1341 3863 est,
1374 3794 1644 3866 accipiant
1690 3791 1933 3862 singulos
1990 3788 2206 3845 biberes

622 3910 785 3965 super
811 3903 1325 3958 mensuram_suam,
1354 3878 1713 3942 et‘modicum
1738 3880 1895 3952 panis
1933 3894 2098 3949 super
2140 3878 2209 3933 li-

622 3987 778 4046 bram
811 3998 987 4050 suam,
1018 3996 1087 4037 nc
1108 3977 1316 4052 gravati
1343 3974 1565 4032 servitio
1585 3981 1881 4045 graventur
1901 3980 1957 4026 et
1978 3970 2206 4043 jejunio.

696 4077 765 4132 In
791 4074 971 4130 diebus
996 4079 1170 4126 autem
1200 4064 1517 4123 solemnibus
1545 4079 1704 4134 usque
1725 4061 1794 4116 ad
1822 4061 2011 4115 missas
2050 4059 2209 4113 susti-

625 4175 808 4229 neant.
863 4162 1019 4231 Quod
1047 4168 1232 4216 autem
1267 4156 1403 4213 dicit
1435 4173 1448 4209 :
1496 4169 1659 4225 usque
1707 4151 1775 4206 ad
1812 4152 1998 4205 missas
2043 4149 2209 4205 susti-

629 4266 819 4323 neant,
860 4252 1179 4325 intelligitur
1224 4262 1397 4319 usque
1445 4244 1514 4300 ad
1561 4244 1785 4297 missam
1832 4238 2206 4310 principalem,

628 4366 750 4422 qua:
776 4347 1030 4403 omnibus
1057 4340 1374 4399 solemniter
1398 4337 1631 4393 canitur.
1655 4334 1791 4389 Nam
1815 4341 1942 4389 sunt
1967 4332 2210 4403 plerique
2242 4375 2289 4433 Β

629 4440 1019 4503 monachorum
1055 4430 1463 4496 ministerialcs,
1497 4428 1590 4503 qui
1635 4440 1795 4481 mane
1820 4424 2047 4479 audiunt
2082 4422 2214 4477 mis-

628 4547 768 4598 sam,
799 4538 855 4585 et
894 4524 1201 4589 comedam,
1231 4530 1287 4576 et
1313 4526 1547 4593 pergunt
1575 4532 1682 4590 quo
1712 4515 1917 4582 volunt,
1948 4522 2005 4569 et
2029 4513 2217 4571 dicunt

633 4641 694 4685 se
717 4625 943 4680 missam
986 4617 1225 4682 audisse,
1254 4622 1309 4670 et
1358 4614 1434 4668 ita
1480 4609 1800 4667 comedisse.
1844 4606 1997 4674 Quod
2025 4605 2215 4661 vitium

633 4715 923 4786 providens
957 4707 1361 4782 prohibensque
1406 4703 1600 4759 beatus
1656 4699 1985 4759 Benedictus
2036 4696 2213 4753 dixit:

639 4808 709 4862 lu
737 4808 920 4862 diebus
963 4812 1146 4858 autem
1167 4796 1487 4856 solemnibus
1532 4810 1694 4866 usque
1730 4793 1799 4847 ad
1828 4792 2015 4847 missas
2054 4790 2218 4845 susti-

642 4906 820 4953 neunt.

710 4987 976 5045 latrantes
1021 4994 1071 5040 et
1112 4989 1364 5039 exeuntes
1423 4974 1820 5033 ltebdomadarii
1876 4974 1933 5027 in
1988 4973 2221 5027 oratorio

645 5101 770 5146 mox
830 5081 1107 5143 Numinis
1153 5078 1318 5149 ﬁnitis
1363 5073 1676 5136 Dominica,
1713 5069 1948 5125 omnium
2005 5065 2221 5139 genibus

646 5174 1038 5247 provolvuntur,
1078 5168 1403 5243 postulantes
1436 5182 1532 5238 pro
1574 5181 1630 5220 se
1659 5162 1823 5217 arari.
1853 5160 2009 5217 Hane
2045 5160 2115 5216 ab
2141 5158 2225 5215 eis

652 5244 1078 5319 benedictionem
1100 5264 1158 5311 et
1183 5250 1559 5313 retributionis
1589 5247 1892 5304 mercedem
1914 5260 2012 5315 pro
2040 5244 2226 5299 labore

651 5354 817 5417 totius
854 5348 1172 5420 septimana:
1216 5344 1449 5400 ﬁdeliter
1486 5347 1819 5411 expetentes,
1863 5344 1924 5392 ut
1950 5335 2226 5407 complen-

652 5459 735 5505 tes
752 5461 848 5503 eos
864 5441 1075 5501 Christi
1110 5436 1422 5493 mandatum
1450 5430 1718 5506 generalis
1746 5431 1814 5487 ab
1841 5429 2093 5487 omnibus
2115 5426 2228 5483 fra-

576 5558 580 5562 ‘
650 5543 827 5601 tribus
874 5538 1077 5600 emissa
1113 5536 1470 5605 prosequatur
1526 5526 1732 5591 oratio,
1756 5538 1884 5594 qua:
1928 5530 1985 5578 et
2037 5534 2227 5579 eorum

651 5636 1025 5689 consummata
1065 5620 1347 5692 obsequia,
1384 5616 1532 5674 velut
1555 5617 1703 5687 pium
1732 5612 2078 5679 sacriﬁcium,
2116 5612 2228 5666 Deo

2273 446 2566 499 humanam
2609 439 2954 510 fragilitatem
3001 433 3365 506 peccaverint,
3415 434 3722 506 simpliciter
3752 441 3824 496 in-

2273 535 2535 591 tercedat.

2344 622 2632 694 Egrediens
2663 629 2840 675 autem
2865 618 2929 675 de
2953 619 3246 688 septimana
3273 615 3416 675 dicat
3444 616 3582 672 hunc
3602 634 3823 676 mutu:

2274 715 2588 773 Benedictus
2624 729 2700 779 es,
2716 710 2939 766 Domine
2967 708 3132 772 Deus,
3153 707 3245 777 qui
3273 706 3522 777 adjuvisti
3548 725 3628 763 me
3653 719 3700 765 et
3721 728 3825 767 ωπ-

2275 808 2476 864 solatus
2511 824 2566 862 es
2592 822 2693 860 me.
2742 803 2858 871 Quo
2898 801 3040 855 dicto
3092 800 3267 865 tertio,
3299 801 3518 871 recipiat
3546 801 3826 859 benedictio-

2279 918 2395 955 nem
2452 899 2740 970 egrediens.
2793 893 3155 965 subsequatur
3204 891 3531 962 ingrediens,
3584 902 3631 947 et
3661 895 3822 948 dicat:

2280 991 2421 1046 Deus
2452 991 2510 1044 in
2535 988 2863 1058 adjutarium
2891 999 3062 1041 meum
3095 982 3337 1037 intende:
3357 981 3577 1039 Domine
3604 982 3669 1036 ad
3690 986 3824 1057 adju-

2278 1082 2510 1137 vandum
2556 1097 2638 1137 me
2664 1079 2876 1149 festina.
2913 1075 2978 1130 Et
3007 1076 3107 1133 hoc
3147 1073 3285 1129 idem
3319 1072 3475 1128 tertio
3506 1080 3749 1142 repetatur
3770 1074 3823 1127 si

2280 1173 2539 1229 omnibus.
2569 1171 2638 1226 Et
2669 1177 2883 1240 accepta
2917 1166 3295 1229 benedictione,
3326 1163 3671 1234 ingrediatur.
3702 1162 3826 1220 Haec

2281 1263 2562 1334 egrediens
2586 1276 2617 1317 a
2643 1260 2924 1316 sacerdote
2960 1255 3195 1326 accipiat
3218 1252 3649 1311 benedictionem
3670 1268 3686 1307 :
3709 1254 3825 1309 Dens

2282 1357 2375 1427 qui
2397 1355 2580 1415 dixisti
2607 1373 2621 1409 :
2663 1353 2846 1408 Venite
2865 1352 2933 1406 ad
2962 1367 3065 1416 me,
3089 1366 3265 1405 omnes
3287 1349 3379 1421 qui
3398 1348 3651 1403 laboratis
3668 1357 3714 1403 et
3731 1363 3828 1404 ole-

2284 1447 2386 1501 rati
2420 1447 2562 1511 estis,
2598 1454 2646 1499 et
2667 1460 2761 1514 ego
2789 1442 3023 1511 reﬁciam
3048 1457 3163 1507 vos,
3188 1441 3289 1495 hos
3313 1438 3546 1495 famulos
3572 1446 3689 1495 tuos
3706 1438 3827 1493 labo-

2285 1552 2405 1592 rum
2444 1550 2664 1591 suorum
2692 1533 2917 1604 praemio
2945 1531 3109 1587 reﬁce
3156 1530 3512 1600 sempiterno.
3539 1527 3644 1584 Per
3677 1527 3828 1583 Domi-

2283 1642 2435 1691 num,
2465 1633 2574 1682 etc.
2606 1624 2674 1679 Et
2715 1624 2858 1678 hanc
2898 1621 3207 1692 ingrediens
3251 1618 3489 1688 accipiat
3542 1616 3829 1673 benedictio-

2288 1732 2414 1772 nem
2440 1715 2705 1785 :Adjuva,
2735 1727 2938 1784 quasso,
2971 1710 3218 1775 Domine,
3255 1710 3357 1764 hos
3385 1706 3616 1763 famulos
3640 1714 3750 1761 tuos
3784 1706 3829 1761 is

2285 1806 2548 1876 obsequio
2577 1805 2891 1860 laborantes
2918 1801 3192 1865 fraterno,
3214 1807 3271 1855 et
3294 1798 3415 1854 sine
3440 1796 3825 1852 murmuratione

2287 1896 2393 1952 illis
2439 1892 2900 1965 perseverantiam
2953 1898 3011 1945 et
3060 1888 3265 1959 proprii
3311 1885 3521 1942 laboris
3565 1884 3829 1940 mercedem

2287 1985 2523 2041 concede
2544 1991 2881 2054 perpetuam.
2917 1978 3022 2034 Per
3071 1978 3385 2040 Dominum,
3420 1982 3529 2031 etc.
3577 1972 3829 2043 Egrediens

2290 2083 2471 2131 autem
2499 2071 2958 2130 hebdomadarius
2982 2069 3089 2124 rite
3118 2067 3347 2123 Domino
3373 2065 3541 2121 dicit:
3562 2062 3826 2117 Benedictus

2288 2182 2363 2230 es,
2396 2164 2617 2220 Domine
2655 2161 2819 2225 Deus,
2846 2159 2936 2231 qui
2964 2157 3217 2227 adjuvisti
3243 2172 3359 2221 me;
3384 2154 3517 2225 quia
3553 2153 3660 2223 ipse
3685 2150 3827 2206 Domi.

2290 2272 2393 2312 nus
2444 2254 2664 2323 adjuvat
2706 2252 2980 2309 hominem
3016 2250 3071 2305 in
3109 2249 3316 2313 labore,
3346 2254 3405 2303 et
3443 2247 3563 2316 ipse
3605 2244 3821 2301 laboranti

2289 2345 2573 2417 praemium
2602 2344 2870 2414 promittit
2895 2338 3296 2403 consolationis.
3346 2335 3656 2407 Ingrediens
3682 2341 3825 2387 autem

2292 2445 2441 2491 recte
2456 2434 2687 2491 Domino
2702 2433 2862 2491 dicit:
2887 2431 3050 2496 Deus,
3070 2430 3127 2484 in
3152 2428 3484 2498 adjutorium
3506 2440 3670 2479 meum
3691 2422 3826 2476 intes-

2293 2530 2378 2595 de,
2417 2528 2545 2598 quia
2584 2526 2640 2581 in
2694 2524 2895 2584 laboris
2920 2521 3221 2593 ingreditur
3244 2518 3512 2582 ofﬁcium,
3547 2514 3634 2577 ubi
3657 2510 3826 2568 Domini

2293 2618 2661 2676 necessarium
2710 2616 2875 2673 habet
2904 2611 3255 2682 adiutorium.
3297 2608 3450 2672 illius
3486 2606 3732 2667 videlicet,
3755 2602 3827 2671 qui

2292 2725 2393 2781 pro
2421 2723 2481 2765 se
2508 2708 2754 2769 laborare
2784 2703 3088 2765 volentibus
3115 2700 3253 2757 dixit
3290 2717 3304 2753 :
3346 2696 3480 2752 Sine
3519 2713 3597 2751 me
3623 2691 3735 2749 nihil
3760 2707 3831 2761 po-

2295 2800 2439 2855 testis
2465 2798 2637 2868 facere
2662 2796 2846 2868 (Joan.
2875 2791 2993 2865 xv).
3014 2791 3174 2860 Quod
3213 2799 3396 2851 autem
3449 2789 3582 2845 dicit
3613 2805 3627 2841 :
3663 2791 3833 2852 accepts
3920 2792 3921 2797 ‘

2296 2889 2653 2946 benedictione
2689 2886 3041 2958 ingrediatur,
3072 2883 3186 2949 sive
3231 2882 3299 2945 ab
3326 2878 3580 2941 omnibus
3619 2872 3832 2929 fratribus

2298 2980 2543 3037 oratione
2562 2977 2863 3049 praemissa,
2892 2974 3007 3035 sive
3032 2986 3067 3027 α
3096 2970 3376 3035 sacerdote
3401 2966 3707 3038 intelligitur
3725 2959 3831 3031 peti-

2305 3070 2452 3126 tione
2471 3068 2716 3125 collecta.

2827 3152 3058 3212 CAPUT
3107 3149 3347 3206 XXXVI.

2762 3245 2841 3300 De
2882 3242 3110 3313 inﬁmis
3143 3239 3425 3310 fratribus.

2376 3336 2718 3406 Infirmorum
2743 3350 2872 3388 cura
2907 3341 3027 3387 ante
3055 3330 3230 3385 omnia
3259 3336 3308 3382 et
3342 3341 3508 3397 super
3533 3322 3694 3379 omnia
3718 3318 3832 3375 aditi-

2305 3427 2473 3482 benda
2499 3435 2607 3492 est,
2635 3434 2694 3479 ut
2720 3424 2855 3479 sicut
2890 3438 3069 3478 revera
3096 3417 3326 3482 Christo,
3363 3418 3449 3471 ita
3488 3416 3562 3471 eis
3604 3413 3830 3472 serviatur,

2303 3524 2429 3593 quia
2453 3523 2562 3591 ipse
2586 3518 2744 3583 dixit,
2777 3515 3032 3585 Infirmus
3061 3512 3166 3583 fui,
3191 3519 3243 3565 et
3267 3508 3527 3563 visitastis
3551 3521 3628 3559 nte
3666 3499 3830 3593 (υααξτ

2304 3585 2454 3685 in).
2473 3585 2571 3677 Ἐι,
2602 3608 2756 3677 Quod
2787 3604 2981 3678 fecistis
3003 3603 3095 3658 uni
3129 3601 3195 3656 de
3221 3602 3302 3656 his
3329 3596 3565 3653 minimis
3584 3585 3835 3685 meismet

2307 3675 2499 3776 fecistis
2521 3675 2731 3773 (lbid.).
2746 3675 2884 3753 Hinc
2910 3695 3272 3761 interrogatus
3288 3689 3489 3745 beatus
3508 3675 3836 3776 Basiliusqua‘i
3920 3716 3921 3776 ἡ

2307 3760 2499 3852 eﬁectu
2521 3760 2779 3849 debemus
2790 3787 3024 3844 inﬁrmis
3034 3760 3299 3840 fratribus
3312 3781 3648 3842 ministrare,

2308 3888 2431 3942 dit:
2468 3885 2626 3940 Sicut
2669 3882 2772 3953 ipsi
2835 3878 3065 3935 Domino
3110 3874 3405 3931 oﬁ‘ercntes
3462 3868 3732 3939 obsequia,

2310 3975 2481 4030 dixit:
2515 3971 2657 4038 Quia
2688 3947 2816 4025 cum
2863 3966 3060 4037 fecistis
3102 3962 3196 4019 uni
3237 3976 3303 4016 ea:
3352 3954 3465 4013 his
3495 3947 3839 4030 fratribusaeit
3920 3960 3921 3963 ‘

2311 4063 2561 4127 minimis,
2594 4060 2722 4116 mihi
2764 4057 2961 4128 fecistis
2989 4052 3201 4127 (Ibid.).
3230 4049 3369 4106 Hinc
3420 4049 3561 4106 alius
3595 4039 3835 4128 ωουιοιιρ-

2312 4168 2433 4209 rum
2455 4125 2618 4208 Pater
2646 4151 2724 4205 ait
2754 4125 2775 4203 ε’
2817 4125 3020 4202 Horum
3051 4158 3183 4199 cura
3220 4140 3315 4211 qui
3362 4132 3751 4193 inﬁrmitatibus
3771 4125 3839 4179 de-

2314 4247 2579 4310 tinentur,
2606 4242 2784 4313 qualis
2808 4254 2934 4297 esse
2959 4238 3140 4301 debet,
3171 4234 3351 4306 pietas
3376 4227 3617 4285 auctoris

2313 4352 2440 4393 cum
2465 4301 2642 4392 dicit;
2677 4332 3013 4400 Quwcunque
3033 4301 3191 4380 vultis
3225 4331 3282 4377 ut
3316 4319 3462 4376 vobis
3492 4316 3679 4388 faciant

2316 4446 2428 4493 nes,
2478 4435 2528 4482 et
2557 4441 2645 4480 vos
2675 4395 2833 4493 facite
2862 4395 2971 4475 illis
3015 4417 3258 4475 similiter
3302 4410 3534 4484 (Matth.
3578 4405 3700 4473 vn).
3724 4395 3839 4493 Licet

2316 4520 2422 4575 hoc
2449 4517 2502 4573 in
2538 4514 2794 4571 omnibus
2840 4511 2915 4565 sit
2960 4505 3252 4579 agendum,
3302 4499 3578 4575 praecipue
3611 4495 3837 4579 tamen_|ﬂ

2318 4606 2710 4666 inﬁrmantium
2753 4616 2885 4658 cura
2942 4573 3058 4654 haec
3104 4573 3397 4669 pneceptio
3443 4597 3529 4646 est
3572 4573 3836 4669 exhibendi.

2319 4702 2448 4774 quia
2475 4698 2735 4755 Dominus
2763 4693 2901 4750 dixit
2934 4708 2949 4744 :
2980 4666 3237 4758 Inﬁrmus
3275 4683 3385 4774 fui,
3406 4690 3458 4736 et
3486 4674 3689 4774 venistis
3708 4666 3765 4723 ad

2326 4761 2542 4867 (Matth.
2570 4787 2721 4859 xxv).
2750 4776 2987 4853 ltaergo
3033 4794 3166 4836 cura
3192 4773 3425 4832 inﬁrmis
3449 4762 3719 4867 quaerenti:
3756 4761 3835 4816 εει.

2327 4854 2393 4941 ac
2418 4884 2464 4940 si
2491 4854 2760 4954 praesente
2787 4876 3006 4934 Christo
3052 4866 3352 4927 ministrari
3401 4869 3636 4934 putetur.
3678 4854 3839 4947 Reum

2327 4938 2528 5029 etenim
2574 4969 2880 5039 quicunque
2920 4976 3020 5033 pro
3054 4959 3274 5016 Christo
3314 4952 3546 5013 inﬁrmis
3572 4956 3734 5003 curam
3764 4938 3839 4991 im-

2328 5064 2534 5134 pendit,
2564 5061 2782 5117 Cbristo
2810 5060 2863 5112 in
2888 5054 3119 5112 inﬁrmis
3147 5050 3444 5113 ministrat.
3777 5118 3803 5134 ﬁ
3832 5116 3842 5125 .

2402 5118 2601 5214 sed'et
2642 5152 2743 5223 ipsi
2779 5149 2975 5220 inﬁmi
3012 5144 3360 5207 considerent,
3403 5140 3463 5193 in
3509 5137 3729 5191 honore!
3764 5118 3840 5223 ρεί

2328 5248 2428 5304 sibi
2461 5210 2675 5309 sentiri;
2692 5253 2743 5297 et
2787 5257 2892 5296 non
2932 5235 3294 5309 superfluitate
3324 5247 3424 5286 sua
3465 5224 3737 5283 contristat

2330 5351 2435 5396 tres
2478 5352 2601 5394 suos
2636 5305 2915 5391 servientes
2939 5305 3058 5386 sibi.
3092 5305 3241 5382 illinc
3269 5325 3461 5380 beatus
3501 5312 3707 5372 Basilius
3745 5305 3840 5397 mf

2332 5428 2563 5500 Expedit
2596 5424 2665 5480 ad
2706 5419 3141 5479 conservandum
3165 5413 3415 5475 allectum:
3441 5398 3839 5500 οδεψίἰῴἪί

2263 5528 2276 5539 ⁸
2520 5480 2722 5573 inﬁrmi
2749 5514 2842 5587 qui
2887 5510 3147 5582 obsequia
3171 5524 3203 5565 a
3234 5505 3389 5563 nobis
3420 5480 3838 5587 suscipi‘ln‘ﬂulf

2292 5680 2293 5683 γ
2331 5572 2678 5677 sint—quibus
2724 5572 2919 5661 merito
2972 5572 3171 5658 delerri
3218 5593 3535 5664 obsequium
3577 5584 3772 5643 debeat.
3797 5572 3838 5621 et
