3992 6206
375 291 481 345 869

1407 287 1757 343 COMMENT.
1799 286 1866 341 1N
1908 285 2063 340 HEC.
2108 285 2165 340 S.
2206 287 2582 345 BENEDICTI.

3507 289 3613 349 870

374 419 482 459 non
506 401 641 457 tales
674 401 764 473 qni
794 400 941 454 carni
970 400 1276 469 indulgeant
1305 407 1359 453 et
1400 401 1612 464 ventri,
1643 399 1736 463 sed
1764 398 1943 467 potius
1972 399 2016 456 Α
2038 393 2341 463 iuvenculis
2372 399 2577 454 tardius
2610 402 2956 456 concedatur.
2986 400 3124 457 llinc
3148 401 3339 455 beatus
3364 399 3616 472 Angusti-
3667 418 3673 424 ’

374 495 439 549 in’
455 508 639 549 amore
660 492 753 547 Dei
780 499 835 546 et
864 491 1064 546 Christi
1101 492 1218 562 ejus
1238 492 1545 563 probabiles
1572 489 1939 555 inveniantur,

373 596 429 640 ct
453 600 554 655 per
583 583 903 655 patientiam
947 597 1103 638 suam
1142 597 1208 638 ac
1244 582 1369 636 vitae
1411 580 1687 645 meritum,
1716 578 1942 633 fratrum

374 680 689 727 mereantur
713 670 994 740 obsequia,
1023 680 1085 725 ut
1122 671 1424 726 habeantur
1443 670 1511 725 ad
1540 669 1765 740 gloriam
1791 668 1946 724 Chri-

372 764 442 819 sti
487 761 932 833 etopprobrium
977 760 1195 825 diaboli,
1225 761 1366 817 sicut
1408 759 1511 814 fuit
1550 768 1768 815 sanctus
1819 758 1941 814 Job.

443 850 550 917 Qui
574 860 747 905 tamen
773 848 1025 920 patienter
1051 849 1294 919 portandi
1321 856 1463 912 sunt,
1507 847 1630 918 quia
1662 845 1725 900 de
1754 846 1946 900 talibus

374 941 634 1013 copiosior
653 955 847 994 merces
872 939 1183 1010 acquiritur.
1206 936 1341 993 Hinc
1358 936 1552 992 beatus
1576 935 1815 992 isidorus
1835 936 1913 991 ait
1933 953 1945 989 :

376 1034 479 1102 Qui
504 1033 648 1088 enim
678 1031 793 1089 sani
840 1039 993 1096 sunt,
1031 1029 1279 1085 inﬁrmos
1313 1028 1546 1097 tolerare
1587 1027 1804 1083 debent.
1845 1026 1949 1095 Qui

377 1133 556 1179 autem
585 1122 788 1177 inﬁrmi
815 1129 957 1184 sunt,
997 1134 1158 1175 sanos
1183 1129 1239 1175 et
1265 1119 1574 1175 laborantes
1615 1127 1948 1190 anteponen-

376 1217 473 1271 dos
500 1215 601 1271 sibi
642 1230 750 1270 non
792 1214 1056 1268 dubitent.
1091 1210 1192 1280 Qui
1229 1213 1348 1268 sani
1388 1220 1514 1267 sunt
1550 1226 1794 1283 corpore,
1828 1212 1947 1267 sani

374 1320 495 1360 esse
514 1303 712 1359 debent
728 1308 784 1357 et
807 1311 1005 1357 mente.
1030 1299 1099 1356 Et
1125 1300 1244 1357 ideo
1257 1301 1512 1356 convenit
1537 1301 1683 1355 sanis
1704 1299 1948 1355 inﬁrmos

374 1404 593 1467 portare
618 1394 788 1464 magis
809 1407 972 1461 quam
1000 1391 1070 1447 ab
1094 1390 1326 1447 inﬁrmis
1350 1390 1577 1460 portari.
1604 1387 1838 1445 Necesse
1864 1398 1950 1445 est

376 1488 518 1541 enim
546 1494 605 1539 ut
627 1484 897 1554 patienter
926 1489 1208 1552 portemus
1232 1479 1509 1545 inﬁrmos,
1537 1486 1597 1532 ut
1642 1479 1836 1533 iterum
1870 1479 1951 1533 in-

380 1577 520 1631 ﬁrmi
560 1576 829 1646 patienter
871 1581 1149 1643 portemur
1190 1588 1222 1627 a
1276 1573 1445 1627 sanis.
1493 1571 1760 1641 Tempore
1802 1572 1948 1627 enim

376 1666 710 1721 inﬁrmitatis
758 1679 946 1720 eorum
990 1664 1264 1734 copiosam
1318 1664 1621 1719 mercedem
1658 1664 1950 1718 serviendo

2044 502 2146 542 nus
2198 488 2317 542 ait:
2351 489 2646 545 Lavacrum
2698 491 2955 559 inﬁrmis,
3003 493 3050 548 si
3102 491 3397 548 necessitas
3448 493 3614 564 cogit,

2044 574 2267 631 minimc
2289 577 2582 649 denegetur
2611 597 2625 633 :
2654 580 2749 635 sed
2778 580 2991 636 etiamsi
3040 581 3197 646 nolit,
3227 580 3450 651 iubente
3476 595 3615 649 pra:-

2042 665 2250 732 posito,
2338 667 2434 722 ﬁat
2475 684 2574 739 pro
2618 669 2810 725 salute.
2852 669 2909 725 Si
2958 680 3137 741 autem
3182 671 3306 741 ipse
3361 671 3529 736 velit,
3559 677 3616 725 et

2044 749 2185 808 forte
2224 769 2331 810 non
2377 757 2631 826 expedit,
2689 774 2799 813 sum
2847 759 3127 829 cupiditati
3168 775 3274 814 non
3308 759 3611 815 obediatur.
3666 748 3671 763 ’

2120 840 2227 896 Sed
2262 852 2311 896 ct
2349 846 2585 900 carnium
2613 863 2730 901 esus
2769 848 2992 916 inﬁrmis
3026 848 3335 920 omninoque
3361 848 3616 903 debilibus

2047 946 2142 1001 pro
2182 933 2509 1000 reparatione
2531 936 2863 991 concedatur.
2892 937 2959 993 At
2997 937 3086 992 ubi
3111 937 3368 992 meliorati
3397 938 3617 1006 fuerint,

2048 1036 2081 1074 a
2110 1021 2353 1075 carnibus
2376 1039 2518 1077 more
2538 1023 2691 1078 solito
2717 1041 2893 1080 omnes
2915 1026 3227 1082 abstineant.
3261 1026 3398 1082 Hinc
3423 1029 3618 1084 iterum

2049 1111 2163 1181 ipse
2182 1112 2512 1183 Augustinus
2537 1115 2639 1170 ait:
2659 1114 2803 1171 Sane
2821 1118 3274 1186 quemadmodum
3293 1126 3619 1190 aegrotantes

2048 1221 2269 1261 necesse
2306 1208 2507 1262 habent
2555 1210 2733 1265 minus
2781 1211 3059 1280 accipere,
3094 1225 3159 1265 ne
3197 1218 3511 1283 graventur,
3541 1211 3617 1265 ita

2046 1303 2169 1365 post
2213 1296 2583 1368 aegritudinem
2619 1301 2697 1356 sic
2727 1303 2994 1357 tractandi
3042 1311 3197 1367 sunt,
3229 1310 3287 1357 ut
3327 1304 3488 1358 citius
3528 1317 3615 1357 re—

2048 1387 2321 1442 creentur.
2355 1388 2462 1445 Sed
2489 1406 2611 1446 cum
2636 1393 2779 1448 vires
2808 1394 3069 1463 pristinas
3111 1395 3503 1464 reparaverint,
3532 1409 3618 1448 re-

2051 1472 2214 1529 deant
2257 1476 2325 1531 ad
2362 1475 2658 1533 feliciorem
2688 1481 3131 1536 consuetudinem
3177 1497 3350 1547 suam,
3378 1497 3499 1552 qua:
3536 1481 3619 1536 fa-

2049 1562 2224 1617 mulos
2248 1564 2343 1618 Dei
2373 1573 2523 1619 tanto
2548 1567 2777 1636 amplius
2820 1568 2995 1631 decet,
3024 1575 3225 1637 quanto
3271 1580 3451 1623 minus
3476 1569 3618 1623 indi-

2052 1658 2197 1718 gent.
2256 1649 2365 1707 Nec
2423 1653 2528 1709 cibi
2579 1669 2674 1710 eos
2719 1663 2899 1709 teneat
2941 1655 3189 1727 voluptas
3219 1656 3334 1725 iam
3376 1670 3622 1727 vegetos,

377 1756 765 1826 conquimmus
801 1756 869 1809 ab
900 1753 1038 1820 illis,
1068 1762 1127 1808 ιη
1168 1761 1223 1808 ει
1270 1753 1346 1808 iui
1394 1762 1632 1822 tempore
1661 1753 1948 1808 ίηίῑηηίω,
1978 1752 2023 1810 Β
2050 1755 2185 1810 quos
2201 1742 2772 1825 nccessitasligaverat
2798 1746 3061 1800 inﬁrmos.
3083 1746 3209 1800 Illos
3235 1748 3508 1802 aestiment
3537 1750 3619 1805 di-

380 1848 450 1901 tis
474 1854 675 1901 nostrae
698 1844 969 1913 copiosam
992 1845 1294 1898 mercedem
1313 1842 1598 1898 serviendo
1623 1842 1949 1911 conquirant

376 1936 444 1990 de
483 1935 658 1990 nobis.
693 1933 831 1989 llinc
858 1930 1148 2003 Apostolus
1177 1933 1254 1987 ait
1282 1951 1295 1986 :
1330 1930 1556 1986 Invicem
1585 1948 1744 1985 onera
1780 1941 1948 1986 vestra

374 2031 596 2095 portate,
621 2033 668 2077 et
693 2022 767 2076 sic
797 2018 1142 2091 adimplebitis
1184 2020 1344 2091 legem
1373 2019 1567 2074 Christi
1597 2018 1806 2093 (Galat.
1846 2020 1944 2091 vi).

445 2115 588 2185 Ergo
613 2130 739 2167 cura
766 2113 997 2166 maxima
1038 2113 1104 2166 sit
1125 2111 1299 2165 abbati
1330 2129 1393 2166 ne
1429 2111 1658 2182 aliquam
1687 2111 1948 2182 negligen-

376 2207 502 2259 tiam
530 2205 817 2276 patiantur.
848 2202 1048 2269 Quibus
1073 2202 1326 2274 fratribus
1354 2202 1578 2271 inﬁrmis
1604 2203 1671 2256 sit
1699 2201 1831 2256 cella
1859 2218 1949 2256 su-

373 2313 466 2367 per
492 2312 548 2350 se
573 2295 844 2366 deputata,
876 2303 924 2347 et
958 2293 1176 2347 serritor
1202 2293 1384 2346 timens
1412 2290 1606 2355 Deum,
1636 2300 1684 2346 et
1725 2292 1947 2362 diligens

373 2404 435 2440 ac
473 2384 748 2443 sollicitus.
802 2382 886 2439 Sit
937 2398 1066 2456 ergo
1115 2382 1328 2439 abbatis
1366 2399 1496 2438 cura
1549 2391 1608 2438 ut
1656 2383 1947 2453 separatim

374 2479 566 2535 cellam
616 2478 854 2532 habeant
891 2490 1012 2530 cum
1055 2473 1306 2529 omnibus
1347 2473 1860 2544 opportunitatibus,
1888 2481 1949 2528 ut

374 2571 577 2625 nullum
607 2569 935 2625 exteriorem
955 2566 1198 2622 laborem
1224 2567 1484 2634 sentiant,
1509 2569 1602 2639 qui
1634 2569 1689 2623 in
1729 2568 1945 2623 inﬁma

374 2674 540 2716 carne
564 2671 779 2730 pmnam
808 2664 1045 2728 portant.
1069 2656 1472 2713 Inﬁrmantibus
1509 2673 1722 2729 quoque
1743 2657 1829 2715 vel
1847 2659 1947 2713 ali—

375 2768 478 2821 qua
520 2751 843 2807 necessitate
879 2749 1249 2805 laborantibus
1283 2749 1415 2804 satis
1439 2746 1608 2804 ﬁdelis
1638 2756 1693 2803 et
1726 2755 1946 2803 strenua

373 2840 535 2896 debet
559 2855 791 2910 persona
817 2840 1082 2910 praeponi,
1120 2854 1240 2908 qua:
1266 2847 1323 2894 et
1345 2838 1565 2908 aegrotis
1585 2853 1705 2893 cum
1745 2836 1947 2908 pietate

376 2929 600 2993 serviat,
642 2936 698 2982 et
731 2927 1172 2983 monasterialem
1222 2925 1565 2995 disciplinam
1622 2925 1946 2997 regulariter

376 3017 671 3084 custodiat,
700 3024 756 3073 et
775 3031 895 3087 qua:
926 3017 1248 3072 conveniant
1276 3016 1507 3071 inﬁrmis
1552 3016 1947 3072 rationabiliter

2051 1830 2234 1892 tiores,
2272 1831 2363 1901 qui
2393 1832 2446 1886 in
2478 1822 2779 1888 sufferenda
2820 1835 3087 1904 parcitate
3116 1835 3318 1890 fuerint
3346 1834 3620 1893 fortiores.

2051 1918 2238 1973 Melius
2268 1928 2353 1974 est
2382 1920 2526 1976 enim
2551 1922 2731 1977 minus
2756 1938 2915 1992 cgere
2948 1940 3109 1993 quam
3135 1924 3255 1994 plus
3278 1926 3497 1981 habere.
3531 1929 3622 1983 Di-

2048 2008 2234 2078 ligenti
2261 2010 2405 2064 enim
2432 2010 2750 2067 curiositate
2788 2014 2950 2067 debet
2991 2015 3157 2070 abbas
3188 2030 3503 2085 agnoscere,
3533 2018 3621 2073 vel

2046 2099 2299 2168 probare,
2328 2115 2397 2154 ne
2431 2101 2554 2170 quis
2582 2117 2641 2156 se
2670 2101 2833 2173 ﬁngat
2873 2111 3097 2174 prepter
3144 2104 3451 2162 refectionis
3490 2108 3620 2162 eda—

2047 2189 2265 2244 citatem
2287 2189 2582 2245 inﬁrmum.
2600 2192 2734 2248 Nam
2759 2195 2850 2265 qui
2880 2211 2938 2251 se
2962 2197 3162 2252 dixerit
3185 2212 3304 2255 csse
3329 2208 3613 2271 :egrotum,

2048 2287 2103 2333 et
2126 2280 2191 2333 ad
2220 2295 2354 2348 opus
2389 2280 2486 2336 Dei
2510 2298 2617 2337 non
2644 2286 2963 2353 surrexerit,
2994 2295 3051 2342 et
3073 2288 3333 2343 continuo
3360 2289 3615 2360 jacuerit,

2047 2365 2114 2420 ad
2131 2366 2345 2437 culpam
2376 2384 2483 2423 non
2514 2380 2756 2434 vocetur,
2774 2372 2869 2427 sed
2887 2373 2941 2427 in
2972 2374 3268 2432 refectione
3283 2378 3623 2435 solummodo

2050 2472 2266 2525 succos,
2294 2461 2379 2515 vel
2404 2475 2530 2527 ova,
2558 2472 2652 2517 aut
2693 2465 2925 2521 calidam
2953 2480 3148 2537 aquam
3176 2468 3432 2540 accipiat,
3461 2481 3540 2538 ut,
3570 2474 3617 2529 si

2046 2563 2108 2606 se
2162 2550 2316 2623 ﬁngit
2377 2562 2662 2625 azgrotum,
2712 2556 2796 2611 vel
2841 2554 2984 2613 fame
3043 2559 3399 2631 compellatur
3431 2561 3624 2620 levari.

2048 2644 2149 2712 Qui
2178 2653 2362 2700 autem
2383 2648 2451 2702 ad
2468 2647 2722 2727 laborem
2744 2651 3045 2720 proclamat
3071 2667 3129 2709 se
3150 2669 3259 2710 non
3290 2670 3472 2725 posse,
3493 2656 3622 2712 item

2047 2734 2115 2788 ad
2141 2734 2570 2794 manducandum
2589 2738 2865 2807 iudicetur
2890 2757 2998 2797 non
3023 2759 3205 2815 posse,
3250 2747 3377 2815 quia
3406 2754 3617 2802 utrum-

2045 2845 2150 2899 que
2175 2845 2280 2886 non
2302 2846 2463 2901 posse
2482 2832 2707 2903 iustitia:
2724 2837 2996 2891 convenit.
3027 2837 3083 2892 Si
3108 2851 3237 2894 vero
3261 2839 3327 2892 ad
3356 2839 3541 2895 labora
3552 2856 3615 2894 n-

2047 2918 2173 2974 dum
2224 2938 2328 2976 non
2369 2939 2644 2994 possumus
2680 2924 2930 2991 dicimus,
2964 2934 3020 2982 et
3072 2927 3139 2983 ad
3189 2930 3624 2985 manducandum

2049 3027 2153 3065 non
2181 3030 2460 3082 possumus
2508 3015 2766 3071 dicamus.
2822 3017 2867 3073 Ο
2898 3019 3178 3089 injustitim
3226 3020 3406 3077 nefas!
3460 3032 3625 3093 caput

377 3107 664 3178 expendat,
694 3122 815 3179 qua:
861 3115 916 3162 et
960 3107 1235 3178 pulmenta
1283 3117 1501 3162 strenue
1547 3116 1835 3178 prmparet,
1889 3097 2016 3164 etC
2050 3112 2331 3173 torquetur
2351 3105 2626 3162 doloribus
2646 3119 2869 3178 propter
2899 3110 3161 3177 laborem,
3193 3120 3249 3167 et
3273 3124 3464 3168 venter
3507 3128 3615 3168 non

375 3200 570 3255 devoto
594 3199 675 3256 eis
721 3199 1026 3255 ministerio
1069 3200 1419 3267 obsecundct,
1472 3209 1529 3255 et
1576 3201 1643 3257 de
1692 3201 1779 3257 his
1827 3218 1948 3273 quae

374 3288 482 3344 illis
508 3288 722 3345 residua
770 3298 896 3345 sunt
922 3303 1097 3359 neque
1139 3286 1383 3344 fraudem
1429 3286 1618 3355 faciat,
1650 3303 1825 3359 neque
1858 3305 1950 3344 oc-

376 3380 521 3435 culte
540 3380 868 3436 comestioue
905 3395 965 3435 se
988 3380 1172 3435 illicita
1214 3381 1439 3451 polluat.
1471 3381 1647 3436 Tanta
1677 3382 1821 3436 enim
1848 3381 1949 3435 mi—

375 3469 670 3525 sericordia
702 3468 988 3525 foveantur
1032 3469 1267 3534 inﬁrmi,
1298 3479 1358 3524 ut
1391 3485 1492 3525 nec
1520 3469 1947 3540 propinquorum

377 3558 623 3625 allectus,
672 3573 776 3614 nec
812 3559 1023 3614 urbium
1072 3559 1293 3614 delicias
1328 3560 1627 3628 requirant,
1678 3557 1772 3614 sed
1806 3560 1949 3629 quod

376 3664 598 3707 necesse
623 3650 934 3714 habuerint,
970 3648 1283 3708 cellerarius
1312 3660 1366 3707 et
1409 3653 1731 3723 praepositus
1773 3654 1951 3724 provi-

378 3741 559 3796 deant.
601 3740 710 3811 lpsi
746 3754 878 3798 vero
908 3742 1109 3798 inﬁrmi
1156 3750 1305 3798 tanta
1349 3742 1711 3799 sollicitudine
1759 3745 1951 3800 admo-

378 3842 627 3901 neantur,
676 3842 738 3890 ut
790 3835 858 3890 de
903 3850 999 3891 ore
1045 3849 1235 3891 eorum
1279 3851 1381 3891 nec
1424 3835 1952 3907 quantulumcunque

379 3923 463 3978 vel
504 3922 638 3980 levis
662 3939 841 3981 sermo
866 3925 1255 3980 murmurantis
1291 3927 1578 3996 procedat;
1625 3927 1719 3983 sed
1753 3927 1806 3983 in
1855 3943 1951 3983 sua

379 4011 695 4067 inﬁrmitate
752 4027 876 4068 cum
931 4013 1129 4069 mentis
1183 4012 1457 4070 hilaritate
1507 4023 1562 4071 et
1593 4032 1722 4071 vera
1769 4014 1952 4074 cordis

379 4103 791 4173 compunctione
814 4118 1028 4176 semper
1049 4105 1163 4160 Deo
1207 4105 1411 4175 gratias
1438 4115 1638 4177 agant;
1668 4123 1805 4177 quos
1832 4108 1953 4163 abs-

380 4210 485 4265 que
514 4195 857 4251 concessione
891 4192 1112 4265 majoris
1149 4184 1328 4250 nullus
1361 4196 1555 4252 audeat
1582 4197 1824 4264 visitare,
1850 4214 1953 4255 nec

379 4283 708 4355 prepinquos
734 4293 828 4340 aut
850 4298 1136 4356 germanos
1161 4286 1277 4341 sine
1302 4286 1528 4356 imperio
1548 4287 1819 4358 praepositi
1849 4290 1951 4344 mi—

381 4375 643 4429 nistrandi
672 4375 947 4431 habebunt
985 4382 1328 4446 potestatem.
1356 4376 1413 4432 ld
1441 4377 1603 4432 etiam
1644 4394 1742 4448 pro
1769 4387 1951 4435 custo-

2050 3204 2331 3266 torquetnr
2357 3207 2578 3268 propter
2601 3201 2707 3254 cibi
2747 3201 3172 3257 distensionem?

2120 3285 2314 3342 Curam
2336 3299 2509 3344 autem
2532 3291 2819 3345 maximam
2842 3291 3031 3346 habeat
3053 3292 3213 3348 abbas
3240 3309 3306 3347 ne
3340 3311 3373 3347 a
3402 3292 3622 3348 cellera-

2050 3378 2141 3432 riis
2157 3388 2248 3432 aut
2270 3379 2609 3434 servitoribus
2629 3381 2961 3451 negligantur
2980 3384 3199 3452 inﬁrmi,
3215 3387 3339 3456 quia
3365 3387 3435 3440 ad
3456 3388 3625 3457 ipsum

2050 3468 2255 3536 respicit
2304 3468 2559 3538 quidquid
2601 3487 2633 3523 a
2660 3471 2932 3539 discipulis
2964 3473 3305 3544 delinquitur.
3339 3475 3477 3532 Hinc
3504 3478 3630 3548 qui-

2048 3559 2171 3613 dam
2224 3560 2612 3613 monachorum
2659 3562 2919 3631 magister
2963 3564 3039 3618 ait
3075 3564 3302 3620 :Abbas
3340 3566 3502 3622 talem
3535 3584 3637 3622 cu-

2052 3664 2166 3702 ram
2211 3648 2275 3702 de
2310 3648 2540 3704 inﬁrmis
2577 3648 2793 3717 habeat,
2821 3651 3036 3721 qualem
3083 3669 3143 3709 se
3187 3655 3430 3725 recipere
3456 3670 3487 3709 a
3510 3656 3619 3710 Do-

2051 3738 2199 3793 mino
2225 3745 2439 3806 sperat,
2493 3747 2551 3793 ut
2584 3754 2685 3795 nec
2713 3756 2742 3794 a
2772 3741 3055 3799 cellerario
3086 3743 3321 3815 aliquam
3353 3745 3627 3817 negligen-
3728 3774 3741 3781 κ

2054 3828 2183 3883 tiam
2212 3829 2411 3884 inﬁrmi
2441 3831 2700 3886 sentiant.
2747 3830 2831 3888 Ad
2869 3834 3115 3910 abbatem
3164 3834 3307 3893 enim
3362 3838 3623 3908 respicit,

2052 3929 2111 3975 ut
2164 3922 2484 3979 emendetur
2535 3924 2797 3995 quidquid
2865 3940 2897 3980 a
2946 3927 3224 4007 discipulis
3268 3928 3621 3998 delinquitur.

2053 4008 2205 4077 Quod
2238 4011 2283 4065 si
2312 4011 2380 4067 ab
2407 4011 2498 4066 illo
2527 4028 2631 4068 non
2679 4014 3016 4081 emendatur,
3049 4032 3080 4070 a
3104 4016 3275 4086 culpae
3302 4016 3628 4089 negligentia

2053 4098 2221 4153 abbas
2253 4112 2360 4153 non
2395 4098 2678 4154 liberatur.

2586 4186 2813 4267 CAPUT
2845 4210 3111 4271 xxxvu.

2435 4298 2514 4354 De
2559 4300 2768 4355 senibus
2812 4300 2894 4355 vel
2934 4302 3250 4372 infamibus.

2123 4391 2265 4446 Licet
2295 4392 2411 4463 ipsa
2452 4401 2645 4448 natura
2680 4394 2912 4449 humana
2942 4397 3185 4451 trahatur
3221 4397 3294 4451 ad
3330 4397 3631 4455 misericor-

294 5010 299 5014 ’
388 5005 546 5059 Sanis
565 5012 761 5071 autem,
777 5016 824 5060 et
846 5008 1072 5061 maxime
1079 5008 1380 5078 juvenibus,
1395 5008 1599 5064 tardius
1619 5011 1957 5067 concedatur.

381 4462 574 4516 dienda
598 4461 744 4518 fama
768 4437 1076 4533 specialiter
1098 4465 1425 4531 studuimus,
1450 4474 1512 4519 ut
1558 4437 1738 4521 nul-lus
1761 4483 1948 4524 mona-

2052 4483 2195 4537 diam
2214 4484 2269 4538 in
2294 4437 2374 4538 liis
2393 4484 2655 4551 wtatibus,
2673 4501 2854 4540 senum
2880 4486 3114 4542 videlicet
3140 4496 3189 4542 et
3228 4489 3514 4558 infantum,
3543 4499 3629 4544 ta-

383 4552 518 4608 chus
531 4554 587 4608 in
607 4553 921 4609 inﬁrmitate
940 4555 1167 4625 positus,
1182 4554 1370 4611 relicto
1397 4556 1743 4623 monasterio,
1760 4573 1952 4628 paren—
2052 4589 2171 4627 men
2198 4582 2246 4627 ει
2264 4572 2482 4643 Περαίας
2499 4576 2786 4629 auctoritas
2807 4576 2882 4631 eis
2909 4578 3213 4646 prospiciat.
3239 4552 3360 4640 Hic,
3378 4552 3509 4635 licet
3528 4596 3631 4650 pro

386 4652 500 4698 tum
526 4660 746 4701 suorum
774 4647 954 4703 studio
989 4648 1428 4714 commendetur;
1465 4648 1589 4717 quia
1616 4650 1790 4720 magis
1829 4665 1952 4705 eum
2054 4661 2301 4732 quamvis
2334 4661 2570 4732 ponitur,
2616 4664 2697 4720 Ac
2725 4665 2767 4719 si
2800 4665 2944 4721 dicat
2976 4683 2990 4719 ε
3021 4665 3279 4732 Quamvis
3469 4647 3629 4724 natu-

384 4734 723 4791 saecularium
752 4738 1180 4808 spectaculorum
1207 4737 1327 4793 visu
1349 4745 1404 4792 et
1425 4739 1611 4793 auditu
1635 4739 1803 4809 pollui
1826 4755 1955 4797 cen-
2056 4751 2247 4805 raliter
2281 4752 2517 4807 humana
2567 4762 2762 4808 natura
2815 4755 3036 4825 pietatis
3065 4756 3273 4812 viscera
3303 4734 3482 4827 plena,
3533 4760 3635 4815 h0-

384 4838 564 4916 εαξυὲ
583 4838 744 4895 (illam
772 4827 840 4880 ab
868 4827 1185 4898 egritudine
1212 4843 1371 4898 90558
1391 4829 1636 4899 Purgaﬁ-
2057 4842 2256 4896 minem
2283 4842 2351 4896 ad
2375 4843 2801 4902 misericordiam
2832 4846 3126 4916 pertrahat,
3164 4856 3259 4903 aut
3284 4849 3507 4905 senibus
3531 4850 3634 4904 mi-

456 4913 774 4969 Balneorum
794 4932 919 4970 usus
943 4917 1169 4986 infirmis
1195 4917 1395 4987 quoties
1439 4918 1646 4988 expedit
1677 4920 1948 4989 offeratur.

2059 4942 2304 4989 sereatur
2330 4943 2384 4991 et
2411 4934 2739 5001 infantibus;
2774 4913 2952 4993 tamen
2999 4947 3054 4994 et
3085 4940 3302 5011 Regula
3330 4942 3634 4999 auctoritas

2059 5022 2139 5076 eis
2164 5025 2481 5094 prospiciat.
2509 5024 2787 5092 Quomodo
2814 5035 2994 5083 autem
3016 5031 3630 5103 prospiciat,sequentia

385 5092 753 5149 Hinesanetus
772 5095 1014 5151 Isidorus
1031 5097 1134 5151 ait:
1151 5097 1395 5154 Lavacra
1419 5098 1551 5153 nulli
1574 5101 1840 5155 monacho
1865 5101 1960 5155 ad—
2060 5113 2183 5167 audi
2215 5132 2227 5167 ;

385 5184 560 5238 eunda
587 5184 765 5240 studio
798 5185 1010 5241 lavandi
1049 5190 1316 5259 corporis,
1347 5189 1451 5245 nisi
1484 5198 1690 5245 tantum
1716 5207 1813 5261 pro
1857 5207 1959 5247 ne-
2132 5201 2500 5258 Comideretur
2536 5221 2738 5273 semper
2756 5206 2812 5261 in
2835 5206 2910 5263 ei;
2936 5208 3290 5274 ίηώεοίιιίιαε.
3333 5220 3382 5266 ει
3406 5209 3633 5265 κυπαίρ-

385 5277 636 5332 cessitate
677 5276 969 5348 languoris.
1026 5278 1138 5335 Nec
1203 5280 1555 5337 diﬁ‘erendum
1592 5291 1691 5353 “est
1739 5292 1960 5354 propter
2064 5308 2161 5345 nus
2182 5293 2255 5346 eis
2283 5292 2537 5347 districtio
2568 5293 2783 5365 Regulae
2806 5298 3111 5354 teneaturin
3133 5299 3428 5363 alimentis;
3451 5296 3542 5351 sed
3561 5297 3632 5349 sit

388 5365 675 5432 medelam,
707 5367 753 5421 si
783 5368 1019 5438 expedit,
1067 5385 1169 5425 nec
1199 5372 1647 5426 murmurandum
1699 5384 1798 5437 est,
1834 5376 1960 5443 quia
2062 5380 2116 5434 in
2141 5382 2214 5436 eis
2233 5382 2322 5453 pia
2348 5383 2717 5451 consideratio,
2732 5396 2780 5441 et
2799 5389 3116 5458 prameniant
3140 5389 3299 5442 horas
3326 5386 3628 5440 manicas.

386 5469 496 5507 non
544 5454 606 5509 ﬁt
651 5466 750 5525 pro
800 5459 1039 5527 appetitu
1079 5459 1397 5531 voluptatis,
1433 5462 1528 5516 sed
1569 5477 1668 5532 pro
1725 5465 1963 5520 remedio
2065 5468 2201 5524 Hinc
2249 5470 2439 5526 beatus
2476 5472 2710 5531 Isidorus
2740 5454 2816 5530 ait
2856 5494 2870 5529 :
2909 5475 2974 5531 Hi
3020 5484 3199 5530 autem
3244 5475 3335 5543 qui
3363 5481 3633 5533 vetustate

389 5549 599 5596 tantum
629 5544 837 5600 saiutis.
878 5546 986 5601 Pro
1022 5562 1154 5603 cura
1197 5550 1446 5604 medendi
1490 5551 1805 5606 balneorum
1832 5569 1964 5609 usus
2032 5544 2041 5551 ’
2065 5561 2308 5629 corporis
2333 5566 2657 5636 consumpti,
2681 5575 2775 5621 aut
2804 5577 3001 5622 tenerae
3022 5566 3197 5619 rotatis
3222 5564 3516 5635 fragilitate
3538 5567 3633 5623 de-

393 5649 604 5692 summo
647 5639 966 5694 adhibeatur
1020 5643 1217 5697 stndio.
1278 5642 1439 5698 Sanis
1486 5658 1644 5709 vero,
1693 5646 1962 5715 prmcipue
2066 5648 2202 5703 tenti
2258 5658 2405 5718 sunt,
2435 5655 2762 5721 quotidianis
2804 5670 2912 5709 non
2956 5653 3241 5708 exercendi
3265 5651 3508 5723 ieiuniis,
3565 5672 3639 5712 ne
