3992 6206
379 286 479 346 871

1661 282 2010 341 SMARAGDI
2051 281 2339 342 ABBATIS

3535 290 3646 351 8³12

377 414 471 461 aut
515 415 801 461 senescens
846 408 1000 466 tetas,
1047 406 1337 469 antequam
1388 398 1655 455 moriatur
1693 399 1947 461 deﬁciat,
1982 398 2029 455 A
2056 394 2207 464 Quod
2245 412 2379 468 opus
2407 411 2514 451 non
2555 406 2640 453 est
2686 398 3050 469 incipiendum
3103 401 3172 456 ab
3209 401 3332 468 illo,
3373 405 3478 460 nisi
3504 422 3643 474 prte-

374 504 469 553 aut
512 511 780 559 crescens,
830 494 1145 565 priusquam
1176 492 1446 562 proﬁciat,
1483 493 1642 547 cadat
1666 532 1681 556 ,
1727 500 1783 545 et
1826 500 1953 544 ante

374 589 607 644 intereat
633 600 794 656 quam
833 585 1032 639 bonum
1061 582 1241 639 facere
1269 582 1465 639 discat.
1494 582 1631 638 Hinc
1654 580 1873 653 quidam
1900 589 1956 636 et

373 679 514 733 alius
563 675 953 732 monachorum
983 674 1244 745 magister
1292 672 1368 728 ait
1404 692 1416 727 :
1449 672 1704 728 lnfantuli
1731 682 1948 743 quarta,

372 775 527 822 sexta
565 772 621 820 et
648 765 894 828 sabbato,
946 763 1000 818 in
1031 763 1221 818 diebus
1251 770 1426 818 tamen
1459 761 1762 816 minoribus
1789 801 1805 822 ,
1847 760 1953 815 hoc

371 866 477 922 est,
494 857 547 911 in
574 854 772 911 hiemis
793 860 1054 923 tempore,
1073 851 1336 923 jejunent.
1356 851 1491 908 Aliis
1511 866 1641 907 vero
1671 850 1860 907 diebus
1883 848 1952 904 ad

372 953 584 1002 sextam
608 944 854 1000 reﬁciant
868 944 1076 998 horam.
1094 942 1153 996 ln
1175 943 1384 997 aestatis
1396 955 1526 996 vero
1554 941 1768 1004 diebus,
1795 953 1954 1010 quar-

377 1048 463 1104 ta,
502 1044 656 1092 sexta
681 1045 737 1092 et
770 1034 995 1091 sabbato
1021 1032 1270 1088 infantuli
1299 1040 1450 1088 sexta
1479 1033 1614 1087 hora
1660 1029 1949 1095 reﬁciant;

370 1128 492 1183 aliis
510 1142 642 1183 vero
668 1125 857 1182 diebus
883 1124 1042 1181 tertia
1068 1131 1410 1189 recreentur;
1427 1121 1551 1192 quia
1575 1120 1630 1175 in
1655 1117 1952 1189 majoribus

369 1223 561 1278 diebus
586 1221 764 1276 minor
798 1227 883 1275 est
912 1225 1046 1274 tetas
1076 1217 1131 1272 in
1159 1217 1388 1283 viribus,
1416 1215 1556 1272 sicut
1575 1222 1632 1269 et
1650 1211 1952 1270 sustinendi

369 1332 533 1373 sensu
560 1315 818 1370 discreta.
850 1310 960 1368 Sed
1009 1310 1244 1367 infantes
1274 1309 1342 1364 ad
1388 1308 1530 1363 hanc
1559 1305 1952 1362 relaxationem

372 1408 509 1462 tales
532 1405 917 1477 permittimus,
958 1404 1050 1475 qui
1074 1403 1214 1457 intra
1246 1400 1526 1457 duodecim
1555 1413 1726 1454 annos
1753 1398 1954 1466 degunt

367 1508 545 1562 aetate,
573 1496 850 1569 amplioris
870 1511 1001 1551 vero
1032 1495 1123 1565 qui
1149 1492 1314 1548 fuerit
1337 1493 1405 1547 ad
1439 1491 1672 1547 formam
1705 1494 1953 1544 teneatur

369 1588 653 1658 majorum.
684 1587 820 1642 Nam
863 1584 1012 1654 justo
1033 1584 1238 1655 judicio
1286 1581 1536 1637 infantuli
1563 1589 1620 1635 et
1648 1579 1799 1635 senio
1826 1593 1949 1647 pro-

368 1678 535 1742 vecti,
584 1684 640 1731 et
668 1674 888 1739 inﬁrmi,
914 1673 1108 1744 arquali
1140 1672 1341 1728 debent
1366 1671 1720 1727 refectionum
1744 1667 1949 1739 judicio

2055 487 2218 541 missa
2243 488 2525 554 oratione‘,
2553 496 2662 543 tam
2695 505 2789 545 sua
2817 506 2978 560 quam
3015 490 3263 548 fratrum.
3302 493 3361 550 In
3388 499 3640 556 omnibus

2054 577 2196 631 enim
2243 593 2364 648 qua:
2409 579 2661 636 monachi
2708 580 2909 637 debent
2955 596 3140 653 agere,
3192 585 3372 642 oratio
3406 587 3639 646 fratrum

2054 667 2271 724 assidue
2295 669 2453 724 debet
2470 670 2796 740 prmcedere.
2839 669 3026 727 Oratio
3057 673 3203 728 enim
3231 675 3502 733 bonorum
3524 695 3638 735 mo-

2055 757 2351 814 nachorum
2390 761 2500 816 cito
2542 768 2792 830 penetrat
2837 762 3057 819 eos-lum.
3111 763 3338 837 Signum
3372 779 3634 842 estergo,

2054 860 2115 905 ut
2140 850 2312 907 lector
2334 861 2482 923 petat
2500 853 2569 908 ab
2589 854 2843 911 omnibus
2869 870 2969 927 pro
2984 871 3044 911 se
3060 858 3226 923 orari,
3250 868 3311 913 ut
3340 870 3551 915 avertat
3569 864 3637 918 ab

2054 943 2172 1011 ipso
2195 943 2339 999 Deus
2362 944 2613 1013 spiritum
2635 945 2907 1012 elationis,
2935 948 3063 1017 quia
3088 947 3156 1004 de
3181 951 3434 1020 superbia
3463 955 3638 1009 nasci—

2054 1040 2144 1086 tur
2165 1032 2414 1113 elationis
2440 1036 2749 1106 arrogantia
2770 1078 2785 1101 ,
2823 1044 2879 1093 et
2911 1038 3017 1093 nisi
3045 1042 3391 1110 praecesserit
3425 1043 3637 1099 occulta

2055 1122 2219 1177 elatio
2241 1124 2462 1190 mentis,
2485 1140 2593 1179 non
2619 1127 2865 1196 sequitur
2884 1137 3073 1198 aperta
3096 1129 3364 1200 jactantia
3389 1131 3583 1190 laudis.

2125 1211 2193 1266 Et
2220 1213 2428 1267 dicatur
2445 1215 2529 1269 hic
2563 1233 2741 1272 versus
2761 1218 2815 1272 in
2837 1220 3068 1274 oratorio
3093 1223 3244 1277 tertio
3276 1224 3341 1278 ab
3373 1226 3636 1294 omnibus,

2054 1298 2167 1371 ipso
2195 1308 2371 1356 tamen
2398 1302 2677 1374 incipiente
2707 1319 2726 1356 :
2751 1303 2996 1374 Domine,
3023 1307 3167 1365 labia
3190 1329 3304 1366 mea
3323 1315 3559 1383 aperies,
3587 1328 3638 1371 et

2055 1406 2113 1444 os
2145 1407 2317 1445 meum
2346 1394 2935 1451 annuntiabit‘laudem
2982 1409 3151 1454 tuam.
3208 1400 3279 1456 Et
3319 1404 3394 1458 sic
3423 1418 3638 1477 accepta

2056 1477 2411 1534 benedictione
2446 1481 2778 1552 ingrediatur
2809 1485 2879 1539 ad
2910 1485 3206 1558 legendum.
3260 1490 3346 1547 Ab
3368 1491 3462 1549 illo
3490 1496 3636 1551 enim

2055 1569 2345 1637 quaerenda
2372 1580 2458 1626 est
2480 1571 2746 1628 labiorum
2780 1575 3011 1646 apertio,
3042 1593 3074 1632 a
3097 1593 3205 1648 quo
3231 1581 3466 1652 primum
3494 1583 3637 1641 facta

2052 1665 2137 1713 est
2175 1657 2483 1731 linguarum
2529 1662 2772 1718 omnium
2817 1664 3149 1724 distributio.
3209 1669 3295 1726 Ab
3330 1673 3445 1742 ipso
3488 1676 3637 1730 enim

368 1766 620 1822 relaxari.
677 1764 1009 1821 Prwveniant
1071 1763 1227 1817 horas
1297 1762 1598 1817 canonicos.
1650 1758 1939 1815 Canonicas

2055 1747 2147 1816 qui
2175 1748 2407 1806 disertas
2436 1749 2565 1807 fecit
2591 1766 2713 1809 esse
2738 1754 2949 1824 linguas
2973 1756 3262 1825 infantum,
3289 1770 3344 1817 et
3370 1762 3636 1821 labiorum

367 1858 531 1913 horas
561 1857 710 1921 dicit,
754 1854 1056 1927 regulares.
1081 1853 1267 1909 Canon
1293 1853 1437 1907 enim
1469 1849 1653 1922 regula
1680 1849 1945 1917 interpre-

366 1957 532 2003 tatur.
568 1947 853 2003 Canonica:
890 1944 1062 2009 horae,
1091 1960 1228 2017 quas
1256 1942 1578 2014 praevenire,
1614 1942 1669 1996 id
1698 1948 1781 1996 est
1809 1938 1950 1994 anti-

363 2041 577 2110 cipare,
635 2047 791 2111 rogat
836 2040 890 2094 in
941 2038 1063 2094 cibo
1109 2045 1165 2093 et
1210 2044 1341 2106 potu
1376 2051 1537 2092 senes
1579 2043 1636 2090 et
1674 2033 1947 2105 parvulos,

366 2138 535 2186 sexta:
571 2137 627 2185 et
654 2145 812 2186 nonze
846 2137 973 2187 sunt
1006 2129 1175 2183 horae.
1206 2126 1564 2189 Przeveniant,
1593 2126 1745 2189 dicit,
1786 2124 1950 2180 horas

363 2221 676 2285 eanonicas,
707 2219 760 2275 id
785 2227 891 2286 est,
921 2219 967 2275 si
992 2218 1189 2274 fratres
1219 2225 1373 2273 sexta
1400 2215 1711 2281 comedunt.
1736 2214 1811 2269 illi
1838 2222 1947 2269 ter-

364 2310 441 2365 tia
473 2310 606 2363 hora
638 2309 908 2364 reﬁciant.
941 2307 1000 2364 Si
1048 2306 1247 2363 fratres
1275 2321 1437 2371 nona,
1487 2303 1562 2359 illi
1590 2314 1740 2361 sexta
1768 2302 1948 2361 cibum

363 2398 654 2469 accipiant.
701 2398 810 2453 Eos
844 2413 973 2455 vero
1002 2414 1181 2464 senes,
1210 2411 1347 2467 quos
1391 2396 1625 2466 quietos,
1654 2394 1949 2467 simplices,

278 2546 283 2549 _
363 2486 617 2552 humiles,
644 2487 958 2542 obedientes
997 2495 1052 2542 et
1092 2487 1146 2541 in
1186 2485 1432 2541 oratione
1466 2482 1777 2554 frequenter
1815 2485 1951 2539 assi-

361 2585 592 2643 stentes,
622 2585 678 2632 et
707 2575 984 2632 Christum
1009 2577 1064 2631 in
1084 2580 1180 2632 ore
1203 2590 1420 2646 semper
1444 2574 1734 2640 habentes,
1771 2584 1825 2630 et
1850 2590 1950 2630 sua

358 2676 583 2740 peccata
631 2669 929 2739 plorantes,
968 2677 1024 2724 et
1054 2683 1162 2723 non
1208 2682 1341 2731 suo,
1368 2666 1464 2722 sed
1509 2664 1773 2735 majorum
1805 2665 1950 2722 arbi-

361 2758 468 2812 trio
502 2758 818 2828 pendentes,
860 2764 916 2812 et
942 2755 1362 2828 propinquitatis
1402 2754 1656 2810 allectum
1705 2753 1950 2825 perfecte

359 2849 671 2903 deserentes
693 2888 708 2912 ,
769 2855 826 2902 et
879 2846 1224 2902 dilectionem
1282 2845 1378 2901 Dei
1431 2853 1486 2900 et
1537 2844 1773 2916 proximi
1835 2852 1947 2899 tota

361 2947 540 2994 mente
568 2945 835 3003 tenentes,
864 2945 918 2992 et
943 2937 1029 2993 die
1058 2946 1331 3007 noctuque
1356 2938 1408 2992 in
1452 2937 1569 3009 lege
1600 2936 1814 2992 Domini
1840 2952 1949 2992 me-

2051 1839 2261 1908 apertio
2285 1848 2340 1895 et
2357 1841 2536 1897 cordis
2549 1844 2838 1913 quaerenda
2863 1853 2948 1902 est
2967 1846 3280 1917 illustratio,
3302 1860 3362 1905 ut
3380 1868 3443 1907 os
3463 1853 3636 1910 lecto-

2053 1930 2129 1984 ris
2170 1930 2248 1985 illi
2295 1933 2580 1988 annuntiet
2625 1934 2802 1991 laudis
2827 1935 3095 2005 ofﬁcium,
3138 1955 3169 1995 a
3195 1956 3304 2011 quo
3329 1959 3388 1999 se
3420 1945 3638 2001 miseri-

2051 2020 2291 2076 corditer
2317 2036 2439 2077 esse
2462 2025 2740 2095 cognoscit
2761 2033 3030 2096 apertum.
3057 2028 3212 2096 Quod
3241 2040 3423 2087 autem
3451 2033 3586 2090 dicit
3615 2053 3631 2089 :

2050 2121 2097 2164 et
2127 2112 2202 2165 sic
2230 2122 2440 2183 accepta
2480 2113 2835 2171 benedictione
2867 2118 3199 2189 ingrediatur
3226 2121 3297 2176 ad
3335 2120 3635 2194 legendum,

2051 2198 2475 2274 subintelligitur
2502 2218 2533 2258 a
2556 2203 2816 2263 fratribus
2837 2207 3085 2265 oratione
3119 2221 3343 2283 accepta
3360 2255 3375 2281 ,
3404 2224 3462 2271 et
3483 2231 3515 2270 a
3545 2231 3637 2271 sa-

2004 2324 2015 2329 -
2051 2290 2268 2347 cerdote
2295 2292 2687 2352 benedictionis
2721 2297 2979 2366 collecta,
3006 2300 3339 2373 ingrediatur
3364 2306 3431 2360 ad
3455 2306 3619 2361 lectio

2050 2394 2175 2436 nem
2199 2383 2606 2452 perﬁciendam.
2648 2386 2778 2455 Qua:
2823 2390 3046 2448 collecta
3090 2394 3195 2449 hoc
3223 2396 3403 2464 modo,
3435 2398 3482 2452 si
3510 2398 3635 2468 pla-

2049 2486 2156 2541 cet,
2184 2474 2375 2533 lectori
2404 2493 2433 2532 a
2459 2481 2751 2539 sacerdote
2779 2493 2908 2540 ante
2932 2486 3105 2543 altare
3121 2489 3285 2545 datur
3311 2490 3476 2547 missa
3504 2510 3634 2563 per-

2051 2575 2171 2622 aeta
2193 2609 2207 2633 ,
2258 2569 2576 2642 dicaturque
2614 2592 2627 2627 :
2674 2568 2879 2644 Averte,
2918 2596 3248 2650 qutesumus,
3285 2581 3530 2652 Domine,
3565 2586 3634 2641 ab

2048 2661 2145 2715 hoc
2174 2660 2374 2729 famqu
2417 2672 2506 2719 tuo
2550 2666 2795 2735 spiritum
2836 2668 3114 2738 elationis,
3163 2684 3221 2728 ut
3258 2675 3529 2731 humiliter
3558 2677 3633 2732 le-

2048 2765 2193 2820 gens,
2215 2766 2423 2807 sensum
2446 2763 2494 2808 et
2516 2754 2835 2812 intellectum
2864 2761 3038 2831 capiat
3068 2761 3322 2820 lectionis.
3360 2763 3468 2821 Per
3486 2766 3648 2822 Chri-

2047 2848 2208 2906 stum,
2233 2851 2335 2898 etc.

2119 2928 2494 3007 Samniumque
2524 2936 2621 3007 ﬁat
2657 2938 2922 2998 silentium
2957 2944 3028 2999 ad
3053 2963 3307 3012 mensam,
3344 2959 3400 3004 ut
3432 2950 3632 3006 nullius

357 3027 596 3084 ditantes
645 3028 1042 3100 cognoscimus,
1073 3030 1161 3099 pia
1208 3028 1559 3086 miseratione
1598 3029 1741 3086 sicut
1768 3028 1945 3084 infan-
1986 3107 2003 3109 Α
2045 3025 2378 3092 mussitatio,
2416 3027 2494 3083 vel
2522 3046 2657 3098 vox,
2699 3033 2802 3087 nisi
2828 3034 2993 3091 solius
3023 3036 3237 3109 legentis
3264 3039 3337 3094 ibi
3357 3041 3628 3096 audiatur.

361 3115 501 3171 tulos
538 3115 734 3184 foveri,
764 3124 821 3172 et
849 3117 989 3172 sicut
1014 3126 1198 3186 patres
1226 3118 1498 3175 honorare
1527 3120 1865 3174 mandamus.

884 3225 1112 3282 CAPUT
1143 3227 1427 3283 XXXVIII.

750 3289 830 3350 De
873 3294 1283 3352 hebdomadario
1336 3299 1543 3354 lectore.

434 3385 629 3442 Mensis
673 3386 903 3457 fratrum
937 3387 1199 3443 edentium
1222 3388 1374 3445 lectio
1410 3391 1586 3447 deesse
1618 3410 1722 3447 non
1769 3392 1936 3449 debet.

354 3481 485 3536 Ideo
515 3480 674 3536 lectio
718 3480 1125 3538 comedentibus
1166 3482 1347 3538 minus
1382 3498 1503 3540 esse
1531 3500 1638 3541 non
1668 3484 1860 3550 debet,
1881 3495 1942 3542 ut

358 3571 577 3625 lectioni
625 3584 796 3626 sacrae
852 3571 1196 3628 intendentes
1271 3576 1565 3629 secundum
1621 3575 1938 3646 Apostolum

357 3676 478 3715 cum
508 3660 725 3716 silentio
758 3676 951 3730 panem
975 3676 1131 3717 suum
1161 3665 1449 3720 comedant
1472 3666 1692 3724 fratres.
1716 3669 1941 3739 Oportet

356 3749 503 3804 enim
547 3757 609 3803 ut
639 3750 781 3804 sicut
829 3751 1098 3821 corporali
1149 3753 1270 3808 cibo
1306 3752 1548 3811 reﬁcitur
1594 3773 1811 3828 corpus,
1866 3761 1939 3815 ita

356 3839 585 3909 spiritali
612 3838 891 3895 reficiatur
914 3841 1147 3897 animus.
1167 3841 1431 3901 Sedentes
1454 3861 1585 3917 ergo
1600 3846 1669 3902 ad
1694 3863 1936 3904 mensam

357 3940 591 3987 taceant.
627 3931 694 3987 Et
725 3931 885 3988 lectio
910 3934 1174 4004 quotidie,
1218 3943 1275 3990 et
1298 3937 1445 3992 omni
1490 3946 1730 4009 tempore
1752 3979 1768 4006 ,
1810 3941 1937 3996 dum

354 4027 509 4083 cibus
546 4027 796 4093 sumitur,
832 4026 1066 4098 legatur,
1094 4036 1154 4082 ut
1180 4038 1408 4100 uterque
1432 4031 1594 4086 homo
1621 4039 1677 4087 et
1699 4034 1939 4089 exterior

353 4117 504 4183 cibo,
536 4126 594 4174 et
634 4118 861 4173 interior
893 4118 1041 4174 verbi
1069 4119 1163 4173 Dei
1194 4119 1488 4186 reﬁciatur,
1523 4123 1649 4192 quia
1675 4124 1935 4194 scriptum

352 4216 438 4263 est
468 4226 480 4261 :
510 4206 633 4263 Non
659 4209 715 4263 in
744 4207 856 4263 solo
881 4225 1016 4279 pane
1044 4209 1167 4264 vivit
1195 4210 1374 4286 homo,
1404 4212 1494 4266 sed
1527 4213 1584 4266 in
1618 4213 1760 4267 omni
1786 4214 1936 4269 verba

353 4296 450 4351 Dei
477 4296 667 4368 (Deut.
693 4312 824 4365 VIII;
864 4296 1059 4353 Matth.
1093 4297 1192 4369 ιν).

428 4386 543 4441 Nec
590 4387 808 4457 fortuito
843 4404 969 4443 casu
1015 4390 1103 4460 qui
1141 4389 1425 4460 arripuerit
1455 4391 1684 4447 codicem
1707 4433 1723 4459 ,
1765 4393 1934 4465 legere

351 4478 447 4534 ibi.
518 4477 854 4535 Subauditur
898 4481 1083 4546 debet,
1141 4483 1226 4537 vel
1275 4484 1488 4539 audeat.
1531 4483 1777 4541 Fortuito
1807 4504 1932 4542 casu

360 4568 511 4635 dicit,
561 4571 743 4626 subito
782 4571 868 4626 vel
913 4572 1225 4642 improviso.
1284 4573 1582 4645 Diligenter
1605 4577 1749 4631 enim
1777 4578 1937 4635 debet

353 4658 514 4714 lectio
535 4662 807 4731 provideri
833 4703 849 4729 ,
894 4679 1013 4734 qua:
1040 4665 1093 4719 in
1133 4664 1543 4723 :ediilcationem
1579 4669 1744 4724 tantis
1776 4670 1934 4726 debet

355 4749 663 4805 hominibus
688 4750 818 4823 legi,
850 4767 919 4808 ne
944 4753 1235 4823 improvisa
1262 4755 1421 4810 lectio
1451 4757 1794 4814 audientibus
1823 4776 1929 4815 non

354 4840 522 4896 vitale
540 4842 794 4911 pabulum
816 4853 1056 4913 prtestet,
1093 4845 1187 4901 sed
1208 4846 1457 4901 nocivum
1484 4848 1655 4919 magis
1687 4865 1927 4906 murmu-

353 4930 493 4984 rium
524 4939 765 5001 generet.
828 4932 920 4989 Sic
956 4935 1100 4991 enim
1138 4935 1300 4991 debet
1337 4948 1457 4991 esse
1482 4951 1635 4991 sacra
1665 4937 1825 4994 lectio
1852 4940 1927 4996 le—

349 5028 460 5085 cta,
490 5030 550 5075 ut
572 5022 711 5077 sicut
736 5024 890 5079 cibus
913 5025 1187 5081 edentium
1219 5040 1444 5097 corpora
1464 5067 1478 5093 ,
1518 5026 1594 5081 ita
1623 5035 1679 5081 et
1712 5027 1801 5083 illa
1830 5045 1926 5084 au-

347 5110 610 5167 dientium
631 5112 838 5183 repleat
860 5115 1041 5169 corda.

419 5194 526 5257 Sed
560 5200 790 5256 lecturus
819 5210 929 5255 tota
958 5202 1286 5260 hebdomada
1305 5245 1321 5271 ,
1348 5204 1627 5261 Dominica
1654 5208 1921 5278 ingredia-

343 5306 454 5347 tur.
509 5291 614 5358 Qui
662 5291 963 5364 ingrediens
998 5303 1113 5364 post
1154 5297 1343 5350 missas
1391 5306 1440 5351 et
1481 5298 1918 5364 communionem,

345 5391 484 5450 petat
506 5372 570 5438 ab
593 5383 832 5439 omnibus
860 5399 955 5455 pro
984 5399 1039 5439 se
1061 5385 1205 5438 arari
1221 5426 1235 5451 ,
1278 5398 1330 5439 ut
1347 5378 1556 5440 'avertat
1587 5388 1650 5442 ab
1690 5406 1749 5442 eo
1775 5388 1918 5444 Deus

347 5474 586 5543 spiritum
629 5476 892 5533 elationis.
961 5475 1378 5532 Rationabiliter
1418 5478 1560 5533 enim
1591 5482 1765 5550 primo
1804 5498 1917 5537 om-

347 5561 495 5615 nium
531 5565 738 5622 dierum
783 5568 946 5625 debet
990 5568 1162 5626 lector
1198 5569 1403 5642 ingredi
1439 5570 1506 5625 ad
1532 5571 1834 5643 legendum,
1862 5585 1918 5631 et

347 5647 426 5706 sic
446 5649 774 5711 hebdomada
804 5667 917 5713 tota
943 5659 1190 5716 lectionis
1212 5674 1346 5730 opus
1368 5659 1630 5730 perﬁcere
1658 5675 1911 5733 coeptum.

362 5914 427 5959 η

1969 3107 2014 3169 C
2044 3114 2193 3173 Inter
2238 3119 2513 3177 silentium
2563 3130 2773 3179 tantum
2822 3134 2878 3183 et
2919 3107 3194 3209 summum
3234 3131 3508 3188 silentium
3547 3134 3626 3189 di-

2041 3212 2244 3267 stantia
2272 3220 2390 3280 est,
2433 3223 2493 3269 ut
2522 3215 2666 3271 nulla
2692 3233 2794 3273 vox
2835 3219 3088 3291 nullaque
3113 3225 3416 3280 mussitatio
3450 3234 3626 3281 sonet.

2039 3300 2330 3358 Silentium
2359 3312 2566 3362 tantum
2595 3317 2711 3374 est,
2752 3310 2844 3365 ubi
2874 3309 3188 3381 loquuntur,
3220 3315 3315 3371 sed
3354 3316 3549 3372 leniter
3572 3326 3629 3371 et

2040 3405 2167 3448 cum
2220 3394 2457 3453 silentio.
2528 3398 2682 3456 Unde
2734 3401 2789 3455 in
2838 3401 3132 3475 Evangelia
3161 3405 3369 3464 Martha
3411 3408 3627 3463 vocavit

2040 3481 2263 3538 Mariam
2296 3485 2533 3551 silentio,
2572 3489 2761 3565 dicens
2786 3510 2799 3545 :
2833 3490 3090 3565 Magister
3115 3496 3295 3561 adest,
3321 3507 3369 3552 et
3398 3508 3544 3553 vocat
3575 3508 3628 3553 te

2041 3571 2224 3643 (Joan.
2253 3573 2355 3647 ιι).
2396 3576 2472 3631 De
2502 3578 2605 3633 hoc
2630 3556 2846 3637 silentio
2868 3556 3002 3638 dicit
3026 3583 3231 3656 Regula
3257 3556 3464 3642 {Omni
3495 3597 3626 3645 tem-

2037 3679 2171 3734 pore
2196 3665 2413 3722 silentio
2443 3669 2702 3725 studeant
2729 3674 3005 3728 monachi.
3048 3674 3125 3731 De
3160 3676 3254 3732 illo
3284 3678 3353 3732 ad
3378 3692 3623 3733 mensam

2038 3767 2093 3811 et
2123 3758 2176 3812 in
2206 3767 2372 3814 nocte
2400 3774 2671 3816 summum
2705 3762 2985 3820 silentium
3010 3765 3123 3821 flat.

2110 3849 2243 3916 Quae
2269 3867 2387 3905 vero
2414 3854 2713 3908 necessaria
2758 3866 2881 3910 sunt
2919 3857 3305 3913 comedentibus
3327 3867 3377 3913 ct
3402 3859 3622 3913 bibenti-

2037 3939 2155 4003 bus,
2185 3940 2259 3994 sic
2286 3940 2385 3995 sibi
2413 3942 2635 3998 invicem
2659 3945 2953 4002 ministrent
2984 3947 3206 4019 fratres,
3243 3959 3298 4002 ut
3327 3948 3508 4004 nullus
3537 3949 3622 4003 in-

2035 4029 2209 4100 digeat
2239 4039 2412 4101 petere
2440 4031 2663 4103 aliquid.
2703 4034 2763 4090 Si
2787 4036 2915 4108 quid
2943 4047 3117 4093 tamen
3145 4056 3277 4110 opus
3302 4040 3497 4110 fuerit,
3534 4058 3623 4096 so-

2036 4121 2151 4174 nitu
2195 4122 2554 4196 cujuscunque
2610 4129 2749 4198 signi
2803 4130 2977 4200 potius
3025 4141 3235 4203 petatur
3279 4150 3436 4204 qnam
3474 4151 3614 4192 race.

2035 4210 2175 4268 Hinc
2208 4215 2403 4271 beatus
2428 4217 2762 4276 Fructuosus
2789 4222 2866 4276 ait
2891 4240 2906 4276 :
2936 4222 2993 4278 Si
3032 4225 3161 4292 quid
3188 4224 3340 4280 deest
3375 4227 3429 4282 in
3461 4242 3616 4281 men-

2035 4322 2118 4370 sa,
2150 4306 2197 4362 is
2211 4308 2316 4377 _qui
2347 4318 2543 4379 przeest
2576 4311 2729 4382 signo
2760 4314 2886 4369 dato
2919 4315 3002 4371 vel
3040 4317 3259 4372 nutibus
3284 4317 3497 4372 silentis
3523 4334 3617 4388 pe-

2038 4404 2139 4463 tat,
2168 4407 2224 4451 et
2248 4397 2452 4453 indicet
2484 4400 2812 4456 ministranti
2858 4405 2988 4474 quid
3026 4405 3215 4461 inferri
3242 4406 3326 4462 vel
3355 4407 3485 4477 quid
3513 4424 3615 4463 au-

2036 4487 2168 4543 ferri
2210 4488 2281 4543 sit
2324 4503 2353 4544 a
2403 4505 2591 4546 mensa
2642 4506 2885 4549 necesse.
2943 4495 3078 4551 ltem
3112 4497 3281 4552 alibi:
3324 4497 3383 4553 Si
3409 4498 3614 4570 aliquid

2034 4581 2401 4636 necessarium
2451 4581 2614 4638 fuerit
2658 4583 2712 4638 in
2749 4599 2936 4640 mensa
2965 4627 2979 4653 ,
3029 4603 3190 4644 nemo
3215 4591 3413 4646 audeat
3439 4590 3610 4660 loqui,

2033 4677 2126 4731 sed
2158 4677 2591 4734 ministrantibus
2625 4679 2838 4751 signum
2868 4682 3045 4737 sonitu
3081 4683 3190 4739 det.

2106 4765 2219 4820 Nec
2267 4779 2549 4837 prwsumat
2594 4769 2665 4823 ibi
2711 4770 2905 4843 aliquis
2948 4772 3014 4827 de
3072 4774 3187 4844 ipsa
3243 4773 3463 4830 lectione
3516 4785 3609 4829 aut

2030 4855 2251 4911 aliunde
2269 4858 2558 4929 quidquam
2601 4861 2896 4930 requirere,
2933 4879 2997 4917 ne
3032 4864 3185 4918 detur
3211 4866 3437 4919 occasio.
3469 4864 3608 4920 Sub.

2028 4947 2365 5018 intelligitur,
2394 4966 2465 5005 ne
2499 4951 2657 5006 detur
2682 4954 2897 5009 occasio
2929 4955 3012 5011 vel
3039 4957 3274 5028 maligno
3303 4957 3518 5014 diabolo
3537 4956 3606 5011 ad

2029 5040 2345 5094 tentandum
2370 5080 2385 5106 ,
2439 5041 2524 5097 vel
2567 5042 2828 5100 fratribus
2854 5046 2923 5100 ad
2949 5047 3219 5117 superflua
3255 5047 3600 5118 loquendum,

2029 5129 2171 5184 sicut
2214 5129 2407 5186 beatus
2455 5130 2746 5189 Cassianus
2789 5135 2905 5189 ait:
2937 5135 3374 5204 Reﬁcieutibus,
3408 5138 3601 5208 inquit.

2029 5218 2290 5274 fratribus
2325 5230 2530 5277 sancta:
2569 5222 2829 5280 lectiones
2867 5224 3114 5297 legantur
3152 5236 3376 5297 propter
3412 5242 3599 5296 super-

2025 5306 2164 5363 fluas
2196 5315 2249 5362 et
2274 5310 2477 5366 otiosas
2498 5310 2710 5368 fabulas
2734 5323 2790 5369 et
2821 5316 3056 5371 maxime
3082 5317 3456 5374 contentiones
3483 5331 3600 5387 qua

2026 5399 2338 5470 frequenter
2364 5403 2542 5458 solent
2572 5405 2640 5460 ad
2667 5421 2910 5463 mensam
2935 5406 3211 5464 edentium
3240 5409 3510 5480 generari.

2098 5490 2219 5546 Nisi
2262 5493 2397 5562 forte
2429 5495 2577 5564 prior
2624 5497 2843 5553 voluerit
2883 5516 2980 5570 pro
3020 5500 3372 5570 adiﬁcatione
3399 5499 3598 5571 aliquid

2025 5580 2246 5634 breviter
2265 5582 2459 5638 dicere.
2498 5583 2637 5640 Ilinc
2660 5586 2881 5655 quidam
2920 5589 3310 5645 monachorum
3346 5591 3599 5661 magister

2024 5670 2099 5723 ait
2123 5688 2135 5723 :
2167 5668 2246 5725 Ad
2270 5687 2510 5727 mensam
2537 5674 2714 5730 nullus
2739 5676 2956 5746 penitus
2983 5686 3183 5747 praeter
3209 5678 3460 5736 abbatem
3480 5719 3497 5745 ,
3524 5678 3604 5734 vel
