3992 6206
333 287 444 343 873

1404 293 1754 352 COMMENT.
1797 293 1862 350 lN
1898 293 2057 351 REG.
2097 292 2154 349 S.
2194 290 2572 351 BENEDICTI.

3495 292 3601 349 87!

336 403 427 460 cui
452 401 572 473 ipse
604 401 953 474 praeceperit.
989 418 1095 475 pro
1121 407 1392 462 communi
1423 407 1748 464 necessitate
1770 408 1917 478 loqui
1947 409 1994 468 Α
2020 403 2186 460 Paulo
2250 421 2409 462 servo
2465 407 2561 461 Dei
2611 407 2852 478 quotidie
2919 409 3242 463 vescendum
3289 419 3602 480 paraverat.

337 501 658 567 praesumat.
701 491 806 548 Sed
855 511 1046 550 omnes
1087 495 1295 552 intento
1342 497 1524 553 animo
1562 499 1766 568 gratias
1803 498 1929 554 red-

339 589 531 643 deutcs
552 585 801 642 Creatori
830 587 883 641 in
911 587 1169 643 cordibus
1206 590 1318 644 suis
1339 630 1352 655 ,
1385 591 1490 646 cibi
1522 607 1586 645 ac
1614 598 1774 661 potus
1803 592 1929 646 soli-

341 691 411 735 ιω
433 696 704 736 mensurae
735 680 1019 750 largitione
1066 681 1332 738 fruantur.
1389 683 1458 737 Et
1499 691 1761 753 quantum
1792 683 1929 736 alius

342 770 788 832 reﬁciat,‘nullus
819 770 1050 825 invicem
1093 773 1414 843 vagantibus
1449 772 1622 826 oculis
1659 771 1930 827 curiosius

343 869 513 925 notet,
544 862 642 916 sed
674 863 1046 931 unusquisque
1076 871 1201 917 ante
1230 880 1288 918 se
1327 864 1573 932 aspiciat.

416 958 612 1017 Frater
654 969 828 1014 autem
869 958 1033 1014 lector
1078 957 1518 1015 hebdomadarius
1546 962 1768 1032 accipiat
1800 962 1929 1015 mix-

342 1061 452 1106 tum
472 1053 782 1123 priusquam
813 1052 1029 1121 incipiat
1059 1049 1244 1121 legere,
1278 1063 1488 1123 propter
1512 1053 1928 1108 communionem

340 1153 602 1208 sanctam,
645 1150 694 1196 et
738 1159 801 1196 ne
829 1143 964 1214 forte
1002 1160 1156 1214 grave
1193 1146 1258 1198 sit
1289 1145 1335 1199 ei
1354 1145 1620 1215 jejunium
1650 1145 1924 1199 sustinere.

350 1234 536 1288 Postea
562 1241 735 1286 autem
763 1249 881 1286 erm:
923 1233 1159 1303 coquinae
1187 1233 1610 1288 hebdomadariis
1640 1243 1689 1288 et
1719 1233 1930 1288 servitu-

345 1323 489 1376 ribus
519 1321 745 1390 reﬁciat.
786 1321 942 1388 Quod
986 1322 1152 1386 dicit,
1203 1323 1426 1393 accipiat
1447 1324 1668 1378 mixtum
1687 1365 1702 1389 ,
1733 1337 1927 1394 panem

345 1414 668 1487 intelligitur
697 1414 857 1469 simul
887 1423 943 1468 et
979 1414 1184 1469 vinum.
1226 1413 1282 1468 ln
1324 1415 1508 1470 multis
1535 1417 1680 1471 enim
1709 1417 1928 1487 provin-

343 1508 446 1563 ciis
467 1507 632 1577 panis
665 1514 877 1561 tantum
903 1514 957 1561 ct
977 1507 1164 1562 vinum
1198 1509 1342 1577 quod
1379 1523 1544 1577 super
1572 1509 1742 1565 altare
1768 1509 1929 1566 offer-

344 1607 454 1662 tur,
499 1599 723 1651 mixtum
755 1605 1002 1652 vocatur.
1061 1597 1290 1668 Propter
1329 1600 1768 1654 communionem
1805 1616 1930 1654 san-

341 1701 486 1748 ctam
547 1690 716 1755 dicit,
769 1704 840 1744 ne
883 1688 1086 1759 aliquid
1131 1690 1256 1744 inde
1305 1701 1578 1762 sumptum
1629 1706 1927 1748 exsecraris

344 1781 594 1856 proiiciat
621 1783 676 1838 in
701 1791 881 1852 sputo.

418 1875 635 1932 Fratres
661 1887 838 1931 autem
868 1893 972 1930 non
996 1893 1089 1946 per
1107 1877 1344 1932 ordinem
1374 1875 1547 1948 legant
1578 1888 1667 1931 aut
1694 1887 1924 1940 cantent,

341 1968 436 2024 sed
456 1969 546 2040 qui
580 1969 848 2038 a’diﬁcant
883 1967 1175 2023 audientes.
1231 1969 1368 2024 Hinc
1403 1969 1598 2024 iterum
1634 1969 1928 2023 monacho-

345 2073 470 2114 rum
519 2059 782 2129 magister
825 2059 940 2113 ait:
971 2059 1143 2130 Legat
1185 2074 1422 2130 namque
1471 2059 1732 2130 disposite
1759 2059 1930 2114 lector

338 2164 452 2206 non
502 2149 778 2222 urgendo,
836 2156 897 2204 ut
956 2150 1196 2220 apertius
1243 2149 1490 2220 occupati
1536 2165 1599 2205 ea
1658 2149 1931 2204 auditores

335 2247 644 2311 agnoscant
673 2254 793 2310 quae
820 2254 914 2295 eos
939 2238 1100 2294 factis
1127 2248 1376 2310 oporteat
1420 2239 1732 2312 adimplere.
1787 2240 1854 2294 Et
1884 2241 1930 2294 si

336 2349 451 2404 qua
479 2341 605 2388 sunt
642 2333 892 2404 ambigua
919 2341 1012 2388 aut
1046 2333 1276 2388 obscura
1297 2375 1312 2399 ,
1344 2333 1584 2405 apertius
1622 2332 1762 2388 lecta
1799 2331 1933 2387 laci-

338 2426 452 2482 !ius
471 2425 863 2496 intelligantur.

874 2516 1102 2574 CAPUT
1147 2517 1392 2574 XXXIX.

827 2608 905 2664 De
933 2624 1178 2664 mensura
1209 2610 1470 2665 ciborum.

420 2697 667 2770 Su/ﬁcere
687 2699 947 2753 credimus
971 2703 1038 2753 ad
1065 2699 1392 2767 refectionem
1417 2700 1802 2770 quotidianam,
1825 2708 1933 2754 tam

285 2803 290 2809 ’
337 2802 507 2846 sexta:
525 2806 682 2861 quam
715 2806 890 2854 name,
913 2789 1152 2844 omnibus
1174 2789 1366 2844 mensis
1396 2797 1542 2844 cocta
1566 2789 1672 2844 duo
1692 2788 1932 2860 pulmen-

340 2880 490 2934 taria
510 2888 722 2949 propter
740 2877 1066 2933 diversorum
1087 2879 1459 2949 inﬁrmitates;
1484 2889 1538 2933 ut
1570 2879 1724 2949 forte,
1755 2880 1846 2949 qui
1870 2895 1936 2934 ea:

345 2987 453 3024 uno
477 2986 582 3024 non
607 2971 818 3039 poterit,
850 2987 916 3024 ea:
943 2969 1049 3024 alio
1080 2971 1370 3040 reﬁciatur.
1412 2969 1556 3041 Ergo
1578 2971 1681 3024 duo
1703 2969 1938 3040 pulmen-

341 3062 488 3114 taria
507 3070 656 3114 cocta
682 3059 936 3130 fratribus
965 3063 1258 3132 sufficiant,
1304 3069 1351 3116 et
1382 3061 1429 3116 si
1465 3060 1660 3131 fuerint
1697 3062 1820 3116 inde
1848 3078 1937 3132 po-

345 3166 438 3204 ma
458 3191 472 3213 ,
524 3158 617 3202 aut
650 3151 924 3204 nascentia
953 3149 1306 3219 leguminum,
1353 3149 1586 3204 addatur
1611 3158 1660 3204 et
1701 3152 1933 3204 tertium.

346 3241 490 3297 Hinc
510 3241 756 3297 Isidorus
795 3242 874 3297 ait
917 3260 930 3296 :
977 3242 1038 3296 In
1071 3243 1322 3314 utrisque
1345 3242 1683 3314 temporibus
1707 3244 1936 3300 reiectio

351 3346 559 3386 mensa;
579 3331 758 3386 tribus
792 3332 898 3387 erit
927 3331 1248 3402 pulmentis,
1298 3333 1508 3389 olerum
1538 3333 1745 3389 scilicet
1775 3342 1829 3390 et
1856 3333 1936 3388 le-

344 3423 658 3494 guminum,
687 3431 743 3478 et
770 3423 815 3479 si
842 3423 970 3492 quid
1000 3423 1216 3478 tertium
1245 3422 1349 3478 fuit
1377 3438 1682 3494 pomorum.
1718 3421 1857 3478 Hinc
1885 3431 1940 3478 et

343 3515 572 3584 quidam
601 3516 994 3570 monachorum
1025 3515 1286 3585 magister
1329 3516 1406 3570 ait
1435 3533 1448 3568 :
1485 3513 1746 3569 Sufiicere
1781 3529 1937 3567 nam-

344 3620 461 3676 que
512 3605 784 3660 credimus
841 3606 908 3661 ad
956 3603 1310 3661 refectionem
1357 3603 1731 3675 quotidianam
1759 3644 1774 3669 ,
1828 3611 1939 3657 tam

348 3704 522 3753 sextae
552 3711 712 3765 quam
743 3711 926 3760 nonae,
975 3695 1227 3750 omnibus
1271 3694 1478 3750 mensis
1507 3701 1663 3749 cocta
1692 3693 1798 3747 duo
1822 3692 1942 3762 pul-

351 3788 657 3851 mentaria,
685 3795 740 3841 et
765 3787 990 3842 tertium
1025 3785 1383 3855 quodcunque
1415 3782 1585 3838 fuerit
1619 3783 1846 3838 crudum
1875 3783 1942 3837 de

349 3880 547 3950 pomis.
586 3878 820 3934 Festivis
865 3893 995 3934 vero
1044 3877 1266 3942 diebus,
1311 3891 1411 3946 pro
1439 3876 1743 3932 reverentia
1771 3891 1942 3931 sacrte

351 3969 717 4026 solemnitatis
761 3969 1008 4039 pluribus
1048 3968 1216 4034 cibis,
1264 3967 1318 4023 id
1345 3977 1462 4034 est,
1499 3969 1671 4024 ternis
1706 3967 1788 4024 vel
1819 3983 1944 4038 qua-

357 4061 529 4115 ternis
580 4059 803 4116 ferculis
847 4067 972 4116 sunt
1016 4075 1244 4131 corpora
1286 4060 1609 4125 reﬁcienda;
1656 4061 1735 4116 sic
1761 4070 1944 4116 tamen

357 4163 420 4208 ut
441 4153 596 4224 plura
627 4161 753 4208 sunt
781 4153 983 4208 cibaria
1013 4168 1270 4219 numero,
1306 4154 1416 4209 sint
1454 4153 1698 4219 minora,
1737 4163 1796 4208 ut
1825 4169 1946 4208 cor-

349 4257 489 4314 pora
522 4243 834 4299 necessario
858 4243 988 4299 cibo
1018 4243 1354 4310 reﬁciantur,
1396 4260 1504 4300 non
1543 4245 1710 4299 nimia
1749 4243 1946 4299 saturi-

357 4345 470 4392 tate
496 4320 836 4391 damnentur.
877 4334 1104 4402 Quando
1132 4337 1186 4390 in
1215 4351 1401 4392 mensa
1425 4335 1579 4392 cibus
1599 4335 1944 4392 administra-

353 4434 469 4492 tur,
501 4425 679 4480 nullus
721 4426 873 4497 prius
900 4426 1079 4481 cibum
1115 4425 1388 4488 comedat,
1433 4440 1596 4495 quam
1627 4426 1840 4496 signum
1875 4424 1942 4479 ad

351 4517 788 4572 benedicendum
836 4516 1073 4572 insonet.
1128 4516 1198 4570 Et
1244 4531 1367 4571 cum
1406 4517 1617 4586 signum
1646 4515 1937 4579 audierint,

347 4621 465 4662 una
514 4621 650 4662 voce
696 4606 1131 4661 benedictionem
1169 4613 1384 4678 rogent.
1468 4606 1707 4674 Quorum
1753 4620 1940 4660 vocem

353 4695 527 4751 abbas
555 4697 922 4766 subsequitur,
955 4697 1141 4753 dicens
1167 4715 1180 4751 :
1215 4697 1476 4753 Dominus
1505 4698 1756 4768 dignetur
1780 4699 1946 4753 bene-

352 4789 558 4846 dicere.
596 4790 733 4844 illud
762 4791 1037 4861 praecipue
1080 4790 1424 4846 decernimus
1466 4799 1526 4845 ut
1564 4789 1742 4846 nullus
1787 4790 1944 4846 alteri

350 4879 488 4935 dare
517 4895 580 4935 ex
613 4895 863 4936 mensura
887 4896 984 4935 sua
1003 4921 1020 4947 ,
1051 4880 1135 4935 vel
1163 4881 1410 4951 accipere
1441 4881 1510 4935 ab
1545 4881 1716 4937 altero
1739 4897 1946 4952 przesu-

353 4980 491 5035 mat,
522 4980 721 5042 praeter
748 4970 1017 5037 abbatem,
1046 4971 1127 5027 vel
1157 4971 1529 5042 praepositum,
1568 4972 1655 5027 cui
1684 4973 1751 5027 ab
1779 4973 1944 5028 abba-

353 5071 414 5116 te
447 5063 796 5117 commissum
827 5071 930 5118 est.

429 5150 597 5207 Panis
627 5154 761 5208 libra
784 5171 893 5208 una
936 5171 1194 5225 propensa
1223 5155 1446 5226 sufﬁciat
1475 5158 1531 5210 in
1569 5157 1677 5221 die,
1706 5160 1812 5211 sive
1837 5173 1942 5210 una

355 5243 427 5298 sit
465 5243 698 5313 refectio,
739 5245 846 5298 sive
877 5245 1098 5314 prandii
1137 5255 1184 5300 et
1216 5263 1393 5301 came.
1435 5246 1590 5313 Quod
1618 5249 1664 5302 si
1687 5249 1944 5302 caenaturi

353 5346 500 5398 sunt,
526 5337 590 5390 de
627 5337 809 5391 eadem
850 5337 984 5391 libra
1019 5339 1173 5392 tertia
1208 5355 1332 5409 pars
1358 5357 1389 5392 a
1420 5339 1694 5394 eellerario
1728 5357 1948 5394 reserve-

353 5440 450 5482 tur
478 5428 744 5482 reddenda
771 5431 1081 5483 coenaturis.
1121 5430 1258 5487 Hinc
1285 5433 1411 5486 item
1442 5432 1584 5488 idem
1607 5433 1952 5504 supradictus

357 5521 620 5589 magister
647 5522 758 5576 ait:
808 5521 1014 5576 Medius
1041 5523 1198 5592 panis
1227 5539 1458 5590 pensans
1501 5524 1694 5578 libram
1727 5523 1956 5595 singulis

358 5611 622 5668 fratribus
655 5613 709 5667 in
753 5615 841 5669 die
870 5615 1123 5682 sufﬁciat,
1152 5617 1445 5672 secundum
1490 5618 1717 5673 formam
1758 5620 1952 5676 divina:

361 5703 803 5772 dispensationis.
845 5705 980 5760 Cum
1017 5707 1252 5762 medium
1280 5708 1435 5771 panis
1481 5709 1718 5766 ccelestis
1752 5727 1954 5767 corvus

807 5798 1084 5860 PATROL.
1127 5799 1264 5870 Cll,

2029 494 2253 560 Quando
2283 511 2413 567 ergo
2451 497 2517 551 ad
2547 504 2753 552 sextam
2797 497 2985 553 horam
3020 505 3259 568 tempore
3299 499 3487 556 aestivo
3525 500 3609 554 vel

2030 585 2149 641 aliis
2182 587 2513 656 temporibus
2542 589 2788 643 reﬁciunt
2812 629 2826 652 ,
2867 590 3027 644 tertia
3059 590 3227 658 ipsius
3253 591 3474 660 quadra-
3505 591 3608 645 Do-

2029 677 2212 732 minici
2241 679 2396 746 panis
2419 718 2435 744 ,
2487 694 2518 732 a
2551 679 2832 733 ccllerario
2863 695 2960 749 per
2997 680 3239 734 omnium
3271 695 3516 736 annonas
3553 681 3611 736 in

2030 767 2254 822 cellario
2283 769 2559 823 subtracta
2578 809 2592 832 ,
2625 784 2750 824 sero
2773 778 2900 824 ante
2926 770 3074 824 illum
3113 771 3339 825 crudum
3361 769 3617 840 pulmen-

2029 858 2230 912 tarium
2277 857 2620 914 inferendum
2669 861 2874 916 mensis
2922 869 3178 930 ponatur.
3243 861 3396 929 Quod
3431 870 3615 917 autem

2030 951 2200 1005 dicit:
2239 952 2391 1022 panis
2440 950 2576 1006 libra
2620 969 2728 1006 una
2757 970 3012 1024 propensa
3037 994 3051 1019 ,
3103 961 3229 1009 ante
3268 963 3492 1024 pensata
3528 955 3615 1010 vel

2030 1042 2224 1096 librata
2253 1042 2592 1113 intelligitur.
2636 1041 2770 1097 Nam
2801 1051 2855 1099 et
2884 1044 3250 1114 supradictum
3279 1044 3614 1115 pulmentum

2030 1150 2058 1188 a
2089 1135 2236 1204 pulte
2265 1151 2460 1191 nomen
2495 1135 2613 1206 eius
2661 1146 2745 1192 est
2791 1137 3115 1194 derivatum.
3163 1139 3294 1194 Sive
3323 1139 3466 1194 enim
3495 1139 3617 1195 sola

2033 1229 2221 1299 pultis,
2263 1229 2379 1284 sive
2409 1229 2552 1284 aliud
2585 1231 2713 1299 quid
2743 1228 2984 1299 ejusdem
3014 1231 3396 1302 permixtionis
3425 1232 3619 1287 ordine

2032 1323 2375 1392 componitur
2402 1329 2456 1376 et
2487 1322 2740 1386 sumitur,
2776 1322 3112 1392 pulmentum
3139 1323 3361 1394 proprie
3398 1321 3619 1378 dicitur.

2033 1412 2390 1484 Leguminum
2421 1419 2601 1468 autem
2629 1414 2906 1469 nascentia
2935 1415 3248 1470 eorumdem
3277 1414 3619 1486 leguminum

2033 1506 2406 1577 intelliguntur
2442 1507 2687 1577 gramina
2711 1547 2726 1572 ,
2756 1524 2875 1578 qua:
2899 1523 3022 1562 cum
3063 1515 3218 1563 aceto
3243 1509 3328 1564 vel
3353 1509 3477 1564 aliis
3501 1510 3615 1565 l'ru-

2029 1599 2208 1654 ctibus
2233 1601 2532 1671 composita
2561 1600 2629 1656 ad
2658 1601 3053 1656 comedendum
3081 1613 3206 1658 sunt
3235 1612 3376 1674 apta.

2105 1688 2259 1755 Quod
2305 1691 2356 1744 si
2405 1689 2556 1744 labor
2592 1689 2728 1758 forte
2766 1689 2940 1774 factus
2977 1691 3136 1760 fuerit
3174 1694 3379 1764 major,
3427 1697 3482 1750 in
3531 1714 3622 1750 ar-

1957 1768 2001 1827 Β
2031 1779 2184 1833 bitrio
2220 1787 2270 1833 et
2319 1787 2573 1849 potestate
2621 1768 2824 1833 abbatis
2883 1780 2982 1834 erit
3032 1782 3079 1836 si
3125 1783 3368 1853 expediat
3418 1783 3621 1854 aliquid

2027 1885 2237 1941 augere.
2310 1867 2449 1925 Hinc
2497 1869 2748 1928 Basilius?
2766 1869 2850 1923 ait
2885 1888 2897 1923 :
2931 1870 2996 1925 Hi
3028 1872 3118 1942 qui
3158 1881 3402 1943 praesunt
3427 1873 3619 1930 obser-

2029 1959 2233 2014 vabunt
2263 1959 2508 2029 regulam
2545 1960 2690 2014 illam
2716 1975 2837 2030 qua:
2867 1960 2999 2016 dicit
3026 1981 3039 2016 :
3076 1962 3424 2018 Divide‘batur
3442 1965 3625 2036 singu-

2031 2047 2274 2119 lisprout
2321 2049 2507 2122 cuique
2538 2067 2666 2120 opus
2701 2059 2834 2104 erat.
2897 2051 3066 2108 Debet
3092 2067 3222 2125 ergo
3259 2071 3624 2126 unumquem-

2032 2157 2136 2212 que
2164 2142 2488 2212 prrevenire,
2519 2149 2577 2194 ut
2608 2143 2905 2198 secundum
2947 2142 3192 2202 laborem
3236 2146 3402 2202 etiam
3428 2147 3622 2204 solatia

2033 2229 2346 2287 refectionis
2372 2231 2633 2287 inveniat.
2669 2232 2944 2299 Quantum
2963 2234 3107 2291 enim
3131 2245 3339 2306 spectat
3367 2238 3436 2292 ad
3464 2237 3620 2301 vitia,

2031 2321 2250 2393 penitus
2279 2322 2663 2379 abstinendum
2688 2332 2800 2391 est;
2852 2334 3116 2394 quantum
3137 2335 3323 2383 autem
3350 2328 3420 2384 ad
3447 2328 3624 2393 cibos,

2029 2421 2193 2484 prout
2220 2429 2352 2469 usus
2379 2414 2626 2486 deposcit
2655 2414 2737 2470 vel
2766 2424 2898 2471 aetas
2924 2456 2941 2482 ,
2987 2416 3074 2472 vel
3119 2416 3297 2483 labor,
3346 2419 3434 2476 vel
3460 2421 3627 2476 robur

2032 2505 2300 2577 corporis,
2330 2505 2412 2562 vel
2455 2506 2869 2564 incommoditas
2921 2508 3057 2580 ejus,
3108 2509 3181 2564 ita
3212 2509 3377 2566 etiam
3432 2513 3626 2567 modus

2033 2605 2089 2651 et
2113 2597 2346 2667 qualitas
2375 2597 2767 2666 temperabitur
2793 2595 2919 2653 cibi.

2105 2686 2328 2742 Remota
2357 2704 2467 2758 pra:
2497 2688 2738 2742 omnibus
2768 2688 3020 2760 crapula,
3053 2699 3109 2744 ut
3142 2706 3413 2762 nunquam
3442 2691 3626 2746 subre-

2033 2787 2123 2850 pat
2149 2778 2408 2833 monacho
2439 2777 2754 2849 indigeries;
2791 2781 2917 2850 quia
2945 2781 3075 2835 nihil
3105 2781 3181 2835 sic
3198 2783 3529 2837 contrarium
3549 2792 3628 2838 est

2034 2871 2176 2925 omni
2199 2866 2503 2924 Christiano
2530 2870 2790 2941 quomodo
2820 2871 3070 2943 crapula,
3099 2872 3234 2927 sicut
3259 2874 3336 2928 ait
3364 2873 3627 2929 Dominus

2035 2968 2212 3014 noster
2233 2975 2253 3013 :
2287 2956 2470 3014 Videte
2493 2976 2556 3014 ne
2573 2961 3048 3032 graventur-corda
3070 2971 3241 3017 uestra
3262 2965 3318 3018 in
3337 2963 3556 3035 crapula
3577 2974 3628 3019 et

2037 3047 2284 3104 ebrietate
2307 3047 2463 3120 (Luc.
2492 3049 2630 3122 ut).
2653 3048 2885 3121 Crapula
2909 3051 3110 3106 dicitur
3142 3051 3500 3110 immoderata
3527 3070 3626 3109 vo-

2041 3138 2261 3193 racitas.
2286 3137 2514 3208 Crapula
2541 3138 2684 3193 enim
2709 3138 2872 3205 dicta,
2895 3139 3052 3210 quasi
3078 3141 3245 3196 cruda
3272 3143 3450 3212 epula.
3476 3141 3631 3211 cujus

2040 3227 2306 3283 cruditate
2328 3243 2422 3284 cor
2444 3237 2705 3298 gravatur
2728 3236 2784 3284 et
2810 3229 3435 3304 stomachusindigestus
3459 3232 3626 3290 cilici-

2037 3328 2147 3374 tur.
2171 3318 2326 3375 Unde
2349 3328 2405 3374 et
2428 3320 2714 3390 sequitur:
2746 3318 2815 3375 Et
2839 3328 2898 3375 ut
2921 3337 3201 3392 nunquam
3227 3323 3486 3394 subrepat
3515 3341 3630 3380 mo-

2039 3412 2218 3466 nacho
2245 3411 2557 3482 indigcrics,
2590 3412 2643 3468 id
2671 3421 2785 3478 est,
2819 3413 3132 3470 indeductio
3157 3419 3381 3473 ventris.
3411 3418 3488 3474 De
3514 3435 3636 3475 crae

2040 3499 2166 3570 pula
2200 3500 2345 3576 enim
2391 3498 2657 3556 Dominus
2685 3501 2762 3556 ait
2786 3519 2800 3555 :
2855 3500 3042 3558 Videte
3072 3521 3136 3559 ne
3154 3517 3445 3576 grauatur
3469 3510 3634 3565 corda

2041 3600 2212 3646 vestra
2249 3572 2303 3644 in
2326 3590 2544 3662 crapula
2569 3601 2617 3646 et
2639 3591 2909 3659 ebrietate,
2942 3602 3049 3650 etc.
3084 3572 3307 3666 "Repleri
3327 3599 3478 3654 cnim
3506 3614 3634 3654 ven-

2043 3690 2182 3737 trem
2215 3691 2270 3738 ct
2295 3680 2517 3753 gravari
2547 3698 2614 3738 es
2643 3683 2780 3739 cibis
2809 3683 2964 3742 valde
3001 3685 3191 3743 inutile
3218 3695 3306 3743 est
3341 3689 3628 3756 monacho,

2041 3784 2096 3828 et
2125 3773 2194 3827 ad
2221 3788 2382 3829 omne
2430 3788 2568 3844 opus
2611 3771 2818 3830 bonum
2865 3776 3236 3845 contrarium,
3267 3779 3392 3848 quia
3420 3780 3510 3851 qui
3547 3781 3632 3836 ni-

2042 3864 2210 3919 mium
2237 3864 2374 3920 cibis
2402 3865 2590 3932 utitur,
2607 3874 2809 3935 quanto
2835 3867 3006 3938 magis
3028 3875 3271 3923 ventrem
3289 3871 3485 3939 pascit,
3511 3878 3633 3926 tan-

2045 3963 2099 4010 ta
2124 3955 2356 4026 amplius
2381 3970 2601 4010 sensum
2637 3954 2837 4011 mentis
2862 3956 3132 4012 obtundit.

2116 4045 2307 4100 Pueris
2337 4063 2453 4100 vero
2483 4046 2678 4101 minori
2707 4055 2862 4102 (etate
2885 4057 2988 4102 non
3013 4049 3196 4104 eadem
3215 4059 3448 4106 seruetur
3459 4069 3632 4124 quan-

2045 4137 2189 4202 titas,
2214 4137 2305 4191 sed
2338 4136 2509 4191 minor
2545 4153 2704 4208 quam
2739 4137 3061 4208 majoribus,
3084 4150 3287 4195 servata
3312 4140 3368 4196 in
3389 4143 3631 4198 omnibus

2047 4229 2322 4283 parcitate.
2347 4225 2487 4283 Hinc
2507 4228 2771 4299 magister
2805 4229 2882 4284 ait
2914 4247 2926 4283 :
2965 4227 3258 4301 Majoribus
3278 4247 3409 4288 vero
3437 4233 3632 4289 duode-

2047 4321 2153 4376 ci‘m
2176 4320 2333 4375 annis
2366 4319 2548 4375 minus
2573 4336 2601 4374 a
2624 4319 2764 4375 libra
2787 4321 2950 4392 panis
2979 4322 3032 4376 in
3065 4323 3151 4378 die
3173 4321 3423 4379 sufﬁciat.
3448 4324 3636 4393 Quan-

2049 4409 2177 4465 titas
2198 4411 2342 4464 enim
2372 4409 2572 4466 dicitur
2597 4411 2903 4477 modicitas,
2927 4413 3012 4470 vel
3035 4415 3332 4485 granditas.
3358 4415 3514 4471 Dicta
3537 4433 3634 4472 au-

2049 4512 2155 4556 tem
2181 4518 2211 4556 a
2239 4517 2515 4566 mensura,
2553 4518 2672 4572 qua:
2698 4511 2804 4570 est,
2831 4514 3093 4575 quantum
3117 4506 3206 4561 sit.
3231 4506 3470 4563 Peream
3488 4509 3634 4564 enim

2046 4595 2128 4650 vel
2157 4595 2296 4666 plus,
2327 4595 2410 4650 vel
2441 4593 2620 4649 minus
2651 4597 2980 4651 ostenditur.
3034 4596 3280 4654 Parcitas
3311 4599 3463 4654 enim
3495 4607 3635 4656 tem-

2046 4687 2291 4758 perantia
2323 4695 2429 4754 est,
2460 4702 2580 4758 qua:
2602 4702 2633 4741 a
2659 4687 2936 4759 parcendo
2961 4703 3159 4744 nomen
3186 4690 3414 4760 accepit.

2121 4799 2375 4855 Carnium
2414 4815 2533 4854 vero
2571 4799 2972 4870 quadrupedum
3011 4799 3224 4854 omnino
3268 4799 3335 4854 ab
3392 4803 3646 4859 omnibus,

2047 4892 2371 4946 abstineatur
2382 4892 2649 4957 comestio,
2672 4901 2862 4961 prwter
2880 4892 3090 4945 omnino
3106 4891 3298 4948 debiles
3319 4902 3368 4947 et
3389 4904 3636 4965 aegrotes.

2053 4983 2191 5039 Hinc
2232 4983 2486 5038 Aurelius
2531 4985 2700 5038 dicit:
2741 4982 2947 5039 Carnes
2996 4984 3050 5038 in
3091 4984 3217 5041 cibo
3243 5003 3517 5058 nunquam
3543 5004 3650 5044 su—.

2054 5083 2292 5129 mantur.
2333 5074 2471 5130 Pulli
2502 5089 2632 5130 vero
2669 5074 2753 5128 vel
2803 5074 2973 5129 altilia
3022 5084 3219 5133 cuncta
3249 5077 3304 5132 in
3339 5093 3639 5150 congrega-

2053 5167 2197 5220 tione
2222 5180 2328 5220 non
2358 5164 2754 5220 ministrentur.
2795 5164 3029 5221 inﬁrmis
3048 5182 3182 5222 vero
3212 5175 3422 5223 tantum
3455 5169 3662 5238 provi-.

2054 5255 2268 5320 deatur,
2322 5262 2378 5309 et
2410 5253 2658 5324 accipere
2688 5254 2866 5310 liceat.
2908 5254 3046 5313 Hinc
3087 5256 3423 5314 Fructuosus
3457 5257 3631 5312 dicit:

2053 5343 2283 5402 Carnem
2309 5345 2556 5415 cuiquam
2583 5361 2686 5401 nec
2709 5348 2955 5403 sumendi
2985 5364 3086 5405 nec
3112 5348 3362 5422 gustandi
3395 5355 3480 5403 est
3506 5361 3636 5402 con—

2055 5454 2207 5493 cessa
2236 5437 2456 5491 licentia
2481 5479 2496 5502 ,
2548 5454 2656 5492 non
2697 5441 2840 5509 quod
2877 5449 3182 5496 creaturam
3211 5440 3307 5494 Dei
3328 5439 3636 5509 iudicemus

2054 5527 2355 5599 indignam,
2383 5527 2474 5582 sed
2503 5529 2645 5597 quod
2681 5531 2865 5586 carnis
2894 5531 3220 5585 abstinentia
3251 5529 3400 5585 utilis
3423 5537 3480 5584 et
3507 5540 3633 5602 apta

2055 5620 2340 5675 monachis
2381 5620 2682 5675 aestimetur
2724 5639 2737 5674 :
2790 5629 3036 5676 servatur
3073 5631 3250 5674 tamen
3281 5621 3634 5678 moderamen

2054 5712 2274 5782 pictatis
2310 5728 2437 5784 erga
2475 5720 2794 5780 :rgrotorum
2830 5710 3253 5764 necessitudines
3284 5753 3300 5778 ,
3348 5713 3436 5769 vel
3477 5714 3634 5790 longe

3116 5801 3194 5863 28
