3992 6206
406 225 506 284 8ἲῖ

1431 215 1785 272 COMMENT.
1829 213 1895 268 IN
1934 212 2092 268 REG.
2135 212 2192 266 S.
2235 209 2615 268 BENEDICTI.

3547 212 3656 262 873

406 332 780 397 vescentium,
804 337 861 386 et
901 328 1204 386 cmnobium
1252 342 1283 382 a
1334 325 1721 382 communitate
1752 334 1977 381 vocatur
2003 329 2052 387 Α
2079 337 2203 378 nam
2247 323 2437 376 horam
2479 319 2747 376 universis
2784 319 2970 376 diebus
3015 320 3308 374 constituta
3353 335 3477 375 sunt
3519 336 3652 378 sum

405 423 706 480 viventium

477 515 519 569 Α
549 509 854 566 Pentecoste
878 517 1051 563 autent
1076 517 1184 564 tota
1216 517 1396 562 testate
1422 508 1488 577 (si
1513 507 1713 560 labores
1737 523 1983 576 agrorum

408 623 512 662 non
561 602 746 657 habent
798 599 1037 654 monachi
1063 639 1076 661 ,
1109 607 1198 652 aut
1231 598 1470 651 nimietas
1514 597 1712 650 a'statis
1743 611 1843 648 non
1869 611 1987 663 per-

404 693 602 767 turbat)
637 701 825 764 quarta
867 698 915 743 et
943 699 1088 743 sexta
1137 687 1272 755 {cria
1314 687 1558 754 jejunem
1601 702 1764 755 usque
1799 686 1867 736 ad
1902 701 1987 736 no-

404 803 552 843 uam.
581 783 718 840 Hinc
747 781 943 836 iterum
967 779 1202 833 Isidorus
1225 776 1300 829 ait
1327 795 1340 827 :
1379 774 1686 829 Secundum
1719 772 1985 841 jejunium

404 872 771 930 interdianum
820 875 943 938 post
985 865 1340 920 Pentecosten
1391 862 1494 916 alia
1546 862 1636 916 die
1679 862 1988 916 inchoatum

412 980 584 1034 usque
611 964 680 1018 ad
705 959 1088 1030 inmunoctium
1111 955 1420 1011 autumnale
1447 954 1805 1023 protenditur,
1835 953 1990 1007 trinis

409 1055 616 1112 scilicet
635 1052 828 1107 diebus
845 1065 942 1120 per
958 1047 1197 1118 singulas
1223 1045 1588 1101 hebdomadas
1605 1053 1826 1114 propter
1847 1044 1991 1099 insti-

408 1159 537 1200 vum
559 1142 687 1198 solis
707 1140 976 1194 ardorem.
1017 1137 1157 1190 Hinc
1188 1135 1521 1190 Fructuosus
1553 1135 1631 1187 ait
1656 1151 1668 1187 :
1712 1134 1757 1187 Α
1784 1133 1990 1187 Pascha

409 1244 581 1303 usque
602 1233 669 1285 ad
693 1230 1052 1285 Pentecosten
1076 1226 1424 1280 reﬁciendum
1459 1232 1545 1279 est
1581 1225 1648 1280 ad
1673 1232 1902 1278 sextam.
1946 1222 1991 1275 A

409 1323 735 1378 Pentecoste
755 1332 928 1388 usque
960 1333 1090 1371 xvm
1132 1315 1358 1371 Kalend.
1408 1314 1657 1370 Octobris
1687 1313 1990 1368 interdiana

405 1414 612 1484 jejunis
633 1408 915 1466 retinenda
946 1417 1097 1462 sunt.
1677 1429 1680 1431 _

489 1502 712 1572 Reliquis
745 1498 927 1552 diebus
960 1497 1029 1550 ad
1052 1506 1252 1551 sextam
1278 1497 1593 1567 prandeant.
1623 1496 1757 1560 Quw
1782 1496 1993 1564 prandii

409 1607 582 1662 sexta,
608 1597 652 1650 si
673 1611 852 1665 opera.
873 1595 932 1648 in
973 1593 1114 1664 agris
1141 1593 1440 1656 habuerint,
1474 1598 1568 1645 aut
1601 1591 1798 1644 astatis
1825 1588 1994 1656 [error

2080 412 2318 480 jejunia',
2367 421 2427 466 ut
2477 412 2550 466 sit
2578 410 2777 480 aliquid
2809 410 3093 481 prolixiurr
3117 412 3262 479 quod
3293 412 3650 483 quadraginta

2087 504 2274 560 diebus
2302 505 2549 568 addatur,
2581 505 2752 566 idest,
2785 519 2955 572 usque
2984 503 3051 557 ad
3073 519 3374 575 vesperam.

2159 594 2284 664 Ipsa
2318 605 2489 648 tanien
2521 609 2726 663 rcspera
2767 595 2841 646 sic
2883 605 3069 663 agatur
3108 605 3162 647 ut
3204 594 3400 650 lumine
3430 595 3656 653 lacerate

2088 705 2190 741 non
2219 687 2484 756 indigeant
2517 687 2823 755 inficientes,
2861 686 2951 740 sed
2980 685 3094 740 luce
3131 686 3302 740 adhuc
3341 688 3444 742 diei
3483 691 3662 744 omnia

2089 783 2530 827 consummentur.
2569 773 2674 828 Sed
2697 781 2742 826 et
2774 775 2914 826 omni
2951 782 3197 843 tempore,
3222 776 3328 831 sive
3355 792 3533 841 cacare,
3557 780 3664 833 sire

2091 863 2551 933 refectionis,hora
2581 864 2655 916 sic
2681 873 3008 933 temperetur,
3031 873 3088 916 ut
3117 881 3234 918 cum
3265 864 3377 920 luce
3397 867 3529 935 ﬁant
3549 885 3662 923 om-

2091 955 2199 1007 nia.
2217 954 2338 1007 Ideo
2362 952 2480 1008 luce
2503 953 2604 1007 diei
2620 955 3065 1019 consummando,
3081 956 3409 1024 perﬁcienda
3429 966 3485 1014 et
3503 975 3661 1029 pera-

2089 1042 2262 1112 genda
2293 1049 2421 1096 sunt
2459 1042 2660 1106 omnia,
2701 1051 2761 1097 ut
2787 1058 2889 1098 nec
2929 1043 3128 1100 lumine
3154 1045 3462 1116 indigeatur
3490 1049 3665 1104 lucer-

2092 1149 2196 1197 uze,
2224 1141 2280 1187 et
2307 1133 2456 1188 horis
2484 1134 2915 1202 competentibus
2938 1137 3120 1190 omnia
3149 1137 3374 1206 proinde
3401 1154 3667 1211 peragan-

2092 1231 2180 1276 tur
2207 1231 2264 1277 et
2295 1231 2611 1292 temperate,
2639 1232 2693 1277 ct
2720 1233 2778 1278 ut
2807 1225 2969 1278 citius
2993 1233 3045 1279 et
3075 1226 3308 1281 alacrius
3332 1229 3384 1283 in
3416 1231 3667 1284 noctibus

2089 1321 2476 1382 consurgentes
2517 1314 2799 1382 impleatur
2827 1316 2894 1368 ab
2924 1315 3030 1370 illis
3071 1318 3212 1386 quod
3242 1320 3504 1388 propheta
3532 1323 3661 1375 hor-

2093 1413 2235 1459 tatur
2261 1406 2444 1460 dicens
2484 1425 2496 1458 :
2533 1406 2598 1460 In
2625 1407 2858 1459 noctibus
2890 1406 3120 1462 extollite
3164 1425 3354 1464 manus
3382 1422 3582 1466 vestras
3615 1415 3669 1468 in

2091 1511 2295 1564 sancta,
2345 1510 2395 1553 et
2436 1501 2716 1554 benedicite
2747 1501 2970 1553 Domino
3012 1499 3184 1567 (Psal.
3243 1506 3490 1575 eumn).
3515 1506 3670 1573 Quod

2094 1597 2273 1642 autem
2306 1589 2460 1653 dicit,
2498 1590 2604 1643 sive
2631 1606 2812 1652 cmmr,
2860 1589 3175 1661 intelligitur
3213 1605 3367 1646 omna
3400 1610 3518 1664 qua:
3547 1606 3670 1664 post

413 1690 606 1743 nimius
628 1687 807 1756 fuerit,
829 1683 1185 1740 continuando
1211 1685 1308 1738 erit
1341 1700 1360 1736 :
1385 1693 1432 1737 et
1460 1684 1514 1738 in
1549 1681 1751 1736 abbatis
1777 1679 1844 1732 sit
1863 1694 1990 1747 pro-
2017 1679 2066 1737 B
2093 1677 2378 1745 prandium
2424 1678 2500 1742 llt,
2536 1679 2754 1748 quando
2794 1677 3004 1735 duabus
3035 1681 3242 1736 vicibus
3275 1683 3524 1739 reﬁciunt
3565 1682 3682 1740 fraJ

414 1778 662 1833 sidentis.
705 1775 998 1832 Prandium
1034 1783 1216 1828 autem
1261 1775 1327 1828 ab
1367 1781 1630 1843 apparatu
1681 1768 1990 1826 refeCtionis

408 1875 500 1923 est
518 1867 739 1921 dictum.
768 1865 988 1919 Prandii
1011 1865 1154 1919 enim
1178 1872 1328 1919 sexta
1349 1864 1482 1919 dicit
1511 1878 1631 1918 esse
1666 1862 1992 1916 continuan-

409 1961 507 2023 da,
555 1959 608 2012 id
638 1965 743 2021 est,
783 1955 990 2027 iugiter
1017 1965 1075 2011 et
1113 1957 1355 2026 quotidie
1395 1955 1721 2026 peragenda.
1764 1953 1993 2022 Propter

415 2048 786 2120 Fatigationem
806 2047 948 2100 enim
979 2047 1162 2115 operis
1189 2055 1244 2099 et
1272 2044 1544 2099 fervorem
1577 2042 1777 2098 caloris
1791 2041 1993 2111 iugiter

412 2140 670 2196 solvenda
711 2146 836 2193 sunt
866 2137 1071 2207 jejunis
1103 2145 1346 2206 tempore
1395 2137 1618 2190 aestatis.
1664 2134 1994 2190 Gontinuarc

415 2230 562 2286 enim
585 2229 748 2293 dicit,
779 2229 1021 2297 quotidie
1059 2241 1240 2296 agere,
1289 2227 1709 2297 cungeminare,
1744 2226 1827 2279 vel
1876 2226 1994 2278 sine

415 2318 814 2374 intermissione
835 2317 1033 2371 facere.

487 2407 555 2461 Et
587 2408 660 2462 sic
689 2407 865 2460 omnia
899 2410 1147 2476 temperet
1178 2414 1334 2476 atque
1363 2405 1608 2475 disponat
1630 2445 1644 2469 ,
1680 2406 1907 2476 qualiter
1943 2417 1996 2458 et

416 2500 610 2553 anima:
661 2497 946 2559 soluentur,
979 2506 1028 2550 et
1059 2496 1198 2567 quod
1247 2496 1447 2560 faciunt
1480 2496 1672 2565 fratres
1699 2497 1890 2567 absque
1903 2499 1997 2566 ju-

411 2597 500 2643 sta
528 2586 942 2641 murmuratione
969 2585 1192 2653 fuci-ant.
1231 2583 1420 2639 Omnia
1455 2585 1724 2652 sagacitas
1759 2597 2008 2653 curaque

433 2679 664 2749 pastoris
710 2677 778 2732 ad
831 2675 934 2730 hoc
973 2677 1131 2730 debet
1157 2675 1399 2743 quotidie
1444 2675 1684 2740 tendere,
1728 2682 1788 2728 ut
1815 2675 1996 2728 ovium

419 2784 637 2825 suarum
667 2769 860 2824 anima:
878 2767 1179 2831 solventur,
1211 2767 2000 2836 etvirtutihussacrispascuis-

423 2876 532 2929 que
561 2860 876 2929 saginantur
912 2857 1147 2912 aeternis.
1191 2857 1258 2910 Et
1278 2857 1418 2926 quod
1459 2856 1666 2912 faciunt
1688 2867 1846 2921 oves,
1875 2859 1998 2912 abs-

424 2967 544 3021 que
553 2950 698 3018 justo
719 2948 1152 3005 murmuratione
1171 2947 1391 3002 faciant.
1417 2945 1569 3001 Iusta
1589 2947 1732 3002 enim
1757 2961 2001 3003 murmu-

2093 1775 2223 1822 tres.
2255 1766 2584 1822 Refectionis
2611 1776 2791 1822 autem
2814 1768 2943 1822 hora
2973 1769 3062 1823 hic
3085 1770 3425 1840 intelligitur,
3454 1776 3669 1842 quando

2086 1853 2292 1923 jejunio
2338 1869 2560 1925 peracto
2608 1872 2710 1911 una
2753 1866 2964 1912 tantum
3013 1859 3130 1914 vice
3172 1861 3234 1913 in
3279 1876 3502 1931 vespere
3549 1864 3672 1919 reli-

2093 1948 2330 2001 ciuntur.

2654 2018 2880 2075 CAPUT
2952 2019 3104 2074 XLII.

2311 2093 2374 2160 Ut
2416 2119 2530 2178 post
2565 2108 2957 2179 completorium
3005 2127 3153 2164 nemo
3195 2112 3455 2182 loquatur.

2166 2219 2324 2274 Omni
2378 2229 2604 2289 tempore
2651 2218 2860 2273 silentio
2909 2219 3090 2273 debent
3146 2222 3353 2276 studere
3407 2228 3670 2290 monac/ti,

2096 2312 2323 2364 maxime
2347 2319 2519 2364 tamen
2550 2311 2816 2364 nocturnis
2847 2311 3016 2366 boris.
3045 2312 3178 2366 lliuc
3207 2321 3262 2366 et
3289 2313 3415 2369 alibi
3438 2315 3676 2386 legitur:

2100 2401 2354 2470 Regulam
2386 2399 2584 2454 silentii
2615 2399 2761 2455 omni
2799 2409 3040 2470 tempore
3079 2403 3432 2470 servandam,
3465 2414 3680 2460 sancta—

2102 2508 2222 2546 rum
2250 2491 2654 2562 Scripturarum
2679 2493 2853 2548 series
2878 2493 3141 2557 declarat,
3168 2495 3293 2550 dum
3323 2511 3420 2566 per
3451 2489 3682 2568 prophe-

2101 2589 2210 2634 tam
2245 2580 2414 2636 dic—it:
2443 2577 2631 2634 Cultus
2653 2580 2883 2649 justitite
2917 2580 3188 2636 silentium
3227 2585 3359 2654 (lsa.
3391 2588 3585 2659 xxxu).
3615 2588 3684 2642 Et
3745 2618 3748 2621 -

2102 2673 2228 2727 illud
2258 2691 2270 2726 :
2313 2671 2480 2737 Pone,
2527 2674 2768 2739 Domine,
2797 2676 3086 2730 custodiam
3117 2677 3198 2730 ori
3229 2693 3360 2741 meo,
3409 2689 3456 2732 ct
3482 2681 3680 2736 ostium

2100 2764 2508 2820 circumstantiis
2550 2763 2703 2819 labiis
2743 2765 2872 2818 meis
2913 2763 3087 2836 (Psal.
3129 2765 3274 2835 cu).
3328 2767 3472 2838 Ergo
3514 2768 3677 2828 factis

2103 2853 2470 2924 conipletoriis
2487 2869 2613 2910 mox
2639 2855 2784 2910 inter
2807 2853 3006 2912 fratres
3026 2856 3361 2926 ingrediatur
3383 2860 3680 2928 silentium.

2103 2951 2156 2996 et
2181 2944 2260 2998 sic
2287 2959 2343 2998 se
2378 2944 2490 3000 suis
2520 2944 2784 3000 collocant
2805 2945 2981 3010 lectis,
3015 2954 3075 3000 ut
3099 2961 3259 3002 nemo
3295 2948 3453 3004 alteri
3485 2951 3677 3022 loqua-

419 3041 564 3095 ratio
613 3041 702 3095 illa
752 3041 950 3094 dicitur
993 3053 1154 3107 quam
1208 3041 1315 3091 non
1373 3035 1678 3092 voluntarie
1732 3047 1828 3094 aut
1881 3039 1998 3094 sine
2027 3032 2068 3091 C
2105 3043 2212 3088 tur.
2251 3034 2374 3090 Ideo
2402 3037 2548 3090 enim
2577 3044 2698 3106 post
2738 3037 3152 3105 completorium
3189 3047 3372 3104 tacere
3401 3042 3695 3111 debemus,

415 3145 611 3194 causa,
632 3130 725 3186 sed
752 3129 936 3184 invicti
961 3136 1016 3182 et
1033 3129 1210 3182 coacti
1237 3129 1487 3184 monachi
1505 3127 1748 3183 faciunt:
1778 3129 2002 3185 alterius

417 3218 572 3274 enim
597 3218 738 3272 malo
768 3223 1041 3272 commota
1065 3217 1239 3286 surgit
1267 3217 1490 3272 alterius
1519 3216 1876 3274 murmuratio
1908 3219 1999 3289 ju-

423 3316 531 3364 sta.
559 3305 713 3362 Iusta
737 3308 1266 3362 enitmnurmuratio
1289 3309 1681 3362 monachorum
1705 3311 1774 3363 ab
1795 3310 2000 3380 iniusta

425 3399 774 3470 oppressione
820 3398 957 3453 sciet
1013 3413 1340 3469 consurgere
1395 3399 1776 3469 magistrorum
1799 3440 1812 3464 ,
1862 3401 2006 3454 sicut

423 3492 616 3547 beatus
655 3491 944 3562 Gregorius
995 3491 1164 3546 dicit:
1196 3491 1364 3544 Terra
1403 3489 1605 3544 etenim
1649 3499 1838 3544 contra
1879 3505 2003 3560 pos-

425 3598 697 3640 sessorem
724 3582 940 3648 clamat,
971 3581 1186 3650 quando
1223 3587 1410 3636 contra
1439 3586 1708 3648 pastorem
1736 3595 1891 3633 suum
1908 3579 1998 3647 ju-

421 3685 512 3731 ste
534 3669 775 3729 Ecclesia
804 3679 1124 3727 murmurat.

459 3821 467 3828 ,
499 3761 578 3820 Ab
615 3764 796 3818 Idibus
836 3771 1010 3818 autem
1050 3759 1367 3832 Septembris
1397 3775 1556 3830 usque
1586 3758 1656 3812 ad
1680 3769 1840 3828 caput
1864 3757 2004 3823 Qua-

421 3853 763 3924 dragesimaz,
795 3851 864 3904 ad
883 3866 1078 3904 nonam
1098 3864 1299 3918 semper
1329 3847 1564 3916 reﬁciant
1602 3846 1812 3916 fratres.
1841 3846 2010 3913 an-.

431 3943 539 3998 stio
559 3942 735 4013 oritur
758 3938 1026 4010 quomodo
1056 3940 1143 3994 hic
1178 3940 1244 3993 ab
1265 3937 1445 3992 Idibus
1482 3935 1818 4005 Septembris
1854 3935 1998 4006 jeju-

429 4031 673 4086 nandum
699 4029 936 4099 quotidie
973 4028 1149 4094 dicat,
1183 4043 1305 4083 cum
1345 4029 1397 4082 in
1433 4029 1667 4098 capitulo
1702 4029 2006 4100 quadragies

432 4123 573 4177 aimo
600 4131 789 4178 octavo
837 4121 1078 4175 dicturus
1121 4121 1229 4175 sit:
1255 4119 1298 4172 A
1335 4118 1542 4174 Pascha
1574 4133 1744 4188 usque
1789 4119 1858 4172 ad
1893 4118 2000 4172 Ka-

430 4210 578 4266 lend.
591 4209 837 4266 Octobris
845 4217 968 4280 post
983 4217 1191 4264 sextam
1207 4218 1490 4280 surgentes
1502 4225 1532 4263 a
1552 4225 1738 4264 mensa
1755 4225 1954 4279 pausen
1963 4219 2001 4264 t.

426 4287 564 4366 Quae
592 4301 663 4354 ita
693 4299 918 4358 solvitur
962 4317 974 4352 :
1021 4297 1078 4352 Si
1109 4298 1396 4360 habuerint
1423 4315 1587 4369 opera
1626 4300 1679 4353 in
1721 4301 1888 4370 agris,
1921 4300 2000 4352 vel

2106 3133 2166 3178 ut
2215 3125 2410 3178 merito
2462 3125 2514 3180 in
2563 3127 2843 3181 nocturnis
2895 3127 3071 3195 primo
3117 3127 3407 3185 dicamus:
3439 3132 3682 3198 Domine,

2103 3213 2244 3267 labia
2283 3231 2400 3268 mea
2438 3216 2662 3284 aperias,
2705 3226 2752 3269 et
2794 3233 2852 3270 os
2882 3233 3053 3272 meum
3095 3221 3426 3286 annuntiabit
3472 3203 3683 3278 tandem

2105 3315 2248 3358 tuam
2279 3303 2455 3376 (Psal.
2488 3305 2561 3376 1.).
2590 3306 2705 3361 Hoc
2730 3315 2835 3369 est,
2860 3316 3110 3376 petamus
3135 3309 3304 3365 Deum
3329 3311 3382 3364 in
3407 3317 3686 3370 nocturnis

2107 3395 2319 3461 aperire
2345 3395 2484 3448 labia
2523 3403 2726 3457 nostra,
2757 3411 2877 3464 qua:
2908 3413 3003 3454 sua
3029 3379 3275 3452 custodia
3303 3399 3360 3454 in
3382 3403 3689 3471 completo-o

2109 3485 2202 3539 riis
2239 3486 2510 3540 clauserat

2180 3577 2242 3630 Et
2273 3575 2386 3629 ideo
2421 3576 2562 3628 omni
2588 3585 2837 3645 tempore,
2864 3579 2968 3631 sive
2988 3578 3207 3648 jejunii,
3231 3583 3339 3636 sive
3365 3582 3599 3652 prandii,
3628 3587 3674 3639 si

2105 3679 2302 3740 tempus
2331 3667 2488 3736 fuerit
2511 3669 2755 3738 prandii,
2784 3685 2906 3726 mox
2938 3681 2993 3725 ut
3017 3677 3340 3731 surrexerint
3362 3696 3394 3732 a
3415 3695 3579 3742 cana,
3606 3696 3687 3733 se-

2106 3760 2262 3812 deant
2311 3775 2489 3814 omnes
2523 3761 2582 3814 in
2623 3777 2807 3827 unum,
2839 3772 2887 3815 ct
2916 3763 3050 3834 legat
3093 3780 3228 3821 unus
3268 3767 3585 3828 Collationes
3611 3771 3686 3826 vel

2121 3848 2262 3904 l’itas
2303 3847 2546 3914 Patrum,
2589 3861 2680 3904 aut
2721 3864 2858 3906 certe
2894 3853 3095 3924 aliquid
3131 3859 3271 3926 quod
3318 3859 3539 3928 crdi/icet
3590 3878 3686 3913 au-

2106 3942 2324 3994 dientes.
2362 3939 2483 3994 Non
2509 3951 2681 3996 autem
2713 3941 3151 4014 Heptateuchum,
3183 3957 3276 4024 aut
3295 3947 3530 4024 Regum,
3559 3951 3684 4023 quia

2107 4033 2330 4101 infirmis
2351 4031 2694 4087 intellectibus
2720 4050 2822 4086 non
2838 4035 2935 4087 erit
2963 4035 3089 4088 utile
3110 4036 3203 4089 illa
3224 4039 3355 4091 liora
3381 4042 3515 4092 hanc
3546 4040 3686 4095 Scri-

2106 4127 2315 4191 ptorum
2343 4123 2564 4187 audire;
2591 4123 2709 4177 aliis
2730 4140 2845 4178 vero
2871 4125 3014 4179 boris
3037 4125 3296 4196 legantur.
3323 4129 3476 4195 Quod
3495 4138 3678 4187 autem

2106 4217 2238 4271 dicit
2268 4234 2280 4270 :
2317 4226 2408 4270 aut
2445 4219 2583 4271 certe
2621 4218 2823 4290 aliquid
2853 4219 2992 4292 quod
3027 4221 3250 4291 mitiﬁcet
3278 4225 3580 4292 audientes,
3612 4229 3679 4284 de

2110 4307 2679 4379 homiliis‘iutclligitur
2701 4310 2904 4365 dixisse
2931 4310 3174 4378 Patrum,
3206 4315 3259 4368 in
3286 4314 3480 4384 quibus
3501 4317 3676 4372 sedili-

431 4391 760 4446 vindemiam
793 4391 844 4445 in
870 4391 1076 4456 vineis,
1118 4392 1209 4446 ubi
1240 4406 1339 4460 per
1362 4407 1422 4446 sc
1446 4404 1802 4464 occupentur,
1834 4411 2003 4464 usque
2034 4378 2083 4438 Π
2111 4397 2352 4452 eatioiies
2390 4378 2620 4467 p’leniter
2647 4399 2863 4468 scripta:
2887 4410 3012 4456 sunt
3040 4378 3393 4459 audientium.
3416 4406 3518 4462 -νει
3536 4416 3684 4464 certe

435 4483 504 4536 ad
541 4479 764 4536 Kalend.
795 4480 1044 4536 Octobris
1076 4483 1143 4536 ad
1177 4489 1381 4537 sextam
1411 4483 1687 4550 reﬁciant;
1716 4486 1796 4540 sin
1823 4497 2004 4541 autem

431 4584 545 4622 non
587 4569 898 4638 habuerint,
929 4567 997 4625 ab
1024 4570 1206 4625 Idibus
1235 4569 1570 4642 Septembris
1588 4575 1844 4642 generale
1866 4574 2004 4643 jeju-

433 4657 585 4710 nium
607 4657 910 4712 inclinetur.

510 4745 578 4801 In
618 4745 1032 4818 Quadragesima
1062 4764 1178 4803 vero
1205 4765 1365 4819 usque
1404 4749 1473 4804 ad
1502 4748 1710 4806 Pascha
1739 4753 1809 4807 ad
1837 4771 2007 4823 respe-

438 4851 552 4888 ram
578 4836 830 4905 reﬁciant.
862 4837 998 4892 IIinc
1025 4838 1221 4893 iterum
1251 4838 1486 4895 Isidorus
1511 4841 1588 4895 ait
1612 4861 1624 4895 :
1653 4841 1896 4898 Primum
1919 4846 2005 4916 je—

433 4925 645 4995 junium
693 4925 1125 4998 Quadragesimzn
1164 4930 1542 4999 quotidianum
1567 4972 1583 4997 ,
1617 4931 1671 4986 in
1701 4948 1808 5002 qua
1835 4935 2009 5003 major

440 5016 1012 5087 abstinentiaefobserva
1021 5021 1129 5074 ntia
1156 5022 1392 5078 manebit
1411 5023 1466 5077 in
1480 5026 1778 5092 monachis,
1796 5029 2010 5095 quando

441 5121 549 5161 non
589 5108 762 5162 solum
792 5123 823 5162 a
853 5109 1123 5179 prandiis,
1169 5111 1265 5166 sed
1289 5112 1454 5167 etiam
1481 5127 1512 5165 a
1540 5112 1666 5167 vino
1709 5122 1764 5168 et
1796 5116 1864 5170 ab
1890 5115 2010 5170 oleo

441 5199 762 5254 abstinetur.
804 5199 957 5265 Quod
998 5217 1220 5272 vespera
1245 5205 1497 5259 monachi
1534 5205 1802 5280 reﬁciant,
1839 5205 2010 5275 ipsius

441 5286 655 5344 Domini
704 5298 930 5346 utuntur
953 5293 1218 5362 exemplo,
1272 5295 1362 5363 qui
1415 5311 1518 5350 non
1571 5296 1870 5365 prandisse,
1918 5297 2008 5351 sel

442 5392 688 5435 ccenasse
714 5380 927 5452 legitur,
951 5397 1073 5437 cum
1094 5384 1223 5438 dicit
1245 5384 1524 5455 Scriptura
1549 5404 1561 5438 :
1594 5385 1811 5456 Vespere
1839 5397 2012 5440 autem

443 5469 582 5538 facto
620 5471 848 5525 recubuit
883 5470 1040 5527 Iesus
1077 5490 1196 5526 cum
1234 5474 1507 5529 duodecim
1532 5474 1798 5544 apostolis,
1833 5485 1880 5530 et
1911 5494 2012 5531 cae-

445 5558 686 5613 nantibus
723 5559 827 5613 illis
855 5560 989 5615 dixit
1031 5562 1243 5626 (Matth.
1283 5563 1453 5636 xxw).
1502 5563 1636 5619 Nam
1678 5565 1797 5621 ideo
1828 5567 1894 5621 ad
1920 5583 2016 5622 uo-

2109 4488 2176 4541 de
2210 4487 2634 4555 expositionibus
2677 4489 2940 4545 librorum
2985 4493 3396 4560 catholicorum,
3449 4508 3573 4566 quae
3616 4499 3688 4554 ab.

2107 4580 2424 4635 orthodoxis
2463 4580 2621 4636 factae
2647 4592 2773 4637 sunt
2801 4585 2963 4651 viris,
3002 4587 3057 4640 in
3087 4589 3282 4656 quibus
3317 4601 3504 4647 sancta
3531 4591 3680 4648 s'ulli-

2111 4670 2322 4725 rientcr
2365 4672 2569 4728 sanctis
2615 4673 2857 4728 doctrina
2905 4676 3170 4732 redundat
3213 4683 3512 4738 monachis.
3543 4684 3680 4740 Cum

2110 4764 2240 4816 iero
2284 4763 2415 4817 dicit
2445 4781 2459 4816 :
2493 4781 2594 4818 non
2629 4775 2802 4820 autent
2850 4765 3286 4838 Heptateuchum,
3321 4784 3414 4828 aut
3455 4775 3680 4847 Regum,

2113 4850 2397 4920 i'iligcnter
2429 4855 2813 4910 attendendum
2853 4865 2935 4911 est
2962 4859 3106 4926 quod
3140 4861 3413 4930 sequitur,
3444 4864 3570 4934 quia
3595 4865 3678 4919 in-

2110 4941 2300 5006 ﬁrmis,
2349 4941 2524 5012 inquit
2545 4984 2557 5007 ,
2612 4944 2958 5000 iutellectibas
2993 4955 3096 5001 non
3133 4949 3230 5003 erit
3274 4951 3400 5006 utile
3427 4953 3521 5008 illa
3551 4955 3682 5009 liora

2111 5030 2246 5084 hanc
2293 5031 2622 5102 Scripturam
2664 5033 2866 5088 audire.
2911 5035 3148 5094 Sinceris
3191 5049 3394 5107 autem,
3439 5045 3587 5099 sanis
3630 5053 3686 5099 et

2112 5123 2287 5176 aeutis
2320 5123 2682 5180 intellectibus
2709 5125 2855 5180 nullo
2879 5136 3118 5197 tempore
3144 5141 3356 5188 rotatur
3384 5135 3679 5204 Heptateu-

2097 5212 2382 5282 ehum,aut
2410 5215 2636 5284 Regum,
2661 5218 2745 5271 vel
2767 5235 3145 5291 quamcunque
3174 5225 3454 5280 historiam
3480 5227 3681 5280 divina.

2114 5319 2234 5356 rum
2266 5303 2442 5374 legere
2488 5305 2914 5377 Scripturarmn,
2954 5315 3080 5383 quia
3113 5323 3336 5384 possunt
3365 5315 3416 5366 in
3443 5315 3522 5369 eis
3549 5315 3683 5384 ligu-

2119 5410 2208 5448 ras
2241 5403 2294 5448 et
2332 5407 2522 5449 sensus
2546 5399 2886 5466 dignoscere,
2921 5403 3222 5471 exemplum
3252 5402 3440 5456 salutis
3470 5405 3537 5458 ab
3573 5403 3679 5463 illis

2118 5484 2342 5553 legendo
2373 5487 2630 5555 recipere.
2659 5491 2766 5546 Illis
2791 5507 2919 5547 vero
2946 5494 3037 5560 qui
3060 5500 3329 5560 nequeunt
3349 5493 3415 5545 ab
3437 5493 3544 5548 illis
3566 5495 3676 5564 spi-

2118 5572 2328 5628 ritalem
2350 5589 2544 5644 capere
2566 5577 2989 5649 intelligentiam,
3030 5578 3448 5649 Heptateuchum
3462 5595 3551 5641 aut
3567 5584 3664 5643 lte-
