3968 6204
362 283 467 340 8Ἱ9

1655 259 2002 321 SMARAGDI
2041 251 2328 310 ABBATIS

3493 237 3604 294 88η

351 426 478 485 gum
513 409 568 464 in
613 405 702 461 illa
741 403 877 458 hora
921 396 1064 467 juste
1113 391 1361 463 prohibet
1409 379 1714 455 legendum.
1767 375 1936 431 Debet
1963 371 2012 430 Α
2036 374 2279 431 exercet,
2309 365 2362 419 in
2388 361 2577 417 eodem
2610 362 2810 430 puncto
2834 367 2941 426 quo
2969 364 3133 414 aures
3161 348 3278 420 ejus
3304 365 3466 406 sonus
3483 351 3596 422 pul.

1129 483 1156 485 h
1205 482 1214 485 ’
1384 475 1456 485 “”“
1533 481 1544 485 ’
1779 479 1902 485 πέλ
2033 472 2156 485 Mn"
2202 452 2474 485 κλυιιηονῖθ
2550 455 2788 485 οωηίεηη
2818 443 3056 485 litteram
3102 455 3206 485 non
3251 438 3445 485 andem
3477 453 3596 485 mn,

351 475 498 560 enim
529 509 658 554 tunc
699 489 1069 559 unusquisque
1111 482 1292 537 divino
1321 475 1615 533 aedificatus
1656 479 1929 531 sermone,

353 605 410 653 et
455 593 522 649 ad
563 581 896 657 completorii
937 575 1172 632 olﬁcium
1196 615 1210 637 ,
1254 580 1308 626 et
1339 567 1407 622 ad
1439 578 1595 620 suum
1633 558 1932 616 adificatas

355 697 580 760 pergere
616 679 811 732 locum.
844 671 1112 726 Caeterum
1151 661 1271 716 aliis
1304 657 1453 714 horis
1487 659 1581 709 aut
1608 663 1792 706 coram
1818 660 1932 699 om-

356 741 516 832 nibus
538 780 780 838 tempore
801 777 899 817 suo
928 760 981 814 in
1012 753 1272 816 Ecclesia,
1297 757 1389 802 aut
1414 741 1786 813 unusquisque
1818 750 1936 805 per-

359 864 566 936 legendi
595 834 839 914 doctrina
876 852 1036 908 debet
1063 861 1156 902 eos
1185 844 1364 913 legere
1395 840 1448 893 in
1478 834 1683 892 schola.

433 931 490 1012 Si
529 962 703 1008 autem
736 943 931 1018 jejunii
956 941 1066 994 dies
1105 936 1322 1007 fuerint,
1351 931 1491 984 dicta
1519 939 1748 995 vespera,
1775 935 1936 991 parra

359 1043 632 1101 intervallo
667 1014 1057 1092 moxiaccedant
1079 1027 1147 1081 ad
1177 1025 1450 1077 lectionem
1476 1014 1854 1073 Collationum,
1881 1016 1936 1059 ut

362 1138 613 1196 diximus,
634 1142 678 1184 et
705 1126 847 1182 lectis
873 1130 1099 1194 quatuor
1114 1126 1205 1170 aut
1223 1113 1448 1184 quinque
1484 1105 1645 1176 foliis,
1674 1101 1749 1155 uel
1773 1091 1941 1171 quan-

363 1239 473 1282 tum
499 1225 629 1278 hora
656 1216 926 1291 permittit,
955 1207 1194 1265 omnibus
1219 1205 1274 1257 in
1301 1216 1461 1254 unum
1486 1189 1936 1249 concurrentibus,

364 1334 455 1388 per
479 1314 614 1368 hanc
644 1323 844 1363 moram
875 1300 1140 1361 lectionis,
1172 1296 1217 1350 si
1246 1293 1362 1364 quis
1407 1289 1540 1358 forte
1581 1287 1634 1338 in
1673 1282 1941 1350 assignato

1632 1383 1642 1388 -
1718 1369 1936 1388 πημε,

366 1369 437 1388 Γπ

366 1409 464 1463 sibi
505 1401 778 1459 commisso
812 1395 970 1468 fuerit
1038 1393 1329 1457 occupatus
1359 1423 1372 1447 ,
1397 1383 1670 1433 occurrat.
1715 1369 1942 1426 Collatia

327 1475 333 1497 δ
368 1499 567 1554 dicitur
593 1460 884 1551 confessio,
928 1478 1214 1539 collocatio
1239 1516 1252 1540 ,
1295 1473 1379 1528 vcl
1408 1464 1797 1526 confabulatio,
1845 1460 1935 1513 ubi

371 1591 436 1643 de
479 1582 779 1654 Scripturis
807 1574 1003 1632 divinis
1041 1570 1162 1624 aliis
1201 1557 1606 1622 conferentibus
1644 1557 1944 1620 interroga-

373 1680 569 1740 tiones,
610 1668 894 1728 conferunt
933 1663 1023 1717 alii
1067 1671 1333 1728 congruas
1381 1648 1777 1720 responsiones,
1815 1651 1868 1698 et
1897 1641 1941 1693 si

2033 472 2159 511 sane
2201 452 2508 516 advenerit,
2550 455 2789 518 emptam
2818 443 3058 497 litteram
3101 455 3208 494 non
3251 438 3445 492 audeat
3477 453 3610 494 con-

2034 562 2325 606 summare.
2354 545 2490 598 Hinc
2517 550 2572 597 et
2595 539 2733 593 alius
2757 535 3018 606 magister
3051 532 3125 586 ait
3156 549 3168 584 :
3203 531 3337 584 Cum
3369 531 3522 584 index
3553 531 3610 586 in

2036 635 2274 692 oratorio
2301 645 2591 704 percussus
2629 626 2814 689 fuerit,
2843 639 2967 678 mox
3007 635 3198 677 omnes
3217 620 3492 675 audientes
3518 636 3612 676 an-

2037 740 2250 798 tequam
2278 730 2519 787 currant,
2563 718 2767 774 faciant
2797 717 2899 770 sibi
2927 727 3148 768 crucem
3179 712 3232 765 in
3267 710 3441 767 fronte
3466 753 3479 776 ,
3529 728 3612 766 re-

2037 816 2364 888 spondentes
2387 811 2492 865 Deo
2513 809 2734 880 gratias,
2761 813 2815 860 et
2844 815 2971 859 tunc
2997 802 3306 856 laborantes
3337 817 3469 871 opus
3488 818 3612 873 pro-

2032 908 2258 979 jiciant,
2301 902 2536 957 artiﬁces
2583 897 2911 953 ferramenta
2960 894 3272 958 dimittant,
3322 893 3615 962 scriptores

2038 997 2271 1051 litteram
2298 1007 2403 1046 non
2433 989 2720 1058 integrent.
2757 983 2945 1040 Omnis
2974 981 3203 1037 fratrum
3234 997 3428 1036 manus
3449 982 3604 1035 dese-

2041 1097 2124 1142 rat
2153 1084 2296 1157 quod
2324 1081 2535 1154 agebat,
2567 1078 2786 1133 festinet
2806 1075 3011 1138 statim,
3045 1088 3172 1127 mox
3199 1088 3320 1126 cum
3351 1073 3614 1140 gravitate

2040 1194 2135 1249 pes
2164 1177 2231 1231 ad
2256 1172 2585 1235 oratorium,
2619 1182 2812 1223 sensus
2840 1166 2906 1220 ad
2933 1166 3122 1229 Deum,
3154 1171 3215 1217 ut
3250 1178 3373 1216 mox
3404 1163 3471 1216 ad
3509 1162 3615 1230 pri-

2043 1282 2185 1324 mam
2211 1264 2508 1319 orationem
2535 1263 2854 1321 occurrant,
2896 1264 2953 1309 et
2979 1263 3234 1322 tanquam
3261 1267 3390 1320 apes
3419 1251 3488 1305 ad
3514 1252 3616 1304 mel

2043 1357 2354 1415 intrantium
2395 1354 2449 1406 in
2478 1349 2776 1405 oratorium
2824 1345 3053 1400 fratrum
3099 1355 3323 1396 examen
3360 1339 3613 1400 eblliat;

2044 1458 2103 1504 ut
2126 1448 2217 1518 qui
2248 1445 2443 1500 tacitus
2466 1448 2585 1496 erat
2611 1438 2784 1493 sancti
2814 1434 3037 1490 oratorii
3067 1434 3233 1496 locus,
3251 1430 3434 1484 statim
3462 1444 3616 1499 pres-

2045 1543 2353 1611 byterorum
2382 1532 2705 1588 clamoribus
2730 1527 3034 1598 impleatur.

2118 1629 2270 1695 Quod
2316 1627 2362 1680 si
2401 1625 2516 1696 quis
2554 1621 2622 1676 ad
2663 1629 2943 1674 nocturnas
2982 1615 3185 1686 uigilias
3229 1624 3344 1685 post
3377 1611 3612 1669 Gloriam

610 1703 894 1728 υυιιιυιυιιι
933 1703 1023 1717 ιιι-ι
1068 1703 1166 1715 νὶνιι
1210 1703 1331 1710 ιν-...ν
1384 1703 1491 1720 --ῆι
1767 1703 1775 1708 ⁷

373 1783 494 1839 quae
521 1703 625 1819 :iu
666 1762 937 1815 latuerant
980 1703 1202 1807 occultz‘tD
1237 1740 1643 1801 conferentibus
1685 1732 1947 1806 patefiunt
1976 1717 2020 1774 Β
2046 1719 2232 1792 psalmi
2271 1711 2590 1784 nonagesimi
2627 1709 2800 1781 quarti
2841 1706 3013 1778 (quem
3037 1712 3248 1776 propter
3279 1703 3619 1776 Ιιοεξοηιηὶηο

1329 1836 1374 1839 “
1479 1833 1492 1839 ‘
1559 1832 1577 1839 -
1720 1828 1732 1839 ο
1911 1823 1922 1834 ·
2048 1807 2393 1839 ......s....l...uln
2432 1813 2479 1839 at
2517 1817 2720 1839 mna-nco
2751 1800 2990 1839 malumst:
3028 1793 3154 1839 (“125‘
3185 1811 3310 1839 nam
3316 1796 3488 1839 πηὶι-
3522 1810 3619 1839 non

374 1823 675 1932 perspicua.
705 1851 859 1920 Quod
888 1856 1066 1904 autem
1113 1841 1244 1898 dicit
1272 1858 1284 1892 :
1316 1836 1376 1892 Si
1403 1833 1517 1900 quis
1549 1832 1681 1901 forte
1714 1828 1770 1880 in
1817 1823 1950 1878 assi-

374 1912 561 2022 gnati»,
591 1912 910 2000 subauditur
933 1930 1253 1990 obedientia:
1282 1925 1458 1981 oliicio
1481 1920 1585 1976 sibi
1608 1912 1906 1973 commisso
1931 1925 1945 1976 ;

375 2005 874 2112 fuerit'occupatus,
927 2017 1348 2088 subintelligitur
1391 2009 1642 2066 omnibus
1685 2005 1738 2058 in
1782 2014 1948 2056 unum

376 2126 822 2191 concurrentibus
870 2124 1144 2176 occurrat.
1189 2107 1550 2166 Commissum
1575 2097 1720 2155 enim
1751 2094 1952 2150 dicitur

377 2232 666 2292 creditum,
694 2222 778 2279 vel
808 2213 1264 2276 commendatum.
1300 2201 1452 2258 Unde
1473 2206 1528 2253 ct
1554 2193 1799 2265 sequitur
1828 2206 1842 2242 ε

454 2321 646 2377 Omnes
682 2329 803 2384 ergo
831 2311 888 2364 in
925 2319 1090 2362 unum
1129 2295 1304 2370 positi,
1349 2287 1656 2359 compleant.
1701 2279 1818 2335 Non
1865 2276 1953 2330 hic

381 2410 582 2480 excipit
608 2366 882 2462 abbaatem,
909 2411 1020 2452 non
1041 2387 1411 2463 przepositum,
1439 2394 1548 2433 non
1570 2377 1825 2433 decanos,
1855 2366 1947 2436 qui

1248 2475 1261 2480 ⁵
1425 2468 1439 2480 ⁸
1509 2466 1521 2477 ⁸
1617 2479 1639 2480 η
1658 2459 1829 2480 -ΑΞι---.ι
1862 2461 1947 2480 ...Α

379 2459 666 2570 aliqiioties
709 2491 830 2545 aliis
865 2459 1210 2542 cantantibus
1247 2475 1302 2529 in
1331 2466 1582 2528 ecclesia,
1614 2459 1833 2533 potibus
1862 2461 1956 2508 aut

382 2549 577 2647 fabjulis
613 2549 706 2639 aut
733 2575 972 2637 consiliis
1003 2573 1198 2626 vacant
1225 2566 1280 2619 in
1311 2561 1417 2616 hac
1457 2557 1614 2617 hora,
1645 2549 1739 2606 sed
1766 2560 1956 2646 omnes

381 2680 600 2736 omnino
643 2675 698 2729 in
726 2673 830 2725 hac
857 2659 1158 2721 collationis
1177 2657 1312 2711 hora
1337 2657 1638 2706 occurrere,
1678 2651 1869 2694 omnes
1901 2634 1956 2688 in

381 2784 547 2825 unum
577 2756 984 2833 complctorium
1018 2749 1170 2822 jubet
1195 2750 1434 2800 cantare.

456 2817 788 2912 litescunt“
823 2864 855 2901 a
891 2817 1222 2912 complctorio
1254 2830 1401 2887 nulla
1438 2828 1503 2882 sit
1545 2821 1759 2878 licentia
1787 2817 1958 2872 denuo

384 2909 629 3023 cuiquam
669 2941 811 3014 loqui
843 2909 1064 3007 aliquid.
1100 2925 1252 2995 Quod
1283 2925 1327 2978 si
1356 2923 1594 2976 inuentus
1625 2912 1782 3023 fuerit
1821 2909 1962 2980 quis-

385 3004 542 3118 qua'm
573 3029 910 3112 praearicari
949 3028 1087 3080 hanc
1119 3011 1500 3074 taciturnitatis
1531 3004 1789 3077 regulam,
1841 3016 1963 3070 gra-

1349 3114 1360 3118 ι
1449 3102 1462 3116 ο
1532 3095 1763 3118 ----_:.--
1789 3090 1931 3118 ιη.ηά

391 3090 527 3195 ἰνίοτί
565 3090 809 3187 iiindictte
839 3120 1109 3188 subjaceat
1141 3124 1158 3162 :
1187 3114 1394 3174 excepto
1417 3102 1462 3156 si
1485 3095 1763 3154 necessitas
1785 3090 1961 3160 hospi-

511 3183 886 3295 ssiperoenerit,
915 3183 1006 3264 aut
1031 3207 1164 3276 forte
1185 3199 1345 3254 abbas
1385 3191 1544 3247 alicui
1568 3185 1767 3258 aliquid
1795 3183 1965 3253 jusse-

391 3320 478 3373 rit.
515 3275 668 3382 Qiiod
711 3316 886 3360 tamen
921 3307 966 3353 et
1014 3275 1184 3366 ipsum
1233 3302 1350 3342 cum
1387 3296 1591 3338 summa
1633 3275 1888 3348 gravitate
1916 3279 1965 3324 et

391 3363 746 3464 moderatione
773 3363 1130 3450 honestissime
1153 3381 1267 3453 ﬁat.
1297 3376 1435 3432 Hinc
1471 3380 1526 3428 et
1550 3368 1678 3425 alibi
1707 3363 1967 3434 scriptum

394 3499 622 3572 legimus
654 3511 667 3546 :
699 3487 782 3543 Ab
806 3486 941 3540 hora
964 3491 1095 3534 vero
1116 3465 1488 3541 completionis
1514 3503 1530 3530 ,
1553 3474 1676 3516 cum
1698 3455 1875 3512 oratio
1902 3452 1970 3506 ad

1032 3568 1046 3572 -
1291 3559 1323 3572 ..
1428 3552 1630 3572 hu,“
1655 3546 1799 3572 ,ηηε
1830 3558 1942 3572 ___

396 3546 644 3646 so‘innum
668 3573 987 3648 capiendum
1015 3568 1192 3627 datur,
1217 3559 1392 3616 nullus
1414 3552 1635 3611 omnino
1655 3546 1802 3617 loqui
1830 3558 1969 3615 prae—

399 3685 605 3737 snmat,
636 3639 754 3726 nisi.
780 3663 1000 3736 grandis
1043 3651 1337 3713 necessitas
1363 3639 1676 3702 monasterii
1713 3647 1970 3707 poposcc‘

757 3725 952 3812 abbate
996 3747 1158 3802 fuerit
1195 3741 1502 3799 ordinatum
1554 3730 1701 3800 loqui
1732 3725 1972 3787 studeat,

514 3856 679 3913 etiam
709 3865 738 3904 a
765 3839 1074 3918 praeposito,
1109 3833 1203 3903 qui
1229 3840 1418 3884 curam
1449 3821 1676 3877 aliorum
1704 3821 1902 3886 portat.

971 3939 1198 4004 CAPUT
1225 3933 1386 3992 XLIII

405 4062 482 4118 De
505 4058 586 4114 his
626 4052 715 4126 qui
747 4046 814 4103 ad
843 4057 972 4109 opus
995 4036 1090 4092 Dei
1123 4027 1310 4154 pzluad
1352 4033 1584 4078 mensam
1611 4013 1758 4071 tarde
1799 4021 1981 4065 occur-

1123 4120 1184 4158 ru
1190 4118 1244 4156 ηε
1250 4139 1264 4153 ο

476 4220 556 4275 Ad
601 4217 786 4270 horam
830 4201 991 4261 divini
1019 4193 1170 4268 officii
1200 4202 1321 4245 mox
1351 4192 1408 4239 ut
1445 4179 1690 4275 auditum
1720 4170 1882 4275 fuerit
1906 4167 1981 4220 si-

408 4259 567 4384 ςηίῖιῖι
583 4259 1090 4384 ,"JitiJa‘omnat'.
1117 4270 1590 4384 qualibetfue‘rin‘t
1622 4259 1982 4384 inngznibu:

411 4354 616 4457 :untma
637 4407 755 4448 cum
784 4380 1116 4458 festinatione
1147 4376 1423 4430 curratur;
1463 4376 1582 4416 cum
1617 4354 1868 4428 gravitate
1902 4358 1986 4403 ta—

1400 4457 1407 4458 '
1497 4454 1509 4458 ‘
1675 4446 1717 4458 ν’·
1899 4440 1933 4458 οι
1955 4439 1986 4458 et

412 4509 552 4557 men,
581 4497 636 4541 ut
661 4500 764 4539 non
784 4439 1083 4534 scurrilitas
1115 4462 1342 4521 inveniat
1383 4454 1633 4528 fomitem.
1669 4446 1828 4557 ErgoL
1857 4439 1988 4496 nihil

323 4566 332 4618 ί
417 4534 559 4655 operi
605 4576 704 4632 Dei
747 4575 1101 4643 prieponatur.
1149 4554 1288 4611 Hinc
1337 4546 1557 4619 quidam
1601 4534 1990 4595 monachorum

1075 4651 1088 4655 -
1327 4654 1330 4655 ν
1405 4636 1463 4655 αι
1525 4628 1722 4655 μνη-..ηερ
1756 4623 1837 4655 ..οι
1897 4637 1990 4655 πη,

419 4623 674 4742 magister
735 4623 810 4718 siit
901 4651 1343 4722 Quandocunque
1381 4636 1468 4692 vel
1519 4628 1726 4689 diurnis
1756 4623 1841 4679 vel
1897 4637 1993 4676 no-

1129 4737 1164 4742 ’“
1207 4735 1218 4742 ⁸
1432 4726 1611 4742 ’ννᾉ---μ
1667 4712 1970 4742 -ιυ-Α-ι-υιηιςο

423 4865 548 4908 mox
572 4861 699 4902 cum
735 4853 946 4897 summa
971 4826 1318 4890 festinatione
1358 4813 1686 4887 surgendum
1713 4815 1829 4872 est,
1861 4819 1925 4858 ac
1950 4803 1995 4857 si

425 4952 603 5015 praeco
637 4933 782 5005 regis
811 4932 1054 4990 insonet,
1085 4917 1234 4978 omni
1277 4923 1461 4983 opere,
1495 4901 1639 4974 quod
1668 4900 1722 4954 in
1749 4894 1997 4952 manibus

1281 5007 1313 5015 ..
1340 5002 1374 5015 ..
1607 4991 1700 5015 ,με
1733 5001 1981 5015 “Mum

429 4991 750 5091 habebam;
797 5017 1117 5093 postposito,
1154 5018 1217 5065 ut
1243 5002 1379 5062 nihil
1413 4995 1564 5093 operi
1607 4991 1702 5047 Dei
1733 5001 1985 5060 propona-

431 5134 543 5185 tur,
578 5116 675 5174 scd
697 5074 849 5168 meris
871 5109 939 5163 ad
964 5105 1198 5161 sonitum
1231 5089 1497 5169 prmconis
1526 5087 1752 5144 intenta,
1775 5087 1830 5132 et
1853 5074 2003 5146 operi

434 5165 543 5273 Dei,
559 5207 746 5267 innixa
763 5244 779 5270 ,
809 5216 932 5257 cum
966 5195 1114 5253 omni
1138 5165 1404 5263 gravitate
1428 5188 1485 5237 et
1503 5169 1918 5233 mansuetudine
1937 5165 2007 5220 ad

438 5258 788 5365 intonandum
817 5290 1042 5366 gloriam
1075 5258 1374 5349 maiestatis
1408 5273 1528 5343 eius
1556 5275 1612 5323 et
1640 5261 1858 5336 pietatis
1892 5258 2008 5326 ejus

437 5400 640 5473 gratias
681 5364 991 5450 referendas
1037 5376 1231 5434 festina
1277 5377 1482 5428 currat.
1532 5364 1670 5418 Hinc

442 5446 556 5546 :it:
590 5489 671 5544 Ad
699 5487 796 5541 has
821 5493 950 5549 ergo
991 5469 1266 5530 orationes
1310 5477 1430 5518 cum
1482 5457 1581 5512 fuit
1623 5453 1762 5526 signi
1808 5446 1983 5504 sonitu

2047 1807 2393 1883 protrahenda
2431 1813 2479 1858 et
2517 1817 2720 1855 morose
2751 1800 2990 1854 uolumus
3028 1793 3154 1866 dici)
3185 1796 3490 1858 occurrerit,
3522 1810 3620 1847 non

2047 1909 2143 1955 stet
2183 1900 2238 1952 in
2269 1895 2452 1952 ordine
2480 1909 2575 1948 suo
2609 1893 2665 1945 in
2695 1889 2872 1953 choro,
2897 1887 2986 1941 sed
3005 1884 3224 1939 ultimus
3247 1885 3478 1938 omnium
3507 1893 3620 1944 stet,

2049 1997 2140 2044 aut
2179 1989 2234 2042 in
2271 1987 2382 2040 loco
2409 1999 2561 2056 quem
2595 1980 2784 2036 talibus
2817 1976 3191 2049 negligentibus
3231 1991 3466 2028 seorsum
3505 1991 3625 2028 con-

2049 2079 2276 2135 stituerit
2316 2076 2495 2142 abbas,
2535 2082 2594 2128 ut
2616 2072 2854 2127 videatur
2885 2068 2951 2124 ab
2987 2069 3122 2138 ipso,
3153 2065 3230 2122 uel
3257 2066 3322 2120 ab
3354 2066 3624 2126 omnibus;

2051 2187 2212 2242 usque
2244 2169 2369 2222 dum
2409 2163 2660 2236 completo
2696 2177 2848 2233 opere
2885 2159 2982 2213 Dei
3008 2157 3218 2228 publica
3264 2155 3627 2225 satisfactione

2051 2260 2313 2332 paeniteat.
2340 2256 2468 2311 Ideo
2507 2263 2683 2308 autem
2716 2267 2804 2306 eos
2824 2251 2880 2304 in
2902 2248 3090 2302 ultimo
3111 2257 3202 2301 aut
3228 2262 3464 2302 seorsum
3479 2246 3626 2316 judi-

2053 2351 2282 2405 cavimus
2323 2346 2505 2401 debere
2553 2352 2716 2407 stare,
2762 2349 2820 2395 ut
2873 2339 2970 2394 visi
3015 2337 3082 2390 ab
3119 2337 3400 2400 omnibus,
3436 2334 3516 2390 uel
3540 2351 3628 2404 pro

2053 2441 2167 2510 ipsa
2217 2434 2529 2491 verecundia
2573 2449 2670 2486 sua
2721 2428 3080 2485 emendentur.
3147 2423 3284 2479 Hinc
3343 2424 3630 2480 Cassianus

2057 2530 2132 2584 ait
2169 2547 2182 2583 :
2217 2528 2276 2582 ιο
2325 2523 2610 2581 nocturnis
2653 2528 2834 2577 autem
2875 2516 3206 2574 orationibus
3243 2530 3413 2585 usque
3455 2514 3525 2569 ad
3555 2528 3631 2568 se-

2057 2619 2292 2675 cundum
2331 2615 2598 2687 psalmum
2643 2612 2801 2667 datur
2843 2607 3092 2663 tardandi
3127 2605 3332 2660 dilatio.
3381 2603 3631 2658 Attamen

2059 2717 2346 2779 antequam
2394 2705 2547 2759 linito
2571 2702 2760 2758 eodem
2803 2698 3012 2769 psalmo
3046 2695 3246 2750 fratres
3285 2694 3339 2748 in
3363 2694 3635 2750 orationes

2058 2802 2438 2875 procumbant,
2459 2794 2859 2868 congregationi
2891 2808 2950 2848 se
2993 2794 3239 2863 ingerere
3271 2798 3434 2861 atque
3468 2788 3637 2845 immi-

2063 2905 2216 2947 scere
2254 2888 2492 2944 festinet.
2541 2883 2694 2951 Quod
2746 2883 2792 2938 si
2836 2880 3066 2951 amplius
3110 2879 3195 2933 vel
3240 2879 3514 2934 modicum
3557 2890 3638 2929 re-

2066 2978 2377 3044 tardaverit,
2394 2975 2562 3031 ﬁnitis
2587 2972 2816 3043 Vigiliis,
2841 2985 2968 3026 vera
2993 2969 3295 3024 humilitate
3317 2967 3634 3026 submissus.

1989 3060 2034 3122 C
2066 3069 2280 3125 veniam
2326 3063 2698 3137 negligentiae,
2740 3062 2881 3116 sicut
2929 3059 3180 3130 superius
3234 3057 3505 3121 diximus,
3554 3068 3639 3109 ex.

2067 3169 2248 3231 petere
2276 3173 2383 3212 non
2411 3156 2654 3219 omittat;
2688 3153 2742 3207 id
2765 3159 2871 3217 est,
2908 3150 2962 3204 in
2999 3150 3119 3204 loco
3151 3147 3358 3210 ultimo,
3403 3147 3500 3216 qui
3529 3146 3642 3200 tali—

2067 3250 2168 3305 bus
2192 3245 2586 3318 negligentibus
2615 3241 2778 3297 fuerit
2816 3241 3122 3310 deputatus,
3155 3236 3412 3306 iubeatur
3446 3243 3640 3301 astare,

2070 3349 2126 3396 et
2164 3341 2238 3396 ibi
2264 3353 2390 3394 cum
2415 3333 2754 3392 verecundiae
2781 3340 2927 3386 metu
2948 3337 3290 3398 exspectare,
3318 3334 3374 3382 et
3399 3333 3528 3397 post
3549 3325 3648 3380 im-

2069 3431 2272 3502 pletum
2311 3441 2528 3484 cursum
2570 3422 2778 3495 prolixa
2811 3421 2968 3476 venia
3007 3426 3133 3474 ante
3176 3424 3378 3470 ctutum
3417 3414 3644 3468 fratrum

2071 3519 2460 3593 egredientium
2492 3514 2838 3571 satisfacere.

2148 3632 2288 3687 Nam
2315 3630 2360 3683 si
2387 3629 2516 3699 foris
2554 3625 2842 3680 oratorium
2881 3627 3204 3684 remaneant,
3241 3618 3339 3673 erit
3372 3617 3513 3687 forte
3534 3614 3648 3670 talis

2075 3723 2165 3794 qui
2203 3739 2257 3776 se
2279 3729 2372 3774 aut
2394 3716 2668 3772 recollocet
2695 3723 2744 3768 et
2769 3713 3018 3777 dormiat,
3047 3720 3138 3764 aut
3167 3718 3302 3764 certe
3321 3706 3500 3762 sedeat
3531 3703 3650 3775 foris

2079 3811 2154 3867 vel
2179 3808 2372 3881 fabulis
2401 3814 2542 3862 uacet
2562 3845 2577 3870 ,
2608 3813 2656 3858 et
2679 3803 2832 3856 detur
2853 3801 3055 3856 occasio
3075 3798 3346 3868 maligno;
3373 3795 3472 3849 sed
3491 3796 3649 3863 ingreo

2078 3903 2256 3957 diatur
2275 3901 2432 3963 intro,
2453 3906 2511 3950 ut
2550 3912 2643 3950 nec
2677 3902 2846 3948 totum
2868 3892 3072 3963 perdat,
3097 3899 3146 3944 et
3165 3890 3229 3943 de
3258 3888 3462 3959 reliquo
3491 3901 3651 3941 emen-

2081 3993 2253 4046 detur.
2293 3987 2431 4042 Hinc
2471 3997 2528 4042 et
2575 3985 2702 4040 alibi
2731 3983 2995 4053 scriptum
3032 3981 3258 4050 legimus
3300 3995 3316 4032 :
3361 3975 3501 4031 Nam
3530 3973 3652 4028 foris

2086 4083 2302 4140 omnino
2351 4094 2454 4135 non
2494 4084 2870 4148 segregentur,
2911 4089 2979 4127 ne
3010 4087 3041 4127 a
3075 4085 3264 4126 somno
3308 4067 3512 4124 detenti
3539 4065 3652 4120 dor-

2085 4175 2285 4238 miant,
2339 4177 2431 4225 aut
2473 4169 2526 4224 in
2574 4167 2755 4237 aliquo
2789 4163 3021 4233 maligno
3050 4162 3191 4217 hosti
3234 4159 3467 4215 adeundi
3497 4157 3655 4224 detur

2087 4265 2323 4325 occasio.
2360 4263 2512 4317 Intus
2545 4259 2690 4314 enim
2717 4257 2926 4326 positus
2955 4268 3058 4309 nec
3097 4261 3269 4306 totum
3296 4248 3476 4320 perdit
3517 4243 3651 4316 quod

2091 4360 2351 4427 cmperat,
2397 4359 2454 4407 et
2486 4346 2809 4404 verecundia
2850 4359 2914 4399 ac
2956 4350 3102 4398 metu
3131 4340 3419 4412 frangitur,
3443 4339 3566 4393 dum
3591 4335 3654 4389 ab

2091 4424 2344 4505 omnibus
2385 4441 2616 4497 videtur.
2662 4437 2730 4492 Et
2773 4435 2986 4505 quando
3017 4433 3196 4489 caeteri
3237 4429 3450 4500 expleto
3493 4424 3657 4483 ofﬁcio

2094 4540 2239 4594 foras
2263 4532 2634 4606 egrediuntur,
2668 4526 2758 4581 ille
2784 4525 2838 4580 in
2868 4523 3098 4580 ecclesia
3132 4536 3232 4593 pro
3259 4509 3376 4590 ipsa
3414 4517 3655 4572 tarditate

2094 4628 2335 4700 positus,
2397 4619 2676 4677 duodecim
2727 4616 2964 4687 psalmos
3012 4627 3172 4683 supra
3221 4623 3415 4666 cursus
3473 4605 3655 4662 seriem

1977 4751 1992 4776 ν
2092 4725 2292 4774 cantet.
2318 4713 2378 4770 Si
2395 4726 2524 4767 vero
2552 4724 2617 4764 es
2640 4717 2754 4764 toto
2773 4720 2989 4761 cursum
3015 4717 3169 4758 suum
3187 4699 3505 4770 perdiderit,
3529 4706 3653 4764 prte-

2097 4812 2253 4881 cipue
2289 4803 2570 4861 nocturnis
2599 4802 2767 4864 horis,
2798 4799 2850 4852 in
2887 4797 3079 4866 quibus
3115 4793 3319 4849 nullum
3357 4788 3502 4845 aliud
3537 4797 3660 4856 opus

2103 4897 2379 4970 impendit,
2409 4891 2834 4964 superpositione
2855 4887 3159 4941 damnetur.

2177 4990 2395 5045 Diurnis
2421 4994 2594 5039 autem
2621 4981 2786 5042 horis,
2813 4979 2901 5049 qui
2925 4976 2994 5030 ad
3033 4991 3160 5045 opus
3189 4972 3284 5025 Dei
3323 4977 3437 5040 post
3469 4976 3658 5020 versum

2107 5091 2155 5137 et
2179 5077 2411 5134 Gloriam
2431 5074 2586 5146 primi
2617 5069 2827 5142 psalmi,
2859 5067 2947 5138 qui
2968 5075 3080 5137 post
3108 5079 3310 5118 versum
3344 5059 3554 5118 dicitur,
3579 5069 3658 5106 oc-

2113 5169 2330 5226 currerit
2359 5145 2491 5238 [Al.,
2515 5179 2620 5216 non
2643 5155 2973 5228 occurrerit],
2999 5155 3106 5224 lege
3128 5169 3229 5223 qua
3261 5165 3419 5219 supra
3448 5145 3659 5199 diximus

2113 5263 2168 5316 in
2191 5232 2380 5314 ultimo
2401 5262 2519 5316 stet,
2548 5268 2639 5305 nec
2658 5255 2937 5320 praesumat
2958 5244 3149 5298 sociari
3170 5242 3326 5295 choro
3349 5232 3660 5308 psallentium

1722 5354 2014 5413 Cassianus
2115 5365 2275 5422 usque
2287 5346 2356 5401 ad
2370 5318 2803 5411 satisfactionem,
2819 5334 2921 5389 nisi
2935 5333 3068 5404 forte
3085 5329 3242 5384 abbas
3255 5318 3662 5380 licentiamdede-

1990 5459 2016 5496 s
2119 5434 2541 5509 rit'permissione
2555 5446 2674 5493 sua,
2695 5428 2768 5480 ita
2788 5435 2962 5479 tamen
2973 5432 3030 5476 ut
3041 5418 3331 5486 satisfaciat
3358 5429 3472 5467 reus
3488 5408 3657 5464 exhor-

448 5500 556 5546 a'tt:
590 5500 671 5544 Ad
701 5500 796 5541 nas
821 5500 882 5536 er
917 5500 950 5532 υ
991 5500 1266 5530 υιῖιιιυιιυα
1482 5500 1581 5512 .....
1624 5500 1762 5526 ωδ..-
1809 5500 1858 5504 _,
2209 5500 2218 5509 1

448 5582 680 5642 auditus,
708 5581 854 5630 tanta
881 5500 1158 5625 geleritate
1182 5557 1341 5614 debet
1367 5549 1662 5606 monachus
1685 5539 1932 5602 exsilire,
1958 5541 2020 5588 ut
2121 5530 2258 5584 ilinc
2289 5532 2505 5589 sanctus
2531 5519 2861 5572 Fructuosus
2883 5513 2962 5567 ait
2989 5529 3003 5564 :
3041 5509 3119 5564 Ad
3145 5507 3413 5562 orationes
3436 5500 3660 5554 diurnas.

1517 5638 1528 5642 Α
1726 5631 1757 5642 ﬂ
1830 5629 1840 5640 .
1865 5634 1899 5642 γ’
1930 5637 2016 5642 in“
2129 5621 2210 5642 Μ’,
2241 5619 2303 5642 ’³
2341 5615 2570 5642 ““²”“““¹”“
2597 5608 2860 5642 “⁰¹“¹¹¹ὶ¹1ῐη
2891 5621 2996 5642 llnn
3023 5599 3340 5642 ιἰιηίιιηιιερι-ἰί⁸
3377 5591 3591 5642 introire
3615 5584 3659 5636 in

451 5683 557 5721 non
582 5669 757 5722 dicam
793 5662 927 5718 alios
955 5652 1208 5715 artiﬁces,
1245 5645 1340 5702 sed
1369 5642 1416 5696 is
1441 5638 1532 5708 qui
1559 5649 1692 5704 opus

1725 5629 2021 5696 Scriptura:
2123 5621 2212 5691 qui
2240 5619 2306 5674 ad
2341 5615 2571 5686 primum
2597 5608 2863 5681 psalmum
2891 5621 2997 5660 non
3023 5599 3342 5664 occurrerit,
3377 5591 3591 5650 introire
3615 5584 3659 5636 in
