3992 6206
412 414 507 469 881

1437 415 1791 474 conamur.
1834 400 1903 472 LV
1940 415 2099 472 nec.
2141 414 2201 470 s.
2244 413 2623 473 BENEDICTI.

3559 418 3665 473 882

410 526 1525 595 oratoriumcumcaaterisnonaudeat,sed
1548 530 1876 599 pmnitcntia:
1894 529 1984 584 de-
2009 529 2303 591 Aboribus
2341 527 2544 598 jacent,
2585 544 2690 583 non
2739 535 2944 582 tantum
2998 527 3305 599 degustare,
3353 530 3448 584 sed
3490 530 3653 585 etiam

413 617 698 691 lcgabltur.
722 617 859 672 Hine
884 616 1177 675 Cassianus
1201 621 1366 677 dicit:
1391 621 1450 677 Si
1469 622 1591 692 quis
1615 628 1817 685 autem,
1837 629 1986 676 ante-

409 725 573 782 quam
597 708 784 774 flnitnr
801 709 1042 780 psalmus
1068 709 1336 782 incoeptus
1358 728 1462 767 nor)
1484 712 1742 776 occurrit,
1757 711 1986 766 ulterius

412 804 466 858 in
512 802 810 858 oratorium
855 801 996 857 inter
1030 801 1325 874 psallentes
1364 801 1561 858 fratres
1613 803 1840 859 introire
1878 818 1982 857 non

410 892 636 956 audeat,
666 890 761 946 sed
800 898 952 946 stans
980 890 1112 947 foris
1141 892 1208 946 ad
1234 890 1455 960 ianuam
1487 892 1784 957 sustineat,
1813 892 1986 947 donec

413 984 578 1039 finitis
620 982 846 1052 psalmis
876 984 1218 1054 mngregatio
1249 982 1540 1046 relaxetur,
1586 990 1644 1038 et
1685 990 1813 1037 tunc
1857 984 1985 1038 sub-

410 1076 573 1131 missa
616 1075 670 1130 in
706 1084 850 1129 terra
879 1073 1194 1144 paenitentia
1240 1073 1576 1144 negligentiae
1612 1090 1723 1130 sua:
1757 1073 1841 1129 vel
1878 1082 1987 1129 tar-

409 1167 594 1222 ditatis
630 1180 813 1221 coram
842 1164 1092 1220 omnibus
1131 1164 1201 1218 ab
1227 1163 1422 1219 abbate
1452 1165 1707 1234 impetret
1747 1164 1981 1219 veniam.

409 1258 561 1324 Quod
602 1257 646 1310 si
676 1254 1062 1325 contempserit
1088 1251 1428 1318 satisfacere,
1476 1253 1625 1308 nullo
1656 1254 1813 1309 modo
1843 1254 1986 1308 inter

410 1348 607 1402 fratres
621 1346 931 1402 societatem
953 1343 1143 1399 orandi
1170 1343 1407 1398 habebit.
1429 1343 1581 1409 Quod
1603 1351 1784 1398 autem
1811 1344 1942 1398 dicit
1967 1361 1980 1396 :

408 1437 495 1491 fta
525 1446 697 1490 tamen
725 1445 781 1489 ut
808 1433 1104 1502 satisfaciat
1134 1449 1251 1486 reus
1281 1448 1346 1487 es
1372 1432 1489 1498 bac,
1524 1433 1864 1504 intelligitur,
1904 1434 1985 1489 sic

405 1545 529 1583 cum
567 1543 667 1599 per
694 1527 967 1583 licentiam
996 1524 1207 1579 abbatis
1240 1524 1293 1578 in
1323 1524 1493 1580 choro
1534 1524 1737 1595 recipi,
1773 1532 1834 1578 ut
1862 1531 1988 1595 post

404 1630 683 1690 peractum
722 1633 945 1673 cursum
988 1616 1284 1671 satisfaciat
1329 1615 1506 1671 adhuc
1535 1630 1661 1669 reus
1686 1631 1785 1685 pro
1813 1615 1986 1686 negli—

406 1712 585 1780 gentia
620 1725 650 1763 a
679 1725 739 1764 se
772 1708 1058 1764 commissa
1078 1746 1093 1770 ,
1121 1706 1294 1761 donec
1334 1705 1403 1759 ab
1427 1706 1623 1760 abbate
1647 1704 1876 1775 recipiat
1896 1719 1987 1760 ve~

406 1805 574 1867 niam,
605 1808 659 1856 et
683 1815 808 1855 eum
844 1799 1092 1855 remissio
1129 1795 1285 1868 plena
1310 1795 1674 1866 subsequatur
1696 1804 1857 1867 atque
1889 1812 1983 1867 pa-

405 1893 580 1949 cilica.

476 1984 556 2039 Ad
580 1998 808 2038 mensam
820 1990 991 2035 autem
1003 1980 1094 2050 qui
1110 1988 1231 2034 ante
1254 1992 1454 2034 versum
1477 1995 1581 2034 non
1595 1976 1974 2041 occurrerit,’ut

404 2074 562 2134 simul
589 2091 762 2129 omnes
788 2074 966 2127 dicant
996 2087 1195 2126 versum
1224 2080 1273 2125 et
1297 2079 1464 2135 orent,
1493 2078 1543 2125 et
1570 2069 1667 2124 sub
1687 2086 1793 2123 uno
1819 2068 1976 2122 simul

403 2183 584 2221 omnes
609 2166 856 2219 accedant
874 2163 943 2217 ad
965 2179 1215 2226 mensam,
1239 2163 1328 2233 qui
1340 2178 1433 2233 per
1451 2160 1813 2233 negligentiam
1825 2176 1976 2215 suam

403 2266 497 2309 aut
524 2254 705 2309 citium
735 2270 838 2307 non
863 2253 1177 2316 occurrerit,
1215 2269 1374 2323 usque
1408 2251 1478 2305 ad
1503 2251 1784 2305 secundum
1818 2251 1975 2306 vicem

404 2361 500 2415 pro
529 2345 625 2397 hoc
662 2342 1010 2413 corripiatur:
1049 2342 1095 2396 si
1122 2341 1293 2396 denuo
1322 2358 1425 2395 non
1469 2340 1837 2406 emendaverit,
1873 2356 1975 2394 non

399 2442 737 2506 permittatur
758 2434 829 2488 ad
858 2448 1048 2489 mensa:
1068 2433 1356 2489 communis
1381 2433 1856 2505 participationem,
1885 2433 1974 2487 sed

400 2534 751 2588 sequestrata
781 2543 816 2580 α
843 2525 1106 2578 consortio
1136 2523 1392 2588 omnium,
1426 2522 1625 2591 reficiat
1662 2520 1826 2587 solus,
1853 2522 1973 2575 sub—

400 2619 513 2669 lata
553 2617 600 2669 ei
640 2615 874 2685 portione
915 2630 1014 2668 sua
1059 2613 1164 2667 ciui
1190 2653 1204 2678 ,
1241 2628 1404 2683 usque
1445 2611 1516 2664 ad
1563 2609 1974 2679 satisfactionem

403 2715 452 2758 et
493 2705 924 2760 emendationem.
967 2702 1225 2759 Similiter
1258 2712 1436 2756 autem
1476 2702 1742 2771 patiatur,
1775 2702 1865 2771 qui
1904 2701 1974 2754 ad

400 2792 550 2848 illum
599 2808 799 2848 versum
845 2810 950 2847 non
992 2792 1149 2863 fuerit
1201 2807 1460 2862 presens,
1508 2790 1599 2861 qui
1636 2799 1752 2861 post
1799 2789 1975 2845 cibum

399 2884 613 2938 dicitur.
664 2883 801 2938 llinc
841 2883 1062 2954 quidam
1101 2882 1489 2938 monachorum
1534 2882 1794 2953 magister
1826 2880 1919 2953 [ait
1952 2896 1966 2933 :

401 2977 483 3032 Ad
520 2990 720 3031 menste
766 2990 895 3030 vero
937 2975 1287 3045 antiphonam
1334 2972 1419 3027 vel
1459 2987 1675 3027 versum
1727 2972 1967 3043 priorem

397 3065 493 3135 qui
542 3079 650 3121 non
705 3063 1001 3130 adfuerint,
1048 3070 1255 3120 semoto
1304 3071 1362 3118 et
1409 3076 1516 3118 non
1563 3062 1871 3133 signatum,
1918 3071 1975 3118 et

2088 628 2329 691 tangere,
2358 620 2559 689 absque
2583 620 2669 674 bis
2713 633 2836 689 qua:
2862 619 2916 673 in
2953 633 3238 675 commune
3278 619 3657 684 comeduntur,

2084 710 2428 782 sacrilegium
2452 711 2543 765 sit.

2157 800 2259 855 Sed
2295 810 2343 854 et
2372 801 2419 853 si
2446 800 2531 853 cui
2564 800 2785 868 offertur
2823 797 3026 870 aliquid
3058 816 3091 853 a
3134 800 3310 870 priore
3338 807 3387 854 et
3428 801 3666 869 accipere

2087 892 2333 958 renuerit,
2364 891 2494 945 hora
2523 908 2627 962 qua
2653 891 3019 946 desideraverit
3042 891 3138 945 hoc
3164 891 3305 962 quod
3335 893 3483 963 prius
3518 910 3665 947 recu—

2084 984 2236 1046 sarit,
2259 992 2351 1036 aut
2379 981 2527 1037 aliud
2555 983 2765 1037 omnino
2797 1000 2901 1037 non
2921 983 3173 1053 percipiat
3203 1001 3367 1054 usque
3391 985 3461 1038 ad
3485 1002 3661 1039 emen—

2084 1073 2348 1126 dationem
2379 1088 2684 1143 congruant.
2712 1072 3053 1143 llyperbaton
3079 1075 3307 1138 esthoc,
3337 1075 3479 1144 quod
3505 1075 3664 1129 aliter

2084 1164 2392 1219 ordinatum
2435 1163 2748 1234 intelligitur
2793 1165 2865 1219 ita
2897 1183 2908 1218 :
2943 1164 3001 1219 Si
3040 1166 3125 1220 cui
3158 1166 3365 1235 aliquid
3403 1181 3435 1219 a
3480 1166 3662 1236 priore

2083 1253 2331 1319 oﬂ‘ertur,
2358 1262 2414 1309 et
2443 1255 2681 1309 renuerit
2719 1254 2985 1325 accipere,
3022 1255 3154 1311 hora
3186 1271 3291 1325 qua
3318 1255 3659 1310 desiderave-

2087 1342 2178 1408 rit,
2212 1342 2531 1422 subauditur
2578 1344 2863 1414 accipere;
2912 1352 3007 1399 aut
3056 1345 3160 1401 hoc
3206 1347 3473 1417 percipiat
3517 1347 3663 1416 quod

2085 1431 2237 1501 prius
2263 1434 2549 1497 recusavit,
2581 1442 2672 1487 aut
2701 1435 2847 1489 aliud
2871 1437 3092 1492 omnino
3118 1438 3272 1494 nihil.
3313 1438 3449 1495 Hinc
3472 1439 3663 1496 beatus

2084 1518 2351 1575 Basilius:
2387 1520 2500 1577 Hoc
2533 1522 2677 1577 enim
2711 1522 2856 1592 quod
2902 1523 2992 1579 hic
3035 1525 3101 1580 de
3137 1541 3262 1581 esca
3304 1526 3508 1583 dictum
3556 1536 3660 1592 est,

2085 1611 2251 1665 etiam
2299 1611 2368 1666 de
2401 1613 2547 1668 omni
2584 1628 2642 1668 re
2677 1628 2797 1682 quae
2838 1613 2905 1667 ad
2960 1630 3091 1670 usus
3139 1617 3386 1685 corporis
3428 1619 3665 1688 pertinet

2085 1701 2273 1757 eadem
2296 1699 2465 1756 forma
2490 1702 2694 1758 servari
2709 1710 2906 1773 potest.
2929 1704 3072 1775 Ergo
3098 1706 3200 1761 iste
3221 1706 3346 1765 talis
3364 1707 3459 1777 qui
3481 1707 3661 1763 oblata

2090 1794 2328 1865 recipere
2362 1795 2558 1860 renuit,
2605 1796 2802 1866 dignus
2845 1804 2930 1851 est
2978 1805 3040 1852 ut
3078 1798 3292 1854 etiamsi
3320 1807 3529 1869 quaerat
3554 1816 3662 1855 non

2010 1874 2054 1934 Β
2082 1884 2329 1954 accipiat,
2346 1900 2623 1954 usquequo
2644 1886 2834 1955 probet
2858 1887 2904 1941 is
2930 1888 3022 1956 qui
3048 1898 3264 1957 praeest,
3288 1896 3485 1944 etcum
3512 1890 3658 1945 vide-

2080 1975 2150 2028 rit
2175 1976 2363 2029 vitium
2392 1976 2555 2030 animi
2586 1986 2853 2042 curatum,
2890 1987 3016 2034 tunc
3051 1979 3214 2037 etiam
3245 1980 3387 2050 quod
3415 1983 3660 2052 corporis

2078 2065 2262 2120 usibus
2290 2067 2653 2121 necessarium
2678 2066 2841 2123 fuerit
2866 2069 3148 2139 praebebit.

2636 2158 2862 2214 CAPUT
2894 2159 3075 2216 XLIV.

2111 2244 2187 2300 De
2216 2246 2282 2300 iis
2304 2248 2391 2317 qui
2414 2248 2956 2315 excommunicantur,
2984 2251 3242 2321 quomodo
3264 2253 3619 2321 satisfaciant.

2147 2335 2250 2401 Qui
2271 2352 2366 2405 pro
2392 2338 2620 2407 graviori
2650 2337 2804 2408 culpa
2840 2338 2904 2392 ab
2932 2341 3166 2395 oratorio
3205 2350 3254 2395 et
3292 2359 3324 2396 a
3349 2359 3527 2398 mensa
3564 2360 3660 2399 ea;—

2073 2426 2507 2492 communicatur,
2522 2427 2651 2481 liora
2677 2444 2781 2500 qua
2810 2446 2939 2500 opus
2955 2430 3049 2484 Dei
3079 2432 3133 2485 in
3167 2434 3399 2487 oratorio
3430 2433 3660 2488 celebra—

2073 2526 2181 2583 tur,
2209 2526 2329 2572 ante
2353 2518 2490 2588 fores
2512 2520 2731 2574 oratorii
2766 2530 3060 2592 prostratus
3079 2523 3281 2594 jaceat,
3306 2522 3441 2580 nihil
3458 2525 3660 2590 dicens,

2075 2606 2176 2661 nisi
2209 2616 2413 2661 tantum
2434 2608 2601 2677 posito
2629 2608 2683 2662 in
2704 2619 2897 2664 terram
2919 2612 3087 2681 capite
3110 2621 3157 2666 et
3179 2612 3496 2683 prostratus,
3537 2630 3660 2685 pro-

2074 2713 2172 2752 nus
2199 2699 2429 2751 omnium
2459 2698 2524 2751 de
2553 2702 2789 2754 oratorio
2819 2704 3119 2756 exeuntium
3160 2704 3377 2770 pedibus
3406 2722 3460 2760 se
3488 2706 3657 2776 proji-

2073 2787 2196 2840 ciat.
2213 2785 2281 2840 Et
2303 2787 2400 2840 hoc
2422 2787 2608 2843 tandiu
2632 2789 2796 2858 faciat
2821 2806 2982 2861 usque
3005 2789 3131 2844 dum
3158 2792 3318 2847 abbas
3333 2794 3656 2864 judicaeerit

2071 2877 2399 2948 satisfactum
2426 2895 2555 2933 esse.
2586 2878 2715 2947 Qua:
2744 2883 3019 2952 graviores
3049 2890 3176 2938 sunt
3208 2885 3400 2957 culpae,
3426 2887 3540 2957 jam
3566 2904 3658 2944 su-

2072 2973 2253 3042 perius
2280 2971 2481 3028 dictum
2510 2980 2615 3028 est.
2644 2972 2783 3029 Hinc
2812 2989 2941 3030 vero
2968 2975 3034 3031 de
3061 2992 3299 3047 congrua
3320 2978 3659 3050 culpatorum

2072 3063 2439 3120 satisfactione
2462 3065 2751 3121 dicendum
2780 3073 2882 3121 est.
2930 3066 3190 3135 Quorum,
3218 3075 3277 3123 ut
3297 3068 3535 3125 Isidorus
3561 3071 3657 3134 ait,

400 3156 519 3209 sine
566 3155 693 3209 data
747 3163 804 3210 et
857 3162 1077 3225 accepta
1133 3154 1507 3211 benedictione
1549 3153 1879 3209 manducent
1917 3161 1974 3207 et
2017 3221 2043 3226 _
2077 3155 2190 3209 sola
2215 3156 2370 3225 panis
2397 3162 2452 3210 et
2480 3170 2633 3223 aqua:
2659 3154 2716 3210 in
2740 3156 3103 3226 vespertinum
3126 3157 3234 3212 erit
3254 3158 3557 3213 adhibenda
3584 3175 3664 3214 re-

398 3247 605 3311 bibant,
627 3254 682 3302 et
701 3248 818 3302 sine
843 3221 1070 3315 alicuius
1094 3245 1328 3317 eloquio.
1361 3245 1428 3300 Et
1448 3244 1645 3300 merito
1663 3244 1780 3299 sine
1800 3244 1976 3299 homi-
2000 3221 2047 3283 (ἶ
2082 3221 2264 3310 lectio,
2287 3245 2517 3300 amictus
2530 3221 2750 3312 eorum,
2785 3221 2880 3301 aut
2905 3246 3137 3318 tegimen
3167 3260 3371 3313 rasum,
3402 3256 3495 3302 aut
3519 3247 3662 3331 forte

400 3338 485 3392 nis
515 3337 727 3409 eloquio
756 3337 916 3392 debet
941 3335 1165 3392 reficere
1190 3335 1280 3405 qui
1311 3343 1439 3391 ante
1467 3334 1822 3391 refectionem
1850 3349 1974 3390 cum

400 3428 512 3482 Deo
539 3443 642 3483 non
676 3435 761 3484 est
783 3428 1008 3485 locutus.
1036 3427 1139 3496 Qui
1162 3443 1291 3484 vero
1306 3428 1603 3499 posteriori
1629 3443 1831 3483 mensae
1852 3443 1976 3484 vcr-

399 3518 482 3573 sni
512 3533 617 3574 non
640 3517 892 3586 adfuerit,
915 3520 1074 3576 talem
1098 3534 1315 3591 pennam
1338 3520 1621 3590 suscipiat,
1643 3519 1858 3589 qualem
1883 3520 1972 3577 ille

399 3624 493 3677 qui
520 3618 647 3665 ante
676 3608 1024 3666 refectionem
1053 3625 1161 3666 non
1194 3618 1281 3667 est
1309 3609 1524 3665 locutus
1565 3624 1690 3665 cum
1719 3609 1850 3665 Deo.
1877 3609 1972 3667 ila:

399 3712 531 3753 vero
575 3700 943 3770 correptiones
986 3701 1071 3756 vel
1107 3699 1693 3757 excommunicationes
1725 3702 1813 3757 bis
1836 3702 1973 3757 dun-

397 3796 553 3844 taxat
580 3790 884 3847 constituta'.
910 3799 1066 3856 sunt,
1102 3790 1196 3862 qui
1241 3798 1366 3847 sunt
1396 3790 1670 3847 voluntate
1711 3800 1768 3848 et
1810 3792 1973 3863 negli-

397 3878 579 3947 gentia
602 3879 782 3945 tardi,
820 3888 881 3935 et
900 3880 1063 3937 nullis
1085 3880 1504 3937 necessitatibus
1534 3882 1802 3951 occupati.
1834 3880 1971 3936 Nam

397 3982 498 4036 pro
526 3967 758 4023 utilitate
804 3970 1118 4026 monasterii
1158 3970 1406 4041 occupati
1454 3970 1616 4041 digne
1649 3971 1900 4028 absentes
1938 3987 1971 4026 a

398 4059 755 4126 pratentibus
792 4058 848 4115 in
875 4060 1113 4119 oratorio
1139 4068 1524 4117 memorentur.
1568 4061 1706 4119 Hinc
1730 4060 1972 4118 lsidorus

397 4148 532 4203 dicit
560 4164 576 4202 ;
603 4148 708 4216 Qui
748 4148 819 4206 ad
858 4164 1098 4207 mensam
1136 4151 1343 4207 tardius
1374 4151 1618 4217 venerit,
1657 4161 1754 4206 aut
1795 4153 1969 4223 pmni-

399 4239 626 4319 tentiam
648 4248 802 4311 agat,
840 4248 935 4295 aut
959 4238 1177 4310 jejuniis
1204 4241 1272 4296 ad
1308 4257 1463 4296 suum
1502 4257 1640 4311 opus
1673 4242 1757 4296 vel
1794 4241 1971 4299 cubile

402 4337 665 4385 recurrat.
697 4328 834 4387 Hinc
862 4330 1095 4387 Basilius
1118 4331 1194 4387 ait
1223 4348 1236 4386 :
1272 4331 1330 4388 Si
1355 4348 1478 4389 cum
1498 4332 1668 4403 possit
1695 4349 1803 4389 non
1829 4342 1969 4389 sate-

399 4421 562 4491 gerit,
600 4419 835 4481 fateatur
874 4423 1087 4492 culpam
1131 4423 1466 4495 negligentiae
1494 4440 1625 4490 suae,
1667 4433 1723 4479 et
1754 4434 1972 4481 maneat

399 4512 518 4564 sine
555 4509 675 4565 cibo
701 4525 870 4580 usque
900 4511 969 4567 ad
1007 4512 1152 4567 illam
1180 4513 1370 4568 horam
1405 4529 1511 4583 qua
1550 4517 1870 4571 convenitur
1900 4516 1967 4571 ad

399 4600 581 4655 cibum
602 4601 657 4655 in
687 4610 964 4670 posterum
990 4603 1151 4659 diem.

476 4703 585 4757 Nec
607 4703 880 4775 quisquam
919 4716 1201 4776 presumat
1240 4715 1363 4760 ante
1385 4716 1634 4763 statutam
1670 4709 1853 4762 horam
1890 4709 1966 4764 rel

396 4802 574 4864 postea
588 4795 869 4867 quidquam
884 4797 985 4851 cibi
1010 4796 1087 4852 vel
1095 4806 1244 4867 potus
1255 4798 1533 4869 percipere.
1553 4798 1686 4854 Hinc
1708 4799 1969 4856 Fructuo-

398 4898 494 4938 sus
517 4884 594 4938 ait
619 4903 631 4937 :
654 4884 890 4952 Quilibet
927 4900 992 4941 ex
1021 4887 1302 4943 monachis
1324 4886 1585 4955 jejunium
1620 4887 1829 4943 solvere
1855 4905 1964 4943 non

398 4980 708 5042 presumat,
732 4989 833 5039 nec
858 4975 1170 5046 priusquam
1196 4976 1250 5030 in
1270 4991 1555 5032 commune
1579 4978 1825 5033 reficiant
1842 4993 1964 5033 cum

398 5063 626 5125 ceteris,
663 5064 747 5120 vel
784 5074 1069 5136 postquam
1120 5065 1424 5131 refecerint,
1475 5067 1766 5137 quidquam
1822 5070 1967 5137 quod

399 5151 469 5206 ad
495 5152 784 5221 potandum
824 5154 909 5208 vel
936 5154 1204 5211 edendum
1230 5154 1461 5225 pertinet
1497 5162 1713 5225 gustare
1734 5154 1818 5210 vel
1839 5171 1967 5212 con-

399 5241 607 5309 tingere
646 5243 861 5308 audeat,
912 5242 997 5296 vel
1045 5244 1254 5299 occulte
1296 5244 1572 5313 quodlibet
1620 5245 1968 5315 peculiariter

397 5330 692 5385 recondere
738 5332 822 5388 vel
880 5331 1081 5389 habere
1128 5341 1437 5403 praesumat.
1492 5334 1629 5392 [line
1674 5334 1964 5391 Cassianus

398 5420 529 5474 dicit
554 5437 567 5473 :
593 5418 927 5477 Omnimodis
952 5429 1130 5477 autem
1159 5438 1231 5478 ex.
1248 5424 1351 5480 hoc
1367 5425 1546 5480 caveri
1565 5425 1726 5481 debet
1743 5440 1810 5480 ne
1837 5434 1961 5480 ante

396 5509 543 5566 illam
572 5508 656 5563 vel
696 5517 818 5579 post
868 5510 1015 5567 illam
1062 5512 1253 5567 horam
1293 5529 1401 5583 qua
1443 5528 1633 5569 omnes
1665 5512 1862 5569 fratres
1909 5515 1963 5569 in

396 5613 679 5654 commune
710 5598 1057 5666 reficiuntur,
1086 5610 1243 5659 extra
1282 5618 1524 5659 mensam
1564 5604 1963 5672 quomodocun—

395 5705 502 5760 que
549 5691 903 5760 quodcunque
951 5693 1036 5747 vel
1087 5694 1353 5749 modicum
1391 5693 1587 5764 aliquis
1636 5692 1963 5750 manducare

387 5789 712 5853 lumsumat,
746 5790 806 5836 ut
842 5783 1003 5839 etiam
1032 5799 1187 5854 poma
1214 5799 1332 5855 qua:
1361 5793 1604 5855 tempore
1629 5799 1726 5840 suo
1753 5785 1852 5840 sub
1873 5800 1962 5840 ar-

2081 3336 2339 3402 cil?cium,
2373 3336 2600 3391 lectulus
2622 3352 2831 3404 mrum,
2871 3346 2973 3400 aut,
2990 3337 3132 3393 nuda
3160 3338 3379 3405 humus,
3406 3348 3496 3395 aut
3521 3339 3663 3399 forte

2080 3426 2268 3493 storis,
2324 3426 2375 3480 id
2415 3435 2518 3492 est,
2570 3435 2736 3481 malta
2782 3441 2943 3498 super
2973 3428 3214 3482 humum.
3264 3428 3400 3484 Hinc
3443 3432 3658 3501 quidam

2080 3517 2463 3572 monachorum
2492 3517 2751 3586 magister
2785 3517 2895 3571 ait:
2936 3517 3035 3584 Qui
3072 3532 3201 3572 vero
3247 3517 3417 3573 frater
3440 3536 3657 3590 gravem

2078 3611 2288 3682 culpam
2314 3611 2611 3677 admiserit,
2644 3612 2759 3684 ipse
2785 3612 2853 3668 ab
2883 3622 3113 3684 utroque
3138 3616 3654 3680 cxcommunicetur,

2076 3703 2129 3759 id
2164 3710 2271 3768 est,
2308 3704 2376 3759 ab
2401 3705 2659 3769 oratorio,
2698 3713 2753 3761 et
2780 3722 2809 3759 a
2840 3720 3050 3771 mensa,
3098 3711 3154 3760 et
3180 3721 3289 3762 non
3331 3708 3448 3777 ipse
3475 3708 3542 3764 ad
3571 3710 3656 3764 in-

2075 3794 2401 3866 dulgentiam
2440 3795 2660 3867 majoris
2688 3797 2987 3867 perveniat,
3030 3796 3135 3852 nisi
3176 3805 3303 3854 ante
3341 3798 3505 3856 limen
3533 3818 3658 3857 ora-

2075 3884 2197 3940 torii
2225 3892 2530 3956 prostratus
2576 3885 2909 3957 lacrymabili
2955 3901 3085 3942 voce
3100 3886 3408 3943 intervallo
3433 3903 3654 3944 cessan-

2074 3978 2210 4031 tium
2243 3977 2294 4031 in
2318 3977 2543 4047 psalmis
2582 3978 2837 4031 horarum
2876 3975 2987 4032 Deo
3024 3984 3080 4031 ct
3123 3977 3374 4033 omnibus
3399 3980 3655 4034 emenda-

2075 4067 2220 4121 tione
2255 4063 2581 4120 satisfecerit
2605 4064 2948 4134 repromissa.

2145 4154 2246 4221 Qui
2280 4154 2405 4208 dum
2429 4154 2613 4223 jussus
2659 4153 2724 4208 ab
2755 4153 2939 4209 abbate
2962 4155 3174 4221 venerit,
3209 4155 3373 4211 volvat
3410 4175 3464 4213 se
3494 4158 3654 4229 ipsius

2072 4246 2272 4300 abbatis
2300 4245 2535 4317 pedibus,
2582 4246 2769 4300 deinde
2805 4248 3039 4301 omnium
3064 4246 3290 4318 fratrum
3317 4250 3564 4321 vestigiis,
3596 4262 3655 4305 ut

2072 4346 2216 4391 orent
2240 4353 2333 4407 pro
2361 4352 2441 4390 eo.
2496 4336 2563 4390 Et
2587 4345 2709 4390 tunc
2739 4338 2783 4391 si
2803 4337 3022 4407 jusserit
3051 4338 3233 4406 abbas,
3267 4342 3552 4412 recipiatur
3598 4344 3653 4398 in

2071 4431 2248 4493 choro,
2274 4428 2348 4483 vel
2373 4429 2425 4481 in
2455 4428 2656 4493 ordine,
2679 4445 2781 4499 quo
2807 4428 2967 4483 abbas
2993 4429 3272 4485 decreverit
3291 4474 3306 4497 ,
3339 4433 3414 4488 ita
3446 4450 3571 4490 sane
3597 4444 3652 4487 ut

2072 4516 2328 4588 psalmum
2352 4528 2443 4573 aut
2481 4517 2771 4583 lectionem,
2816 4518 2891 4573 rel
2918 4518 3066 4574 aliud
3086 4521 3212 4591 quid
3242 4539 3343 4577 non
3370 4535 3653 4593 prtesumat

2069 4617 2123 4669 in
2149 4615 2377 4668 oratoria
2423 4616 2703 4686 imponere,
2758 4618 2858 4670 nisi
2906 4616 3094 4670 iterum
3138 4613 3297 4669 abbas
3329 4614 3533 4685 jubeat.
3581 4614 3651 4669 Et

2069 4705 2304 4759 omnibus
2333 4705 2473 4758 horis
2498 4704 2623 4758 dum
2649 4704 2934 4777 completur
2956 4722 3084 4776 opus
3108 4704 3225 4769 Dei,
3249 4702 3495 4774 projiciat
3517 4721 3571 4759 se
3592 4704 3649 4761 in

2067 4808 2260 4848 terram
2302 4793 2491 4848 inloco
2525 4794 2580 4848 in
2604 4812 2707 4865 quo
2744 4804 2867 4862 stat,
2913 4807 2961 4850 et
2999 4797 3072 4850 sic
3105 4794 3397 4865 satisfaciat
3424 4836 3439 4860 ,
3463 4812 3651 4867 usque-

2069 4884 2192 4937 dum
2218 4884 2267 4960 ei
2288 4883 2473 4953 jubeat
2503 4884 2663 4938 abbas
2703 4893 2759 4938 ut
2803 4888 3034 4956 quiescat
3068 4886 3184 4955 jam
3217 4885 3404 4939 ab’hac
3426 4886 3643 4956 satisfa-

2068 4972 2253 5025 ctione.
2303 4970 2441 5026 Hinc
2469 4972 2706 5028 Isidorus
2734 4974 2849 5028 ait:
2892 4963 3646 5045 Satisfactiodclinqucntium

2073 5061 2187 5115 hanc
2206 5070 2318 5115 est:
2346 5059 2572 5116 Peracto
2593 5065 2924 5131 poenitentia:
2944 5072 3185 5134 tempore
3203 5072 3423 5120 vocatus
3445 5066 3642 5129 veniat,

2072 5149 2234 5205 humo
2258 5161 2563 5221 prostratus
2584 5151 2781 5221 jaceat,
2826 5154 3116 5224 jussusab
3161 5156 3353 5212 abbate
3388 5156 3454 5211 de
3501 5164 3642 5209 terra

2069 5250 2373 5314 consurgat,
2420 5256 2647 5314 surgens
2685 5244 2754 5299 ab
2780 5247 3032 5302 omnibus
3070 5263 3171 5318 pro
3204 5247 3527 5318 negligentia
3549 5260 3643 5299 ve-

2071 5335 2214 5389 niam
2271 5342 2497 5405 poscat,
2552 5336 2843 5406 adepturus
2890 5339 3277 5413 indulgentiam
3318 5343 3440 5406 post
3483 5333 3640 5402 hujus

2068 5423 2451 5480 emendatoria:
2488 5426 2877 5485 satisfactionis
2901 5443 3226 5486 mensuram.

2140 5514 2243 5579 Qui
2278 5530 2400 5567 vero
2425 5531 2520 5584 pro
2545 5503 2736 5572 leuibus
2784 5516 2950 5588 culpis
2978 5513 3503 5571 excommunicantur»
3521 5521 3636 5566 tan-

2068 5613 2179 5658 tum
2203 5621 2237 5657 a
2258 5619 2457 5671 mensa,
2485 5606 2540 5659 in
2577 5609 2810 5662 oratorio
2834 5605 3185 5680 satisfaciant,
3222 5617 3395 5673 usque
3426 5602 3497 5656 ad
3515 5602 3640 5673 jus.

2066 5693 2265 5746 sionem
2301 5692 2502 5748 abbatis
2522 5695 2619 5749 Isne
2643 5712 2842 5768 seraper
2879 5684 3098 5762 faciant,
3141 5686 3301 5763 usque
3327 5691 3451 5745 dum
3478 5691 3636 5749 bene-

2066 5784 2205 5838 dicat
2231 5793 2278 5837 et
2306 5784 2488 5839 dicat:
2518 5784 2734 5855 Sufficit.
2767 5782 2920 5850 Quod
2966 5783 3114 5849 dicit,
3153 5779 3440 5851 benedicat,
3471 5783 3637 5840 intel-
