3968 6204
364 439 467 493 εδδ

363 556 576 630 igitur,
619 549 863 608 Dimittat
903 542 996 596 tibi
1040 535 1317 594 Dominus.
1351 529 1503 598 Quod
1531 525 1684 590 dicit,

371 625 688 704 subauditur
707 654 806 710 pro
832 639 935 692 bac
955 633 1110 702 culpa
1139 625 1437 685 satisfactio
1463 628 1602 677 acta.

937 744 1162 804 CAPUT
1201 741 1358 796 XLV.

705 845 780 897 De
803 843 868 896 iis
889 857 976 911 qut
1003 835 1261 908 falluntur
1286 835 1339 886 in
1361 829 1607 886 oratorio.

446 939 505 994 Si
534 937 651 1008 quis
689 933 814 988 dum
845 927 1146 1001 pronuntiat
1195 921 1450 994 psalmum
1479 959 1492 984 ,
1539 912 1945 986 responsorium,

375 1038 466 1082 aut
488 1005 849 1098 antiphonam,
887 1017 962 1074 uel
993 1016 1296 1079 lectionem,
1326 1009 1552 1081 fallitur,
1589 1005 1688 1059 nisi
1715 1016 1830 1056 cum
1864 1016 1949 1052 sa—

376 1117 671 1188 tisfactione
714 1112 782 1167 ibi
809 1126 982 1164 coram
1016 1105 1253 1162 omnibus
1281 1098 1585 1154 latoniliatns
1624 1093 1803 1164 fuerit,
1832 1105 1946 1143 ma—

374 1179 480 1280 jori
524 1204 764 1261 vindicta:
819 1199 1133 1269 subjaceat;
1189 1193 1372 1263 quippe
1416 1187 1504 1257 qui
1560 1183 1725 1238 noluit
1782 1179 1952 1232 humi-

378 1269 524 1350 litate
567 1294 822 1362 corrigere
865 1286 1004 1343 auod
1059 1281 1367 1353 negligentia
1420 1274 1654 1344 deliquit.
1717 1269 1952 1339 Infantes

382 1403 496 1441 vero
541 1402 634 1456 pro
683 1359 775 1436 tali
831 1396 982 1448 culpa
1033 1374 1290 1446 vapulem.
1355 1366 1506 1436 Quod
1550 1363 1711 1424 dicit,
1755 1359 1953 1428 majori

383 1481 624 1535 uindicta:
673 1476 939 1544 subjaceat
966 1513 980 1536 ,
1035 1467 1386 1527 subauditur,
1453 1458 1605 1528 quasi
1657 1454 1726 1508 ibi
1773 1465 1955 1507 coram

384 1569 636 1626 omnibus
679 1565 993 1622 humiliatus
1052 1561 1256 1614 fuisset.
1311 1553 1459 1620 Quod
1505 1563 1634 1604 vero
1677 1544 1830 1607 dicit,
1875 1541 1958 1593 in-

391 1663 560 1732 fantes
603 1675 696 1730 pro
741 1655 834 1709 tali
863 1651 1014 1723 culpa
1054 1647 1290 1719 vapulem
1315 1686 1327 1709 ,
1367 1637 1804 1707 subintelligitur,
1855 1630 1957 1683 nisi

387 1721 462 1805 ibi
495 1721 674 1804 coram
723 1721 972 1800 omnibus
1008 1736 1270 1793 humiliati
1317 1732 1534 1787 fuerint.
1589 1726 1715 1781 Ilaec
1757 1723 1822 1778 de
1855 1721 1962 1776 illis

390 1844 480 1913 qui
508 1857 629 1895 raro
651 1839 926 1901 falluntur,
957 1842 1010 1888 et
1039 1845 1178 1901 stepc.
1204 1827 1433 1897 correpti
1460 1838 1564 1878 non
1587 1820 1960 1881 emcndantur,

391 1933 604 1990 etiamsi
636 1929 708 1985 ibi
748 1925 1013 1983 lmmiliati
1049 1921 1282 1983 fuerint,
1314 1927 1373 1972 ut
1399 1913 1671 1985 vapulem,
1700 1920 1758 1964 ut
1779 1922 1962 1964 emcn-

389 2027 606 2088 dentur,
634 2030 687 2077 et
724 2035 865 2090 smpe
884 2017 994 2086 jam
1023 2030 1127 2070 non
1153 2011 1421 2066 fallantur.

959 2125 1184 2184 CAPUT
1213 2122 1393 2180 XLVI.

494 2226 567 2279 De
596 2226 658 2278 iis
683 2225 773 2294 qui
811 2225 863 2274 in
890 2219 1008 2273 aliis
1033 2214 1340 2286 quibuslibet
1375 2212 1521 2264 rebus
1551 2206 1875 2277 delinquunt.

470 2338 524 2392 Si
549 2336 663 2408 quis
689 2335 812 2386 dum
837 2333 892 2386 in
918 2329 1094 2384 labore
1131 2326 1332 2398 quovis,
1372 2324 1424 2377 in
1450 2320 1690 2391 coquina,
1723 2318 1773 2370 in
1806 2315 1965 2370 cella-

401 2422 498 2493 rio,
529 2428 584 2480 in
609 2420 985 2484 ministerio,in
1007 2417 1251 2488 pistrino,
1275 2416 1328 2468 in
1355 2413 1524 2475 horto,
1554 2411 1607 2463 in
1628 2417 1741 2461 arte
1771 2406 1967 2475 aliqua,

400 2518 525 2571 dum
555 2514 780 2575 laborat,
820 2508 898 2564 vel
934 2511 988 2562 in
1018 2520 1320 2579 quocunque
1345 2501 1456 2555 loco
1495 2496 1694 2569 aliquid
1745 2495 1972 2565 delique-

399 2600 493 2672 rit,
519 2613 608 2658 aut
640 2602 848 2674 [regerit
877 2597 1176 2670 quidpiam,
1227 2603 1317 2647 aut
1349 2589 1628 2662 perdiderit
1654 2629 1669 2653 ,
1724 2585 1798 2640 rel
1824 2584 1971 2638 aliud

400 2694 526 2766 quid
560 2691 830 2746 excesserit
865 2689 950 2740 ubi
985 2697 1031 2740 et
1075 2686 1182 2749 ubi,
1231 2693 1278 2736 et
1329 2698 1430 2735 non
1482 2679 1684 2732 veniens
1731 2675 1972 2729 continuo

401 2794 522 2840 ante
551 2781 808 2845 abbatem,
856 2777 930 2831 vel
968 2774 1416 2844 congregationem
1446 2810 1461 2836 ,
1505 2768 1612 2837 ipse
1644 2765 1780 2818 ultro
1817 2765 1974 2817 satis-

403 2874 606 2948 fecerit,
635 2881 682 2925 et
711 2869 1000 2940 prodiderit
1043 2865 1288 2919 delictum
1315 2876 1466 2916 suum
1493 2900 1506 2924 ,
1541 2859 1664 2912 dum
1694 2873 1784 2927 per
1812 2855 1976 2909 alium

405 2945 665 3038 cognitum
705 2961 881 3033 fuerit,
912 2957 1102 3029 majori
1127 2955 1395 3026 subjaccat
1422 2949 1790 3006 emendationi.
1842 2945 1978 3000 llinc

407 3055 694 3134 Cassianus
741 3052 852 3106 ait:
909 3048 967 3102 Si
1013 3047 1133 3116 quis
1183 3043 1380 3112 aliquid
1431 3039 1678 3110 fregerit,
1730 3045 1824 3091 aut
1865 3051 1980 3104 pcr-

407 3127 601 3201 didcrit
625 3184 638 3206 ,
681 3157 785 3196 non
813 3140 970 3193 aliter
1007 3135 1382 3207 negligentiam
1415 3145 1566 3185 suam
1607 3128 1832 3190 delebit,
1876 3125 1979 3179 nisi

1635 408 1982 471 SMARAGDI
2020 402 2306 468 ABBATIS'

1726 521 1927 591 suﬂicit,
1961 522 2011 581 Α
2036 515 2260 585 impigra
2298 511 2478 575 fuerit,
2527 508 2594 562 ad
2640 507 2743 560 hoc
2771 518 2905 574 opus
2949 502 3176 555 idoneus
3219 498 3511 563 inventus,
3553 507 3615 551 ut

3504 383 3610 444 εει

2043 622 2176 676 Opus
2207 603 2296 658 Dei
2326 617 2432 656 non
2460 599 2740 661 tardetur;
2790 594 2880 663 qui
2915 607 3020 646 non
3039 630 3055 656 ,
3091 604 3196 658 qua
3224 588 3356 646 liora
3398 587 3474 642 illi
3501 587 3620 641 libi—

2049 706 2162 751 tum
2190 694 2376 759 fuerit,
2400 691 2595 746 fratres
2641 688 2710 742 ad
2754 685 2965 757 vigilias
2999 681 3262 737 suscitare
3307 687 3616 748 prmsumat,

2046 787 2140 844 sed
2168 785 2245 841 sic
2289 792 2454 838 totam
2492 778 2972 850 congregationem
2998 772 3063 827 ad
3106 769 3340 825 cilicium
3364 767 3621 823 orationis

2049 880 2268 939 invitet,
2317 892 2385 931 ne
2419 876 2474 929 in
2520 884 2751 942 utroque
2780 869 3086 923 inveniatur
3117 865 3395 930 incautus,
3442 862 3494 916 id
3515 874 3620 926 est,

2050 986 2118 1025 ne
2162 969 2247 1023 vel
2297 978 2587 1036 oppressus
2635 975 2824 1017 somno
2866 966 3121 1013 statutam
3167 954 3340 1009 noctis
3382 961 3626 1008 transeat

2052 1061 2271 1122 horam,
2301 1054 2385 1110 vel
2410 1051 2653 1110 eamdem
2681 1048 2908 1106 festinus
2933 1045 3209 1112 anticipet.
3261 1041 3319 1097 Si
3342 1057 3470 1102 vero
3493 1057 3627 1110 qna-

2053 1148 2181 1204 libet
2206 1145 2488 1201 occasione
2507 1157 2539 1196 a
2562 1139 2706 1210 justo
2728 1137 2914 1193 ordine
2935 1133 3208 1188 deviatum
3229 1131 3416 1196 fuerit,
3445 1140 3628 1186 utnon

2053 1238 2348 1296 secundum
2373 1233 2616 1289 ordinem
2643 1243 2797 1284 suum
2826 1227 2970 1280 hora:
2995 1221 3392 1288 custodiantur,
3442 1236 3632 1290 supcr—

2053 1332 2319 1401 positione
2355 1328 2677 1384 damnentur

2127 1420 2366 1475 I’salmos
2396 1426 2568 1469 autem
2592 1412 2669 1468 vel
2691 1409 3002 1480 antiphonas
3025 1415 3138 1476 post
3164 1405 3402 1460 abbatem
3444 1403 3635 1455 ordine

2055 1531 2150 1569 suo
2177 1510 2361 1580 quibus
2383 1509 2586 1578 justum
2611 1503 2768 1574 fuerit
2789 1501 3077 1570 imponant.
3102 1497 3329 1554 Cantare
3349 1504 3522 1548 autem
3543 1503 3636 1546 ant

2058 1606 2222 1676 legere
2255 1620 2357 1657 non
2384 1606 2665 1668 prtesumat
2689 1637 2703 1658 ,
2746 1594 2845 1648 nisi
2885 1593 2973 1662 qui
3000 1601 3162 1660 potest
3204 1591 3375 1659 ipsum
3415 1585 3637 1654 ofﬁcium

2060 1695 2290 1765 implere,
2331 1703 2384 1745 ut
2419 1689 2741 1757 adificantur
2770 1685 3058 1739 audientes.
3100 1680 3250 1745 Quod
3280 1695 3398 1732 cum
3426 1676 3642 1730 humili—

2062 1797 2166 1840 tate
2191 1795 2237 1838 et
2263 1782 2537 1854 gravitate,
2565 1786 2611 1831 et
2657 1787 2878 1830 tremore
2909 1772 3093 1841 faciat,
3123 1781 3172 1824 et.
3199 1770 3285 1822 cui
3305 1766 3523 1837 jusserit
3553 1765 3642 1818 ab-

1995 1867 2037 1926 B
2068 1879 2178 1930 bas.
2234 1875 2387 1940 Quod
2443 1871 2611 1933 dicit,
2662 1877 2774 1939 post
2823 1865 3058 1920 abbatem
3107 1864 3288 1917 ordine
3335 1877 3430 1914 suo
3473 1860 3642 1926 impo-

2065 1973 2190 2019 nant
2217 2005 2231 2028 ,
2278 1977 2384 2018 non
2434 1961 2500 2015 de
2537 1959 2660 2022 illo,
2710 1971 2815 2025 quo
2844 1954 3069 2023 ingressi
3101 1961 3232 2006 sunt
3271 1949 3461 2006 ordine
3487 1947 3644 2011 dicit,

2065 2055 2158 2109 sed
2184 2054 2250 2109 de
2273 2052 2379 2106 illis
2421 2050 2617 2119 quibus
2639 2049 2706 2102 ab
2733 2047 2927 2100 abbate
2963 2043 3174 2112 jussum
3207 2050 3313 2105 est,
3339 2046 3394 2094 et
3419 2038 3512 2106 qui
3541 2037 3648 2090 hoe.

2067 2160 2200 2214 opus
2226 2144 2364 2198 bene
2392 2155 2551 2210 agere
2576 2147 2826 2208 possunt,
2874 2137 2940 2192 de
2979 2136 3176 2206 quibus
3209 2132 3371 2186 etiam
3395 2128 3650 2198 superius

2067 2233 2238 2288 dixit:
2275 2231 2494 2286 Fratres
2525 2243 2630 2282 non
2657 2243 2752 2296 per
2777 2226 3019 2280 ordinem
3052 2224 3230 2293 legant
3265 2229 3360 2274 aut
3401 2225 3648 2280 cantent,

2070 2324 2163 2380 sed
2204 2323 2292 2392 qui
2320 2319 2588 2376 aedificent
2612 2317 2909 2378 audientes.
2959 2312 3114 2380 Quod
3139 2318 3196 2365 et
3221 2309 3296 2362 illi
3326 2307 3468 2361 sicut
3503 2303 3653 2360 ordi-

2073 2416 2258 2479 natim,
2289 2414 2359 2468 ita
2389 2420 2443 2466 ct
2469 2417 2628 2464 caute
2659 2418 2868 2474 etcum
2908 2404 3214 2460 humilitate
3240 2414 3402 2471 agere
3428 2397 3647 2452 debent.

2078 2505 2227 2562 Unde
2257 2513 2309 2557 et
2339 2501 2582 2570 sequitur
2607 2518 2618 2551 :
2651 2497 2881 2554 Cantarc
2911 2503 2964 2549 et
2993 2494 3171 2564 legere
3210 2507 3312 2545 non
3341 2494 3656 2558 prmsumat,

2077 2597 2179 2651 nisi
2215 2595 2304 2664 qui
2343 2597 2540 2662 potest,
2568 2598 2674 2644 etc.

2620 2679 2846 2741 CAPUT
2890 2676 3113 2736 XLVIII.

2416 2776 2494 2830 De
2517 2791 2668 2845 opere
2695 2790 2948 2828 rnanuum
2969 2771 3296 2842 quotidiana.

2151 2877 2404 2932 Otiositas
2429 2875 2643 2929 inimica
2666 2882 2740 2926 est
2772 2873 2980 2926 animle.
3010 2869 3226 2926 Otiosus
3254 2868 3398 2922 enim
3432 2879 3665 2935 corpore

2083 2969 2400 3032 monachus,
2429 2975 2609 3022 mente
2631 2979 2662 3018 a
2691 2963 2924 3018 sordidis
2943 2958 3358 3032 cogitationibus
3386 2970 3664 3025 nunquam

2085 3060 2286 3129 poterit
2326 3071 2448 3113 esse
2490 3057 2713 3111 otiosus.
2769 3053 2874 3108 Per
2917 3053 3087 3107 otium
3134 3051 3280 3106 enim
3319 3047 3570 3103 libidines
3614 3055 3670 3100 et

2027 3211 2051 3230 η
2089 3152 2371 3206 noxiarum
2412 3148 2794 3220 cogitationum
2839 3144 3106 3201 desideria
3147 3147 3541 3204 concrescunt,
3593 3139 3670 3192 di-

410 3255 590 3294 coram
618 3235 866 3291 omnibus
885 3231 1142 3285 fratribus
1170 3229 1351 3284 tandiu
1374 3223 1755 3295 supplicaverit
1791 3221 1899 3276 Deo
1931 3221 1981 3274 in
2010 3215 2054 3271 C
2086 3250 2243 3298 acum
2289 3215 2610 3296 δὲιοωόηεε
2659 3238 2730 3292 ιη
2757 3235 3029 3291 desiderii.
3059 3245 3134 3290 eu
3171 3233 3340 3288 omnis
3370 3233 3597 3293 “iam,
3621 3239 3669 3282 ει

413 3339 556 3384 terra
585 3333 918 3398 prostratus,
969 3323 1141 3378 donec
1188 3320 1427 3374 oratione
1468 3315 1708 3371 solvatur
1754 3313 1981 3370 abbatis.

413 3419 586 3490 Supra
619 3417 763 3472 enim
795 3415 1080 3469 nominatas
1107 3410 1444 3482 negligentiae
1478 3405 1769 3463 secundum
1803 3405 1988 3462 modi.—

410 3510 521 3578 lum
548 3507 822 3580 proprium
851 3506 960 3560 sint
987 3503 1300 3574 pensandtc,
1333 3509 1387 3555 et
1405 3501 1560 3570 juxta
1585 3505 1795 3552 aetatem
1824 3495 1990 3550 delin-

413 3602 714 3674 quentium,
750 3599 801 3652 id
825 3608 926 3664 est,
956 3595 1042 3651 vel
1071 3602 1331 3656 teneram,
1365 3591 1446 3646 vel
1478 3589 1722 3651 senilem,
1755 3586 1838 3642 vel
1867 3586 1990 3639 viri-

415 3694 545 3759 lem,
581 3699 704 3746 sunt
729 3688 1050 3758 corrigendi.
1085 3686 1141 3740 Si
1172 3684 1349 3739 abbati
1379 3680 1461 3736 vel
1487 3679 1771 3750 pra-posito
1799 3692 1986 3744 puram

417 3785 626 3840 dederit
663 3781 1053 3838 confessionem
1085 3790 1139 3834 et
1180 3785 1513 3845 compertum
1554 3772 1714 3826 fuerit
1746 3787 1848 3826 non
1878 3787 1989 3836 sua:

418 3874 708 3930 voluntatis
756 3871 958 3938 fuisse,
1003 3871 1146 3941 quod
1202 3883 1332 3924 casu
1385 3865 1613 3930 accidit,
1668 3863 1894 3918 suliiciat
1941 3863 1988 3915 ci

420 3969 705 4024 emendare
739 3981 862 4022 cum
892 3964 1060 4019 venia:
1090 3959 1456 4018 satisfactione
1482 3957 1624 4028 quod
1649 3956 1890 4026 deliquit.
1934 3954 1989 4008 Si

419 4079 548 4118 vero
593 4079 699 4117 non
728 4077 821 4115 sua
869 4059 1242 4122 confessione,
1293 4054 1385 4111 sed
1425 4053 1645 4108 alterius
1690 4052 1992 4122 proditione

420 4154 694 4225 cognitum
723 4150 901 4216 fuerit,
930 4157 1089 4219 prout
1133 4146 1302 4218 culpte
1332 4144 1641 4215 magnitudo
1669 4143 1989 4214 poposcerit,

421 4245 748 4319 pmuitcn'tizc
770 4240 1084 4310 subiacebit.

499 4340 558 4393 Si
596 4338 785 4392 anima:
820 4352 936 4390 vero
965 4334 1162 4406 peccati
1205 4351 1365 4387 causa
1397 4331 1564 4386 latens
1590 4331 1764 4398 fuerit,
1797 4339 1995 4382 tantum

429 4431 640 4495 abbati,
697 4436 786 4482 aut
827 4425 1189 4498 spiritualibus
1218 4422 1508 4478 senioribus
1558 4419 1864 4491 potefaciat,
1909 4418 1998 4487 qui

425 4523 589 4575 sciant
620 4535 805 4572 curare
832 4533 951 4582 sua,
982 4525 1029 4569 et
1057 4514 1230 4569 aliena
1266 4512 1475 4567 vulnera
1504 4529 1603 4565 non
1631 4510 1882 4579 detegere,
1909 4520 1998 4561 aut

430 4701 528 4770 pis,
555 4700 696 4767 quod
718 4699 784 4754 ad
804 4699 995 4754 anima:
1018 4695 1275 4765 majorem
1295 4695 1561 4763 pertineat
1582 4690 1999 4751 damnationem,

432 4792 664 4860 aliquam
685 4790 1015 4847 commiserit
1038 4788 1224 4852 frater,
1252 4787 1510 4841 secretius
1534 4800 1628 4854 per
1655 4797 1842 4853 puram
1875 4796 2002 4836 eon-

432 4883 724 4938 fessionem
767 4897 864 4939 suo
896 4880 1202 4936 manifestet
1229 4876 1430 4939 abbati,
1476 4891 1565 4938 ne,
1611 4875 1735 4927 dum
1765 4882 2002 4940 tempore

430 4977 538 5034 hoc
575 4973 739 5030 animi
771 4973 982 5044 culpam
1026 4975 1276 5044 detegere
1300 4968 1647 5029 verecundat,
1701 4979 1823 5018 cum
1855 4973 2001 5017 reatu

431 5063 605 5136 culpa:
629 5064 818 5118 faciem
846 5064 1043 5118 diaboli
1072 5063 1298 5118 interius
1327 5057 1618 5124 recondat.

989 5171 1214 5229 CAPUT
1251 5170 1456 5226 XLVII.

741 5263 815 5318 De
851 5263 1194 5332 signiﬁcanda
1230 5265 1358 5316 hora
1395 5261 1564 5333 aperis
1590 5259 1708 5314 Dei.

514 5355 829 5413 Nuntianda
861 5354 992 5407 hora
1030 5354 1196 5421 operis
1223 5351 1348 5417 Dei,
1389 5351 1474 5405 die
1505 5362 1756 5420 noctuque
1785 5349 1852 5400 sit
1881 5362 2006 5398 cura

438 5449 662 5514 abbatis,
687 5457 744 5500 ut
772 5447 881 5517 ipse
910 5442 1129 5504 nuntiet,
1157 5450 1246 5494 aut
1276 5441 1377 5494 tali
1399 5441 1621 5494 sollicito
1648 5439 1802 5508 fratri
1829 5437 2009 5505 injun-

441 5551 529 5610 θαι
555 5541 691 5594 hanc
719 5552 923 5601 curam,
959 5542 1016 5589 ut
1056 5531 1230 5587 omnia
1257 5529 1399 5584 horis
1434 5528 1835 5600 competentibus
1874 5541 2011 5579 com-

441 5629 702 5696 pleantur.
728 5628 864 5685 lline
881 5626 1100 5698 quidam
1124 5623 1285 5680 Pater
1305 5621 1413 5676 ait:
1442 5619 1612 5674 Horas
1636 5634 1766 5673 vero
1794 5617 1870 5672 ad.
1887 5631 2015 5670 cur-

450 5735 567 5773 sum
600 5719 1062 5789 procurarejuxta
1088 5713 1562 5788 dispensationem
1581 5710 1793 5764 abbatis
1833 5707 2012 5769 debet,

455 5812 546 5861 cui
569 5813 872 5865 ordinatum
917 5811 1113 5876 uterit,
1138 5809 1190 5864 id
1221 5814 1321 5874 est,
1366 5803 1456 5874 qui
1486 5808 1668 5857 mente
1708 5798 1934 5855 sollicita
1964 5809 2025 5852 et

2085 3335 2250 3390 multa
2289 3333 2429 3388 mala
2452 3333 2706 3402 excogitat
2737 3331 2992 3385 otiositas.
3039 3329 3329 3382 Hortamur
3356 3338 3485 3392 ergo
3507 3363 3522 3387 ,
3558 3321 3669 3374 fra-

2090 3437 2196 3482 tres
2221 3467 2236 3491 ,
2281 3434 2342 3480 ut
2368 3425 2538 3478 otium
2562 3439 2672 3477 non
2709 3422 2902 3476 ametis
2925 3462 2938 3482 ,
2993 3421 3085 3473 sed
3114 3433 3210 3487 per
3236 3417 3506 3471 sincerum
3540 3426 3670 3465 Ima-

2089 3519 2352 3574 uimitatis
2389 3530 2712 3571 consensum
2747 3512 3134 3580 unusquisque,
3185 3515 3249 3562 ut
3271 3504 3549 3577 prmvalet,
3600 3503 3674 3556 sic

2090 3614 2318 3676 laboret,
2367 3607 2577 3677 abiecto
2607 3622 2634 3659 a
2667 3622 2746 3669 se,
2790 3605 2878 3672 qui
2916 3603 3021 3656 huc
3052 3615 3222 3668 usque
3249 3598 3378 3652 talis
3401 3595 3517 3658 fuit,
3575 3595 3672 3648 hoc

2091 3704 2220 3758 vitio
2241 3743 2258 3765 ,
2287 3707 2564 3771 promptus
2593 3697 2660 3750 ad
2697 3711 2859 3749 omne
2897 3706 3034 3761 opus
3059 3696 3333 3751 occurrat,
3384 3686 3508 3754 quia
3537 3683 3673 3737 scri-

2091 3803 2348 3864 ptum-est
2377 3811 2388 3844 :
2445 3789 2564 3842 Non
2597 3787 2770 3842 oderis
2799 3784 3063 3838 laboriosa
3091 3796 3262 3852 opera,
3297 3789 3344 3832 et
3373 3775 3674 3830 rusticatio-

2093 3908 2208 3944 nem
2237 3887 2599 3942 abAltissimo
2637 3891 2866 3936 creatam
2903 3873 3230 3946 (Eccliwu).
3285 3873 3346 3927 Si
3369 3870 3516 3924 enim
3548 3882 3674 3938 apo-

2094 3983 2218 4036 stoli
2263 3976 2538 4048 corporale
2565 3989 2700 4043 Opus
2745 3970 3013 4025 faciebant
3037 3965 3180 4020 unde
3221 3963 3386 4016 vitam
3431 3959 3676 4026 corporis

2046 4094 2054 4101 ·
2095 4074 2440 4132 sustinerent,
2491 4075 2694 4137 quanto
2721 4063 2902 4132 inagis
2927 4057 3196 4120 monachi,
3239 4054 3434 4124 quibus
3461 4054 3676 4120 oportet

2097 4183 2202 4220 non
2229 4164 2400 4219 solum
2423 4162 2548 4214 vita":
2576 4175 2686 4212 sum
2715 4153 3016 4210 necessiria
3033 4149 3269 4220 prepriis
3299 4143 3546 4199 mamlius
3575 4155 3674 4194 ex-

2101 4257 2321 4319 hibere,
2369 4252 2463 4307 sed
2513 4251 2675 4303 etiam
2723 4245 3070 4314 indigentiam
3123 4239 3352 4292 aliorum
3399 4232 3676 4287 laboribus

2100 4349 2210 4402 suis
2239 4347 2480 4401 reticere.
2521 4342 2620 4407 Qui
2650 4339 2855 4392 viribus
2890 4334 3129 4404 corporis
3161 4341 3215 4384 et
3259 4328 3568 4397 integritate
3595 4339 3677 4378 sa-

2103 4444 2227 4497 lutis
2253 4440 2552 4494 consistunt
2579 4477 2590 4497 ,
2643 4435 2688 4488 si
2719 4435 2772 4486 in
2806 4445 2970 4502 Opere
2997 4429 3151 4482 otiosi
3189 4434 3348 4486 sunt,
3394 4422 3678 4491 dupliciter

426 4523 589 4575 sciant
620 4535 805 4572 curare
832 4533 951 4582 sua,
982 4525 1029 4569 et
1057 4514 1230 4569 aliena
1266 4513 1475 4567 vulnera
1504 4529 1603 4565 non
1631 4513 1882 4579 detegere,
1909 4520 1998 4561 aut
2104 4551 2136 4603 ν
2157 4547 2326 4586 “me
2364 4535 2661 4582 noscuntur
2685 4566 2697 4588 ν
2746 4523 2868 4591 quia
2918 4535 3021 4574 non
3053 4517 3222 4572 solum
3259 4531 3364 4568 non
3411 4513 3675 4565 laborant.

426 4612 708 4682 pablware'
734 4607 1023 4664 Hortamur
1048 4613 1247 4668 autem’
1267 4604 1406 4673 quod
1429 4603 1472 4658 Si
1497 4618 1560 4656 ex
1585 4599 1877 4670 majoribus
1897 4599 2001 4653 0""
2109 4625 2200 4678 sed
2223 4623 2382 4676 etiam
2409 4618 2541 4671 alios
2567 4616 2776 4675 vitiant,
2811 4623 2866 4665 et
2891 4612 2958 4664 ad
2984 4609 3336 4664 imitationem
3368 4617 3518 4658 suam
3551 4601 3675 4653 invi-

2109 4625 2200 4678 sed
2223 4623 2382 4676 etiam
2409 4618 2541 4671 alios
2567 4616 2776 4675 vitiant,
2811 4623 2866 4665 et
2891 4612 2958 4664 ad
2984 4609 3336 4664 imitationem
3368 4617 3518 4658 suam
3551 4601 3679 4653 invi-

2111 4723 2242 4768 tant.
2290 4712 2578 4779 Propterea
2601 4687 2742 4758 enim
2779 4704 3008 4772 quisque
3034 4701 3099 4753 ad
3125 4698 3290 4750 Deum
3325 4691 3673 4749 convertitur,

2112 4818 2168 4859 ut
2205 4807 2249 4859 ei
2277 4801 2586 4858 dveniens
2628 4796 2828 4850 laboris
2869 4795 3065 4847 habeat
3104 4803 3287 4844 curam
3309 4828 3321 4847 ,
3353 4800 3462 4838 non
3492 4792 3550 4835 ut
3573 4781 3676 4834 otio

2113 4896 2322 4950 deditus
2351 4891 2542 4946 inertia
2565 4930 2577 4952 ,
2605 4887 2929 4957 pigritiaque
2959 4889 3232 4952 pascatur.
3265 4877 3367 4942 Qui
3395 4875 3476 4929 sic
3500 4872 3678 4926 volunt

2111 5000 2302 5039 vacare
2334 4982 2570 5043 lectioni,
2618 4990 2678 5032 ut
2703 4993 2809 5031 non
2839 4982 3131 5044 operentur
3157 5012 3169 5034 ,
3211 4971 3308 5040 ipsi
3336 4975 3675 5022 contumaces

2109 5077 2366 5135 existunt,
2405 5072 2529 5139 quia
2559 5085 2668 5124 non
2693 5067 2900 5120 faciunt
2923 5064 3063 5134 quod
3089 5063 3158 5115 ibi
3188 5061 3388 5128 legant.
3437 5055 3513 5108 Ibi
3540 5052 3676 5106 enim

2111 5167 2368 5234 scriptum
2426 5169 2550 5214 est:
2615 5157 2904 5226 aperantes-
2949 5169 3099 5206 suum
3145 5163 3328 5219 panem
3375 5143 3676 5197 manducent

2116 5231 2295 5329 (Prov.
2324 5256 2536 5320 xxviii).
2572 5249 2704 5302 Hinc
2737 5262 2830 5316 per
2856 5244 3168 5314 prophetam
3198 5241 3264 5292 de
3307 5237 3489 5289 anima
3519 5231 3674 5286 otiosa

2115 5321 2350 5402 dicitur:
2389 5341 2641 5397 Viderunt
2673 5353 2788 5391 eam
2818 5337 2986 5388 hostes
3013 5373 3027 5396 ,
3069 5340 3118 5383 et
3154 5327 3446 5380 deriserunt
3473 5321 3678 5374 sabbata

2115 5437 2228 5505 ejus
2255 5432 2466 5504 (Thren.
2505 5427 2565 5499 ι).
2613 5426 2806 5480 Hostes
2839 5423 2990 5476 enim
3031 5418 3252 5474 sabbata
3276 5414 3522 5466 videntes
3565 5404 3678 5460 irri-

2117 5493 2273 5586 dent,
2315 5535 2438 5576 cum
2477 5493 2700 5585 maligni
2747 5512 2968 5582 spiritus
3007 5510 3124 5578 ipsa
3161 5502 3461 5560 vacationis
3487 5499 3589 5552 otia
3617 5493 3677 5546 ad

2118 5610 2472 5681 cogitationes
2501 5605 2714 5659 illicitas
2741 5598 3074 5670 pertrahunt.

2192 5676 2258 5755 lit
2288 5700 2404 5754 ideo
2433 5697 2587 5751 certis
2634 5691 2948 5763 temporibus
2993 5685 3239 5755 occupari
3283 5682 3462 5734 debent
3499 5676 3679 5744 fratres

2119 5799 2182 5848 in.
2211 5792 2385 5845 labore
2423 5801 2708 5850 manuum,
2762 5781 2912 5834 certis
2953 5779 3147 5830 iterum
3187 5772 3327 5826 horis
3368 5769 3424 5820 in
3475 5763 3678 5816 lectioni
