3968 6204
370 343 479 400 835

1397 338 1750 395 COMMENT.
1793 337 1862 393 ΙΝ
1901 336 2061 392 REG.
2105 337 2165 392 S.
2205 337 2579 395 BENEDICTI.

3516 339 3617 394 886

362 455 561 511 dicina.
613 450 841 529 Ideoque
891 451 990 505 hac
1038 450 1371 520 dispositione
1418 451 1678 507 credimus
1718 461 1940 521 utraque
1969 453 2017 510 Α
2043 446 2287 505 Monacbi
2319 457 2498 504 autem
2541 456 2828 519 operantes
2875 451 3121 507 meditari
3146 462 3201 508 et
3246 451 3481 523 psallere
3521 457 3622 509 de-

363 558 597 615 tempora
624 542 882 606 ordinari,
915 540 969 595 id
1004 549 1100 606 est,
1139 551 1195 597 ut
1225 558 1259 596 a
1300 539 1507 597 Pascha
1535 559 1695 613 usque
1737 542 1809 595 ad
1832 540 1944 596 Ka-

362 637 547 691 lendas
579 631 843 700 Octobris,
879 646 1036 687 mane
1079 640 1322 687 exeuntes
1345 673 1362 697 ,
1393 650 1425 686 a
1466 632 1638 703 prima
1673 648 1836 703 usque
1873 630 1943 685 ad

363 730 550 783 horam
576 743 706 797 pene
748 733 992 796 quartam
1017 722 1252 778 laborent
1291 723 1430 795 quod
1458 722 1807 799 necessarium,
1831 720 1945 791 fue-

364 819 454 873 rit.
505 815 582 871 Ab
629 817 761 870 liora
799 822 976 869 autem
1021 822 1210 884 quarta
1248 829 1411 882 usque
1450 812 1519 868 ad
1563 812 1749 865 horam
1793 810 1945 882 quasi

361 915 566 962 sextam
597 904 805 959 lectioni
830 912 1031 958 vacent.
1060 902 1237 975 Agent
1255 903 1384 958 dicit
1402 941 1416 968 ,
1445 900 1718 962 festinent,
1754 900 1839 954 vel
1862 916 1946 956 sa-

365 999 436 1055 tis
465 1003 626 1069 agant
652 1015 665 1050 :
698 996 803 1051 hoc
830 995 973 1050 enim
998 995 1312 1066 intelligitur
1336 1002 1508 1064 agent.
1554 994 1694 1048 Hinc
1712 992 1947 1048 Isidorus

367 1091 443 1146 ait
469 1108 484 1144 :
519 1090 759 1160 Propriis
788 1096 970 1142 autem
1000 1087 1334 1157 temporibus
1354 1093 1567 1157 oportet
1592 1086 1801 1156 operari
1835 1101 1947 1138 mo-

366 1184 624 1246 nachum,
672 1188 727 1235 et
771 1195 802 1234 a
840 1179 1074 1250 propriis
1119 1176 1352 1233 orationi
1389 1175 1714 1247 lectionique
1741 1175 1947 1231 incum—

366 1276 517 1331 bere.
546 1272 720 1327 Horas
741 1271 887 1326 enim
912 1268 1073 1325 debet
1099 1268 1298 1323 habere
1332 1266 1630 1321 monachus
1657 1280 1945 1335 congruas,

363 1371 423 1430 et
449 1362 515 1416 ad
543 1360 753 1430 singula
774 1359 949 1415 ollicia
973 1359 1274 1427 deputatas.
1310 1355 1502 1411 Partes
1529 1362 1712 1409 autem
1741 1362 1948 1425 tempo-
1988 1406 1989 1409 η

367 1468 490 1508 rum
544 1450 669 1515 suis,
714 1450 1017 1519 quibusque
1060 1448 1314 1517 operibus
1370 1446 1551 1501 taliter
1600 1445 1944 1513 deputantur.

369 1542 584 1597 Estate
612 1541 757 1596 enim
780 1556 811 1593 a
839 1552 998 1594 mane
1024 1551 1197 1606 usque
1223 1536 1281 1590 in
1311 1535 1505 1591 horam
1546 1533 1764 1589 tertiam
1803 1533 1950 1587 labo-

370 1648 495 1688 rare
524 1626 755 1702 oportet,
786 1645 817 1683 a
860 1628 1020 1683 tertia
1047 1641 1176 1680 vero
1199 1640 1369 1696 usque
1403 1623 1473 1678 ad
1496 1629 1705 1679 sextam
1734 1621 1947 1677 lectioni

2048 535 2197 602 bent,
2249 547 2308 594 ut
2338 554 2559 595 carmen
2608 538 2759 593 verbi
2801 538 2891 594 Dei
2936 538 3291 598 delectatione
3314 542 3622 598 consoletur

2046 628 2224 703 ipsum
2257 627 2516 684 laborem.
2558 627 2788 684 Maxime
2813 636 2993 684 autem
3021 629 3454 702 Quadragesimze
3482 642 3618 689 tem-

2046 735 2177 790 pore
2199 719 2555 779 laborandum
2583 727 2665 774 est
2702 734 2947 789 corpore,
2971 720 3074 774 ﬁxa
3112 722 3167 776 in
3203 723 3313 777 Deo
3340 722 3502 777 animi
3532 724 3618 779 iu-

2047 809 2307 865 tentione.
2371 807 2569 878 Sicque
2616 825 2809 864 manus
2860 810 3183 879 implicanda
3230 819 3313 868 est
3364 813 3417 867 iu
3462 827 3624 883 opere

2046 902 2378 973 quotidiana,
2409 908 2468 957 ut
2495 916 2648 957 mens
2673 917 2781 957 non
2806 910 3084 958 avertatur
3115 918 3145 958 a
3172 903 3298 957 Deo.

2116 992 2185 1047 In
2208 991 2392 1063 quibus
2440 992 2623 1046 diebus
2673 991 3098 1062 Quadragesimce
3141 993 3401 1065 accipiant
3450 1010 3628 1050 omnes

2046 1082 2279 1153 singulos
2310 1083 2511 1137 codices
2539 1082 2603 1137 de
2635 1080 2967 1147 bibliotheca,
3013 1099 3142 1152 quos
3166 1099 3260 1152 per
3290 1083 3525 1138 ordinem
3562 1101 3628 1145 ex

2046 1175 2247 1244 integro
2289 1172 2485 1244 legant.
2539 1172 2643 1239 Qui
2670 1157 2873 1227 codices
2912 1173 2968 1225 in
2997 1173 3166 1242 capite
3195 1171 3477 1243 Quadrage
3508 1175 3628 1231 ima:

2046 1264 2209 1319 nandi
2242 1272 2384 1318 sunt.
2430 1265 2507 1319 De
2546 1264 2874 1319 bibliotheca
2898 1262 3048 1327 dicit,
3089 1262 3141 1317 id
3170 1270 3290 1325 est,
3321 1262 3393 1317 de
3438 1264 3627 1335 callida

2048 1354 2139 1408 ubi
2162 1353 2286 1409 libri
2311 1354 2692 1409 recondrmtur.
2746 1351 2881 1407 Nam
2909 1352 3049 1421 quod
3074 1351 3260 1417 Graece
3283 1351 3628 1419 bibliotheca,

2050 1441 2245 1498 Latine
2268 1443 2526 1513 repositio
2556 1442 2817 1497 librorum
2843 1442 3059 1497 dicitur.

2118 1531 2252 1588 Ante
2279 1533 2455 1588 omnia
2500 1549 2626 1595 sane
2651 1532 2962 1603 deputentur
3009 1548 3147 1587 unus
3182 1540 3275 1585 aut
3307 1532 3413 1587 duo
3460 1534 3633 1588 senio—

2050 1642 2151 1690 res,
2180 1626 2269 1695 qui
2295 1624 2613 1679 circumeant
2643 1625 3018 1681 monasterium
3058 1622 3203 1678 horis
3228 1622 3414 1693 quibus
3443 1633 3630 1681 vacant

368 1737 605 1787 vacare,
640 1718 836 1774 dehinc
867 1732 1039 1785 usque
1068 1717 1139 1771 ad
1182 1729 1380 1769 nonam
1422 1713 1781 1783 requiescere.
1821 1711 1950 1766 Post
2050 1714 2239 1784 fratres
2285 1714 2516 1780 lectioni,
2561 1722 2611 1768 et
2660 1713 2866 1769 uideant
2907 1730 2970 1767 ne
2998 1713 3133 1783 forte
3178 1713 3473 1769 inveniatur
3516 1712 3629 1783 fra-

372 1827 569 1868 nonam
598 1818 778 1866 autem
811 1822 981 1879 usque
1009 1807 1079 1862 ad
1119 1814 1330 1876 tempus
1354 1804 1719 1875 vespertinum
1748 1803 1945 1858 iterum
1975 1799 2022 1857 B
2050 1814 2128 1860 ter
2151 1806 2447 1872 acediosus,
2479 1806 2570 1876 qui
2597 1813 2747 1860 cacat
2775 1806 2880 1858 otio
2911 1814 3002 1859 aut
3026 1804 3222 1874 fabulis
3246 1815 3292 1860 et
3321 1821 3424 1860 non
3451 1816 3527 1860 est
3553 1806 3635 1861 ia-

370 1903 605 1974 operari.
1963 1953 1974 1966 ,
1997 1941 2008 1951 .
2050 1904 2219 1950 tentus
2239 1893 2467 1960 lectioni,
2490 1903 2538 1948 et
2570 1911 2674 1948 non
2701 1893 2871 1948 solum
2891 1894 2988 1948 sibi
3013 1894 3214 1951 inutilis
3235 1906 3330 1961 est,
3361 1894 3453 1951 sed
3476 1897 3637 1953 etiam

449 1992 574 2047 Post
614 1999 816 2046 sextam
845 1996 1020 2043 autem
1053 1994 1320 2057 surgentes
1354 2003 1387 2039 a
1428 2001 1610 2040 mensa
1649 1993 1868 2054 pausent
1898 1984 1953 2037 in

373 2083 518 2138 lectis
545 2082 655 2135 suis
683 2095 802 2134 cum
837 2077 977 2132 omni
1024 2075 1229 2130 silentio
1254 2116 1268 2145 ,
1313 2084 1405 2129 aut
1434 2074 1568 2144 forte
1603 2074 1691 2144 qui
1737 2072 1953 2129 voluerit

374 2174 561 2243 legere,
617 2172 716 2226 sibi
759 2172 834 2224 sic
879 2167 1048 2238 legat,
1100 2174 1157 2220 ut
1204 2164 1368 2219 alium
1416 2182 1518 2219 non
1564 2164 1831 2234 inquietet.
1888 2162 1955 2215 Et

376 2271 608 2333 agantur
642 2276 781 2315 nona
827 2256 1104 2328 temperius
1132 2295 1146 2320 ,
1191 2253 1451 2309 mediante
1490 2263 1672 2309 octava
1718 2253 1866 2317 hora,
1907 2261 1956 2307 et

374 2364 566 2407 iterum
586 2348 725 2422 quod
757 2346 1052 2418 faciendum
1085 2354 1158 2399 est
1184 2352 1462 2415 operentur
1494 2359 1655 2414 usque
1682 2342 1752 2396 ad
1778 2359 1955 2413 vespe-

378 2459 513 2496 rum.
546 2438 603 2496 Si
635 2450 808 2495 autem
840 2437 1117 2491 necessitas
1145 2433 1267 2499 loci,
1298 2442 1388 2486 aut
1428 2442 1707 2505 paupertas
1731 2435 1955 2504 exegerit

379 2542 433 2587 ut
480 2531 548 2586 ad
574 2530 747 2601 fruges
774 2526 1091 2598 colligendas
1111 2540 1204 2594 per
1235 2541 1289 2580 se
1334 2534 1669 2596 occupentur,
1706 2542 1810 2579 non
1834 2542 1959 2579 con-

376 2626 670 2686 tristentur,
721 2621 844 2692 quia
888 2630 1013 2674 tunc
1066 2633 1182 2672 vere
1217 2619 1461 2675 monachi
1506 2628 1649 2683 sunt,
1688 2620 1736 2672 si
1783 2618 1959 2673 labore

382 2730 634 2770 manuum
659 2729 877 2767 suarum
905 2716 1100 2782 vivunt,
1125 2716 1258 2769 sicut
1281 2721 1330 2767 et
1351 2720 1525 2782 patres
1548 2710 1714 2765 nostri
1752 2720 1801 2765 et
1829 2728 1959 2781 apo-

380 2807 522 2861 stoli.
571 2805 842 2878 Scriptum
870 2815 952 2862 est
979 2807 1166 2862 enim:
1201 2804 1427 2860 Labores
1455 2819 1708 2868 manuum
1748 2810 1959 2856 tuarum

378 2897 507 2965 quia
535 2897 878 2953 manducabis
905 2936 920 2962 ,
969 2896 1150 2951 beatus
1174 2913 1251 2961 es,
1282 2906 1330 2951 et
1373 2898 1498 2950 bene
1526 2894 1620 2948 tibi
1645 2894 1742 2948 erit
1786 2890 1957 2963 (Psal.

381 2989 613 3060 cxxvn).
639 2988 781 3061 Ergo
793 2990 1140 3055 monachum,
1156 2997 1214 3044 ut
1232 2988 1427 3043 beatus
1439 2985 1713 3042 Ferriolus
1727 2986 1824 3051 ait,
1839 2985 1963 3040 abs-

381 3097 487 3150 que
510 3080 676 3136 certis
710 3080 1142 3137 solemnitatibus
1182 3079 1269 3134 vel
1300 3077 1582 3132 manifesta
1620 3075 1959 3145 aegritudine,

2050 1982 2183 2039 alios
2208 1985 2431 2039 extollit.
2475 1985 2576 2039 Hic
2598 1986 2720 2040 talis
2741 1987 2786 2039 si
2813 1985 2973 2055 (quod
2995 1986 3152 2057 absit)
3196 1997 3425 2058 repertus
3455 1987 3634 2057 fuerit,

2052 2075 2369 2145 corripiatur
2388 2074 2546 2129 semel
2571 2084 2619 2128 et
2643 2074 2906 2140 secundo;
2928 2077 2973 2129 si
2995 2092 3098 2130 non
3119 2077 3489 2143 emendaverit,
3521 2094 3640 2132 cor-

2055 2166 2271 2234 reptioni
2302 2163 2529 2235 regulari
2549 2165 2815 2235 subjaceat
2835 2164 3031 2231 taliter,
3060 2174 3118 2219 ut
3133 2169 3304 2221 elateri
3326 2176 3520 2221 metum
3544 2169 3637 2223 lm-

2055 2258 2225 2312 beant.
2255 2256 2550 2313 Acediosus
2565 2257 2762 2313 dicitur
2782 2257 3054 2321 taediosus,
3070 2258 3286 2324 anxius,
3310 2273 3462 2313 vana:
3483 2272 3634 2313 men-

2058 2350 2146 2415 tis,
2179 2349 2262 2404 vel
2285 2350 2466 2405 animo
2488 2349 2651 2416 levis,
2686 2349 2779 2418 qui
2806 2348 2963 2404 taedio
2989 2349 3185 2404 mentis
3209 2356 3532 2414 commotus,
3553 2351 3643 2407 vel

2057 2439 2275 2495 levitate
2289 2441 2456 2495 animi
2477 2440 2804 2504 sublevatus,
2821 2455 2923 2496 nec
2942 2455 3003 2495 se
3025 2438 3368 2510 sinitlegere,
3392 2454 3490 2495 nec
3502 2439 3640 2495 alios

2058 2530 2270 2585 lectioni
2303 2531 2432 2586 sinit
2459 2546 2672 2587 vacare.
2722 2530 2825 2599 Qui
2851 2540 2906 2587 et
2931 2530 3035 2595 sibi
3064 2530 3306 2600 vagando
3327 2527 3554 2593 inutilis,
3583 2537 3641 2595 et

2059 2621 2181 2677 aliis
2226 2623 2528 2694 legentibus
2573 2624 2844 2679 invenitur
2891 2639 3013 2680 esse
3059 2624 3387 2679 contrarius.
3450 2622 3637 2679 Otium
3678 2624 3683 2625 ⁷

2059 2712 2205 2766 enim
2225 2720 2279 2767 et
2309 2712 2520 2769 fabulas
2550 2714 2725 2784 diligit
2751 2730 2767 2780 ;
2804 2722 2861 2768 et
2888 2714 3010 2769 ideo
3035 2722 3093 2769 et
3114 2730 3173 2769 se
3192 2722 3249 2770 et
3276 2713 3414 2770 alios
3432 2729 3463 2768 a
3486 2728 3643 2771 sacra

2062 2803 2289 2859 lectione
2320 2804 2563 2869 distollit,
2602 2804 2654 2858 id
2680 2813 2784 2870 est,
2815 2812 3084 2875 segregat,
3108 2804 3193 2861 vel
3221 2804 3505 2861 disturbat.
3536 2804 3641 2872 Qui

2066 2894 2245 2949 taliter
2286 2895 2660 2965 corripiendus
2708 2903 2831 2961 est,
2891 2904 2952 2950 ut
3003 2897 3186 2951 caeteri
3233 2894 3353 2964 eius
3400 2896 3645 2952 videntes

2065 2984 2388 3039 acerrimam
2439 2986 2863 3054 correptionem,
2926 2986 3087 3040 talem
3141 2995 3200 3041 ut
3259 2986 3486 3041 ulterius
3535 3002 3644 3043 non

2066 3075 2299 3130 audeant
2347 3075 2683 3130 committere
2726 3075 3173 3131 disturbationem
3201 3117 3215 3142 ,
3259 3092 3328 3155 ne
3368 3076 3437 3130 ad
3483 3076 3644 3131 talem

382 3138 527 3227 diem
554 3173 677 3228 sine
693 3172 1005 3242 Operatione
1028 3178 1417 3234 transeuntem,
1451 3186 1483 3225 a
1509 3138 1758 3226 convivio
1775 3138 1962 3225 decere
1989 3138 2033 3199 θ
2067 3167 2261 3222 audeat
2288 3165 2457 3221 frater
2486 3164 2670 3220 fratris
2713 3166 2862 3221 boris
2900 3150 3389 3237 incompetcutibus
3418 3165 3644 3240 iungere

384 3264 563 3319 nimus
584 3263 992 3329 exclmlendum,
1027 3261 1253 3330 iubente
1282 3260 1576 3331 Apostolo:
1614 3259 1717 3326 Qui
1749 3275 1854 3314 non
1882 3258 1963 3315 la-

383 3354 591 3418 borant,
618 3368 720 3409 non
753 3353 1066 3408 manducent
1092 3353 1180 3424 (Il
1207 3353 1385 3409 Thess.
1412 3352 1518 3424 ut).

455 3440 647 3497 Omnia
692 3452 865 3499 tamen
913 3454 1209 3500 mensurate
1257 3445 1389 3512 fiant
1437 3453 1648 3515 propter
1687 3443 1965 3513 pusillani-

383 3549 510 3587 mes.
543 3532 925 3588 Pusillanimus
950 3534 1149 3589 dicitur
1184 3534 1438 3602 pusillum
1467 3534 1707 3587 animum
1736 3533 1960 3599 habens,

368 3622 667 3691 parvulum
698 3623 789 3677 vel
813 3623 1111 3688 modicum,
1133 3628 1233 3679 aut
1249 3622 1400 3679 certe
1421 3622 1785 3692 desperatum.
1830 3622 1966 3677 Hinc

384 3713 577 3767 betas
604 3711 924 3766 Pachumius
950 3712 1062 3771 ait:
1116 3710 1192 3766 Ne
1216 3711 1338 3781 plus
1364 3714 1546 3782 operis
1572 3711 1770 3768 fratres
1810 3728 1962 3769 com-

382 3803 654 3872 pellantur
682 3801 884 3867 facere,
932 3802 1029 3857 sed
1058 3802 1368 3858 moderatus
1408 3802 1562 3859 labor
1585 3819 1773 3860 omnes
1797 3806 1865 3859 ad
1892 3805 1967 3860 la-

380 3890 684 3948 borandum
711 3899 986 3960 provocet.
1018 3890 1212 3961 Sitque
1234 3891 1375 3948 inter
1408 3906 1504 3951 eos
1529 3909 1634 3964 pax
1653 3902 1815 3965 atque
1838 3912 1968 3951 con-

382 3981 594 4042 cordia,
634 3989 690 4036 et
723 3980 952 4037 libenter
975 3980 1274 4052 maioribus
1314 3983 1690 4055 subiiciantur,
1716 3987 1968 4045 sedentes

386 4078 445 4125 et
465 4071 805 4126 ambulantes
839 4086 903 4127 ae
931 4081 1140 4129 stantes
1167 4074 1222 4129 in
1247 4075 1439 4133 ordine
1481 4090 1579 4133 suo
1597 4116 1612 4143 ,
1657 4084 1712 4130 et
1737 4077 1966 4135 invicem

386 4161 458 4216 de
483 4162 789 4217 humilitate
808 4171 1100 4221 certantes.

460 4251 503 4303 Α
526 4250 783 4311 Kalendis
807 4263 985 4310 autem
1005 4253 1259 4321 Octobris,
1284 4274 1447 4328 usque
1465 4257 1534 4312 ad
1553 4239 1708 4329 caput
1736 4261 1970 4329 quadra-

388 4341 617 4410 gesimrr,
650 4358 810 4413 usque
852 4344 921 4398 ad
949 4345 1135 4399 horam
1164 4347 1717 4419 secundamplenam,
1760 4348 1968 4405 lectioni

390 4440 610 4494 uacent;
654 4432 785 4485 hora
814 4433 1046 4488 secunda
1076 4444 1267 4503 agatur
1299 4437 1475 4501 tertia,
1520 4445 1569 4490 et
1596 4453 1759 4508 usque
1784 4437 1853 4491 ad
1875 4455 1970 4493 no-

392 4536 514 4573 nam
558 4535 733 4577 omnes
759 4523 816 4576 in
849 4540 978 4593 opus
1005 4540 1157 4578 suum
1185 4524 1421 4580 laborent
1464 4527 1604 4596 quod
1635 4528 1711 4582 eis
1740 4528 1971 4599 injungi-

393 4619 500 4662 tur.
554 4607 720 4665 Facto
766 4622 942 4666 autem
988 4615 1154 4683 primo
1203 4614 1350 4680 signo
1396 4615 1539 4669 liora:
1580 4633 1730 4670 nona:
1761 4618 1970 4687 disjnn-

390 4707 517 4767 gant
555 4715 609 4752 se
653 4699 718 4753 ab
766 4717 917 4771 opere
953 4718 1049 4756 suo
1095 4702 1321 4771 singuli,
1369 4711 1416 4758 et
1464 4706 1565 4757 sint
1621 4707 1794 4773 parati
1844 4708 1970 4761 dum

390 4787 683 4842 secundum
721 4791 927 4859 signum
949 4790 1252 4861 pulsaverit.
1285 4792 1414 4846 Post
1444 4794 1775 4863 refectionem
1797 4808 1967 4850 autem

394 4888 574 4932 vacent
617 4878 924 4935 lectionibus
968 4883 1108 4946 suis,
1147 4892 1239 4937 aut
1273 4882 1505 4955 psalmis.
1544 4886 1733 4956 Operis
1759 4886 1853 4943 Dei
1886 4904 1970 4943 re-

395 4965 638 5022 cordatio
661 4975 927 5036 teneatur,
956 4970 1009 5024 id
1037 4982 1143 5038 est,
1189 4980 1248 5027 ut
1278 4973 1403 5027 dum
1449 4977 1688 5030 exterius
1716 4992 1814 5047 per
1841 4987 1970 5033 tcm-

395 5055 633 5123 poralem
654 5059 1112 5128 opportunitatem
1136 5076 1327 5116 manus
1344 5062 1597 5132 operibus
1615 5075 1968 5135 occupantur,

395 5142 625 5198 interius
671 5160 827 5199 mens
869 5160 990 5200 cum
1020 5145 1214 5217 linguae
1256 5149 1603 5205 meditatione
1643 5151 1968 5218 psalmorum

395 5240 449 5286 et
477 5230 887 5302 Scripturarum
906 5234 1283 5291 recordatione
1307 5236 1598 5293 dulcescat.
1628 5221 1763 5293 Nam
1788 5240 1829 5293 si
1860 5242 1972 5294 vio-

396 5321 536 5376 lator
584 5322 744 5392 hujus
797 5324 997 5396 regula:
1042 5324 1368 5381 labulatioue
1396 5316 1722 5394 delectetur,
1772 5329 1970 5387 silentii

394 5428 554 5482 υωιια
592 5415 904 5486 castigetur.
1040 5400 1053 5407 ’

470 5501 535 5557 1η
581 5503 1010 5577 Quadragesimm
1052 5523 1169 5563 vero
1213 5508 1393 5563 diebus
1440 5526 1489 5596 ιιχ
1519 5525 1671 5564 mane
1707 5528 1866 5582 usque
1901 5514 1972 5568 ad

397 5596 604 5649 tertiam
626 5596 835 5667 plenam
863 5607 1040 5655 vacent
1067 5597 1368 5659 lectionibus
1390 5603 1520 5666 suis,
1543 5612 1591 5657 et
1613 5620 1773 5675 usque
1793 5605 1864 5658 ad
1883 5606 1973 5662 de-

395 5683 583 5738 cimam
615 5685 793 5741 horam
825 5687 1031 5760 plenam
1068 5699 1344 5760 operentur
1385 5692 1526 5765 quod
1553 5694 1625 5748 cis
1656 5694 1966 5766 injungiiur.

2063 3257 2574 3314 contabulationem.
2609 3256 2761 3312 Unde
2781 3266 2834 3313 et
2858 3258 3176 3315 subauditur
3202 3277 3215 3314 :

2136 3352 2318 3422 Neque
2345 3351 2510 3422 frater
2548 3350 2617 3405 ad
2648 3350 2863 3419 fratrem
2892 3353 3153 3423 jungatur
3196 3354 3341 3408 noris
3376 3354 3645 3425 incompe-

2065 3441 2310 3495 tentibus.
2355 3441 2463 3496 illa:
2485 3441 2646 3497 .enim
2675 3440 2822 3494 horae
2847 3449 2972 3495 sunt
3002 3441 3430 3512 incompetcntes
3451 3442 3645 3499 fabulis

2065 3532 2249 3595 vanis,
2294 3546 2414 3601 qua:
2461 3539 2589 3585 sunt
2640 3538 3009 3600 competentes
3073 3529 3392 3586 lectionibus
3450 3536 3643 3587 sacris.

2067 3623 2217 3690 Quod
2245 3631 2425 3678 autem
2452 3623 2604 3685 dicit,
2634 3639 2797 3694 neque
2842 3621 3008 3692 frater
3034 3622 3104 3676 ad
3132 3622 3349 3691 fratrem
3384 3623 3649 3694 jungatur

2065 3713 2208 3766 horis
2235 3713 2717 3784 incompetentibus,
2746 3729 2851 3768 non
2874 3711 3173 3783 proﬁcuam
3198 3712 3281 3767 vel
3307 3722 3552 3769 sanctam
3573 3716 3651 3770 in-

2067 3813 2151 3861 ter
2178 3811 2395 3860 sanctos
2443 3804 2696 3873 prohibet
2727 3804 3161 3876 conjunctionem
3188 3846 3207 3870 ,
3254 3807 3348 3862 sed
3380 3806 3644 3870 nocivam,

2067 3896 2381 3965 nocivisque
2448 3894 2645 3950 fabulis
2716 3895 2930 3964 plenam
3004 3893 3435 3965 coniunctionem
3501 3898 3646 3954 inter

2067 3989 2271 4051 otiosos
2302 3989 2689 4058 acediososqne
2724 3995 2889 4045 vetat.

2136 4075 2412 4131 Dominica
2456 4076 2541 4130 die
2577 4075 2785 4130 lectioni
2831 4084 3009 4130 micent
3057 4092 3259 4142 omnes,
3303 4079 3528 4149 exceptis
3565 4080 3646 4135 his

2068 4166 2156 4237 qui
2191 4166 2345 4220 variis
2379 4166 2556 4236 officiis
2583 4165 2819 4237 deputati
2843 4174 2985 4220 sunt.
3030 4166 3167 4222 llinc
3201 4166 3393 4223 Patres
3438 4170 3648 4240 antiqui

2070 4256 2321 4310 dixerunt
2348 4274 2360 4309 :
2396 4257 2492 4310 Dic
2516 4263 2699 4311 autem
2738 4255 3015 4312 Dominica
3040 4257 3113 4311 nil
3144 4258 3289 4316 aliud
3313 4266 3511 4328 agant,
3545 4261 3649 4315 nisi

2070 4344 2180 4399 Deo
2220 4352 2432 4409 vacent,
2485 4359 2553 4398 ne
2576 4359 2675 4413 pro
2710 4344 2891 4414 aliqua
2919 4346 3204 4403 occasione
3229 4363 3287 4404 sc
3327 4348 3513 4415 velint,
3559 4361 3653 4405 aut

2071 4434 2203 4488 alios
2236 4448 2515 4489 excusare.
2560 4434 2761 4489 Tamen
2789 4445 3085 4503 contestor,
3111 4438 3328 4505 fratres,
3355 4442 3501 4497 nulla
3523 4458 3652 4512 ope-

2078 4526 2216 4580 ratio
2270 4525 2326 4579 in
2372 4526 2460 4580 die
2503 4525 2592 4579 illa
2647 4536 2835 4582 sancta
2881 4530 3262 4599 compcriatur,
3307 4532 3411 4589 nisi
3442 4541 3646 4591 tantum
3693 4552 3719 4573 κ

2074 4615 2313 4686 hymnis.
2345 4622 2400 4669 et
2430 4615 2673 4684 psalmis,
2699 4624 2756 4672 et
2782 4618 3013 4674 canticis
3046 4619 3377 4689 spiritalibus
3409 4622 3527 4678 dies
3560 4623 3648 4678 illa

2074 4712 2400 4759 transeatur.

2146 4793 2207 4848 Si
2226 4795 2340 4865 quis
2364 4811 2481 4848 vero
2508 4796 2583 4849 ita
2609 4796 2868 4867 negligens
2895 4809 2942 4854 et
2958 4799 3248 4857 desidiosus
3262 4798 3443 4872 fuerit,
3468 4810 3525 4857 ut
3545 4820 3649 4858 non

2073 4881 2211 4949 uelit,
2252 4894 2343 4936 aut
2373 4900 2477 4957 ιηιι
2512 4886 2675 4954 possit
2704 4886 2970 4955 meditari,
3001 4899 3094 4944 aut
3122 4887 3308 4963 legere,
3339 4892 3650 4965 injungatur

2070 4974 2117 5025 ei
2142 4989 2269 5043 Opus
2292 4973 2430 5044 quod
2451 4974 2613 5044 faciat
2634 4988 2690 5037 ut
2714 4994 2816 5033 non
2838 4989 3001 5034 vacet.
3023 4979 3334 5039 Desidiosus
3350 4983 3563 5049 dicitur,
3594 4984 3647 5039 id

2070 5074 2174 5130 est,
2203 5066 2429 5127 desidia,
2462 5067 2549 5122 vel
2584 5069 2904 5139 negligentia
2931 5072 3139 5141 plenus.
3168 5074 3476 5132 Desidiosus
3500 5076 3647 5131 enim

2072 5173 2101 5209 a
2133 5157 2427 5211 desidendo
2448 5198 2461 5219 ,
2500 5159 2550 5211 ill
2577 5168 2661 5213 est
2682 5200 2696 5223 ,
2724 5161 2880 5216 valde
2919 5164 3174 5229 sedendo,
3223 5168 3500 5237 otiumque
3523 5164 3647 5221 dili-

2070 5249 2245 5319 grndo
2275 5257 2520 5303 vocatur.
2553 5251 2628 5305 De
2657 5250 2745 5304 tali
2768 5254 2911 5308 enim
2938 5253 3190 5311 Salomon
3223 5258 3333 5314 ait:
3365 5255 3645 5312 Abscondit

2070 5337 2215 5409 piger
2261 5355 2475 5393 manuni
2521 5341 2615 5394 sub
2655 5343 2884 5409 ascella,
2925 5363 3016 5401 nec
3054 5349 3126 5402 ad
3173 5366 3230 5404 os
3275 5361 3433 5402 suum
3476 5342 3645 5414 appli-

2077 5439 2154 5484 cat
2201 5445 2335 5484 eam.
2395 5429 2471 5486 De
2518 5433 2725 5489 duabus
2769 5437 2914 5491 enin:
2964 5439 3051 5492 hic
3096 5438 3332 5506 loquitur
3374 5435 3641 5505 personis.

2074 5515 2191 5573 Una
2217 5534 2336 5588 qua:
2375 5535 2499 5574 cum
2535 5524 2707 5593 possit
2730 5524 2909 5594 legere
2938 5534 3031 5579 aut
3078 5524 3347 5588 meditari,
3380 5538 3477 5594 per
3502 5523 3647 5580 desio

2071 5606 2215 5662 diam
2243 5608 2419 5663 cordis
2444 5620 2696 5668 neutrum
2725 5614 2837 5667 vult
2862 5627 3041 5683 agerc,
3084 5614 3178 5666 sed
3219 5612 3392 5683 magis
3413 5613 3526 5669 etio
3559 5616 3646 5673 vel

2074 5699 2223 5754 vanis
2268 5700 2381 5755 vult
2427 5700 2620 5769 fabulis
2669 5719 2882 5759 vacare.
2928 5701 3047 5756 Alia
3088 5701 3232 5757 enim
3276 5718 3504 5776 persona
3538 5715 3643 5768 est.
