3992 6206
385 338 493 395 837

1680 340 2036 396 SMA‘RAGDI’
2066 339 2361 397 ABBATIS

3534 358 3646 415 888

390 474 530 526 qum,
560 454 809 529 quamvis
838 455 985 519 veli't,
1011 469 1107 526 per
1136 455 1498 528 ignorantiam
1542 470 1641 511 nec
1670 457 1848 527 legere
1879 472 1970 511 va-
1998 460 2044 519 Λ
2073 455 2239 510 ducit.
2281 454 2631 526 Compunctio
2657 457 2836 513 cordis
2858 467 2943 512 est
2974 458 3252 516 humilitas
3292 464 3485 521 mentis
3515 482 3640 524 cum

385 549 476 611 let,
512 561 611 603 nec
640 544 902 610 meditari,
936 555 990 600 et
1015 547 1153 613 ideo,
1200 561 1266 602 ne
1295 546 1406 601 otio
1432 556 1591 602 vacet
1613 588 1628 614 ,
1676 556 1962 618 utrumque

382 654 519 710 opus
568 638 949 710 injungendum
998 645 1082 694 est
1131 637 1272 706 illis,
1322 639 1375 694 in
1404 652 1514 709 quo
1538 638 1783 695 laborent
1827 641 1961 695 utri-

366 747 508 803 que.
1539 727 1543 731 ν

454 817 731 873 Fratribus
762 819 986 888 inﬁrmis
1014 819 1089 874 vel
1116 820 1354 876 delicatis
1381 821 1502 877 talis
1530 822 1687 893 Opera
1705 861 1721 887 ,
1753 830 1845 874 aut
1871 836 1957 874 ars

379 909 712 980 injungatur,
747 920 800 962 ut
829 925 921 963 nee
949 910 1101 964 otiosi
1121 912 1245 975 sint,
1277 927 1370 965 nec
1391 912 1633 966 violentia
1653 909 1846 964 labaris
1869 926 1959 978 op-

376 998 691 1067 primantur.
709 996 945 1063 Quorum
959 998 1281 1052 imbecillitas
1302 1000 1370 1053 ab
1381 999 1563 1053 abbate
1577 997 1956 1052 consideranda

375 1096 471 1139 est.
494 1087 763 1144 Delicatus
782 1088 998 1151 dicitur,
1020 1088 1226 1143 deliciis
1241 1097 1445 1157 pastus,
1467 1097 1525 1143 et
1542 1087 1770 1143 diversis
1785 1086 1957 1155 epulis

376 1178 667 1233 enutritus.
708 1177 777 1231 Et
803 1177 922 1232 ideo
944 1176 1257 1233 fortioribus
1294 1177 1567 1233 laboribus
1592 1178 1818 1242 inscius,
1862 1177 1952 1246 qui

378 1275 601 1336 propter
640 1266 881 1337 corporis
908 1266 1332 1322 teneritudinem
1354 1309 1368 1333 ,
1416 1276 1513 1322 aut
1533 1267 1955 1323 imbecillitatem

374 1359 463 1429 pie
488 1374 611 1415 cum
655 1359 883 1415 inﬁrmis
911 1369 994 1416 est
1018 1359 1351 1424 tolerandus,
1390 1368 1447 1414 et
1487 1360 1796 1426 humanius,
1841 1357 1953 1413 cle-

374 1449 717 1519 mentiusque
741 1449 1074 1504 tractandus.
1126 1447 1236 1505 Nec
1261 1458 1449 1504 contra
1487 1463 1582 1504 eos
1611 1463 1954 1504 murmuran-

374 1537 511 1592 thun-
524 1546 607 1592 est
630 1537 730 1602 eis,
760 1537 852 1607 qui
876 1537 1019 1593 vires
1041 1538 1318 1593 laborandi
1345 1538 1564 1604 habent,
1592 1539 1685 1594 sed
1710 1541 1883 1610 magis
1900 1548 1956 1594 et

372 1628 471 1683 isti:
492 1636 546 1682 et
569 1627 767 1682 inﬁrmi
794 1643 825 1681 a
854 1628 1001 1683 sanis
1023 1637 1150 1683 sunt
1173 1628 1519 1694 consulendi,
1561 1637 1634 1693 et,
1667 1637 1726 1682 ut
1748 1629 1951 1683 dictum

372 1724 478 1782 est,
494 1717 783 1772 humanius
806 1717 1234 1789 clementiusque
1263 1718 1549 1773 tractandi.
1583 1718 1824 1787 Quorum
1851 1720 1952 1774 im-

2064 547 2335 618 lacrymis,
2361 549 2610 603 exoriens
2634 548 2700 603 de
2721 548 3094 605 recordatione
3117 553 3346 621 peccati,
3370 563 3427 611 et
3445 557 3640 615 timore

2054 637 2261 705 jndicii.
2314 636 2404 691 illa
2449 645 2530 692 est
2578 638 2855 693 conversis
2908 638 3150 709 perfeCta
3203 647 3640 715 compunctiouis

2060 727 2295 794 affectio,
2343 744 2465 799 qua:
2517 741 2706 783 omnes
2736 743 2765 783 a
2794 744 2855 784 se
2900 730 3201 786 carnalium
3246 734 3635 794 desideriorum

2059 820 2281 876 allectus
2325 820 2552 890 repellit,
2604 828 2659 874 ct
2704 820 3056 875 intentionem
3106 838 3258 878 snam
3287 834 3399 881 toto
3430 831 3635 886 mentis

2057 912 2235 966 studio
2263 912 2315 965 in
2338 910 2430 965 Dei
2451 909 2959 980 contemplationem
2983 911 3186 982 deligit.
3211 912 3303 968 Ille
3327 915 3473 969 enim
3494 917 3635 975 bene

2056 1006 2297 1060 abstinet
2320 1022 2350 1058 a
2373 1006 2530 1070 cibis,
2567 1004 2659 1074 qui
2685 1012 2739 1059 et
2767 1020 2795 1058 a
2818 1003 3037 1058 malitia:
3062 1005 3291 1072 actibus,
3316 1015 3373 1061 et
3393 1023 3424 1063 a
3446 1011 3630 1066 mundi

2057 1097 2295 1152 abstinet
2323 1095 2729 1150 ambitiOnibus.

2125 1188 2267 1258 Ergo
2294 1188 2375 1242 Itis
2405 1186 2585 1241 diebus
2620 1201 2904 1256 augeamus
2926 1187 3070 1241 nobis
3094 1186 3293 1259 aliquid
3324 1188 3397 1242 ad
3415 1187 3627 1245 solitum

2052 1293 2268 1349 pensum
2316 1275 2579 1330 sanitatis
2624 1284 2837 1329 nostra'.
2906 1273 3135 1328 Solitum
3191 1288 3417 1345 pensum
3472 1276 3625 1343 dicit,

2053 1374 2371 1423 consuetum
2423 1364 2508 1419 vel
2551 1362 2811 1419 usitatum
2859 1364 3200 1419 abstinentia:
3247 1374 3445 1419 nosti-re
3487 1365 3628 1438 jeju-

2052 1457 2224 1521 nium,
2272 1455 2359 1510 cui
2389 1454 2567 1509 adhuc
2604 1454 2794 1509 diebus
2830 1454 3258 1525 quadragesimae
3283 1443 3627 1524 aliquidaut-

2052 1549 2192 1619 pli‘us
2214 1556 2298 1602 cst
2327 1545 2646 1617 augendum.
2683 1544 2834 1601 Unde
2858 1553 2915 1599 et
2943 1544 3232 1599 subditur:

2123 1635 2400 1690 Orationes
2421 1632 2708 1705 peculiares
2732 1632 2965 1687 ciborum
2986 1641 3034 1687 et
3060 1641 3211 1702 potas
3232 1632 3620 1700 abstinentiam,

2052 1737 2107 1779 ut
2132 1727 2485 1798 unusquisque
2522 1741 2679 1796 super
2703 1738 2999 1779 mensuram
3027 1724 3127 1778 sibi
3144 1724 3393 1779 indictum
3420 1724 3619 1796 aliquid

371 1806 658 1875 hecillitas,
690 1808 744 1863 id
769 1816 889 1875 est,
920 1808 1184 1879 fragilitas
1211 1809 1294 1866 vel
1332 1810 1738 1880 impossibilitas
1762 1813 1832 1868 ab
1851 1813 1948 1868 ab-
1977 1793 2039 1852 Βο
2053 1818 2118 1871 de
2140 1793 2355 1887 propria
2382 1793 2646 1870 ιὲὸιιιηιάεε
2670 1831 2787 1868 cum
2818 1815 3011 1885 gaudio
3040 1815 3212 1869 sancti
3237 1814 3472 1887 Spiritus
3491 1793 3617 1885 ire.

370 1896 497 1951 bate
518 1898 672 1967 quasi
698 1912 729 1951 a
753 1898 851 1968 pio
866 1908 957 1954 est
973 1899 1358 1955 consideranda
1387 1908 1542 1971 patre
1567 1900 1771 1975 pariter
1788 1910 1952 1974 atque

372 1997 617 2047 sectorea

934 2060 1164 2116 CAPUT
1201 2060 1366 2116 XLIX

681 2151 761 2205 De
784 2150 1213 2224 Quadragesinue
1239 2154 1593 2210 observatione

443 2262 581 2317 Licet
632 2265 774 2318 omni
828 2274 1053 2336 tempore
1095 2266 1198 2321 vita
1242 2268 1483 2323 monachi
1520 2267 1948 2340 Quadragesimte

366 2351 550 2406 debeat
574 2351 983 2408 observationem
1022 2356 1230 2411 habere.
1273 2356 1447 2425 Licet,
1491 2359 1580 2414 hic
1618 2374 1717 2430 pro
1760 2377 1946 2431 quam-

367 2443 445 2496 eis
484 2442 731 2513 positum.
774 2452 876 2499 est.
928 2444 1155 2516 Oportet
1201 2448 1346 2503 enim
1394 2449 1662 2505 monacho
1691 2450 1807 2506 sine
1849 2452 1947 2507 du-

360 2533 458 2599 bio
480 2548 606 2589 cum
635 2534 866 2591 mundus
909 2534 983 2589 illi
1022 2536 1315 2593 cruciﬁxus
1342 2546 1445 2606 est,
1494 2547 1550 2594 et
1590 2538 1678 2595 ille
1716 2542 1943 2607 mundo,

361 2632 423 2679 ut
447 2627 675 2697 castiget
699 2640 895 2696 corpus
923 2642 1101 2694 suum,
1156 2636 1218 2684 et
1253 2628 1308 2683 in
1353 2628 1667 2685 servitutem
1712 2630 1939 2701 redigat,

357 2724 422 2771 et
462 2718 608 2772 omni
661 2724 915 2793 tempore
952 2719 1214 2775 exhibeat
1257 2719 1607 2792 semetipsum
1656 2721 1797 2776 sicut
1846 2721 1942 2776 Dei

359 2806 670 2863 ministrum
698 2848 713 2875 ,
762 2808 824 2863 in.
863 2808 1030 2864 variis
1066 2811 1501 2879 necessitatibus,
1548 2811 1603 2866 in
1643 2810 1939 2878 laboribus,

359 2904 413 2958 in
436 2903 654 2976 vigiliis,
684 2912 739 2960 et
752 2903 972 2975 jejuulis
990 2946 1006 2973 ,
1033 2906 1351 2977 ceterisque
1376 2907 1666 2962 virtutibus
1696 2922 1755 2963 se
1785 2921 1940 2963 exer-

358 2995 547 3050 cendo.

428 3082 623 3138 Tamen
649 3087 774 3156 quia
801 3103 1089 3156 paucorum
1119 3098 1194 3142 est
1224 3099 1326 3143 ista
1357 3088 1543 3154 virtus,
1580 3104 1761 3142 eorum
1795 3088 1936 3143 vide-

2052 1915 2134 1960 rat
2157 1905 2288 1959 Deo.
2318 1903 2453 1958 Cum
2496 1903 2693 1976 gaudio
2739 1904 2881 1958 enim
2926 1904 3100 1958 sancti
3149 1903 3389 1974 Spiritus
3422 1903 3626 1961 offerre

2051 1996 2211 2050 debet
2250 1994 2545 2050 monachus
2587 2008 2742 2050 suum
2787 1993 3017 2049 Domino
3044 1992 3154 2049 Deo
3190 2004 3394 2060 votum,
3430 1996 3519 2065 qui
3549 1996 3629 2051 ab

2051 2086 2143 2141 illo
2173 2094 2357 2156 sperat
2379 2085 2624 2156 accipere
2644 2098 2868 2157 regnum
2896 2084 3177 2140 caelorum.
3200 2085 3303 2153 Qui
3322 2086 3471 2141 enim
3494 2102 3617 2141 cum

2049 2175 2319 2232 hilaritate
2368 2182 2422 2229 et
2450 2174 2646 2245 gaudio
2688 2173 2915 2228 Domino
2955 2174 3144 2242 servit,
3191 2174 3275 2229 vel
3319 2175 3483 2230 donat
3520 2176 3625 2230 ali—

2047 2267 2197 2338 quid,
2230 2266 2542 2337 centuplum
2587 2264 2657 2320 ab
2700 2263 2792 2321 illo
2828 2265 3076 2336 accipiet,
3110 2266 3333 2337 insuper
3365 2274 3421 2321 et
3445 2267 3613 2320 vitam

2047 2367 2303 2414 aeternam
2339 2354 2653 2427 possidebit.
2680 2352 2887 2412 Oderat
2905 2354 2955 2409 ei
2979 2370 3103 2410 cum
3128 2354 3438 2427 gaudimct
3451 2355 3625 2412 faciat

2046 2446 2188 2517 quod
2212 2445 2456 2516 sequitur
2482 2463 2494 2498 :
2624 2510 2631 2517 ο

2117 2539 2184 2593 Id
2207 2547 2305 2603 est,
2335 2538 2608 2593 subtrahat
2639 2537 2853 2608 corpori
2876 2553 2973 2590 suo
3006 2535 3071 2592 de
3108 2536 3240 2601 cibo,
3282 2536 3347 2590 d‘e
3372 2544 3518 2607 potu,
3548 2537 3613 2589 de

2044 2645 2248 2696 somno,
2277 2628 2342 2683 de
2366 2627 2702 2700 loquacitate,
2736 2625 2801 2680 de
2838 2624 3181 2692 scurrilitate,
3219 2635 3269 2680 et
3308 2641 3427 2680 cum
3454 2626 3610 2697 spiri-

2042 2718 2199 2773 tualis
2243 2716 2488 2773 desiderii
2526 2714 2719 2787 gaudio
2774 2722 3014 2769 sanctum
3071 2713 3279 2769 Pascha
3331 2724 3607 2783 exspectet.

2042 2807 2233 2864 Merito
2262 2809 2405 2866 enim
2434 2808 2501 2864 de
2538 2806 2935 2862 resurrectione
2975 2805 3187 2862 Domini
3235 2804 3374 2861 tales
3407 2805 3611 2862 debent

2039 2913 2163 2954 cum
2197 2896 2413 2953 Christo
2439 2897 2494 2952 in
2514 2896 2722 2952 Pascha
2755 2895 2947 2962 laturi,
2976 2897 3069 2967 qui
3097 2910 3296 2967 corpus
3323 2911 3480 2951 suum
3506 2910 3611 2966 per

2039 2994 2422 3049 abstinentiam
2469 3008 2567 3064 pro
2622 3007 2688 3048 eo
2737 3001 3130 3049 consenserunt
3173 2991 3437 3064 crucifigi.
3498 2990 3605 3058 Qui

2037 3086 2183 3140 enim
2209 3085 2265 3139 in
2289 3083 2544 3154 praesnti
2569 3083 2681 3137 vita
2702 3081 2905 3153 aliquid
2936 3081 3222 3139 desideriis
3244 3081 3330 3138 vel
3355 3080 3609 3137 etantan-

355 3172 475 3226 licet
527 3173 592 3226 de
646 3174 832 3244 quibus
874 3176 1123 3245 scriptum
1170 3186 1244 3231 est
1272 3194 1291 3231 :
1329 3176 1486 3231 Hulti
1528 3186 1703 3231 autem
1744 3179 1931 3243 vocati,
1962 3165 2005 3227 C
2041 3176 2129 3231 tiis
2174 3175 2325 3230 carni
2369 3173 2754 3241 subduxerint,
2813 3173 3017 3229 debent
3051 3172 3248 3228 merito
3292 3172 3362 3227 de
3405 3171 3607 3227 divinis

352 3263 511 3331 pauci
547 3279 664 3316 vero
701 3263 850 3318 electi
898 3264 1113 3337 (Matth.
1152 3267 1246 3340 xx)
1283 3287 1295 3322 :
1336 3267 1454 3323 ideo
1495 3268 1777 3323 suademus
1819 3269 1933 3324 istis

353 3352 538 3407 diebus
562 3350 1011 3426 Quadragesima',
1052 3357 1192 3412 omni
1218 3358 1447 3428 puritate
1483 3360 1643 3413 vitam
1669 3375 1822 3413 suam
1847 3376 1933 3414 cu-

351 3442 568 3497 stodire.
640 3442 796 3500 Omni
835 3445 1072 3516 puritate
1112 3446 1279 3514 dicit,
1316 3449 1470 3504 omni
1515 3449 1847 3517 sinceritate,
1878 3460 1934 3508 et

350 3530 699 3601 simplicitate
740 3534 945 3604 cordis,
990 3535 1122 3591 nihil
1168 3536 1429 3594 facientes
1455 3554 1557 3609 pro
1586 3554 1722 3594 vana
1759 3539 1929 3610 gloria

349 3619 432 3674 vel
456 3619 612 3677 laude
633 3622 872 3679 humana
896 3642 909 3678 :
945 3624 1041 3681 sed
1069 3625 1296 3696 simplici
1325 3628 1489 3683 corde
1512 3635 1567 3681 et
1597 3641 1729 3698 pura
1750 3639 1930 3685 mente

347 3712 765 3781 quodtsequitur
781 3728 962 3785 agere,
992 3714 1048 3769 id
1077 3722 1197 3771 est:

425 3804 618 3860 Omnes
660 3809 860 3877 pariter
883 3807 1221 3879 negligentias
1269 3808 1497 3864 aliorum
1533 3820 1818 3882 temporum
1846 3813 1927 3866 liis

347 3895 530 3950 diebus
549 3897 745 3951 sanctis
765 3896 985 3952 diluere.
1016 3898 1092 3953 De
1120 3897 1224 3956 hoc
1248 3899 1395 3955 enim
1423 3908 1664 3972 tempore
1687 3897 1927 3963 Quadra-

346 3986 565 4055 gesimte
607 3988 869 4059 scriptum
917 3994 1004 4043 est
1037 4007 1050 4043 :
1089 3987 1227 4045 Ecce
1271 4007 1409 4046 nunc
1445 3999 1646 4063 tempus
1691 4003 1928 4066 accepta-

343 4075 480 4142 bile-,
528 4093 645 4132 ecce
684 4093 823 4132 nunc
849 4078 960 4133 dies
987 4077 1191 4133 salutis.
1234 4077 1291 4134 In
1319 4080 1515 4150 quibus
1547 4081 1736 4159 diebus
1761 4098 1926 4138 unus-

339 4169 575 4241 quisque
596 4176 865 4237 nostrum,
909 4170 967 4226 in
1001 4178 1260 4241 quantum
1299 4172 1377 4226 illi
1423 4172 1568 4229 vires
1610 4184 1922 4245 suppetunt,

277 4315 280 4318 ,
342 4273 567 4314 carnem
607 4268 878 4328 maceret,
919 4260 1148 4331 ejusque
1171 4260 1437 4317 desideria
1477 4262 1696 4336 adligat,
1726 4269 1923 4321 cuneu-

339 4349 636 4416 piscentias
659 4357 844 4420 turpes
871 4351 938 4406 de
957 4351 1120 4407 corde
1153 4366 1252 4406 suo
1281 4352 1529 4423 repellat,
1559 4364 1612 4409 et
1635 4354 1736 4410 hoc
1764 4356 1922 4409 modo

340 4438 570 4494 aliorum
615 4447 918 4511 temporum
965 4440 1316 4513 negligentias
1360 4441 1447 4499 his
1482 4443 1672 4500 diebus
1715 4446 1919 4501 sanctis

338 4528 651 4596 pretntendo
679 4530 893 4585 debeat.
925 4528 1085 4586 Unde
1106 4536 1166 4585 et
1190 4531 1467 4600 sequitur:

414 4618 567 4684 Quod
596 4628 719 4674 tunc
744 4619 901 4691 digne
935 4619 1014 4689 ﬁt,
1041 4620 1095 4674 si
1115 4620 1181 4674 ab
1225 4622 1465 4676 omnibus
1661 4632 1915 4695 tempero-

339 4724 476 4761 mus.
533 4706 923 4785 Temperamus
967 4710 1119 4776 dicit,
1170 4711 1225 4766 id
1268 4722 1374 4778 est,
1421 4713 1775 4780 abstinemus,
1830 4718 1913 4770 vel

342 4815 691 4856 coerceamus
712 4818 811 4858 nos
837 4817 867 4857 a
896 4803 1044 4858 vitiis
1065 4803 1335 4858 omnibus.
1702 4809 1715 4822 '

419 4889 660 4946 Orationi
704 4908 820 4946 cum
861 4894 1086 4964 fletibus.
1118 4891 1390 4964 Scriptum
1430 4901 1514 4949 est
1548 4895 1690 4950 enim
1722 4914 1734 4948 :
1765 4893 1914 4950 Beati

337 4984 429 5054 qui
459 4981 653 5053 lugent,
687 4985 931 5055 quoniam
976 4987 1077 5056 ipsi
1123 4984 1535 5041 consolabuntur
1574 4981 1787 5056 (Matth.
1834 4986 1910 5057 ν).

340 5075 448 5140 Et,
503 5072 607 5139 Qui
660 5076 920 5129 seminant
965 5077 1021 5131 in
1062 5077 1326 5148 lacryntis,
1381 5077 1443 5130 in
1483 5075 1676 5147 gaudio
1724 5087 1913 5131 metant

338 5166 514 5235 (Psat.
548 5180 614 5221 cx
622 5166 733 5240 xv).

410 5258 643 5315 Lectioni
684 5267 733 5312 et
763 5259 1145 5326 compunctioni
1183 5260 1356 5314 cordis
1397 5269 1551 5332 atque
1581 5259 1907 5315 abstinentia.

337 5366 550 5424 operam
579 5349 788 5405 damus.
823 5344 961 5401 Hinc
998 5346 1235 5407 lsidorus
1269 5350 1347 5403 ait
1372 5368 1387 5404 :
1410 5349 1598 5406 Omnis
1635 5347 1913 5420 profectus

333 5458 405 5501 ex
432 5443 676 5500 lectione
696 5448 755 5497 et
771 5438 1123 5495 meditatione
1145 5441 1411 5508 procedit.
1459 5442 1744 5497 Geminum
1766 5441 1912 5499 enim

340 5536 539 5589 donum
588 5533 798 5588 confert
829 5531 1321 5585 lectio-sanctarum
1346 5528 1773 5601 Scripturarmn,
1797 5530 1911 5586 sive

338 5626 468 5693 quia
509 5626 837 5680 intellectum
882 5624 1080 5679 mentis
1111 5620 1309 5687 erudit,
1340 5636 1433 5675 seu
1458 5623 1578 5691 quia
1606 5623 1787 5678 mundi
1814 5638 1909 5677 va-

339 5715 603 5773 nitatibus
639 5715 969 5773 abstractum
1009 5714 1281 5791 hominem
1308 5713 1373 5771 ad
1405 5728 1642 5768 amorem
1675 5713 1766 5766 Dei
1789 5727 1910 5783 prr-

2036 3267 2231 3320 animte
2272 3263 2481 3320 deliciis
2534 3263 2874 3320 abundanter
2920 3261 2978 3318 in
3035 3270 3298 3334 perpetuo
3342 3260 3601 3331 saginat-it

2033 3355 2170 3422 Quia
2194 3355 2249 3409 in
2273 3354 2375 3410 hoc
2396 3367 2567 3424 parvo
2585 3360 2829 3423 tempore
2855 3365 2954 3423 pro
2979 3350 3208 3407 Domino
3230 3350 3515 3407 voluerunt
3532 3349 3605 3404 ad

2033 3446 2305 3502 modicum
2348 3445 2682 3509 contristari,
2728 3441 2869 3513 iuste
2910 3457 3033 3498 eum
3061 3456 3129 3498 eo
3161 3439 3607 3498 merebunturiu

2030 3540 2212 3595 futuro
2241 3539 2431 3593 laetari.
3420 3566 3423 3569 -

2106 3625 2219 3681 Hoc
2247 3627 2416 3697 ipsum
2448 3633 2626 3679 tamen
2661 3623 2803 3695 quod
2837 3621 3192 3694 unusquisque
3226 3618 3399 3688 σῇσι,
3425 3616 3613 3671 abbati

2029 3733 2131 3771 suo
2153 3725 2418 3789 suggerat,
2460 3723 2511 3769 et
2542 3728 2662 3769 cum
2687 3714 2806 3785 ejus
2831 3713 2927 3783 ﬁat
2949 3712 3187 3767 motione
3210 3720 3261 3765 et
3295 3707 3560 3764 voluntate
3578 3719 3602 3759 :

2025 3807 2151 3877 quia
2180 3805 2319 3876 quod
2341 3805 2454 3859 sine
2480 3802 2820 3874 permissione
2838 3802 3006 3872 patris
3023 3797 3316 3873 spiritalis
3344 3797 3427 3867 ﬁt,
3463 3811 3602 3867 prc-

2026 3898 2308 3969 sumptioni
2338 3894 2697 3967 deputabitur,
2730 3903 2784 3948 et
2813 3908 2963 3947 uana
2985 3891 3189 3964 glorise,
3218 3906 3324 3945 non
3349 3888 3596 3944 mercedi

2027 3990 2170 4059 Ergo
2194 4004 2312 4042 cum
2331 3985 2598 4042 voluntate
2622 3984 2823 4039 abbatis
2849 3984 3027 4038 omnia
3052 3981 3257 4053 agenda
3276 3989 3418 4036 sunt.
3459 3977 3599 4034 ﬂius

2024 4081 2242 4152 quidam
2301 4078 2690 4134 monachorum
2736 4075 2995 4147 magister
3040 4073 3119 4128 ait
3165 4090 3180 4126 :
3229 4071 3385 4127 Dicat
3428 4067 3599 4124 abbas

2022 4172 2273 4227 omnibus
2314 4169 2616 4226 fratribus:
2647 4166 2751 4235 Qui
2797 4165 2916 4221 vult
2939 4179 3039 4236 pro
3076 4163 3256 4219 anima
3299 4175 3396 4216 sua
3445 4158 3596 4214 hbe-

2024 4276 2169 4329 rare,
2209 4270 2267 4317 et
2300 4260 2504 4331 aliquid
2549 4260 2847 4323 abstinere,
2891 4254 3119 4310 liberam
3166 4253 3219 4308 ei
3260 4250 3592 4307 voluntatem

2021 4355 2388 4410 concedimus.
2445 4351 2549 4419 Qui
2610 4363 2741 4404 vero
2795 4346 3030 4403 noluerit
3053 4386 3069 4411 ,
3125 4343 3324 4416 regni:
3373 4343 3445 4397 de
3488 4340 3593 4396 hoe

2024 4442 2176 4499 titulo
2216 4442 2512 4497 constituta
2551 4436 2801 4509 accipiet,
2830 4446 2885 4490 et
2915 4433 3346 4505 quadragesima
3365 4438 3594 4485 centen-

1943 4501 1998 4559 D
2023 4544 2108 4590 tus
2152 4534 2255 4589 erit
2297 4545 2572 4587 mensura.
2603 4501 2722 4583 lant
2770 4501 2862 4597 qui
2907 4501 2976 4582 de
3016 4501 3276 4580 fratribus
3316 4520 3590 4576 voluerint

2018 4624 2220 4696 aliquid
2265 4624 2560 4688 abstinere,
2603 4618 2888 4675 bumiiient
2931 4631 2992 4672 se
3035 4616 3102 4671 ad
3131 4628 3305 4687 genus
3347 4610 3584 4677 abbatis,

2020 4724 2241 4786 agentes
2285 4712 2489 4784 gratias
2516 4711 2587 4766 de
2623 4710 2749 4765 boni
2784 4714 2936 4762 actus
2979 4705 3257 4761 voluntate
3304 4715 3589 4765 censeam,

2019 4813 2073 4858 et
2118 4811 2242 4874 post
2283 4804 2580 4873 impensam
2628 4798 2991 4855 humilitatem
3043 4795 3203 4851 simul
3246 4802 3304 4849 et
3345 4808 3442 4848 ore
3486 4807 3591 4848 suo

2018 4894 2200 4949 abbati
2230 4891 2485 4955 indicent,
2517 4891 2640 4961 quis
2666 4890 2801 4959 quid
2824 4887 3057 4943 voluerit
3079 4885 3372 4940 abstinere.

2633 4998 2860 5056 CAPUT
2898 4997 2960 5052 L.

2014 5099 2092 5153 De
2129 5095 2385 5169 fratribus
2419 5095 2507 5165 qui
2545 5089 3063 5214 ιοηςῖίὲιέυέπὲαιονὶο
3104 5087 3372 5152 laborant,
3410 5095 3501 5141 aut
3528 5087 3590 5140 in

2086 5257 2307 5313 Fratres
2352 5256 2442 5328 qui
2483 5254 2695 5308 omnino
2737 5250 2887 5321 longe
2924 5258 3044 5304 sunt
3071 5250 3127 5304 in
3158 5248 3358 5313 labore,
3396 5264 3441 5299 es
3482 5262 3587 5300 non

2011 5359 2225 5423 possunt
2270 5361 2541 5401 occurrere
2567 5344 2697 5397 hora
2727 5340 3033 5410 competenti
3078 5339 3153 5393 ad
3186 5337 3500 5401 oratorium,
3538 5345 3587 5389 et

2014 5440 2173 5494 abbas
2202 5438 2298 5490 hoc
2332 5434 2628 5507 perpendit,
2670 5433 2793 5503 quia
2822 5432 2897 5484 ita
2928 5440 3028 5494 est,
3056 5438 3215 5500 agant
3240 5427 3435 5481 ibidem
3459 5440 3589 5495 opus

2014 5526 2134 5592 Dei,
2171 5525 2258 5580 ubi
2282 5518 2591 5595 operantur,
2621 5536 2739 5575 cum
2766 5530 2987 5573 tremore
3012 5519 3186 5572 divino
3212 5519 3476 5587 ﬂectentes
3496 5530 3593 5584 ge-

2014 5634 2140 5671 nua.
2185 5614 2442 5670 Similiter
2480 5612 2568 5685 qui
2610 5613 2667 5666 in
2712 5611 2896 5665 itinere
2946 5610 3128 5663 directi
3166 5617 3309 5673 sunt,
3347 5622 3451 5660 non
3499 5620 3593 5659 eos

2012 5718 2322 5781 printer-eant
2372 5708 2516 5762 Ιιοται
2547 5705 2860 5771 constituta,
2911 5704 2999 5759 sed
3040 5716 3092 5758 ut
3135 5711 3368 5774 possunt,
3424 5709 3595 5775 agant.
