3992 6206
347 360 450 416 889

1373 360 1724 419 COMMENT.
1767 361 1838 416 IN
1873 361 2028 419 REG.
2070 364 2127 419 S.
2170 363 2551 420 BENEDICTI.

3495 364 3600 422 890

347 477 468 540 sibi,
493 483 542 528 et
567 472 829 528 servitutis
855 489 1069 542 pensum
1098 489 1201 528 non
1229 475 1489 545 negligant
1519 476 1752 530 reddere.
1779 475 1918 530 Hinc
1944 478 1995 537 Α
2020 477 2182 532 etiam
2213 477 2375 546 aliqui
2405 485 2602 548 prater
2628 477 2791 534 horas
2819 477 3144 533 constitutas
3178 518 3194 544 ,
3222 479 3267 533 si
3293 478 3374 535 eis
3408 491 3588 545 vacat,

349 570 543 624 beatus
593 565 922 619 Pachomius
961 565 1076 618 ait:
1106 565 1175 619 Et
1205 565 1249 620 si
1282 567 1334 619 in
1362 567 1484 620 navi
1527 567 1750 632 fuerint,
1779 576 1834 621 et
1872 567 1927 620 in

351 658 707 723 intortasterio,
737 667 793 712 et
835 659 888 712 in
916 673 1068 728 agro,
1093 667 1148 712 et
1179 660 1231 713 in
1281 660 1494 723 itinere,
1523 669 1576 714 et
1608 661 1658 714 in
1689 660 1929 728 quolibet

350 751 660 807 ministerio
688 750 878 804 orandi
917 759 972 804 et
997 751 1259 820 psallendi
1295 762 1536 820 tempora
1567 767 1673 806 non
1701 761 1927 821 prater—

352 842 594 896 mittant.
653 838 793 893 Hinc
841 848 896 894 et
949 840 1179 894 Basilius
1219 840 1350 894 dicit
1389 855 1402 893 :
1450 841 1827 910 Unusquisque
1871 841 1928 894 in

351 947 515 1000 opere
537 945 640 984 suo
675 931 968 985 observare
1004 931 1162 984 debet
1193 931 1464 1000 propriam
1496 932 1752 1000 regulam,
1787 931 1928 986 sicut

358 1023 663 1077 membrum
690 1022 742 1075 in
774 1036 1036 1091 corpore;
1063 1023 1186 1091 quia
1218 1023 1470 1076 damnum
1499 1023 1738 1087 habebit,
1771 1023 1813 1076 si
1842 1035 1930 1076 ne-

355 1114 585 1184 glexerit
617 1113 847 1181 implere
883 1113 1026 1181 quod
1054 1113 1101 1166 ei
1146 1113 1442 1181 injunctum
1468 1122 1572 1178 est,
1610 1122 1665 1168 et
1687 1115 1752 1168 de
1782 1128 1929 1167 com-

357 1205 510 1259 muni
553 1202 783 1256 fratrum
815 1202 1044 1256 utilitate
1085 1203 1360 1273 negligens
1391 1204 1622 1272 amplius
1651 1204 1927 1272 periclita-

354 1295 521 1349 bitur.
559 1293 626 1346 Et
654 1293 775 1346 ideo
800 1302 979 1346 mente
1006 1302 1060 1346 et
1083 1293 1368 1347 devotione
1393 1295 1663 1362 complere
1693 1295 1852 1348 debet
1873 1294 1926 1347 id

355 1383 498 1452 quod
522 1381 782 1450 scriptum
807 1390 927 1435 est:
957 1379 1240 1435 Cantantes
1279 1393 1328 1434 et
1365 1382 1639 1453 psallentes
1678 1383 1730 1436 in
1758 1382 1928 1436 cordi-

356 1475 452 1528 bus
482 1473 662 1527 vestris
695 1472 917 1526 Domino
959 1471 1120 1542 (Eph.
1153 1473 1228 1544 ν).
1283 1471 1340 1527 Si
1381 1473 1524 1527 enim
1575 1474 1927 1542 corporaliter

356 1579 464 1618 non
494 1562 733 1618 occurrit
754 1563 943 1617 adesse
966 1578 1086 1617 cum
1110 1564 1323 1618 cateris
1346 1564 1412 1617 ad
1432 1563 1696 1618 orationis
1725 1562 1922 1626 locum,

358 1657 411 1709 in
436 1667 756 1724 quocunque
803 1653 922 1708 loco
966 1653 1217 1707 inventus
1246 1652 1424 1715 fuerit,
1458 1653 1602 1722 quod
1627 1653 1925 1706 devotionis

355 1757 439 1802 est
464 1747 694 1815 expleat.
727 1744 949 1814 Oportet
978 1754 1158 1799 tamen
1186 1745 1498 1809 observare,
1541 1759 1609 1799 ne
1638 1743 1776 1805 forte
1803 1745 1924 1813 quis

354 1809 831 1905 possit-complere
861 1834 916 1888 in
951 1843 1189 1903 tempore
1218 1849 1335 1898 suo,
1379 1834 1520 1902 quod
1546 1809 1921 1902 complendum
1951 1809 1998 1867 Β

353 1936 461 1993 est,
503 1935 560 1982 et
601 1941 906 1991 occurrere,
953 1925 1048 1979 sed
1093 1926 1218 1979 dum
1268 1923 1410 1992 loqui
1462 1923 1576 1979 vult
1613 1923 1925 1979 occasiones

356 2019 546 2082 nectit,
579 2027 834 2086 tanquam
884 2015 1166 2070 ministerii
1217 2028 1380 2084 opere
1427 2023 1738 2084 occupatus.
1769 2013 1922 2079 Quod

354 2110 447 2178 qui
489 2108 638 2172 facit,
666 2115 721 2162 ct
752 2105 1131 2162 offendiculum
1175 2104 1386 2159 caeteris
1429 2111 1680 2173 prastat,
1721 2112 1777 2158 ct
1808 2103 1924 2172 ipse

353 2199 676 2270 negligentis
724 2197 931 2252 crimen
981 2197 1228 2250 incurrit.
1279 2195 1414 2250 llinc
1455 2194 1592 2249 alius
1630 2195 1922 2248 monacho-

353 2307 475 2346 rum
503 2291 759 2360 magister
794 2289 910 2343 ait:
941 2287 1074 2342 Cum
1107 2287 1303 2342 fratres
1333 2285 1606 2355 spiritales
1635 2285 1752 2339 sine
1785 2283 1924 2338 laico

353 2381 652 2445 ambulant,
673 2378 845 2448 juncti
882 2379 948 2434 ad
982 2393 1056 2444 se,
1089 2387 1144 2433 et
1165 2386 1470 2441 cantantes,
1499 2377 1710 2431 modice
1740 2376 1806 2430 de
1835 2375 1937 2428 via.

355 2471 574 2528 ﬂectant
620 2488 814 2544 genua,
857 2478 912 2526 et
955 2478 1078 2540 post
1118 2471 1420 2524 orationem
1464 2469 1690 2523 redeant
1727 2467 1781 2520 in
1811 2466 1919 2530 via,

355 2577 482 2618 mox
527 2563 595 2618 ab
638 2562 785 2617 omni
836 2561 1002 2615 verbo
1053 2559 1227 2613 alieno
1263 2559 1398 2613 adeo
1434 2563 1676 2612 tacentes
1704 2563 1926 2626 propter

355 2651 710 2707 reverentiam
761 2650 942 2720 operis
986 2649 1106 2714 Dei,
1154 2656 1210 2702 et
1257 2648 1338 2702 sic
1387 2645 1710 2701 ambulando
1753 2644 1919 2714 petita

352 2743 726 2802 benedictione
754 2741 1062 2812 impositum
1098 2745 1454 2809 prorumpant
1479 2736 1768 2808 psalmum.

961 2872 1187 2929 CAPUT
1225 2871 1308 2926 ιι.

541 2966 619 3020 De
646 2966 896 3037 fratribus
928 2965 1018 3036 qui
1043 2980 1147 3018 non
1174 2962 1323 3034 longe
1343 2961 1762 3033 proﬁciscuntur.

430 3078 645 3134 Fratres
666 3079 755 3150 qui
776 3094 869 3149 pro
891 3077 1068 3149 quovis
1090 3091 1333 3146 responso
1355 3074 1776 3146 proficiscuntur,
1793 3081 1841 3126 et
1860 3088 1922 3126 ea

355 3174 442 3228 die
465 3179 670 3241 sperant
703 3170 884 3224 reverti
903 3169 980 3222 ad
1022 3167 1420 3232 monasterium,
1469 3180 1574 3218 non
1599 3171 1920 3235 prsesumant
1947 3161 1993 3224 C

356 3263 488 3333 foris
512 3261 848 3322 manducare,
878 3259 1080 3312 etiamsi
1102 3275 1134 3311 a
1157 3256 1337 3327 quovis
1364 3263 1629 3325 rogentur,
1663 3253 1765 3307 nisi
1789 3252 1924 3322 forte

355 3355 432 3408 eis
459 3353 522 3406 ab
550 3352 732 3405 abbate
751 3367 846 3404 suo
877 3349 1234 3420 prtecipiatur.
1261 3345 1412 3411 Quod
1435 3344 1480 3398 si
1509 3342 1663 3398 aliter
1683 3342 1918 3412 fecerint,

357 3442 890 3499 excommunicentur.
943 3438 1081 3493 Hinc
1129 3435 1334 3505 antiqui
1390 3434 1582 3489 Patres
1631 3432 1919 3486 dixerunt:

358 3532 529 3588 Nemo
555 3542 731 3586 tamen
759 3538 915 3584 extra
962 3526 1348 3583 monasterium
1396 3523 1684 3578 manducet
1715 3527 1810 3574 aut
1835 3518 1920 3572 bi-

357 3622 472 3678 bat.
521 3621 634 3677 lloc
666 3621 809 3676 enim
837 3617 1034 3689 regula
1060 3633 1165 3672 non
1199 3615 1388 3684 recipit
1415 3611 1716 3680 disciplina,
1748 3617 1811 3663 ut
1839 3607 1924 3663 vel

357 3724 518 3782 poma
548 3709 677 3763 vilia
711 3709 1080 3771 desumantur,
1110 3718 1304 3773 aquam
1329 3703 1498 3773 ipsam
1522 3708 1647 3755 ante
1673 3699 1923 3754 refectio-

357 3813 483 3854 nem
513 3797 807 3867 legitimam
836 3796 1022 3850 bibere
1049 3809 1156 3848 non
1183 3797 1528 3863 praesumant.
1562 3787 1618 3842 Si
1649 3787 1772 3856 quis
1793 3801 1925 3840 vero

358 3897 515 3944 extra
539 3885 924 3941 conscientiam
949 3884 1159 3938 abbatis
1179 3881 1263 3937 vel
1284 3879 1555 3951 praepositi
1580 3877 1926 3948 qualemcun-

359 3993 469 4048 que
514 3975 689 4031 locum
729 3988 994 4046 egressus,
1024 3972 1161 4044 gula
1196 3971 1282 4026 vel
1319 3968 1567 4024 ebrietati
1599 3983 1658 4023 se
1686 3967 1925 4022 sociave-

358 4069 464 4132 rit,
487 4073 581 4120 aut
601 4066 647 4119 si
675 4065 728 4119 in
763 4064 1009 4134 proximo
1035 4061 1409 4124 transmissus,
1452 4075 1550 4130 pro
1584 4059 1668 4112 sui
1706 4057 1928 4112 levitate

359 4157 446 4211 vel
472 4155 608 4228 gula
633 4171 737 4210 non
764 4156 947 4210 statim
971 4155 1218 4223 expedita
1242 4152 1565 4207 necessitate
1588 4151 1656 4206 ad
1679 4149 1926 4205 cellulam

361 4247 606 4312 redierit,
633 4253 728 4300 aut
755 4260 877 4299 cum
920 4245 974 4298 in
1023 4243 1076 4296 id
1114 4241 1324 4297 facinus
1354 4240 1518 4295 fuerit
1551 4239 1824 4304 detentus,
1867 4247 1928 4293 ut

358 4351 597 4392 canones
634 4337 848 4401 docent,
889 4343 982 4389 aut
1009 4334 1230 4404 triginta
1265 4333 1454 4388 diebus
1487 4347 1517 4386 a
1547 4331 1929 4387 communione

359 4435 664 4499 separetur,
691 4435 784 4481 aut
811 4425 977 4495 virgis
1006 4424 1161 4479 casis
1185 4424 1522 4479 emendetur.

960 4555 1185 4611 CAPUT
1224 4553 1330 4610 ιιι.

787 4649 866 4703 De
903 4649 1134 4702 oratorio
1181 4647 1501 4701 monasterii.

436 4737 738 4793 Oratoriuns
765 4739 860 4792 hoc
888 4740 974 4801 sit,
1003 4738 1139 4808 quod
1167 4737 1394 4802 dicitur;
1426 4755 1516 4792 nec
1539 4738 1611 4792 ibi
1638 4739 1928 4808 quidquam

361 4828 510 4882 aliud
533 4839 764 4899 geratur,
809 4838 900 4881 aut
935 4828 1208 4881 condatur.
1258 4827 1480 4897 Expleta
1509 4845 1660 4898 opere
1693 4829 1787 4883 Dei
1812 4847 1927 4883 om-

359 4934 454 4973 nes
475 4934 593 4972 cum
613 4935 707 4972 suo
729 4918 936 4972 silentio
964 4929 1168 4983 exeant,
1193 4929 1241 4972 et
1264 4929 1454 4988 agatur
1481 4923 1764 4974 reverentia
1795 4921 1924 4987 Deo,

360 5016 420 5060 ut
466 5006 630 5076 frater
656 5010 745 5078 qui
783 5009 917 5078 forte
950 5009 1049 5061 sibi
1089 5008 1424 5078 peculiariter
1463 5009 1568 5062 vult
1610 5025 1782 5076 orare,
1827 5027 1929 5064 non

359 5099 680 5168 impediatur
706 5099 921 5154 alterius
958 5101 1303 5170 improbitate.
1344 5100 1450 5156 Sed
1477 5103 1522 5155 si
1548 5100 1682 5155 alter
1703 5100 1809 5156 vult
1831 5102 1930 5155 sibi

363 5191 498 5260 forte
522 5192 767 5245 secretius
797 5207 965 5253 orare,
995 5191 1298 5261 simpliciter
1320 5193 1492 5257 intret,
1517 5201 1565 5246 et
1592 5203 1721 5257 oret,
1753 5210 1854 5246 non
1875 5195 1928 5248 in

361 5281 595 5334 clamosa
633 5297 773 5344 voce,
809 5280 897 5332 sed
930 5281 984 5334 in
1023 5279 1268 5349 lacrymis
1311 5289 1360 5334 et
1397 5282 1679 5335 intentione
1733 5283 1925 5336 cordis.

359 5368 507 5437 Ergo
535 5370 622 5439 qui
642 5368 810 5422 simile
829 5385 956 5438 opus
984 5385 1083 5421 non
1110 5369 1236 5436 facit
1259 5385 1360 5421 non
1381 5369 1711 5438 permittatur
1732 5369 1929 5439 expleto

359 5473 514 5525 opere
553 5457 648 5512 Dei
685 5460 938 5512 remorari
963 5460 1015 5511 in
1047 5459 1296 5520 oratorio,
1338 5460 1472 5512 sicut
1504 5459 1695 5512 dictum
1735 5470 1830 5523 est,
1868 5477 1930 5515 ne

360 5545 502 5596 alius
533 5547 954 5614 impedimentum
995 5545 1244 5615 patiatur.
1288 5543 1420 5598 llinc
1459 5546 1646 5599 beatus
1673 5545 1928 5614 Augusti-

362 5651 465 5688 nus
495 5637 606 5689 ait:
635 5636 693 5690 ln
725 5637 962 5691 oratorio
986 5651 1143 5690 nemo
1169 5635 1369 5705 aliquid
1402 5644 1548 5704 agat,
1579 5636 1679 5690 nisi
1707 5637 1772 5690 ad
1801 5635 1928 5706 quid

365 5725 566 5784 factum]
601 5735 707 5790 est,
749 5725 888 5779 unde
934 5735 986 5779 et
1033 5740 1224 5780 nomen
1269 5724 1491 5794 accepit.
1544 5724 1650 5779 Aut
1695 5724 1740 5780 si
1791 5723 1928 5779 forte

2027 576 2083 620 et
2104 582 2262 620 orare
2287 566 2574 632 voluerint,
2603 583 2709 622 nou
2737 567 2816 622 eis
2843 568 2952 622 sint
2974 568 3376 637 impedimento,
3405 570 3497 638 qui
3522 571 3600 626 ibi

2027 658 2225 728 aliquid
2275 660 2540 729 agendum
2586 669 2934 728 putaverunt.
2972 660 3105 714 Item
3133 660 3257 715 alibi
3287 677 3300 712 :
3335 662 3386 715 in
3417 669 3601 717 orato-

2028 747 2110 799 rio
2159 755 2354 816 prater
2397 748 2589 802 orandi
2622 757 2678 804 et
2711 748 2969 818 psallendi
3012 749 3105 803 Dei
3146 749 3349 804 cultum
3385 750 3601 819 penitus

2027 838 2158 892 nihil
2179 848 2388 909 agatur,
2417 848 2478 893 ut
2500 841 2699 894 nomini
2725 842 2848 896 huic
2874 850 2930 896 et
2951 857 3116 910 opera
3134 840 3336 913 iugiter
3359 844 3598 914 impensa

2027 927 2376 981 concordent.
2417 928 2489 983 Ut
2532 928 2576 982 si
2617 929 2812 998 aliquis
2851 939 3049 999 prater
3081 931 3407 986 constitutas
3436 933 3602 989 horas

2026 1018 2254 1073 Domino
2300 1020 2700 1090 supplicaturus
2744 1021 3066 1091 ingreditur,
3101 1030 3465 1093 votum_suum
3502 1037 3600 1079 oo-

2025 1109 2241 1178 cupatio
2268 1108 2440 1163 aliena
2465 1125 2572 1164 non
2603 1111 2796 1165 tardet.

2604 1201 2831 1258 CAPUT
2882 1201 3010 1256 Llll.

2413 1293 2487 1347 De
2518 1294 2806 1362 hospitibus
2849 1294 3192 1363 suscipiendis

2097 1383 2290 1437 Omnes
2302 1383 2713 1452 supervenientes
2734 1384 2959 1453 hospites
2979 1393 3227 1455 tanquam
3240 1384 3475 1440 Christus
3489 1402 3603 1440 sus-

2023 1476 2318 1544 cipiantur:
2339 1475 2463 1543 quia
2489 1475 2598 1544 ipse
2622 1473 2859 1526 dicturus
2884 1483 2980 1537 est,
3006 1472 3206 1543 Hospes
3229 1475 3326 1543 fui,
3352 1485 3402 1528 et
3427 1491 3600 1530 susce-

2021 1565 2172 1633 pistis
2201 1581 2282 1616 me
2311 1563 2528 1635 (Matth.
2557 1562 2708 1633 xxv).
2734 1563 2870 1617 Hinc
2897 1571 2952 1616 et
2981 1563 3268 1631 Apostolus
3314 1580 3414 1619 nos
3462 1566 3603 1620 inter

2023 1672 2218 1712 catera
2282 1657 2532 1710 hortatur
2577 1656 2764 1710 dicens
2804 1669 2820 1708 :
2865 1654 3293 1724 Hospitalitatem
3343 1666 3601 1711 sectantes

2027 1729 2350 1821 (Romfxn).
2383 1748 2579 1803 Dicens
2606 1749 2749 1803 enim
2779 1747 3089 1802 sectandam
3117 1763 3238 1803 esse
3260 1749 3602 1817 hospitalita-

2028 1847 2157 1902 tem,
2209 1853 2316 1891 non
2361 1836 2492 1891 illud
2544 1836 2720 1891 solum
2768 1836 3030 1901 ostendit,
3077 1845 3137 1890 ut
3171 1837 3476 1892 venientem
3529 1839 3600 1891 ad

2027 1943 2125 1982 nos
2169 1927 2435 1997 hospitem
2484 1926 2862 1995 suscipiamus,
2911 1927 3005 1981 sed
3049 1935 3104 1982 et
3161 1929 3502 1996 requiramus
3546 1937 3603 1983 et

2027 2017 2247 2072 solliciti
2279 2017 2466 2082 simus,
2499 2025 2552 2071 et
2577 2025 2870 2082 sectemur,
2907 2032 2972 2072 ac
2996 2017 3374 2086 perquiramus
3402 2018 3602 2087 ubique

2027 2108 2286 2178 hospites,
2313 2123 2380 2162 ne
2399 2107 2490 2162 ubi
2510 2107 2650 2162 forte
2677 2109 2730 2162 in
2752 2107 2946 2176 plateis
2974 2109 3217 2169 sedeant.
3244 2122 3311 2162 ne
3338 2115 3490 2161 extra
3522 2117 3594 2162 te.

2025 2207 2169 2253 ctum
2209 2199 2447 2268 iaceant.
2502 2199 2809 2254 Recordare
2871 2199 3031 2266 Loth,
3074 2209 3129 2254 et
3174 2200 3417 2255 invenies
3457 2200 3600 2269 quod

2024 2307 2131 2346 non
2188 2291 2337 2345 illum
2400 2292 2671 2360 hospites,
2717 2292 2811 2345 sed
2855 2292 2970 2360 ipse
3009 2292 3282 2362 quasicrit
3321 2291 3593 2361 hospites.

2025 2389 2080 2435 et
2115 2381 2218 2435 hoc
2259 2388 2377 2434 erat
2419 2380 2842 2449 hospitalitatem
2887 2381 3104 2435 sectari.
3154 2380 3291 2435 Hinc
3328 2389 3384 2435 et
3410 2381 3603 2436 beatus

2025 2469 2331 2524 Macbarius
2357 2470 2434 2524 ait
2459 2487 2473 2522 :
2506 2467 2936 2538 Hospitalitatem
2960 2477 3229 2523 sectantes
3271 2483 3368 2537 per
3394 2469 3598 2534 omnia,

2023 2571 2078 2617 et
2105 2577 2174 2617 ne
2209 2570 2425 2618 avertas
2452 2561 2693 2626 oculum,
2742 2569 2836 2615 aut
2881 2561 3098 2615 inanem
3128 2560 3369 2616 dimittas
3395 2574 3595 2630 paupe-

2021 2667 2156 2716 rem,
2202 2667 2271 2706 ne
2320 2650 2459 2706 forte
2508 2651 2765 2706 Dominus
2792 2651 2846 2704 in
2877 2652 3088 2719 hospite
3131 2658 3224 2704 aut
3263 2649 3318 2703 in
3346 2665 3590 2720 paupere

2023 2743 2091 2798 ad
2116 2751 2168 2798 te
2193 2742 2392 2808 veniat,
2422 2750 2477 2797 et
2500 2742 2682 2796 videat
2711 2749 2763 2796 te
2800 2742 3162 2804 hasitantem,
3197 2749 3256 2796 et
3285 2750 3598 2796 mutemus-

2026 2837 2134 2902 ris;
2178 2837 2272 2892 sed
2311 2836 2561 2892 omnibus
2599 2835 2829 2890 hilarem
2871 2843 2924 2889 te
2964 2835 3210 2898 ostende,
3265 2843 3320 2888 et
3364 2832 3599 2887 ﬁdeliter

2023 2941 2140 2997 age.
2173 2926 2596 2982 Advenientibus
2617 2940 2747 2996 ergo
2771 2925 3076 2995 hospitibus
3103 2925 3300 2979 alacris
3329 2925 3602 2994 susceptio

2023 3016 2324 3072 adhibenda
2349 3023 2454 3081 est,
2483 3015 2718 3070 scientes
2744 3015 2814 3070 ob
2836 3015 2940 3069 hoc
2964 3015 3313 3070 novissimam
3339 3014 3596 3082 consequi

2023 3105 2454 3169 retributionem,
2499 3105 2716 3174 quando
2758 3103 2813 3157 in
2847 3103 3054 3174 judicio
3095 3103 3182 3157 his
3220 3103 3368 3172 quia
3392 3103 3600 3157 dextris

2023 3204 2184 3252 erunt
2207 3196 2452 3251 dicturus
2488 3203 2572 3249 est
2597 3194 2857 3248 Dominus
2883 3211 2895 3246 :
2924 3192 3126 3263 Hospes
3148 3193 3227 3263 fui
3251 3203 3298 3246 et
3321 3192 3598 3263 eollegistis

2020 3302 2102 3339 me
2121 3296 2142 3338 :
2165 3287 2290 3356 quia
2319 3284 2456 3356 quod
2489 3283 2581 3337 uni
2609 3299 2674 3338 ex
2699 3281 2933 3336 minimis
2957 3283 3087 3336 meis
3116 3281 3329 3352 fecistis,
3361 3282 3488 3335 mihi
3522 3282 3600 3352 fe-

2023 3377 2168 3430 cistis
2196 3375 2410 3447 (Matth.
2436 3374 2584 3446 xxv).

2093 3465 2161 3518 Et
2184 3465 2420 3518 omnibus
2451 3480 2712 3534 congruas
2744 3459 2912 3516 honor
2946 3463 3270 3517 exhibentur.
3312 3462 3604 3533 Congruus.

2021 3555 2223 3610 dicitur
2251 3553 2600 3618 conveniens,
2659 3561 2992 3622 competens,
3035 3551 3120 3605 vel
3147 3551 3462 3618 condignas,
3504 3552 3602 3622 qui

2024 3643 2103 3709 ﬁt,
2149 3643 2364 3712 quando
2391 3641 2682 3711 unicuique
2705 3641 2848 3711 quod
2875 3642 3094 3710 expedit
3119 3649 3174 3696 ct
3201 3642 3472 3711 quomodo
3497 3657 3604 3696 ex-

2021 3735 2171 3803 pedit
2196 3733 2543 3802 impenditur.
2575 3732 2709 3786 Nam
2741 3733 2989 3802 quamvis
3017 3748 3122 3786 una
3154 3733 3392 3788 charitas
3412 3746 3604 3788 omnes

2024 3824 2381 3894 amplectatur
2413 3823 2663 3890 interius,
2700 3825 2860 3880 aliter
2897 3824 3246 3894 pauperibus,
3287 3823 3445 3878 aliter
3469 3839 3604 3878 vero

2023 3915 2266 3970 exterius
2333 3915 2583 3984 congruit
2633 3915 2947 3968 ministrare
3013 3913 3341 3982 potentibus.
3409 3911 3602 3980 Neque

2024 4008 2167 4062 enim
2193 4007 2416 4076 aqualis
2441 4007 2692 4062 omnibus
2719 4005 3069 4075 praparanda
3099 4011 3182 4059 est
3208 4003 3397 4067 sessio,
3423 4017 3603 4070 neque

2025 4096 2248 4166 aqualis
2283 4097 2535 4152 omnibus
2560 4095 2805 4150 ciborum
2829 4095 3081 4150 convenit
3116 4094 3463 4164 praparatio,
3503 4093 3602 4148 sed

2027 4186 2318 4256 unicuique
2366 4200 2589 4242 necesse
2635 4194 2718 4240 est
2763 4202 2886 4242 cum
2937 4185 3219 4242 charitatis
3275 4185 3608 4240 discretione

2027 4279 2296 4349 congruas
2345 4277 2515 4344 locus,
2566 4293 2836 4348 congruus
2879 4279 3054 4343 cibus,
3103 4292 3373 4348 congruus
3403 4277 3604 4341 lectus,

2029 4384 2298 4440 congruus
2325 4367 2578 4424 omnibus
2617 4369 2942 4425 exhibeatur
2968 4377 3024 4424 et
3055 4370 3248 4434 honor,
3274 4378 3333 4422 ut
3362 4382 3608 4439 congrue

1955 4498 2010 4558 Β
2033 4473 2064 4511 a
2092 4459 2246 4513 nobis
2275 4457 2477 4527 recepti
2504 4459 2622 4513 sine
2652 4459 2951 4514 murmurio
2977 4457 3044 4511 ad
3075 4457 3293 4528 propria
3321 4465 3607 4512 revertan-

2035 4558 2124 4602 tur
2148 4549 2304 4605 amici

2106 4639 2339 4694 Maxime
2379 4639 2676 4694 domesticis
2707 4639 2832 4709 fidei
2861 4648 2907 4693 et
2934 4638 3237 4709 peregrinis.
3264 4636 3607 4692 Domesticos

2035 4733 2234 4788 dicitur
2261 4732 2468 4787 amicus
2498 4733 2798 4796 familiaris,
2839 4731 2924 4785 vel
2953 4730 3181 4794 sodalis;
3222 4744 3356 4798 quos
3393 4728 3604 4784 duobus

2034 4824 2207 4879 modis
2248 4823 2548 4893 intelligere
2589 4823 2868 4886 debemus,
2916 4821 3029 4875 sive
3055 4832 3243 4874 omnes
3279 4817 3606 4887 generaliter

2034 4913 2371 4968 Christianos
2400 4928 2561 4967 unam
2589 4912 2867 4966 nobiscum
2912 4910 3091 4973 ﬁdem,
3139 4923 3302 4962 unum
3343 4908 3609 4962 habentes

2031 5003 2329 5072 baptisma;
2367 5005 2480 5058 sive
2507 5001 2815 5071 specialiter
2838 5001 3154 5063 monachos,
3185 4999 3274 5067 qui
3302 4998 3458 5053 nobis
3479 5011 3605 5051 cum

2033 5069 2145 5152 Deo
2184 5097 2509 5167 peculiarem
2538 5069 2648 5149 Dei
2697 5094 2923 5160 cultum,
2972 5103 3028 5147 et
3055 5093 3327 5164 religionis
3350 5069 3638 5147 exhibent.

2034 5186 2373 5240 famulatum.
2413 5182 2736 5252 Peregrinus
2763 5183 2961 5238 dicitur
2983 5183 3037 5237 in
3067 5183 3239 5254 longa
3259 5183 3452 5253 patria
3474 5195 3604 5249 agro

2035 5279 2262 5346 positus.

2109 5366 2174 5421 Ut
2197 5384 2318 5437 ergo
2363 5368 2632 5421 nuntiatus
2679 5366 2838 5436 fuerit
2877 5367 3082 5438 hospes,
3132 5375 3438 5420 occurratur
3485 5361 3535 5414 ei
3566 5376 3600 5414 a

2035 5457 2206 5527 priore
2227 5455 2306 5509 vel
2332 5473 2364 5509 a
2391 5455 2643 5524 fratribus
2665 5473 2782 5510 cum
2807 5457 2948 5510 omni
2967 5457 3128 5526 officio
3147 5452 3435 5506 charitatis.
3461 5447 3598 5514 Quia

2036 5530 2180 5598 enim
2224 5543 2343 5598 dua
2389 5546 2456 5599 ad
2502 5546 2888 5600 monasterium
2916 5556 3158 5612 persona
3181 5538 3354 5593 solent
3379 5538 3598 5604 venire,

2039 5636 2170 5689 duas
2193 5644 2249 5687 et
2273 5634 2380 5688 illis
2403 5630 2792 5689 rationabiliter
2811 5632 2962 5700 jubet
2985 5641 3287 5683 occurrere.
3315 5624 3599 5683 Prioribus

2035 5726 2178 5780 enim
2215 5740 2431 5782 necesse
2463 5735 2546 5782 est
2575 5732 2826 5782 occurrat
2853 5722 3020 5791 prior,
3055 5718 3311 5775 fratribus
3338 5726 3591 5774 occurrat
