  <div class='ocr_page' id='page_1' title='image "/cluster/home/n/w/nwhite01/storage/ocr_20150623/102/hvd.32044052820032/451.png"; bbox 0 0 3992 6206; ppageno 0'>
   <div class='ocr_carea' id='block_1_1' title="bbox 424 364 519 419">
    <p class='ocr_par' dir='ltr' id='par_1_1' title="bbox 424 364 519 419">
     <span class='ocr_line' id='line_1_1' title="bbox 424 364 519 419; baseline -0.021 -2"><span class='ocrx_word' id='word_1_1' title='bbox 424 364 519 419; x_wconf 65' lang='grc' dir='ltr'><strong>8ἚῚ</strong></span> 
     </span>
    </p>
   </div>
   <div class='ocr_carea' id='block_1_2' title="bbox 1713 355 2388 414">
    <p class='ocr_par' dir='ltr' id='par_1_2' title="bbox 1713 355 2388 414">
     <span class='ocr_line' id='line_1_2' title="bbox 1713 355 2388 414; baseline 0 -2"><span class='ocrx_word' id='word_1_2' title='bbox 1713 355 1991 414; x_wconf 70' lang='lat' dir='ltr'><strong>SMARAG</strong></span> <span class='ocrx_word' id='word_1_3' title='bbox 2001 357 2066 410; x_wconf 86' lang='lat' dir='ltr'><strong>Dl</strong></span> <span class='ocrx_word' id='word_1_4' title='bbox 2101 357 2276 411; x_wconf 81' lang='lat' dir='ltr'><strong>ABBA</strong></span> <span class='ocrx_word' id='word_1_5' title='bbox 2285 357 2388 412; x_wconf 80' lang='lat' dir='ltr'><strong>TIS</strong></span> 
     </span>
    </p>
   </div>
   <div class='ocr_carea' id='block_1_3' title="bbox 3577 370 3675 424">
    <p class='ocr_par' dir='ltr' id='par_1_3' title="bbox 3577 370 3675 424">
     <span class='ocr_line' id='line_1_3' title="bbox 3577 370 3675 424; baseline -0.031 0"><span class='ocrx_word' id='word_1_6' title='bbox 3577 370 3675 424; x_wconf 62' lang='lat'><strong>$92</strong></span> 
     </span>
    </p>
   </div>
   <div class='ocr_carea' id='block_1_4' title="bbox 425 473 3675 551">
    <p class='ocr_par' dir='ltr' id='par_1_4' title="bbox 425 473 3675 551">
     <span class='ocr_line' id='line_1_4' title="bbox 425 473 3675 551; baseline -0.002 -15"><span class='ocrx_word' id='word_1_7' title='bbox 425 483 614 538; x_wconf 89' lang='lat' dir='ltr'><strong>frater.</strong></span> <span class='ocrx_word' id='word_1_8' title='bbox 664 478 723 536; x_wconf 87' lang='lat' dir='ltr'><strong>Si</strong></span> <span class='ocrx_word' id='word_1_9' title='bbox 751 481 894 535; x_wconf 89' lang='lat' dir='ltr'><strong>enim</strong></span> <span class='ocrx_word' id='word_1_10' title='bbox 929 478 1076 533; x_wconf 89' lang='lat' dir='ltr'><strong>venit</strong></span> <span class='ocrx_word' id='word_1_11' title='bbox 1114 493 1230 542; x_wconf 79' lang='lat' dir='ltr'><strong>rex,</strong></span> <span class='ocrx_word' id='word_1_12' title='bbox 1260 477 1563 546; x_wconf 88' lang='lat' dir='ltr'><strong>episcopus,</strong></span> <span class='ocrx_word' id='word_1_13' title='bbox 1589 485 1685 531; x_wconf 89' lang='lat' dir='ltr'><strong>aut</strong></span> <span class='ocrx_word' id='word_1_14' title='bbox 1712 475 1913 550; x_wconf 80' lang='lat' dir='ltr'><strong>aliquis</strong></span> <span class='ocrx_word' id='word_1_15' title='bbox 1933 474 1999 528; x_wconf 90' lang='lat' dir='ltr'><strong>de</strong></span> <span class='ocrx_word' id='word_1_16' title='bbox 2027 474 2080 534; x_wconf 77' lang='grc' dir='ltr'><strong>Α</strong></span> <span class='ocrx_word' id='word_1_17' title='bbox 2105 473 2231 529; x_wconf 85' lang='lat' dir='ltr'><strong>tatis</strong></span> <span class='ocrx_word' id='word_1_18' title='bbox 2266 482 2322 529; x_wconf 89' lang='lat' dir='ltr'><strong>et</strong></span> <span class='ocrx_word' id='word_1_19' title='bbox 2369 473 2782 530; x_wconf 86' lang='lat' dir='ltr'><strong>ministratiouis</strong></span> <span class='ocrx_word' id='word_1_20' title='bbox 2805 477 3062 548; x_wconf 86' lang='lat' dir='ltr'><strong>obsequia</strong></span> <span class='ocrx_word' id='word_1_21' title='bbox 3105 487 3233 534; x_wconf 87' lang='lat' dir='ltr'><strong>sunt</strong></span> <span class='ocrx_word' id='word_1_22' title='bbox 3269 483 3580 551; x_wconf 63' lang='lat' dir='ltr'><strong>praebenda,</strong></span> <span class='ocrx_word' id='word_1_23' title='bbox 3620 496 3675 540; x_wconf 70' lang='grc' dir='ltr'><strong>ει</strong></span> 
     </span>
    </p>
   </div>
   <div class='ocr_carea' id='block_1_5' title="bbox 427 568 1998 643">
    <p class='ocr_par' dir='ltr' id='par_1_5' title="bbox 427 568 1998 643">
     <span class='ocr_line' id='line_1_5' title="bbox 427 568 1998 643; baseline -0.006 -12"><span class='ocrx_word' id='word_1_24' title='bbox 427 591 640 631; x_wconf 88' lang='lat' dir='ltr'><strong>summo</strong></span> <span class='ocrx_word' id='word_1_25' title='bbox 665 573 816 643; x_wconf 84' lang='lat' dir='ltr'><strong>apice</strong></span> <span class='ocrx_word' id='word_1_26' title='bbox 841 580 1232 642; x_wconf 75' lang='lat' dir='ltr'><strong>potens,exeat</strong></span> <span class='ocrx_word' id='word_1_27' title='bbox 1256 571 1332 624; x_wconf 88' lang='lat' dir='ltr'><strong>illi</strong></span> <span class='ocrx_word' id='word_1_28' title='bbox 1356 570 1568 626; x_wconf 84' lang='lat' dir='ltr'><strong>obviam</strong></span> <span class='ocrx_word' id='word_1_29' title='bbox 1595 568 1781 625; x_wconf 84' lang='lat' dir='ltr'><strong>abbas.</strong></span> <span class='ocrx_word' id='word_1_30' title='bbox 1812 569 1874 626; x_wconf 88' lang='lat' dir='ltr'><strong>Si</strong></span> <span class='ocrx_word' id='word_1_31' title='bbox 1903 585 1998 623; x_wconf 75' lang='lat' dir='ltr'><strong>au—</strong></span> 
     </span>
    </p>
   </div>
   <div class='ocr_carea' id='block_1_6' title="bbox 427 659 1672 724">
    <p class='ocr_par' dir='ltr' id='par_1_6' title="bbox 427 659 1672 724">
     <span class='ocr_line' id='line_1_6' title="bbox 427 659 1672 724; baseline -0.005 -6"><span class='ocrx_word' id='word_1_32' title='bbox 427 674 536 718; x_wconf 86' lang='lat' dir='ltr'><strong>tem</strong></span> <span class='ocrx_word' id='word_1_33' title='bbox 563 661 772 720; x_wconf 86' lang='lat' dir='ltr'><strong>venerit</strong></span> <span class='ocrx_word' id='word_1_34' title='bbox 801 661 956 724; x_wconf 87' lang='lat' dir='ltr'><strong>alter,</strong></span> <span class='ocrx_word' id='word_1_35' title='bbox 987 661 1201 715; x_wconf 80' lang='lat' dir='ltr'><strong>obviam</strong></span> <span class='ocrx_word' id='word_1_36' title='bbox 1230 659 1304 713; x_wconf 88' lang='lat' dir='ltr'><strong>illi</strong></span> <span class='ocrx_word' id='word_1_37' title='bbox 1333 669 1492 714; x_wconf 75' lang='lat' dir='ltr'><strong>exeat</strong></span> <span class='ocrx_word' id='word_1_38' title='bbox 1516 659 1672 713; x_wconf 87' lang='lat' dir='ltr'><strong>alter.</strong></span> 
     </span>
    </p>
   </div>
   <div class='ocr_carea' id='block_1_7' title="bbox 497 750 1996 824">
    <p class='ocr_par' dir='ltr' id='par_1_7' title="bbox 497 750 1996 824">
     <span class='ocr_line' id='line_1_7' title="bbox 497 750 1996 824; baseline -0.004 -16"><span class='ocrx_word' id='word_1_39' title='bbox 497 753 568 808; x_wconf 84' lang='lat' dir='ltr'><strong>Et</strong></span> <span class='ocrx_word' id='word_1_40' title='bbox 596 752 836 824; x_wconf 73' lang='lat' dir='ltr'><strong>primitus</strong></span> <span class='ocrx_word' id='word_1_41' title='bbox 867 761 1013 805; x_wconf 87' lang='lat' dir='ltr'><strong>orent</strong></span> <span class='ocrx_word' id='word_1_42' title='bbox 1039 750 1256 820; x_wconf 87' lang='lat' dir='ltr'><strong>pariter,</strong></span> <span class='ocrx_word' id='word_1_43' title='bbox 1301 759 1346 803; x_wconf 89' lang='lat' dir='ltr'><strong>et</strong></span> <span class='ocrx_word' id='word_1_44' title='bbox 1393 751 1466 803; x_wconf 86' lang='lat' dir='ltr'><strong>sic</strong></span> <span class='ocrx_word' id='word_1_45' title='bbox 1511 750 1609 804; x_wconf 86' lang='lat' dir='ltr'><strong>sibi</strong></span> <span class='ocrx_word' id='word_1_46' title='bbox 1653 751 1996 804; x_wconf 87' lang='lat' dir='ltr'><strong>socienturin</strong></span> 
     </span>
    </p>
   </div>
   <div class='ocr_carea' id='block_1_8' title="bbox 428 839 2000 914">
    <p class='ocr_par' dir='ltr' id='par_1_8' title="bbox 428 839 2000 914">
     <span class='ocr_line' id='line_1_8' title="bbox 428 839 2000 914; baseline -0.004 -16"><span class='ocrx_word' id='word_1_47' title='bbox 428 862 572 914; x_wconf 86' lang='lat' dir='ltr'><strong>pace.</strong></span> <span class='ocrx_word' id='word_1_48' title='bbox 625 844 686 897; x_wconf 85' lang='lat' dir='ltr'><strong>In</strong></span> <span class='ocrx_word' id='word_1_49' title='bbox 713 858 845 913; x_wconf 91' lang='lat' dir='ltr'><strong>pace</strong></span> <span class='ocrx_word' id='word_1_50' title='bbox 875 842 1027 906; x_wconf 92' lang='lat' dir='ltr'><strong>dicit,</strong></span> <span class='ocrx_word' id='word_1_51' title='bbox 1073 841 1126 895; x_wconf 96' lang='lat' dir='ltr'><strong>id</strong></span> <span class='ocrx_word' id='word_1_52' title='bbox 1155 847 1259 904; x_wconf 88' lang='lat' dir='ltr'><strong>est,</strong></span> <span class='ocrx_word' id='word_1_53' title='bbox 1306 841 1359 893; x_wconf 88' lang='lat' dir='ltr'><strong>in</strong></span> <span class='ocrx_word' id='word_1_54' title='bbox 1397 840 1583 895; x_wconf 90' lang='lat' dir='ltr'><strong>osculo</strong></span> <span class='ocrx_word' id='word_1_55' title='bbox 1607 841 1774 909; x_wconf 84' lang='lat' dir='ltr'><strong>pacis.</strong></span> <span class='ocrx_word' id='word_1_56' title='bbox 1807 839 2000 894; x_wconf 84' lang='lat' dir='ltr'><strong>Pacili-</strong></span> 
     </span>
    </p>
   </div>
   <div class='ocr_carea' id='block_1_9' title="bbox 429 931 1999 1002">
    <p class='ocr_par' dir='ltr' id='par_1_9' title="bbox 429 931 1999 1002">
     <span class='ocr_line' id='line_1_9' title="bbox 429 931 1999 1002; baseline -0.003 -12"><span class='ocrx_word' id='word_1_57' title='bbox 429 951 524 990; x_wconf 87' lang='lat' dir='ltr'><strong>cos</strong></span> <span class='ocrx_word' id='word_1_58' title='bbox 551 935 697 988; x_wconf 88' lang='lat' dir='ltr'><strong>enim</strong></span> <span class='ocrx_word' id='word_1_59' title='bbox 734 941 948 1002; x_wconf 75' lang='lat' dir='ltr'><strong>oportet</strong></span> <span class='ocrx_word' id='word_1_60' title='bbox 979 948 1119 997; x_wconf 89' lang='lat' dir='ltr'><strong>esse,</strong></span> <span class='ocrx_word' id='word_1_61' title='bbox 1149 940 1208 986; x_wconf 90' lang='lat' dir='ltr'><strong>et</strong></span> <span class='ocrx_word' id='word_1_62' title='bbox 1228 931 1444 986; x_wconf 84' lang='lat' dir='ltr'><strong>sibimet</strong></span> <span class='ocrx_word' id='word_1_63' title='bbox 1471 931 1700 985; x_wconf 83' lang='lat' dir='ltr'><strong>invicem</strong></span> <span class='ocrx_word' id='word_1_64' title='bbox 1729 931 1782 984; x_wconf 90' lang='lat' dir='ltr'><strong>in</strong></span> <span class='ocrx_word' id='word_1_65' title='bbox 1814 931 1999 985; x_wconf 88' lang='lat' dir='ltr'><strong>osculo</strong></span> 
     </span>
    </p>
   </div>
   <div class='ocr_carea' id='block_1_10' title="bbox 429 1022 1994 1094">
    <p class='ocr_par' dir='ltr' id='par_1_10' title="bbox 429 1022 1994 1094">
     <span class='ocr_line' id='line_1_10' title="bbox 429 1022 1994 1094; baseline -0.002 -15"><span class='ocrx_word' id='word_1_66' title='bbox 429 1034 618 1081; x_wconf 85' lang='lat' dir='ltr'><strong>sancto</strong></span> <span class='ocrx_word' id='word_1_67' title='bbox 640 1026 836 1082; x_wconf 86' lang='lat' dir='ltr'><strong>sociari</strong></span> <span class='ocrx_word' id='word_1_68' title='bbox 859 1032 1073 1094; x_wconf 86' lang='lat' dir='ltr'><strong>oportet</strong></span> <span class='ocrx_word' id='word_1_69' title='bbox 1101 1024 1237 1078; x_wconf 85' lang='lat' dir='ltr'><strong>filios</strong></span> <span class='ocrx_word' id='word_1_70' title='bbox 1263 1025 1432 1093; x_wconf 82' lang='lat' dir='ltr'><strong>pacis.</strong></span> <span class='ocrx_word' id='word_1_71' title='bbox 1467 1022 1619 1078; x_wconf 86' lang='lat' dir='ltr'><strong>Unde</strong></span> <span class='ocrx_word' id='word_1_72' title='bbox 1639 1032 1694 1078; x_wconf 88' lang='lat' dir='ltr'><strong>et</strong></span> <span class='ocrx_word' id='word_1_73' title='bbox 1717 1025 1994 1093; x_wconf 88' lang='lat' dir='ltr'><strong>sequitur:</strong></span> 
     </span>
    </p>
   </div>
   <div class='ocr_carea' id='block_1_11' title="bbox 502 1115 2000 1186">
    <p class='ocr_par' dir='ltr' id='par_1_11' title="bbox 502 1115 2000 1186">
     <span class='ocr_line' id='line_1_11' title="bbox 502 1115 2000 1186; baseline -0.001 -17"><span class='ocrx_word' id='word_1_74' title='bbox 502 1115 656 1181; x_wconf 85' lang='lat' dir='ltr'><strong>Quod</strong></span> <span class='ocrx_word' id='word_1_75' title='bbox 666 1118 812 1186; x_wconf 82' lang='lat' dir='ltr'><strong>pacis</strong></span> <span class='ocrx_word' id='word_1_76' title='bbox 834 1115 1066 1170; x_wconf 81' lang='lat' dir='ltr'><strong>osculum</strong></span> <span class='ocrx_word' id='word_1_77' title='bbox 1089 1132 1191 1168; x_wconf 86' lang='lat' dir='ltr'><strong>non</strong></span> <span class='ocrx_word' id='word_1_78' title='bbox 1213 1116 1358 1185; x_wconf 84' lang='lat' dir='ltr'><strong>prius</strong></span> <span class='ocrx_word' id='word_1_79' title='bbox 1374 1116 1628 1184; x_wconf 73' lang='lat' dir='ltr'><strong>o/feratur</strong></span> <span class='ocrx_word' id='word_1_80' title='bbox 1643 1115 1743 1168; x_wconf 86' lang='lat' dir='ltr'><strong>nisi</strong></span> <span class='ocrx_word' id='word_1_81' title='bbox 1765 1115 2000 1168; x_wconf 87' lang='lat' dir='ltr'><strong>oratione</strong></span> 
     </span>
    </p>
   </div>
   <div class='ocr_carea' id='block_1_12' title="bbox 427 1205 1998 1277">
    <p class='ocr_par' dir='ltr' id='par_1_12' title="bbox 427 1205 1998 1277">
     <span class='ocr_line' id='line_1_12' title="bbox 427 1205 1998 1277; baseline 0 -19"><span class='ocrx_word' id='word_1_82' title='bbox 427 1207 714 1277; x_wconf 57' lang='lat' dir='ltr'><strong>pra’missa,</strong></span> <span class='ocrx_word' id='word_1_83' title='bbox 742 1216 952 1277; x_wconf 88' lang='lat' dir='ltr'><strong>prapter</strong></span> <span class='ocrx_word' id='word_1_84' title='bbox 979 1205 1248 1260; x_wconf 85' lang='lat' dir='ltr'><strong>illusiones</strong></span> <span class='ocrx_word' id='word_1_85' title='bbox 1279 1206 1584 1259; x_wconf 87' lang='lat' dir='ltr'><strong>diabolicas.</strong></span> <span class='ocrx_word' id='word_1_86' title='bbox 1618 1207 1674 1259; x_wconf 71' lang='lat' dir='ltr'><strong>bl</strong></span> <span class='ocrx_word' id='word_1_87' title='bbox 1702 1205 1846 1259; x_wconf 85' lang='lat' dir='ltr'><strong>enim</strong></span> <span class='ocrx_word' id='word_1_88' title='bbox 1875 1221 1998 1259; x_wconf 89' lang='lat' dir='ltr'><strong>cum</strong></span> 
     </span>
    </p>
   </div>
   <div class='ocr_carea' id='block_1_13' title="bbox 429 1295 2001 1366">
    <p class='ocr_par' dir='ltr' id='par_1_13' title="bbox 429 1295 2001 1366">
     <span class='ocr_line' id='line_1_13' title="bbox 429 1295 2001 1366; baseline -0.001 -16"><span class='ocrx_word' id='word_1_89' title='bbox 429 1297 501 1351; x_wconf 86' lang='lat' dir='ltr'><strong>sit</strong></span> <span class='ocrx_word' id='word_1_90' title='bbox 529 1297 770 1351; x_wconf 85' lang='lat' dir='ltr'><strong>diabolus</strong></span> <span class='ocrx_word' id='word_1_91' title='bbox 797 1297 1133 1362; x_wconf 84' lang='lat' dir='ltr'><strong>tenebrosus,</strong></span> <span class='ocrx_word' id='word_1_92' title='bbox 1175 1295 1544 1366; x_wconf 82' lang='lat' dir='ltr'><strong>transﬁgurari</strong></span> <span class='ocrx_word' id='word_1_93' title='bbox 1582 1295 1724 1349; x_wconf 86' lang='lat' dir='ltr'><strong>valet</strong></span> <span class='ocrx_word' id='word_1_94' title='bbox 1755 1297 1808 1348; x_wconf 91' lang='lat' dir='ltr'><strong>in</strong></span> <span class='ocrx_word' id='word_1_95' title='bbox 1839 1310 2001 1363; x_wconf 79' lang='lat' dir='ltr'><strong>ange-</strong></span> 
     </span>
    </p>
   </div>
   <div class='ocr_carea' id='block_1_14' title="bbox 428 1385 2000 1454">
    <p class='ocr_par' dir='ltr' id='par_1_14' title="bbox 428 1385 2000 1454">
     <span class='ocr_line' id='line_1_14' title="bbox 428 1385 2000 1454; baseline 0.001 -16"><span class='ocrx_word' id='word_1_96' title='bbox 428 1385 540 1440; x_wconf 93' lang='lat' dir='ltr'><strong>lum</strong></span> <span class='ocrx_word' id='word_1_97' title='bbox 571 1385 723 1450; x_wconf 89' lang='lat' dir='ltr'><strong>lucis,</strong></span> <span class='ocrx_word' id='word_1_98' title='bbox 753 1386 898 1440; x_wconf 85' lang='lat' dir='ltr'><strong>valet</strong></span> <span class='ocrx_word' id='word_1_99' title='bbox 927 1387 1110 1454; x_wconf 88' lang='lat' dir='ltr'><strong>utique</strong></span> <span class='ocrx_word' id='word_1_100' title='bbox 1142 1387 1516 1441; x_wconf 83' lang='lat' dir='ltr'><strong>transformari</strong></span> <span class='ocrx_word' id='word_1_101' title='bbox 1547 1387 1680 1439; x_wconf 90' lang='lat' dir='ltr'><strong>etin</strong></span> <span class='ocrx_word' id='word_1_102' title='bbox 1707 1400 2000 1454; x_wconf 86' lang='lat' dir='ltr'><strong>personam</strong></span> 
     </span>
    </p>
   </div>
   <div class='ocr_carea' id='block_1_15' title="bbox 431 1475 2001 1546">
    <p class='ocr_par' dir='ltr' id='par_1_15' title="bbox 431 1475 2001 1546">
     <span class='ocr_line' id='line_1_15' title="bbox 431 1475 2001 1546; baseline -0.001 -15"><span class='ocrx_word' id='word_1_103' title='bbox 431 1477 682 1545; x_wconf 85' lang='lat' dir='ltr'><strong>hospitis,</strong></span> <span class='ocrx_word' id='word_1_104' title='bbox 727 1479 870 1545; x_wconf 90' lang='lat' dir='ltr'><strong>quod</strong></span> <span class='ocrx_word' id='word_1_105' title='bbox 912 1477 1112 1531; x_wconf 79' lang='lat' dir='ltr'><strong>factum</strong></span> <span class='ocrx_word' id='word_1_106' title='bbox 1137 1477 1249 1546; x_wconf 88' lang='lat' dir='ltr'><strong>jam</strong></span> <span class='ocrx_word' id='word_1_107' title='bbox 1291 1476 1458 1531; x_wconf 89' lang='lat' dir='ltr'><strong>fuisse</strong></span> <span class='ocrx_word' id='word_1_108' title='bbox 1487 1484 1542 1530; x_wconf 90' lang='lat' dir='ltr'><strong>et</strong></span> <span class='ocrx_word' id='word_1_109' title='bbox 1583 1477 1636 1530; x_wconf 92' lang='lat' dir='ltr'><strong>in</strong></span> <span class='ocrx_word' id='word_1_110' title='bbox 1678 1475 1902 1545; x_wconf 74' lang='lat' dir='ltr'><strong>dialogis</strong></span> <span class='ocrx_word' id='word_1_111' title='bbox 1943 1481 2001 1530; x_wconf 87' lang='lat' dir='ltr'><strong>et</strong></span> 
     </span>
    </p>
   </div>
   <div class='ocr_carea' id='block_1_16' title="bbox 433 1568 2000 1639">
    <p class='ocr_par' dir='ltr' id='par_1_16' title="bbox 433 1568 2000 1639">
     <span class='ocr_line' id='line_1_16' title="bbox 433 1568 2000 1639; baseline 0.002 -18"><span class='ocrx_word' id='word_1_112' title='bbox 433 1568 488 1621; x_wconf 90' lang='lat' dir='ltr'><strong>in</strong></span> <span class='ocrx_word' id='word_1_113' title='bbox 524 1569 658 1623; x_wconf 80' lang='lat' dir='ltr'><strong>Vitis</strong></span> <span class='ocrx_word' id='word_1_114' title='bbox 687 1568 883 1639; x_wconf 82' lang='lat' dir='ltr'><strong>legitur</strong></span> <span class='ocrx_word' id='word_1_115' title='bbox 923 1570 1168 1623; x_wconf 84' lang='lat' dir='ltr'><strong>Patrum.</strong></span> <span class='ocrx_word' id='word_1_116' title='bbox 1205 1569 1333 1635; x_wconf 74' lang='lat' dir='ltr'><strong>Qua:</strong></span> <span class='ocrx_word' id='word_1_117' title='bbox 1383 1570 1778 1638; x_wconf 84' lang='lat' dir='ltr'><strong>phantasmatis</strong></span> <span class='ocrx_word' id='word_1_118' title='bbox 1823 1569 2000 1624; x_wconf 84' lang='lat' dir='ltr'><strong>illusio</strong></span> 
     </span>
    </p>
   </div>
   <div class='ocr_carea' id='block_1_17' title="bbox 429 1661 1996 1731">
    <p class='ocr_par' dir='ltr' id='par_1_17' title="bbox 429 1661 1996 1731">
     <span class='ocr_line' id='line_1_17' title="bbox 429 1661 1996 1731; baseline 0.002 -18"><span class='ocrx_word' id='word_1_119' title='bbox 429 1668 578 1714; x_wconf 87' lang='lat' dir='ltr'><strong>stare</strong></span> <span class='ocrx_word' id='word_1_120' title='bbox 624 1676 926 1730; x_wconf 88' lang='lat' dir='ltr'><strong>nocereqne</strong></span> <span class='ocrx_word' id='word_1_121' title='bbox 973 1677 1080 1715; x_wconf 90' lang='lat' dir='ltr'><strong>non</strong></span> <span class='ocrx_word' id='word_1_122' title='bbox 1125 1661 1288 1724; x_wconf 90' lang='lat' dir='ltr'><strong>valet,</strong></span> <span class='ocrx_word' id='word_1_123' title='bbox 1332 1661 1377 1716; x_wconf 89' lang='lat' dir='ltr'><strong>si</strong></span> <span class='ocrx_word' id='word_1_124' title='bbox 1422 1661 1598 1715; x_wconf 86' lang='lat' dir='ltr'><strong>oratio</strong></span> <span class='ocrx_word' id='word_1_125' title='bbox 1641 1669 1888 1731; x_wconf 84' lang='lat' dir='ltr'><strong>prompta</strong></span> <span class='ocrx_word' id='word_1_126' title='bbox 1932 1678 1996 1716; x_wconf 79' lang='lat' dir='ltr'><strong>ex</strong></span> 
     </span>
    </p>
   </div>
   <div class='ocr_carea' id='block_1_18' title="bbox 429 1736 1790 1820">
    <p class='ocr_par' dir='ltr' id='par_1_18' title="bbox 429 1736 1790 1820">
     <span class='ocr_line' id='line_1_18' title="bbox 429 1736 1790 1820; baseline 0.001 -18"><span class='ocrx_word' id='word_1_127' title='bbox 429 1749 596 1803; x_wconf 86' lang='lat' dir='ltr'><strong>corde</strong></span> <span class='ocrx_word' id='word_1_128' title='bbox 617 1750 788 1802; x_wconf 89' lang='lat' dir='ltr'><strong>sancti</strong></span> <span class='ocrx_word' id='word_1_129' title='bbox 826 1751 1077 1804; x_wconf 83' lang='lat' dir='ltr'><strong>monachi</strong></span> <span class='ocrx_word' id='word_1_130' title='bbox 1107 1751 1368 1820; x_wconf 86' lang='lat' dir='ltr'><strong>procedit.</strong></span> <span class='ocrx_word' id='word_1_131' title='bbox 1767 1736 1790 1760; x_wconf 64' lang='grc'>⁸</span> 
     </span>
    </p>
   </div>
   <div class='ocr_carea' id='block_1_19' title="bbox 2108 565 3675 638">
    <p class='ocr_par' dir='ltr' id='par_1_19' title="bbox 2108 565 3675 638">
     <span class='ocr_line' id='line_1_19' title="bbox 2108 565 3675 638; baseline 0.008 -21"><span class='ocrx_word' id='word_1_132' title='bbox 2108 565 2177 618; x_wconf 88' lang='lat' dir='ltr'><strong>ad</strong></span> <span class='ocrx_word' id='word_1_133' title='bbox 2225 580 2505 634; x_wconf 87' lang='lat' dir='ltr'><strong>vesperum</strong></span> <span class='ocrx_word' id='word_1_134' title='bbox 2552 565 2761 621; x_wconf 84' lang='lat' dir='ltr'><strong>lavandi</strong></span> <span class='ocrx_word' id='word_1_135' title='bbox 2803 569 2988 638; x_wconf 81' lang='lat' dir='ltr'><strong>pedes,</strong></span> <span class='ocrx_word' id='word_1_136' title='bbox 3024 578 3080 624; x_wconf 92' lang='lat' dir='ltr'><strong>et</strong></span> <span class='ocrx_word' id='word_1_137' title='bbox 3106 571 3150 624; x_wconf 89' lang='lat' dir='ltr'><strong>si</strong></span> <span class='ocrx_word' id='word_1_138' title='bbox 3193 586 3258 625; x_wconf 80' lang='lat' dir='ltr'><strong>ex</strong></span> <span class='ocrx_word' id='word_1_139' title='bbox 3309 572 3506 627; x_wconf 86' lang='lat' dir='ltr'><strong>itinere</strong></span> <span class='ocrx_word' id='word_1_140' title='bbox 3553 585 3675 630; x_wconf 86' lang='lat' dir='ltr'><strong>sunt</strong></span> 
     </span>
    </p>
   </div>
   <div class='ocr_carea' id='block_1_20' title="bbox 2051 652 3668 728">
    <p class='ocr_par' dir='ltr' id='par_1_20' title="bbox 2051 652 3668 728">
     <span class='ocr_line' id='line_1_20' title="bbox 2051 652 3668 728; baseline 0.01 -23"><span class='ocrx_word' id='word_1_141' title='bbox 2051 679 2058 686; x_wconf 89' lang='lat'><strong>-</strong></span> <span class='ocrx_word' id='word_1_142' title='bbox 2097 652 2351 720; x_wconf 88' lang='lat' dir='ltr'><strong>confecti,</strong></span> <span class='ocrx_word' id='word_1_143' title='bbox 2382 655 2501 711; x_wconf 89' lang='lat' dir='ltr'><strong>oleo</strong></span> <span class='ocrx_word' id='word_1_144' title='bbox 2551 659 2881 728; x_wconf 84' lang='lat' dir='ltr'><strong>perungendi</strong></span> <span class='ocrx_word' id='word_1_145' title='bbox 2919 669 3066 724; x_wconf 87' lang='lat' dir='ltr'><strong>sunt,</strong></span> <span class='ocrx_word' id='word_1_146' title='bbox 3095 661 3338 728; x_wconf 88' lang='lat' dir='ltr'><strong>lectaria,</strong></span> <span class='ocrx_word' id='word_1_147' title='bbox 3369 663 3589 720; x_wconf 87' lang='lat' dir='ltr'><strong>lucerna</strong></span> <span class='ocrx_word' id='word_1_148' title='bbox 3614 677 3668 721; x_wconf 88' lang='lat' dir='ltr'><strong>et</strong></span> 
     </span>
    </p>
   </div>
   <div class='ocr_carea' id='block_1_21' title="bbox 2096 746 3663 824">
    <p class='ocr_par' dir='ltr' id='par_1_21' title="bbox 2096 746 3663 824">
     <span class='ocr_line' id='line_1_21' title="bbox 2096 746 3663 824; baseline 0.008 -25"><span class='ocrx_word' id='word_1_149' title='bbox 2096 755 2338 801; x_wconf 76' lang='lat' dir='ltr'><strong>extrema</strong></span> <span class='ocrx_word' id='word_1_150' title='bbox 2365 746 2544 801; x_wconf 88' lang='lat' dir='ltr'><strong>mollia</strong></span> <span class='ocrx_word' id='word_1_151' title='bbox 2571 748 2894 815; x_wconf 81' lang='lat' dir='ltr'><strong>exhibenda,</strong></span> <span class='ocrx_word' id='word_1_152' title='bbox 2925 766 2990 804; x_wconf 89' lang='lat' dir='ltr'><strong>ac</strong></span> <span class='ocrx_word' id='word_1_153' title='bbox 3016 752 3489 819; x_wconf 72' lang='lat' dir='ltr'><strong>proficiscentibus</strong></span> <span class='ocrx_word' id='word_1_154' title='bbox 3510 755 3663 824; x_wconf 79' lang='lat' dir='ltr'><strong>juxta</strong></span> 
     </span>
    </p>
   </div>
   <div class='ocr_carea' id='block_1_22' title="bbox 2096 838 3292 910">
    <p class='ocr_par' dir='ltr' id='par_1_22' title="bbox 2096 838 3292 910">
     <span class='ocr_line' id='line_1_22' title="bbox 2096 838 3292 910; baseline 0.005 -22"><span class='ocrx_word' id='word_1_155' title='bbox 2096 852 2315 906; x_wconf 75' lang='lat' dir='ltr'><strong>pensum</strong></span> <span class='ocrx_word' id='word_1_156' title='bbox 2343 838 2573 894; x_wconf 74' lang='lat' dir='ltr'><strong>coenohii</strong></span> <span class='ocrx_word' id='word_1_157' title='bbox 2601 839 2858 894; x_wconf 88' lang='lat' dir='ltr'><strong>viaticum</strong></span> <span class='ocrx_word' id='word_1_158' title='bbox 2885 841 3292 910; x_wconf 85' lang='lat' dir='ltr'><strong>imponendum.</strong></span> 
     </span>
    </p>
   </div>
   <div class='ocr_carea' id='block_1_23' title="bbox 2169 926 3668 1006">
    <p class='ocr_par' dir='ltr' id='par_1_23' title="bbox 2169 926 3668 1006">
     <span class='ocr_line' id='line_1_23' title="bbox 2169 926 3668 1006; baseline 0.009 -28"><span class='ocrx_word' id='word_1_159' title='bbox 2169 926 2370 991; x_wconf 79' lang='lat' dir='ltr'><strong>Quibus</strong></span> <span class='ocrx_word' id='word_1_160' title='bbox 2436 928 2556 984; x_wconf 92' lang='lat' dir='ltr'><strong>lotis</strong></span> <span class='ocrx_word' id='word_1_161' title='bbox 2603 931 2740 984; x_wconf 89' lang='lat' dir='ltr'><strong>hunc</strong></span> <span class='ocrx_word' id='word_1_162' title='bbox 2792 948 2998 986; x_wconf 82' lang='lat' dir='ltr'><strong>versum</strong></span> <span class='ocrx_word' id='word_1_163' title='bbox 3047 933 3280 986; x_wconf 87' lang='lat' dir='ltr'><strong>dicunt:</strong></span> <span class='ocrx_word' id='word_1_164' title='bbox 3314 934 3668 1006; x_wconf 76' lang='lat' dir='ltr'><strong>Suscepimus,</strong></span> 
     </span>
    </p>
   </div>
   <div class='ocr_carea' id='block_1_24' title="bbox 2097 1018 3666 1096">
    <p class='ocr_par' dir='ltr' id='par_1_24' title="bbox 2097 1018 3666 1096">
     <span class='ocr_line' id='line_1_24' title="bbox 2097 1018 3666 1096; baseline 0.006 -25"><span class='ocrx_word' id='word_1_165' title='bbox 2097 1018 2260 1082; x_wconf 68' lang='lat' dir='ltr'><strong>licus,</strong></span> <span class='ocrx_word' id='word_1_166' title='bbox 2293 1021 2708 1075; x_wconf 88' lang='lat' dir='ltr'><strong>misericordiam</strong></span> <span class='ocrx_word' id='word_1_167' title='bbox 2736 1033 2882 1076; x_wconf 90' lang='lat' dir='ltr'><strong>tuam</strong></span> <span class='ocrx_word' id='word_1_168' title='bbox 2910 1024 2964 1076; x_wconf 88' lang='lat' dir='ltr'><strong>in</strong></span> <span class='ocrx_word' id='word_1_169' title='bbox 2993 1024 3162 1076; x_wconf 87' lang='lat' dir='ltr'><strong>medio</strong></span> <span class='ocrx_word' id='word_1_170' title='bbox 3187 1025 3363 1094; x_wconf 78' lang='lat' dir='ltr'><strong>templi</strong></span> <span class='ocrx_word' id='word_1_171' title='bbox 3387 1028 3465 1080; x_wconf 83' lang='lat' dir='ltr'><strong>tui</strong></span> <span class='ocrx_word' id='word_1_172' title='bbox 3497 1025 3666 1096; x_wconf 79' lang='lat' dir='ltr'><strong>(Psal.</strong></span> 
     </span>
    </p>
   </div>
   <div class='ocr_carea' id='block_1_25' title="bbox 2099 1108 3672 1185">
    <p class='ocr_par' dir='ltr' id='par_1_25' title="bbox 2099 1108 3672 1185">
     <span class='ocr_line' id='line_1_25' title="bbox 2099 1108 3672 1185; baseline 0.007 -24"><span class='ocrx_word' id='word_1_173' title='bbox 2099 1108 2285 1181; x_wconf 65' lang='lat' dir='ltr'><strong>xnvn).</strong></span> <span class='ocrx_word' id='word_1_174' title='bbox 2323 1108 2401 1166; x_wconf 85' lang='lat' dir='ltr'><strong>Ac</strong></span> <span class='ocrx_word' id='word_1_175' title='bbox 2440 1110 2484 1164; x_wconf 88' lang='lat' dir='ltr'><strong>si</strong></span> <span class='ocrx_word' id='word_1_176' title='bbox 2517 1111 2659 1165; x_wconf 84' lang='lat' dir='ltr'><strong>dicat</strong></span> <span class='ocrx_word' id='word_1_177' title='bbox 2686 1129 2699 1163; x_wconf 88' lang='lat'>:</span> <span class='ocrx_word' id='word_1_178' title='bbox 2739 1111 3091 1182; x_wconf 87' lang='lat' dir='ltr'><strong>Suscepimus</strong></span> <span class='ocrx_word' id='word_1_179' title='bbox 3119 1114 3173 1166; x_wconf 89' lang='lat' dir='ltr'><strong>in</strong></span> <span class='ocrx_word' id='word_1_180' title='bbox 3205 1115 3306 1168; x_wconf 85' lang='lat' dir='ltr'><strong>isto</strong></span> <span class='ocrx_word' id='word_1_181' title='bbox 3333 1115 3545 1185; x_wconf 83' lang='lat' dir='ltr'><strong>hospite</strong></span> <span class='ocrx_word' id='word_1_182' title='bbox 3573 1119 3672 1171; x_wconf 91' lang='lat' dir='ltr'><strong>mi-</strong></span> 
     </span>
    </p>
   </div>
   <div class='ocr_carea' id='block_1_26' title="bbox 2098 1199 3668 1274">
    <p class='ocr_par' dir='ltr' id='par_1_26' title="bbox 2098 1199 3668 1274">
     <span class='ocr_line' id='line_1_26' title="bbox 2098 1199 3668 1274; baseline 0.004 -21"><span class='ocrx_word' id='word_1_183' title='bbox 2098 1199 2407 1254; x_wconf 71' lang='lat' dir='ltr'><strong>sericordia:</strong></span> <span class='ocrx_word' id='word_1_184' title='bbox 2445 1208 2549 1254; x_wconf 63' lang='lat' dir='ltr'><strong>tua:</strong></span> <span class='ocrx_word' id='word_1_185' title='bbox 2596 1201 2957 1254; x_wconf 88' lang='lat' dir='ltr'><strong>visitationem</strong></span> <span class='ocrx_word' id='word_1_186' title='bbox 2994 1203 3047 1256; x_wconf 90' lang='lat' dir='ltr'><strong>in</strong></span> <span class='ocrx_word' id='word_1_187' title='bbox 3078 1204 3254 1257; x_wconf 84' lang='lat' dir='ltr'><strong>medio</strong></span> <span class='ocrx_word' id='word_1_188' title='bbox 3276 1205 3459 1274; x_wconf 84' lang='lat' dir='ltr'><strong>templi</strong></span> <span class='ocrx_word' id='word_1_189' title='bbox 3488 1207 3585 1267; x_wconf 87' lang='lat' dir='ltr'><strong>tui,</strong></span> <span class='ocrx_word' id='word_1_190' title='bbox 3614 1207 3668 1261; x_wconf 91' lang='lat' dir='ltr'><strong>in</strong></span> 
     </span>
    </p>
   </div>
   <div class='ocr_carea' id='block_1_27' title="bbox 2097 1290 3670 1364">
    <p class='ocr_par' dir='ltr' id='par_1_27' title="bbox 2097 1290 3670 1364">
     <span class='ocr_line' id='line_1_27' title="bbox 2097 1290 3670 1364; baseline 0.005 -21"><span class='ocrx_word' id='word_1_191' title='bbox 2097 1290 2275 1344; x_wconf 90' lang='lat' dir='ltr'><strong>medio</strong></span> <span class='ocrx_word' id='word_1_192' title='bbox 2319 1291 2520 1359; x_wconf 89' lang='lat' dir='ltr'><strong>templo</strong></span> <span class='ocrx_word' id='word_1_193' title='bbox 2566 1293 2881 1345; x_wconf 84' lang='lat' dir='ltr'><strong>monasterii</strong></span> <span class='ocrx_word' id='word_1_194' title='bbox 2917 1293 3012 1346; x_wconf 86' lang='lat' dir='ltr'><strong>tui.</strong></span> <span class='ocrx_word' id='word_1_195' title='bbox 3065 1293 3273 1347; x_wconf 81' lang='lat' dir='ltr'><strong>Aliter:</strong></span> <span class='ocrx_word' id='word_1_196' title='bbox 3305 1294 3670 1364; x_wconf 83' lang='lat' dir='ltr'><strong>Snseepimus.</strong></span> 
     </span>
    </p>
   </div>
   <div class='ocr_carea' id='block_1_28' title="bbox 2098 1379 3671 1454">
    <p class='ocr_par' dir='ltr' id='par_1_28' title="bbox 2098 1379 3671 1454">
     <span class='ocr_line' id='line_1_28' title="bbox 2098 1379 3671 1454; baseline 0.004 -20"><span class='ocrx_word' id='word_1_197' title='bbox 2098 1379 2256 1442; x_wconf 83' lang='lat' dir='ltr'><strong>Deus,</strong></span> <span class='ocrx_word' id='word_1_198' title='bbox 2309 1381 2738 1435; x_wconf 87' lang='lat' dir='ltr'><strong>misericordiam</strong></span> <span class='ocrx_word' id='word_1_199' title='bbox 2783 1390 2930 1435; x_wconf 90' lang='lat' dir='ltr'><strong>tuam</strong></span> <span class='ocrx_word' id='word_1_200' title='bbox 2969 1383 3022 1436; x_wconf 93' lang='lat' dir='ltr'><strong>in</strong></span> <span class='ocrx_word' id='word_1_201' title='bbox 3065 1383 3244 1438; x_wconf 88' lang='lat' dir='ltr'><strong>medio</strong></span> <span class='ocrx_word' id='word_1_202' title='bbox 3272 1385 3457 1454; x_wconf 86' lang='lat' dir='ltr'><strong>templi</strong></span> <span class='ocrx_word' id='word_1_203' title='bbox 3491 1386 3591 1450; x_wconf 91' lang='lat' dir='ltr'><strong>tui,</strong></span> <span class='ocrx_word' id='word_1_204' title='bbox 3618 1387 3671 1442; x_wconf 90' lang='lat' dir='ltr'><strong>id</strong></span> 
     </span>
    </p>
   </div>
   <div class='ocr_carea' id='block_1_29' title="bbox 2097 1472 3675 1548">
    <p class='ocr_par' dir='ltr' id='par_1_29' title="bbox 2097 1472 3675 1548">
     <span class='ocr_line' id='line_1_29' title="bbox 2097 1472 3675 1548; baseline 0.005 -22"><span class='ocrx_word' id='word_1_205' title='bbox 2097 1479 2202 1535; x_wconf 88' lang='lat' dir='ltr'><strong>est,</strong></span> <span class='ocrx_word' id='word_1_206' title='bbox 2234 1472 2288 1526; x_wconf 91' lang='lat' dir='ltr'><strong>in</strong></span> <span class='ocrx_word' id='word_1_207' title='bbox 2316 1473 2494 1527; x_wconf 88' lang='lat' dir='ltr'><strong>medio</strong></span> <span class='ocrx_word' id='word_1_208' title='bbox 2529 1473 2707 1528; x_wconf 86' lang='lat' dir='ltr'><strong>cordis</strong></span> <span class='ocrx_word' id='word_1_209' title='bbox 2751 1475 2941 1537; x_wconf 86' lang='lat' dir='ltr'><strong>nostri,</strong></span> <span class='ocrx_word' id='word_1_210' title='bbox 2993 1478 3137 1544; x_wconf 88' lang='lat' dir='ltr'><strong>quod</strong></span> <span class='ocrx_word' id='word_1_211' title='bbox 3177 1485 3348 1531; x_wconf 89' lang='lat' dir='ltr'><strong>totum</strong></span> <span class='ocrx_word' id='word_1_212' title='bbox 3379 1479 3512 1533; x_wconf 86' lang='lat' dir='ltr'><strong>dicit</strong></span> <span class='ocrx_word' id='word_1_213' title='bbox 3537 1480 3675 1548; x_wconf 81' lang='lat' dir='ltr'><strong>Apo—</strong></span> 
     </span>
    </p>
   </div>
   <div class='ocr_carea' id='block_1_30' title="bbox 2099 1561 3674 1636">
    <p class='ocr_par' dir='ltr' id='par_1_30' title="bbox 2099 1561 3674 1636">
     <span class='ocr_line' id='line_1_30' title="bbox 2099 1561 3674 1636; baseline 0.004 -20"><span class='ocrx_word' id='word_1_214' title='bbox 2099 1561 2270 1616; x_wconf 87' lang='lat' dir='ltr'><strong>stolus</strong></span> <span class='ocrx_word' id='word_1_215' title='bbox 2295 1576 2418 1616; x_wconf 87' lang='lat' dir='ltr'><strong>esse</strong></span> <span class='ocrx_word' id='word_1_216' title='bbox 2437 1561 2728 1630; x_wconf 88' lang='lat' dir='ltr'><strong>templum;</strong></span> <span class='ocrx_word' id='word_1_217' title='bbox 2757 1563 3094 1632; x_wconf 88' lang='lat' dir='ltr'><strong>suscepimus</strong></span> <span class='ocrx_word' id='word_1_218' title='bbox 3120 1564 3280 1620; x_wconf 86' lang='lat' dir='ltr'><strong>istius</strong></span> <span class='ocrx_word' id='word_1_219' title='bbox 3301 1566 3528 1636; x_wconf 86' lang='lat' dir='ltr'><strong>hospitis</strong></span> <span class='ocrx_word' id='word_1_220' title='bbox 3554 1584 3674 1623; x_wconf 88' lang='lat' dir='ltr'><strong>cu</strong></span> 
     </span>
    </p>
   </div>
   <div class='ocr_carea' id='block_1_31' title="bbox 2097 1653 3038 1708">
    <p class='ocr_par' dir='ltr' id='par_1_31' title="bbox 2097 1653 3038 1708">
     <span class='ocr_line' id='line_1_31' title="bbox 2097 1653 3038 1708; baseline 0 0"><span class='ocrx_word' id='word_1_221' title='bbox 2097 1653 2382 1708; x_wconf 89' lang='lat' dir='ltr'><strong>charitatis</strong></span> <span class='ocrx_word' id='word_1_222' title='bbox 2411 1653 2697 1708; x_wconf 87' lang='lat' dir='ltr'><strong>dilectione</strong></span> <span class='ocrx_word' id='word_1_223' title='bbox 2725 1655 3038 1708; x_wconf 86' lang='lat' dir='ltr'><strong>adventum.</strong></span> 
     </span>
    </p>
   </div>
   <div class='ocr_carea' id='block_1_32' title="bbox 2170 1739 3677 1820">
    <p class='ocr_par' dir='ltr' id='par_1_32' title="bbox 2170 1739 3677 1820">
     <span class='ocr_line' id='line_1_32' title="bbox 2170 1739 3677 1820; baseline 0.009 -28"><span class='ocrx_word' id='word_1_224' title='bbox 2170 1739 2472 1811; x_wconf 86' lang='lat' dir='ltr'><strong>Pauperum</strong></span> <span class='ocrx_word' id='word_1_225' title='bbox 2511 1753 2558 1796; x_wconf 88' lang='lat' dir='ltr'><strong>et</strong></span> <span class='ocrx_word' id='word_1_226' title='bbox 2585 1745 2978 1814; x_wconf 88' lang='lat' dir='ltr'><strong>peregrinorum</strong></span> <span class='ocrx_word' id='word_1_227' title='bbox 3003 1748 3230 1800; x_wconf 71' lang='lat' dir='ltr'><strong>maxime</strong></span> <span class='ocrx_word' id='word_1_228' title='bbox 3252 1751 3510 1820; x_wconf 74' lang='lat' dir='ltr'><strong>susceptio</strong></span> <span class='ocrx_word' id='word_1_229' title='bbox 3538 1755 3677 1806; x_wconf 83' lang='lat' dir='ltr'><strong>omni</strong></span> 
     </span>
    </p>
   </div>
   <div class='ocr_carea' id='block_1_33' title="bbox 503 1813 2005 1911">
    <p class='ocr_par' dir='ltr' id='par_1_33' title="bbox 503 1840 2002 1911">
     <span class='ocr_line' id='line_1_33' title="bbox 503 1840 2002 1911; baseline 0.002 -18"><span class='ocrx_word' id='word_1_230' title='bbox 503 1840 569 1894; x_wconf 84' lang='lat' dir='ltr'><strong>In</strong></span> <span class='ocrx_word' id='word_1_231' title='bbox 591 1842 703 1911; x_wconf 87' lang='lat' dir='ltr'><strong>ipsa</strong></span> <span class='ocrx_word' id='word_1_232' title='bbox 741 1852 914 1894; x_wconf 79' lang='lat' dir='ltr'><strong>autent</strong></span> <span class='ocrx_word' id='word_1_233' title='bbox 965 1842 1278 1895; x_wconf 88' lang='lat' dir='ltr'><strong>salutatione</strong></span> <span class='ocrx_word' id='word_1_234' title='bbox 1303 1843 1470 1896; x_wconf 85' lang='lat' dir='ltr'><strong>omnis</strong></span> <span class='ocrx_word' id='word_1_235' title='bbox 1500 1843 1806 1896; x_wconf 68' lang='lat' dir='ltr'><strong>exhibentur</strong></span> <span class='ocrx_word' id='word_1_236' title='bbox 1831 1843 2002 1896; x_wconf 83' lang='lat' dir='ltr'><strong>humi-</strong></span> 
     </span>
    </p>
   </div>
   <div class='ocr_carea' id='block_1_34' title="bbox 2106 1813 3676 1911">
    <p class='ocr_par' dir='ltr' id='par_1_34' title="bbox 2106 1813 3676 1911">
     <span class='ocr_line' id='line_1_34' title="bbox 2106 1813 3676 1911; baseline 0.008 -26"><span class='ocrx_word' id='word_1_237' title='bbox 2106 1847 2232 1887; x_wconf 87' lang='lat' dir='ltr'><strong>cura</strong></span> <span class='ocrx_word' id='word_1_238' title='bbox 2256 1834 2478 1890; x_wconf 74' lang='lat' dir='ltr'><strong>sollicite</strong></span> <span class='ocrx_word' id='word_1_239' title='bbox 2511 1813 2834 1902; x_wconf 77' lang='lat' dir='ltr'><strong>exhibentur,</strong></span> <span class='ocrx_word' id='word_1_240' title='bbox 2861 1839 2984 1908; x_wconf 82' lang='lat' dir='ltr'><strong>quia</strong></span> <span class='ocrx_word' id='word_1_241' title='bbox 3011 1841 3066 1892; x_wconf 86' lang='lat' dir='ltr'><strong>in</strong></span> <span class='ocrx_word' id='word_1_242' title='bbox 3090 1840 3214 1908; x_wconf 90' lang='lat' dir='ltr'><strong>ipsis</strong></span> <span class='ocrx_word' id='word_1_243' title='bbox 3241 1813 3412 1911; x_wconf 67' lang='lat' dir='ltr'><strong>magis</strong></span> <span class='ocrx_word' id='word_1_244' title='bbox 3441 1840 3676 1897; x_wconf 72' lang='lat' dir='ltr'><strong>Christus</strong></span> 
     </span>
    </p>
   </div>
   <div class='ocr_carea' id='block_1_35' title="bbox 427 1930 2007 2002">
    <p class='ocr_par' dir='ltr' id='par_1_35' title="bbox 427 1930 2007 2002">
     <span class='ocr_line' id='line_1_35' title="bbox 427 1930 2007 2002; baseline 0 -16"><span class='ocrx_word' id='word_1_245' title='bbox 427 1932 573 1986; x_wconf 84' lang='lat' dir='ltr'><strong>litus.</strong></span> <span class='ocrx_word' id='word_1_246' title='bbox 621 1930 809 1986; x_wconf 89' lang='lat' dir='ltr'><strong>Omnis</strong></span> <span class='ocrx_word' id='word_1_247' title='bbox 836 1932 1113 1986; x_wconf 89' lang='lat' dir='ltr'><strong>humilitas</strong></span> <span class='ocrx_word' id='word_1_248' title='bbox 1141 1933 1339 1988; x_wconf 86' lang='lat' dir='ltr'><strong>dicitur</strong></span> <span class='ocrx_word' id='word_1_249' title='bbox 1363 1941 1498 1998; x_wconf 88' lang='lat' dir='ltr'><strong>tota,</strong></span> <span class='ocrx_word' id='word_1_250' title='bbox 1526 1933 1680 2002; x_wconf 88' lang='lat' dir='ltr'><strong>plena</strong></span> <span class='ocrx_word' id='word_1_251' title='bbox 1704 1942 1864 2002; x_wconf 86' lang='lat' dir='ltr'><strong>atque</strong></span> <span class='ocrx_word' id='word_1_252' title='bbox 1889 1949 2007 2002; x_wconf 89' lang='lat' dir='ltr'><strong>pcr-</strong></span> 
     </span>
    </p>
   </div>
   <div class='ocr_carea' id='block_1_36' title="bbox 428 2021 2004 2092">
    <p class='ocr_par' dir='ltr' id='par_1_36' title="bbox 428 2021 2004 2092">
     <span class='ocr_line' id='line_1_36' title="bbox 428 2021 2004 2092; baseline 0.002 -17"><span class='ocrx_word' id='word_1_253' title='bbox 428 2023 594 2085; x_wconf 90' lang='lat' dir='ltr'><strong>fecta,</strong></span> <span class='ocrx_word' id='word_1_254' title='bbox 624 2037 734 2076; x_wconf 89' lang='lat' dir='ltr'><strong>non</strong></span> <span class='ocrx_word' id='word_1_255' title='bbox 762 2021 912 2087; x_wconf 82' lang='lat' dir='ltr'><strong>ficta,</strong></span> <span class='ocrx_word' id='word_1_256' title='bbox 959 2023 1052 2076; x_wconf 90' lang='lat' dir='ltr'><strong>sed</strong></span> <span class='ocrx_word' id='word_1_257' title='bbox 1085 2023 1153 2077; x_wconf 89' lang='lat' dir='ltr'><strong>de</strong></span> <span class='ocrx_word' id='word_1_258' title='bbox 1176 2024 1341 2077; x_wconf 90' lang='lat' dir='ltr'><strong>corde</strong></span> <span class='ocrx_word' id='word_1_259' title='bbox 1387 2038 1524 2092; x_wconf 89' lang='lat' dir='ltr'><strong>puro</strong></span> <span class='ocrx_word' id='word_1_260' title='bbox 1567 2039 1827 2089; x_wconf 89' lang='lat' dir='ltr'><strong>manans,</strong></span> <span class='ocrx_word' id='word_1_261' title='bbox 1873 2040 2004 2079; x_wconf 87' lang='lat' dir='ltr'><strong>vera</strong></span> 
     </span>
    </p>
   </div>
   <div class='ocr_carea' id='block_1_37' title="bbox 429 2110 2007 2182">
    <p class='ocr_par' dir='ltr' id='par_1_37' title="bbox 429 2110 2007 2182">
     <span class='ocr_line' id='line_1_37' title="bbox 429 2110 2007 2182; baseline 0.004 -20"><span class='ocrx_word' id='word_1_262' title='bbox 429 2120 594 2178; x_wconf 85' lang='lat' dir='ltr'><strong>atque</strong></span> <span class='ocrx_word' id='word_1_263' title='bbox 625 2110 856 2166; x_wconf 89' lang='lat' dir='ltr'><strong>sincera.</strong></span> <span class='ocrx_word' id='word_1_264' title='bbox 911 2111 1038 2178; x_wconf 81' lang='lat' dir='ltr'><strong>Quae</strong></span> <span class='ocrx_word' id='word_1_265' title='bbox 1071 2115 1336 2182; x_wconf 89' lang='lat' dir='ltr'><strong>quomodo</strong></span> <span class='ocrx_word' id='word_1_266' title='bbox 1379 2114 1700 2169; x_wconf 72' lang='lat' dir='ltr'><strong>exhibentur</strong></span> <span class='ocrx_word' id='word_1_267' title='bbox 1744 2115 1871 2169; x_wconf 87' lang='lat' dir='ltr'><strong>audi</strong></span> <span class='ocrx_word' id='word_1_268' title='bbox 1921 2128 2007 2168; x_wconf 91' lang='lat' dir='ltr'><strong>se-</strong></span> 
     </span>
    </p>
   </div>
   <div class='ocr_carea' id='block_1_38' title="bbox 430 2201 1632 2270">
    <p class='ocr_par' dir='ltr' id='par_1_38' title="bbox 430 2201 1632 2270">
     <span class='ocr_line' id='line_1_38' title="bbox 430 2201 1632 2270; baseline 0.002 -16"><span class='ocrx_word' id='word_1_269' title='bbox 430 2201 652 2270; x_wconf 86' lang='lat' dir='ltr'><strong>quentia</strong></span> <span class='ocrx_word' id='word_1_270' title='bbox 673 2219 686 2255; x_wconf 92' lang='lat'><strong>:</strong></span> <span class='ocrx_word' id='word_1_271' title='bbox 1628 2253 1632 2256; x_wconf 86' lang='lat'><strong>.</strong></span> 
     </span>
    </p>
   </div>
   <div class='ocr_carea' id='block_1_39' title="bbox 502 2288 2002 2365">
    <p class='ocr_par' dir='ltr' id='par_1_39' title="bbox 502 2288 2002 2365">
     <span class='ocr_line' id='line_1_39' title="bbox 502 2288 2002 2365; baseline 0.003 -22"><span class='ocrx_word' id='word_1_272' title='bbox 502 2288 754 2346; x_wconf 80' lang='lat' dir='ltr'><strong>Omnibus</strong></span> <span class='ocrx_word' id='word_1_273' title='bbox 792 2294 1112 2347; x_wconf 82' lang='lat' dir='ltr'><strong>venientibus</strong></span> <span class='ocrx_word' id='word_1_274' title='bbox 1137 2294 1243 2348; x_wconf 85' lang='lat' dir='ltr'><strong>sive</strong></span> <span class='ocrx_word' id='word_1_275' title='bbox 1271 2294 1655 2349; x_wconf 84' lang='lat' dir='ltr'><strong>discedentibus</strong></span> <span class='ocrx_word' id='word_1_276' title='bbox 1697 2295 2002 2365; x_wconf 85' lang='lat' dir='ltr'><strong>hospitibus,</strong></span> 
     </span>
    </p>
   </div>
   <div class='ocr_carea' id='block_1_40' title="bbox 428 2385 2001 2458">
    <p class='ocr_par' dir='ltr' id='par_1_40' title="bbox 428 2385 2001 2458">
     <span class='ocr_line' id='line_1_40' title="bbox 428 2385 2001 2458; baseline 0.002 -21"><span class='ocrx_word' id='word_1_277' title='bbox 428 2385 682 2437; x_wconf 80' lang='lat' dir='ltr'><strong>inclinato</strong></span> <span class='ocrx_word' id='word_1_278' title='bbox 732 2387 918 2455; x_wconf 82' lang='lat' dir='ltr'><strong>capite,</strong></span> <span class='ocrx_word' id='word_1_279' title='bbox 946 2387 1020 2440; x_wconf 82' lang='lat' dir='ltr'><strong>vel</strong></span> <span class='ocrx_word' id='word_1_280' title='bbox 1047 2397 1310 2456; x_wconf 86' lang='lat' dir='ltr'><strong>prostrato</strong></span> <span class='ocrx_word' id='word_1_281' title='bbox 1339 2389 1479 2441; x_wconf 87' lang='lat' dir='ltr'><strong>omni</strong></span> <span class='ocrx_word' id='word_1_282' title='bbox 1507 2403 1724 2458; x_wconf 88' lang='lat' dir='ltr'><strong>corpore</strong></span> <span class='ocrx_word' id='word_1_283' title='bbox 1755 2389 1811 2440; x_wconf 90' lang='lat' dir='ltr'><strong>in</strong></span> <span class='ocrx_word' id='word_1_284' title='bbox 1839 2396 2001 2452; x_wconf 88' lang='lat' dir='ltr'><strong>terra,</strong></span> 
     </span>
    </p>
   </div>
   <div class='ocr_carea' id='block_1_41' title="bbox 430 2473 2002 2546">
    <p class='ocr_par' dir='ltr' id='par_1_41' title="bbox 430 2473 2002 2546">
     <span class='ocr_line' id='line_1_41' title="bbox 430 2473 2002 2546; baseline 0.002 -20"><span class='ocrx_word' id='word_1_285' title='bbox 430 2473 669 2528; x_wconf 79' lang='lat' dir='ltr'><strong>Christus</strong></span> <span class='ocrx_word' id='word_1_286' title='bbox 698 2475 751 2527; x_wconf 84' lang='lat' dir='ltr'><strong>in</strong></span> <span class='ocrx_word' id='word_1_287' title='bbox 788 2475 863 2528; x_wconf 88' lang='lat' dir='ltr'><strong>eis</strong></span> <span class='ocrx_word' id='word_1_288' title='bbox 903 2475 1174 2540; x_wconf 89' lang='lat' dir='ltr'><strong>adoretur,</strong></span> <span class='ocrx_word' id='word_1_289' title='bbox 1211 2477 1302 2546; x_wconf 92' lang='lat' dir='ltr'><strong>qui</strong></span> <span class='ocrx_word' id='word_1_290' title='bbox 1346 2485 1393 2530; x_wconf 92' lang='lat' dir='ltr'><strong>et</strong></span> <span class='ocrx_word' id='word_1_291' title='bbox 1441 2477 1742 2541; x_wconf 86' lang='lat' dir='ltr'><strong>suscipitur.</strong></span> <span class='ocrx_word' id='word_1_292' title='bbox 1786 2476 1852 2529; x_wconf 88' lang='lat' dir='ltr'><strong>Et</strong></span> <span class='ocrx_word' id='word_1_293' title='bbox 1896 2475 2002 2540; x_wconf 86' lang='lat' dir='ltr'><strong>hic,</strong></span> 
     </span>
    </p>
   </div>
   <div class='ocr_carea' id='block_1_42' title="bbox 428 2563 2006 2632">
    <p class='ocr_par' dir='ltr' id='par_1_42' title="bbox 428 2563 2006 2632">
     <span class='ocr_line' id='line_1_42' title="bbox 428 2563 2006 2632; baseline -0.002 -14"><span class='ocrx_word' id='word_1_294' title='bbox 428 2563 568 2618; x_wconf 84' lang='lat' dir='ltr'><strong>sicut</strong></span> <span class='ocrx_word' id='word_1_295' title='bbox 591 2571 647 2616; x_wconf 90' lang='lat' dir='ltr'><strong>et</strong></span> <span class='ocrx_word' id='word_1_296' title='bbox 671 2563 936 2632; x_wconf 87' lang='lat' dir='ltr'><strong>superius,</strong></span> <span class='ocrx_word' id='word_1_297' title='bbox 969 2564 1104 2618; x_wconf 89' lang='lat' dir='ltr'><strong>duas</strong></span> <span class='ocrx_word' id='word_1_298' title='bbox 1146 2563 1547 2618; x_wconf 85' lang='lat' dir='ltr'><strong>advenientium</strong></span> <span class='ocrx_word' id='word_1_299' title='bbox 1587 2563 1792 2617; x_wconf 88' lang='lat' dir='ltr'><strong>inducit</strong></span> <span class='ocrx_word' id='word_1_300' title='bbox 1819 2576 2006 2632; x_wconf 87' lang='lat' dir='ltr'><strong>perso-</strong></span> 
     </span>
    </p>
   </div>
   <div class='ocr_carea' id='block_1_43' title="bbox 432 2653 2008 2724">
    <p class='ocr_par' dir='ltr' id='par_1_43' title="bbox 432 2653 2008 2724">
     <span class='ocr_line' id='line_1_43' title="bbox 432 2653 2008 2724; baseline 0.001 -19"><span class='ocrx_word' id='word_1_301' title='bbox 432 2668 532 2706; x_wconf 90' lang='lat' dir='ltr'><strong>nas</strong></span> <span class='ocrx_word' id='word_1_302' title='bbox 553 2691 566 2717; x_wconf 92' lang='lat'><strong>,</strong></span> <span class='ocrx_word' id='word_1_303' title='bbox 597 2667 759 2706; x_wconf 90' lang='lat' dir='ltr'><strong>unam</strong></span> <span class='ocrx_word' id='word_1_304' title='bbox 792 2653 1139 2718; x_wconf 88' lang='lat' dir='ltr'><strong>mediocrem,</strong></span> <span class='ocrx_word' id='word_1_305' title='bbox 1170 2654 1258 2708; x_wconf 90' lang='lat' dir='ltr'><strong>cui</strong></span> <span class='ocrx_word' id='word_1_306' title='bbox 1289 2663 1496 2708; x_wconf 88' lang='lat' dir='ltr'><strong>tantum</strong></span> <span class='ocrx_word' id='word_1_307' title='bbox 1524 2661 1688 2724; x_wconf 86' lang='lat' dir='ltr'><strong>caput</strong></span> <span class='ocrx_word' id='word_1_308' title='bbox 1716 2654 2008 2712; x_wconf 87' lang='lat' dir='ltr'><strong>inclinatur</strong></span> 
     </span>
    </p>
   </div>
   <div class='ocr_carea' id='block_1_44' title="bbox 432 2739 2007 2812">
    <p class='ocr_par' dir='ltr' id='par_1_44' title="bbox 432 2739 2007 2812">
     <span class='ocr_line' id='line_1_44' title="bbox 432 2739 2007 2812; baseline 0.005 -20"><span class='ocrx_word' id='word_1_309' title='bbox 432 2757 464 2793; x_wconf 82' lang='lat' dir='ltr'><strong>a</strong></span> <span class='ocrx_word' id='word_1_310' title='bbox 506 2739 704 2805; x_wconf 85' lang='lat' dir='ltr'><strong>fratre;</strong></span> <span class='ocrx_word' id='word_1_311' title='bbox 750 2741 912 2796; x_wconf 89' lang='lat' dir='ltr'><strong>aliam</strong></span> <span class='ocrx_word' id='word_1_312' title='bbox 941 2758 1072 2798; x_wconf 90' lang='lat' dir='ltr'><strong>vero</strong></span> <span class='ocrx_word' id='word_1_313' title='bbox 1110 2758 1398 2810; x_wconf 84' lang='lat' dir='ltr'><strong>summam,</strong></span> <span class='ocrx_word' id='word_1_314' title='bbox 1428 2759 1548 2812; x_wconf 62' lang='lat' dir='ltr'><strong>quae</strong></span> <span class='ocrx_word' id='word_1_315' title='bbox 1575 2744 1630 2798; x_wconf 91' lang='lat' dir='ltr'><strong>in</strong></span> <span class='ocrx_word' id='word_1_316' title='bbox 1661 2751 1862 2797; x_wconf 85' lang='lat' dir='ltr'><strong>terram</strong></span> <span class='ocrx_word' id='word_1_317' title='bbox 1895 2751 2007 2800; x_wconf 87' lang='lat' dir='ltr'><strong>toto</strong></span> 
     </span>
    </p>
   </div>
   <div class='ocr_carea' id='block_1_45' title="bbox 431 2833 2005 2904">
    <p class='ocr_par' dir='ltr' id='par_1_45' title="bbox 431 2833 2005 2904">
     <span class='ocr_line' id='line_1_45' title="bbox 431 2833 2005 2904; baseline 0.002 -20"><span class='ocrx_word' id='word_1_318' title='bbox 431 2839 706 2901; x_wconf 86' lang='lat' dir='ltr'><strong>prostrato</strong></span> <span class='ocrx_word' id='word_1_319' title='bbox 746 2833 1002 2886; x_wconf 78' lang='lat' dir='ltr'><strong>adorator</strong></span> <span class='ocrx_word' id='word_1_320' title='bbox 1028 2842 1082 2888; x_wconf 90' lang='lat' dir='ltr'><strong>et</strong></span> <span class='ocrx_word' id='word_1_321' title='bbox 1113 2849 1362 2904; x_wconf 89' lang='lat' dir='ltr'><strong>corpore.</strong></span> <span class='ocrx_word' id='word_1_322' title='bbox 1404 2834 1510 2888; x_wconf 86' lang='lat' dir='ltr'><strong>Sed</strong></span> <span class='ocrx_word' id='word_1_323' title='bbox 1543 2840 1722 2888; x_wconf 88' lang='lat' dir='ltr'><strong>tamen</strong></span> <span class='ocrx_word' id='word_1_324' title='bbox 1755 2833 1808 2886; x_wconf 86' lang='lat' dir='ltr'><strong>in</strong></span> <span class='ocrx_word' id='word_1_325' title='bbox 1837 2833 2005 2887; x_wconf 89' lang='lat' dir='ltr'><strong>utris-</strong></span> 
     </span>
    </p>
   </div>
   <div class='ocr_carea' id='block_1_46' title="bbox 429 2924 2007 2997">
    <p class='ocr_par' dir='ltr' id='par_1_46' title="bbox 429 2924 2007 2997">
     <span class='ocr_line' id='line_1_46' title="bbox 429 2924 2007 2997; baseline 0.002 -20"><span class='ocrx_word' id='word_1_326' title='bbox 429 2940 535 2994; x_wconf 85' lang='lat' dir='ltr'><strong>que</strong></span> <span class='ocrx_word' id='word_1_327' title='bbox 578 2925 838 2980; x_wconf 86' lang='lat' dir='ltr'><strong>Dominus</strong></span> <span class='ocrx_word' id='word_1_328' title='bbox 867 2924 1024 2982; x_wconf 84' lang='lat' dir='ltr'><strong>Jesus</strong></span> <span class='ocrx_word' id='word_1_329' title='bbox 1055 2927 1304 2982; x_wconf 80' lang='lat' dir='ltr'><strong>Christus</strong></span> <span class='ocrx_word' id='word_1_330' title='bbox 1329 2929 1609 2992; x_wconf 88' lang='lat' dir='ltr'><strong>adoratur,</strong></span> <span class='ocrx_word' id='word_1_331' title='bbox 1640 2927 1734 2997; x_wconf 87' lang='lat' dir='ltr'><strong>qui</strong></span> <span class='ocrx_word' id='word_1_332' title='bbox 1756 2935 1813 2981; x_wconf 86' lang='lat' dir='ltr'><strong>et</strong></span> <span class='ocrx_word' id='word_1_333' title='bbox 1834 2927 2007 2981; x_wconf 86' lang='lat' dir='ltr'><strong>susci-</strong></span> 
     </span>
    </p>
   </div>
   <div class='ocr_carea' id='block_1_47' title="bbox 429 3017 597 3084">
    <p class='ocr_par' dir='ltr' id='par_1_47' title="bbox 429 3017 597 3084">
     <span class='ocr_line' id='line_1_47' title="bbox 429 3017 597 3084; baseline 0 -16"><span class='ocrx_word' id='word_1_334' title='bbox 429 3017 597 3084; x_wconf 83' lang='lat' dir='ltr'><strong>pitur.</strong></span> 
     </span>
    </p>
   </div>
   <div class='ocr_carea' id='block_1_48' title="bbox 504 3105 2003 3174">
    <p class='ocr_par' dir='ltr' id='par_1_48' title="bbox 504 3105 2003 3174">
     <span class='ocr_line' id='line_1_48' title="bbox 504 3105 2003 3174; baseline -0.001 -15"><span class='ocrx_word' id='word_1_335' title='bbox 504 3105 742 3174; x_wconf 85' lang='lat' dir='ltr'><strong>Suscepti</strong></span> <span class='ocrx_word' id='word_1_336' title='bbox 765 3115 936 3160; x_wconf 86' lang='lat' dir='ltr'><strong>autem</strong></span> <span class='ocrx_word' id='word_1_337' title='bbox 975 3108 1196 3167; x_wconf 80' lang='lat' dir='ltr'><strong>hospites</strong></span> <span class='ocrx_word' id='word_1_338' title='bbox 1226 3109 1486 3160; x_wconf 83' lang='lat' dir='ltr'><strong>ducantur</strong></span> <span class='ocrx_word' id='word_1_339' title='bbox 1511 3107 1580 3160; x_wconf 90' lang='lat' dir='ltr'><strong>ad</strong></span> <span class='ocrx_word' id='word_1_340' title='bbox 1606 3107 1914 3170; x_wconf 84' lang='lat' dir='ltr'><strong>orationem,</strong></span> <span class='ocrx_word' id='word_1_341' title='bbox 1955 3114 2003 3157; x_wconf 89' lang='lat' dir='ltr'><strong>et</strong></span> 
     </span>
    </p>
   </div>
   <div class='ocr_carea' id='block_1_49' title="bbox 432 3194 2006 3265">
    <p class='ocr_par' dir='ltr' id='par_1_49' title="bbox 432 3194 2006 3265">
     <span class='ocr_line' id='line_1_49' title="bbox 432 3194 2006 3265; baseline 0.001 -19"><span class='ocrx_word' id='word_1_342' title='bbox 432 3204 610 3263; x_wconf 87' lang='lat' dir='ltr'><strong>postea</strong></span> <span class='ocrx_word' id='word_1_343' title='bbox 637 3198 810 3248; x_wconf 86' lang='lat' dir='ltr'><strong>sedeat</strong></span> <span class='ocrx_word' id='word_1_344' title='bbox 835 3212 950 3248; x_wconf 88' lang='lat' dir='ltr'><strong>cum</strong></span> <span class='ocrx_word' id='word_1_345' title='bbox 987 3197 1060 3249; x_wconf 88' lang='lat' dir='ltr'><strong>eis</strong></span> <span class='ocrx_word' id='word_1_346' title='bbox 1093 3198 1255 3265; x_wconf 85' lang='lat' dir='ltr'><strong>prior,</strong></span> <span class='ocrx_word' id='word_1_347' title='bbox 1282 3207 1372 3249; x_wconf 86' lang='lat' dir='ltr'><strong>aut</strong></span> <span class='ocrx_word' id='word_1_348' title='bbox 1403 3198 1486 3250; x_wconf 90' lang='lat' dir='ltr'><strong>cui</strong></span> <span class='ocrx_word' id='word_1_349' title='bbox 1504 3197 1723 3265; x_wconf 87' lang='lat' dir='ltr'><strong>jusserit</strong></span> <span class='ocrx_word' id='word_1_350' title='bbox 1748 3197 1875 3264; x_wconf 84' lang='lat' dir='ltr'><strong>ipse.</strong></span> <span class='ocrx_word' id='word_1_351' title='bbox 1914 3194 2006 3247; x_wconf 80' lang='lat' dir='ltr'><strong>Le-</strong></span> 
     </span>
    </p>
   </div>
   <div class='ocr_carea' id='block_1_50' title="bbox 433 3267 2053 3356">
    <p class='ocr_par' dir='ltr' id='par_1_50' title="bbox 433 3267 2053 3356">
     <span class='ocr_line' id='line_1_50' title="bbox 433 3267 2053 3356; baseline 0.001 -19"><span class='ocrx_word' id='word_1_352' title='bbox 433 3295 590 3353; x_wconf 76' lang='lat' dir='ltr'><strong>gatur</strong></span> <span class='ocrx_word' id='word_1_353' title='bbox 615 3302 792 3340; x_wconf 87' lang='lat' dir='ltr'><strong>coram</strong></span> <span class='ocrx_word' id='word_1_354' title='bbox 820 3287 1019 3355; x_wconf 82' lang='lat' dir='ltr'><strong>hospite</strong></span> <span class='ocrx_word' id='word_1_355' title='bbox 1051 3287 1136 3340; x_wconf 75' lang='lat' dir='ltr'><strong>lea:</strong></span> <span class='ocrx_word' id='word_1_356' title='bbox 1169 3287 1364 3352; x_wconf 86' lang='lat' dir='ltr'><strong>divina,</strong></span> <span class='ocrx_word' id='word_1_357' title='bbox 1393 3296 1450 3340; x_wconf 89' lang='lat' dir='ltr'><strong>ut</strong></span> <span class='ocrx_word' id='word_1_358' title='bbox 1478 3286 1782 3354; x_wconf 70' lang='lat' dir='ltr'><strong>a&#39;diﬁcetur,</strong></span> <span class='ocrx_word' id='word_1_359' title='bbox 1815 3293 1864 3340; x_wconf 89' lang='lat' dir='ltr'><strong>et</strong></span> <span class='ocrx_word' id='word_1_360' title='bbox 1893 3295 2008 3356; x_wconf 85' lang='lat' dir='ltr'><strong>post</strong></span> <span class='ocrx_word' id='word_1_361' title='bbox 2045 3267 2053 3281; x_wconf 44' lang='lat'>‘</span> 
     </span>
    </p>
   </div>
   <div class='ocr_carea' id='block_1_51' title="bbox 433 3377 2010 3433">
    <p class='ocr_par' dir='ltr' id='par_1_51' title="bbox 433 3377 2010 3433">
     <span class='ocr_line' id='line_1_51' title="bbox 433 3377 2010 3433; baseline -0.001 -2"><span class='ocrx_word' id='word_1_362' title='bbox 433 3380 544 3432; x_wconf 74' lang='lat' dir='ltr'><strong>[nec</strong></span> <span class='ocrx_word' id='word_1_363' title='bbox 573 3379 738 3432; x_wconf 88' lang='lat' dir='ltr'><strong>omnis</strong></span> <span class='ocrx_word' id='word_1_364' title='bbox 772 3379 818 3432; x_wconf 88' lang='lat' dir='ltr'><strong>ei</strong></span> <span class='ocrx_word' id='word_1_365' title='bbox 852 3378 1158 3432; x_wconf 73' lang='lat' dir='ltr'><strong>exhibentur</strong></span> <span class='ocrx_word' id='word_1_366' title='bbox 1190 3379 1508 3432; x_wconf 87' lang='lat' dir='ltr'><strong>humanitas.</strong></span> <span class='ocrx_word' id='word_1_367' title='bbox 1546 3377 1734 3433; x_wconf 89' lang='lat' dir='ltr'><strong>Omnis</strong></span> <span class='ocrx_word' id='word_1_368' title='bbox 1764 3378 2010 3432; x_wconf 85' lang='lat' dir='ltr'><strong>humaui—</strong></span> 
     </span>
    </p>
   </div>
   <div class='ocr_carea' id='block_1_52' title="bbox 432 3469 2005 3538">
    <p class='ocr_par' dir='ltr' id='par_1_52' title="bbox 432 3469 2005 3538">
     <span class='ocr_line' id='line_1_52' title="bbox 432 3469 2005 3538; baseline 0 -16"><span class='ocrx_word' id='word_1_369' title='bbox 432 3479 518 3524; x_wconf 84' lang='lat' dir='ltr'><strong>tns</strong></span> <span class='ocrx_word' id='word_1_370' title='bbox 543 3469 741 3524; x_wconf 86' lang='lat' dir='ltr'><strong>dicitur</strong></span> <span class='ocrx_word' id='word_1_371' title='bbox 767 3471 942 3524; x_wconf 87' lang='lat' dir='ltr'><strong>omnis</strong></span> <span class='ocrx_word' id='word_1_372' title='bbox 977 3471 1284 3525; x_wconf 84' lang='lat' dir='ltr'><strong>miserantis</strong></span> <span class='ocrx_word' id='word_1_373' title='bbox 1322 3469 1569 3534; x_wconf 72' lang='lat' dir='ltr'><strong>allectus,</strong></span> <span class='ocrx_word' id='word_1_374' title='bbox 1605 3479 1659 3524; x_wconf 91' lang='lat' dir='ltr'><strong>et</strong></span> <span class='ocrx_word' id='word_1_375' title='bbox 1685 3471 2005 3538; x_wconf 87' lang='lat' dir='ltr'><strong>obsequium</strong></span> 
     </span>
    </p>
   </div>
   <div class='ocr_carea' id='block_1_53' title="bbox 432 3558 2007 3629">
    <p class='ocr_par' dir='ltr' id='par_1_53' title="bbox 432 3558 2007 3629">
     <span class='ocr_line' id='line_1_53' title="bbox 432 3558 2007 3629; baseline 0.001 -19"><span class='ocrx_word' id='word_1_376' title='bbox 432 3560 669 3626; x_wconf 76' lang='lat' dir='ltr'><strong>plenum,</strong></span> <span class='ocrx_word' id='word_1_377' title='bbox 713 3568 769 3612; x_wconf 92' lang='lat' dir='ltr'><strong>et</strong></span> <span class='ocrx_word' id='word_1_378' title='bbox 811 3558 1108 3628; x_wconf 86' lang='lat' dir='ltr'><strong>perfectum</strong></span> <span class='ocrx_word' id='word_1_379' title='bbox 1149 3560 1370 3623; x_wconf 87' lang='lat' dir='ltr'><strong>amoris,</strong></span> <span class='ocrx_word' id='word_1_380' title='bbox 1415 3559 1556 3629; x_wconf 89' lang='lat' dir='ltr'><strong>quod</strong></span> <span class='ocrx_word' id='word_1_381' title='bbox 1584 3560 1888 3628; x_wconf 88' lang='lat' dir='ltr'><strong>hospitibus</strong></span> <span class='ocrx_word' id='word_1_382' title='bbox 1915 3575 2007 3613; x_wconf 77' lang='lat' dir='ltr'><strong>ex-</strong></span> 
     </span>
    </p>
   </div>
   <div class='ocr_carea' id='block_1_54' title="bbox 433 3649 2008 3718">
    <p class='ocr_par' dir='ltr' id='par_1_54' title="bbox 433 3649 2008 3718">
     <span class='ocr_line' id='line_1_54' title="bbox 433 3649 2008 3718; baseline 0.001 -16"><span class='ocrx_word' id='word_1_383' title='bbox 433 3650 610 3704; x_wconf 85' lang='lat' dir='ltr'><strong>hiberi</strong></span> <span class='ocrx_word' id='word_1_384' title='bbox 645 3658 858 3718; x_wconf 85' lang='lat' dir='ltr'><strong>oportet</strong></span> <span class='ocrx_word' id='word_1_385' title='bbox 881 3650 934 3702; x_wconf 87' lang='lat' dir='ltr'><strong>iu</strong></span> <span class='ocrx_word' id='word_1_386' title='bbox 968 3650 1074 3704; x_wconf 87' lang='lat' dir='ltr'><strong>cibi</strong></span> <span class='ocrx_word' id='word_1_387' title='bbox 1099 3657 1154 3704; x_wconf 90' lang='lat' dir='ltr'><strong>et</strong></span> <span class='ocrx_word' id='word_1_388' title='bbox 1181 3658 1358 3718; x_wconf 88' lang='lat' dir='ltr'><strong>potus,</strong></span> <span class='ocrx_word' id='word_1_389' title='bbox 1390 3659 1446 3704; x_wconf 88' lang='lat' dir='ltr'><strong>et</strong></span> <span class='ocrx_word' id='word_1_390' title='bbox 1467 3651 1708 3704; x_wconf 89' lang='lat' dir='ltr'><strong>omnium</strong></span> <span class='ocrx_word' id='word_1_391' title='bbox 1730 3649 1836 3704; x_wconf 91' lang='lat' dir='ltr'><strong>illis</strong></span> <span class='ocrx_word' id='word_1_392' title='bbox 1862 3665 2008 3704; x_wconf 88' lang='lat' dir='ltr'><strong>com-</strong></span> 
     </span>
    </p>
   </div>
   <div class='ocr_carea' id='block_1_55' title="bbox 433 3738 1252 3805">
    <p class='ocr_par' dir='ltr' id='par_1_55' title="bbox 433 3738 1252 3805">
     <span class='ocr_line' id='line_1_55' title="bbox 433 3738 1252 3805; baseline 0.002 -15"><span class='ocrx_word' id='word_1_393' title='bbox 433 3738 736 3805; x_wconf 79' lang='lat' dir='ltr'><strong>petentiam</strong></span> <span class='ocrx_word' id='word_1_394' title='bbox 768 3738 1252 3794; x_wconf 84' lang='lat' dir='ltr'><strong>administratione.</strong></span> 
     </span>
    </p>
   </div>
   <div class='ocr_carea' id='block_1_56' title="bbox 505 3827 2006 3900">
    <p class='ocr_par' dir='ltr' id='par_1_56' title="bbox 505 3827 2006 3900">
     <span class='ocr_line' id='line_1_56' title="bbox 505 3827 2006 3900; baseline 0.005 -20"><span class='ocrx_word' id='word_1_395' title='bbox 505 3827 777 3895; x_wconf 80' lang='lat' dir='ltr'><strong>Jejunium</strong></span> <span class='ocrx_word' id='word_1_396' title='bbox 797 3844 829 3880; x_wconf 77' lang='grc' dir='ltr'><em>α</em></span> <span class='ocrx_word' id='word_1_397' title='bbox 855 3827 1028 3896; x_wconf 88' lang='lat' dir='ltr'><strong>priore</strong></span> <span class='ocrx_word' id='word_1_398' title='bbox 1053 3827 1331 3897; x_wconf 77' lang='lat' dir='ltr'><strong>frangatur</strong></span> <span class='ocrx_word' id='word_1_399' title='bbox 1353 3839 1565 3898; x_wconf 84' lang='lat' dir='ltr'><strong>propter</strong></span> <span class='ocrx_word' id='word_1_400' title='bbox 1587 3830 1838 3900; x_wconf 84' lang='lat' dir='ltr'><strong>hospitem</strong></span> <span class='ocrx_word' id='word_1_401' title='bbox 1863 3849 1880 3885; x_wconf 92' lang='lat'><strong><em>:</em></strong></span> <span class='ocrx_word' id='word_1_402' title='bbox 1907 3834 2006 3887; x_wconf 87' lang='lat' dir='ltr'><strong>nisi</strong></span> 
     </span>
    </p>
   </div>
   <div class='ocr_carea' id='block_1_57' title="bbox 434 3916 2002 3991">
    <p class='ocr_par' dir='ltr' id='par_1_57' title="bbox 434 3916 2002 3991">
     <span class='ocr_line' id='line_1_57' title="bbox 434 3916 2002 3991; baseline 0.004 -22"><span class='ocrx_word' id='word_1_403' title='bbox 434 3917 573 3986; x_wconf 62' lang='lat' dir='ltr'><strong>forte</strong></span> <span class='ocrx_word' id='word_1_404' title='bbox 595 3917 888 3987; x_wconf 79' lang='lat' dir='ltr'><strong>prwcipuus</strong></span> <span class='ocrx_word' id='word_1_405' title='bbox 916 3916 981 3970; x_wconf 88' lang='lat' dir='ltr'><strong>sit</strong></span> <span class='ocrx_word' id='word_1_406' title='bbox 1011 3918 1120 3971; x_wconf 86' lang='lat' dir='ltr'><strong>dies</strong></span> <span class='ocrx_word' id='word_1_407' title='bbox 1133 3918 1354 3987; x_wconf 86' lang='lat' dir='ltr'><strong>jejunii,</strong></span> <span class='ocrx_word' id='word_1_408' title='bbox 1373 3920 1462 3988; x_wconf 87' lang='lat' dir='ltr'><strong>qui</strong></span> <span class='ocrx_word' id='word_1_409' title='bbox 1491 3937 1594 3974; x_wconf 87' lang='lat' dir='ltr'><strong>non</strong></span> <span class='ocrx_word' id='word_1_410' title='bbox 1618 3923 1777 3991; x_wconf 87' lang='lat' dir='ltr'><strong>possit</strong></span> <span class='ocrx_word' id='word_1_411' title='bbox 1800 3922 2002 3976; x_wconf 80' lang='lat' dir='ltr'><strong>violari.</strong></span> 
     </span>
    </p>
   </div>
   <div class='ocr_carea' id='block_1_58' title="bbox 436 4005 2007 4080">
    <p class='ocr_par' dir='ltr' id='par_1_58' title="bbox 436 4005 2007 4080">
     <span class='ocr_line' id='line_1_58' title="bbox 436 4005 2007 4080; baseline 0.004 -22"><span class='ocrx_word' id='word_1_412' title='bbox 436 4005 656 4059; x_wconf 83' lang='lat' dir='ltr'><strong>Fratres</strong></span> <span class='ocrx_word' id='word_1_413' title='bbox 693 4013 867 4058; x_wconf 85' lang='lat' dir='ltr'><strong>autent</strong></span> <span class='ocrx_word' id='word_1_414' title='bbox 909 4006 1304 4061; x_wconf 85' lang='lat' dir='ltr'><strong>consuetudines</strong></span> <span class='ocrx_word' id='word_1_415' title='bbox 1331 4007 1662 4076; x_wconf 87' lang='lat' dir='ltr'><strong>jejuniorum</strong></span> <span class='ocrx_word' id='word_1_416' title='bbox 1686 4026 2007 4080; x_wconf 80' lang='lat' dir='ltr'><strong>prosequan-</strong></span> 
     </span>
    </p>
   </div>
   <div class='ocr_carea' id='block_1_59' title="bbox 431 4093 2009 4169">
    <p class='ocr_par' dir='ltr' id='par_1_59' title="bbox 431 4093 2009 4169">
     <span class='ocr_line' id='line_1_59' title="bbox 431 4093 2009 4169; baseline 0.004 -21"><span class='ocrx_word' id='word_1_417' title='bbox 431 4107 542 4149; x_wconf 84' lang='lat' dir='ltr'><strong>tur.</strong></span> <span class='ocrx_word' id='word_1_418' title='bbox 575 4095 700 4149; x_wconf 89' lang='lat' dir='ltr'><strong>Dies</strong></span> <span class='ocrx_word' id='word_1_419' title='bbox 725 4093 933 4164; x_wconf 88' lang='lat' dir='ltr'><strong>jejunii,</strong></span> <span class='ocrx_word' id='word_1_420' title='bbox 960 4096 1048 4164; x_wconf 91' lang='lat' dir='ltr'><strong>qui</strong></span> <span class='ocrx_word' id='word_1_421' title='bbox 1073 4096 1264 4150; x_wconf 84' lang='lat' dir='ltr'><strong>violari</strong></span> <span class='ocrx_word' id='word_1_422' title='bbox 1301 4112 1407 4151; x_wconf 90' lang='lat' dir='ltr'><strong>non</strong></span> <span class='ocrx_word' id='word_1_423' title='bbox 1435 4107 1680 4167; x_wconf 87' lang='lat' dir='ltr'><strong>possunt,</strong></span> <span class='ocrx_word' id='word_1_424' title='bbox 1708 4099 2009 4169; x_wconf 81' lang='lat' dir='ltr'><strong>intelligun-</strong></span> 
     </span>
    </p>
   </div>
   <div class='ocr_carea' id='block_1_60' title="bbox 433 4185 2006 4258">
    <p class='ocr_par' dir='ltr' id='par_1_60' title="bbox 433 4185 2006 4258">
     <span class='ocr_line' id='line_1_60' title="bbox 433 4185 2006 4258; baseline 0.002 -17"><span class='ocrx_word' id='word_1_425' title='bbox 433 4196 526 4241; x_wconf 78' lang='lat' dir='ltr'><strong>tur</strong></span> <span class='ocrx_word' id='word_1_426' title='bbox 563 4186 676 4240; x_wconf 86' lang='lat' dir='ltr'><strong>dies</strong></span> <span class='ocrx_word' id='word_1_427' title='bbox 704 4194 904 4240; x_wconf 62' lang='lat' dir='ltr'><strong>sanctae</strong></span> <span class='ocrx_word' id='word_1_428' title='bbox 939 4185 1234 4252; x_wconf 87' lang='lat' dir='ltr'><strong>Paschalis,</strong></span> <span class='ocrx_word' id='word_1_429' title='bbox 1279 4187 1734 4258; x_wconf 68' lang='lat' dir='ltr'><strong>Quadragesimaz,</strong></span> <span class='ocrx_word' id='word_1_430' title='bbox 1768 4189 2006 4244; x_wconf 86' lang='lat' dir='ltr'><strong>Litania-</strong></span> 
     </span>
    </p>
   </div>
   <div class='ocr_carea' id='block_1_61' title="bbox 434 4277 2007 4347">
    <p class='ocr_par' dir='ltr' id='par_1_61' title="bbox 434 4277 2007 4347">
     <span class='ocr_line' id='line_1_61' title="bbox 434 4277 2007 4347; baseline 0.002 -16"><span class='ocrx_word' id='word_1_431' title='bbox 434 4293 578 4342; x_wconf 80' lang='lat' dir='ltr'><strong>rum,</strong></span> <span class='ocrx_word' id='word_1_432' title='bbox 626 4284 682 4330; x_wconf 89' lang='lat' dir='ltr'><strong>et</strong></span> <span class='ocrx_word' id='word_1_433' title='bbox 732 4286 961 4345; x_wconf 86' lang='lat' dir='ltr'><strong>quatuor</strong></span> <span class='ocrx_word' id='word_1_434' title='bbox 1010 4277 1138 4331; x_wconf 88' lang='lat' dir='ltr'><strong>anni</strong></span> <span class='ocrx_word' id='word_1_435' title='bbox 1184 4285 1508 4347; x_wconf 86' lang='lat' dir='ltr'><strong>temporum,</strong></span> <span class='ocrx_word' id='word_1_436' title='bbox 1560 4287 1654 4332; x_wconf 88' lang='lat' dir='ltr'><strong>aut</strong></span> <span class='ocrx_word' id='word_1_437' title='bbox 1691 4279 1736 4332; x_wconf 92' lang='lat' dir='ltr'><strong>si</strong></span> <span class='ocrx_word' id='word_1_438' title='bbox 1781 4278 2007 4347; x_wconf 86' lang='lat' dir='ltr'><strong>alicujus</strong></span> 
     </span>
    </p>
   </div>
   <div class='ocr_carea' id='block_1_62' title="bbox 432 4364 2007 4437">
    <p class='ocr_par' dir='ltr' id='par_1_62' title="bbox 432 4364 2007 4437">
     <span class='ocr_line' id='line_1_62' title="bbox 432 4364 2007 4437; baseline 0.003 -18"><span class='ocrx_word' id='word_1_439' title='bbox 432 4367 544 4421; x_wconf 85' lang='lat' dir='ltr'><strong>diei</strong></span> <span class='ocrx_word' id='word_1_440' title='bbox 575 4365 698 4421; x_wconf 88' lang='lat' dir='ltr'><strong>festi</strong></span> <span class='ocrx_word' id='word_1_441' title='bbox 722 4364 884 4421; x_wconf 85' lang='lat' dir='ltr'><strong>fuerit</strong></span> <span class='ocrx_word' id='word_1_442' title='bbox 903 4368 1108 4436; x_wconf 84' lang='lat' dir='ltr'><strong>agenda</strong></span> <span class='ocrx_word' id='word_1_443' title='bbox 1147 4368 1354 4437; x_wconf 80' lang='lat' dir='ltr'><strong>vigilia,</strong></span> <span class='ocrx_word' id='word_1_444' title='bbox 1391 4369 1612 4437; x_wconf 87' lang='lat' dir='ltr'><strong>quando</strong></span> <span class='ocrx_word' id='word_1_445' title='bbox 1639 4385 1748 4424; x_wconf 88' lang='lat' dir='ltr'><strong>non</strong></span> <span class='ocrx_word' id='word_1_446' title='bbox 1776 4369 1949 4424; x_wconf 85' lang='lat' dir='ltr'><strong>solum</strong></span> <span class='ocrx_word' id='word_1_447' title='bbox 1976 4386 2007 4423; x_wconf 89' lang='lat' dir='ltr'><strong>a</strong></span> 
     </span>
    </p>
   </div>
   <div class='ocr_carea' id='block_1_63' title="bbox 431 4456 2006 4522">
    <p class='ocr_par' dir='ltr' id='par_1_63' title="bbox 431 4456 2006 4522">
     <span class='ocr_line' id='line_1_63' title="bbox 431 4456 2006 4522; baseline 0.003 -12"><span class='ocrx_word' id='word_1_448' title='bbox 431 4457 733 4519; x_wconf 82' lang='lat' dir='ltr'><strong>canonicis,</strong></span> <span class='ocrx_word' id='word_1_449' title='bbox 775 4456 1006 4522; x_wconf 86' lang='lat' dir='ltr'><strong>clericis,</strong></span> <span class='ocrx_word' id='word_1_450' title='bbox 1034 4472 1222 4512; x_wconf 88' lang='lat' dir='ltr'><strong>verum</strong></span> <span class='ocrx_word' id='word_1_451' title='bbox 1249 4459 1414 4513; x_wconf 86' lang='lat' dir='ltr'><strong>etiam</strong></span> <span class='ocrx_word' id='word_1_452' title='bbox 1460 4474 1492 4513; x_wconf 92' lang='lat' dir='ltr'><strong>a</strong></span> <span class='ocrx_word' id='word_1_453' title='bbox 1530 4459 1683 4514; x_wconf 88' lang='lat' dir='ltr'><strong>laicis</strong></span> <span class='ocrx_word' id='word_1_454' title='bbox 1723 4460 2006 4515; x_wconf 87' lang='lat' dir='ltr'><strong>catholicis</strong></span> 
     </span>
    </p>
   </div>
   <div class='ocr_carea' id='block_1_64' title="bbox 432 4543 2002 4618">
    <p class='ocr_par' dir='ltr' id='par_1_64' title="bbox 432 4543 2002 4618">
     <span class='ocr_line' id='line_1_64' title="bbox 432 4543 2002 4618; baseline 0.004 -20"><span class='ocrx_word' id='word_1_455' title='bbox 432 4543 725 4616; x_wconf 86' lang='lat' dir='ltr'><strong>jejunatur.</strong></span> <span class='ocrx_word' id='word_1_456' title='bbox 757 4545 978 4600; x_wconf 85' lang='lat' dir='ltr'><strong>Fratres</strong></span> <span class='ocrx_word' id='word_1_457' title='bbox 1019 4555 1198 4603; x_wconf 88' lang='lat' dir='ltr'><strong>autem</strong></span> <span class='ocrx_word' id='word_1_458' title='bbox 1240 4549 1656 4604; x_wconf 85' lang='lat' dir='ltr'><strong>consuetudines</strong></span> <span class='ocrx_word' id='word_1_459' title='bbox 1675 4548 2002 4618; x_wconf 91' lang='lat' dir='ltr'><strong>jejuniorum</strong></span> 
     </span>
    </p>
   </div>
   <div class='ocr_carea' id='block_1_65' title="bbox 435 4638 2004 4707">
    <p class='ocr_par' dir='ltr' id='par_1_65' title="bbox 435 4638 2004 4707">
     <span class='ocr_line' id='line_1_65' title="bbox 435 4638 2004 4707; baseline 0.004 -20"><span class='ocrx_word' id='word_1_460' title='bbox 435 4643 852 4704; x_wconf 83' lang='lat' dir='ltr'><strong>prosequantur,</strong></span> <span class='ocrx_word' id='word_1_461' title='bbox 889 4651 959 4690; x_wconf 88' lang='lat' dir='ltr'><strong>ne</strong></span> <span class='ocrx_word' id='word_1_462' title='bbox 994 4650 1093 4704; x_wconf 87' lang='lat' dir='ltr'><strong>pro</strong></span> <span class='ocrx_word' id='word_1_463' title='bbox 1137 4653 1244 4693; x_wconf 90' lang='lat' dir='ltr'><strong>uno</strong></span> <span class='ocrx_word' id='word_1_464' title='bbox 1283 4638 1495 4707; x_wconf 89' lang='lat' dir='ltr'><strong>hospite</strong></span> <span class='ocrx_word' id='word_1_465' title='bbox 1519 4654 1550 4692; x_wconf 93' lang='lat' dir='ltr'><strong>a</strong></span> <span class='ocrx_word' id='word_1_466' title='bbox 1575 4646 1689 4693; x_wconf 90' lang='lat' dir='ltr'><strong>toto</strong></span> <span class='ocrx_word' id='word_1_467' title='bbox 1733 4647 2004 4704; x_wconf 80' lang='lat' dir='ltr'><strong>monaste-</strong></span> 
     </span>
    </p>
   </div>
   <div class='ocr_carea' id='block_1_66' title="bbox 437 4723 1999 4794">
    <p class='ocr_par' dir='ltr' id='par_1_66' title="bbox 437 4723 1999 4794">
     <span class='ocr_line' id='line_1_66' title="bbox 437 4723 1999 4794; baseline 0.006 -17"><span class='ocrx_word' id='word_1_468' title='bbox 437 4725 520 4777; x_wconf 88' lang='lat' dir='ltr'><strong>rio</strong></span> <span class='ocrx_word' id='word_1_469' title='bbox 543 4723 734 4794; x_wconf 86' lang='lat' dir='ltr'><strong>jejunii</strong></span> <span class='ocrx_word' id='word_1_470' title='bbox 763 4727 1074 4782; x_wconf 90' lang='lat' dir='ltr'><strong>solemnitas</strong></span> <span class='ocrx_word' id='word_1_471' title='bbox 1103 4727 1404 4783; x_wconf 78' lang='lat' dir='ltr'><strong>auferatur.</strong></span> <span class='ocrx_word' id='word_1_472' title='bbox 1436 4727 1570 4784; x_wconf 82' lang='lat' dir='ltr'><strong>Nam</strong></span> <span class='ocrx_word' id='word_1_473' title='bbox 1591 4737 1651 4784; x_wconf 88' lang='lat' dir='ltr'><strong>ut</strong></span> <span class='ocrx_word' id='word_1_474' title='bbox 1668 4731 1999 4786; x_wconf 88' lang='lat' dir='ltr'><strong>cbaritatem</strong></span> 
     </span>
    </p>
   </div>
   <div class='ocr_carea' id='block_1_67' title="bbox 438 4817 2004 4889">
    <p class='ocr_par' dir='ltr' id='par_1_67' title="bbox 438 4817 2004 4889">
     <span class='ocr_line' id='line_1_67' title="bbox 438 4817 2004 4889; baseline 0.004 -21"><span class='ocrx_word' id='word_1_475' title='bbox 438 4824 771 4870; x_wconf 82' lang='lat' dir='ltr'><strong>monstretur</strong></span> <span class='ocrx_word' id='word_1_476' title='bbox 811 4817 1014 4874; x_wconf 72' lang='lat' dir='ltr'><strong>habere</strong></span> <span class='ocrx_word' id='word_1_477' title='bbox 1056 4817 1109 4872; x_wconf 91' lang='lat' dir='ltr'><strong>in</strong></span> <span class='ocrx_word' id='word_1_478' title='bbox 1157 4818 1445 4887; x_wconf 87' lang='lat' dir='ltr'><strong>hospitem,</strong></span> <span class='ocrx_word' id='word_1_479' title='bbox 1492 4819 1826 4875; x_wconf 89' lang='lat' dir='ltr'><strong>solummodo</strong></span> <span class='ocrx_word' id='word_1_480' title='bbox 1865 4819 2004 4889; x_wconf 81' lang='lat' dir='ltr'><strong>jeju-</strong></span> 
     </span>
    </p>
   </div>
   <div class='ocr_carea' id='block_1_68' title="bbox 438 4904 2007 4982">
    <p class='ocr_par' dir='ltr' id='par_1_68' title="bbox 438 4904 2007 4982">
     <span class='ocr_line' id='line_1_68' title="bbox 438 4904 2007 4982; baseline 0.007 -27"><span class='ocrx_word' id='word_1_481' title='bbox 438 4904 588 4957; x_wconf 91' lang='lat' dir='ltr'><strong>nium</strong></span> <span class='ocrx_word' id='word_1_482' title='bbox 629 4907 847 4962; x_wconf 87' lang='lat' dir='ltr'><strong>mandat</strong></span> <span class='ocrx_word' id='word_1_483' title='bbox 889 4907 1064 4979; x_wconf 78' lang='lat' dir='ltr'><strong>frangi</strong></span> <span class='ocrx_word' id='word_1_484' title='bbox 1094 4924 1124 4963; x_wconf 89' lang='lat' dir='ltr'><strong>a</strong></span> <span class='ocrx_word' id='word_1_485' title='bbox 1162 4910 1366 4979; x_wconf 88' lang='lat' dir='ltr'><strong>priore,</strong></span> <span class='ocrx_word' id='word_1_486' title='bbox 1407 4918 1462 4964; x_wconf 89' lang='lat' dir='ltr'><strong>et</strong></span> <span class='ocrx_word' id='word_1_487' title='bbox 1501 4915 1738 4966; x_wconf 78' lang='lat' dir='ltr'><strong>maxime</strong></span> <span class='ocrx_word' id='word_1_488' title='bbox 1786 4921 2007 4982; x_wconf 87' lang='lat' dir='ltr'><strong>propter</strong></span> 
     </span>
    </p>
   </div>
   <div class='ocr_carea' id='block_1_69' title="bbox 439 4995 2009 5071">
    <p class='ocr_par' dir='ltr' id='par_1_69' title="bbox 439 4995 2009 5071">
     <span class='ocr_line' id='line_1_69' title="bbox 439 4995 2009 5071; baseline 0.007 -24"><span class='ocrx_word' id='word_1_489' title='bbox 439 4995 608 5060; x_wconf 90' lang='lat' dir='ltr'><strong>ipsius</strong></span> <span class='ocrx_word' id='word_1_490' title='bbox 636 4996 861 5066; x_wconf 88' lang='lat' dir='ltr'><strong>hospitis</strong></span> <span class='ocrx_word' id='word_1_491' title='bbox 898 5001 1156 5056; x_wconf 89' lang='lat' dir='ltr'><strong>honorem</strong></span> <span class='ocrx_word' id='word_1_492' title='bbox 1203 5001 1336 5056; x_wconf 89' lang='lat' dir='ltr'><strong>solvi</strong></span> <span class='ocrx_word' id='word_1_493' title='bbox 1382 5003 1604 5060; x_wconf 86' lang='lat' dir='ltr'><strong>mandat</strong></span> <span class='ocrx_word' id='word_1_494' title='bbox 1635 5001 1902 5071; x_wconf 87' lang='lat' dir='ltr'><strong>jejunium</strong></span> <span class='ocrx_word' id='word_1_495' title='bbox 1941 5005 2009 5058; x_wconf 88' lang='lat' dir='ltr'><strong>ab</strong></span> 
     </span>
    </p>
   </div>
   <div class='ocr_carea' id='block_1_70' title="bbox 385 5083 2008 5162">
    <p class='ocr_par' dir='ltr' id='par_1_70' title="bbox 385 5083 2008 5162">
     <span class='ocr_line' id='line_1_70' title="bbox 385 5083 2008 5162; baseline 0.008 -27"><span class='ocrx_word' id='word_1_496' title='bbox 385 5083 408 5106; x_wconf 83' lang='lat'>&#39;</span> <span class='ocrx_word' id='word_1_497' title='bbox 441 5084 558 5153; x_wconf 89' lang='lat' dir='ltr'><strong>ipso</strong></span> <span class='ocrx_word' id='word_1_498' title='bbox 593 5088 918 5141; x_wconf 88' lang='lat' dir='ltr'><strong>monasterio</strong></span> <span class='ocrx_word' id='word_1_499' title='bbox 951 5091 1185 5146; x_wconf 90' lang='lat' dir='ltr'><strong>seniore.</strong></span> <span class='ocrx_word' id='word_1_500' title='bbox 1223 5091 1330 5148; x_wconf 85' lang='lat' dir='ltr'><strong>Sed</strong></span> <span class='ocrx_word' id='word_1_501' title='bbox 1355 5099 1412 5146; x_wconf 89' lang='lat' dir='ltr'><strong>et</strong></span> <span class='ocrx_word' id='word_1_502' title='bbox 1439 5092 1544 5148; x_wconf 89' lang='lat' dir='ltr'><strong>hoc</strong></span> <span class='ocrx_word' id='word_1_503' title='bbox 1569 5108 1676 5149; x_wconf 89' lang='lat' dir='ltr'><strong>non</strong></span> <span class='ocrx_word' id='word_1_504' title='bbox 1705 5109 1804 5162; x_wconf 89' lang='lat' dir='ltr'><strong>pro</strong></span> <span class='ocrx_word' id='word_1_505' title='bbox 1832 5095 2008 5148; x_wconf 88' lang='lat' dir='ltr'><strong>omni-</strong></span> 
     </span>
    </p>
   </div>
   <div class='ocr_carea' id='block_1_71' title="bbox 439 5177 2011 5257">
    <p class='ocr_par' dir='ltr' id='par_1_71' title="bbox 439 5177 2011 5257">
     <span class='ocr_line' id='line_1_71' title="bbox 439 5177 2011 5257; baseline 0.007 -27"><span class='ocrx_word' id='word_1_506' title='bbox 439 5179 542 5231; x_wconf 90' lang='lat' dir='ltr'><strong>bus</strong></span> <span class='ocrx_word' id='word_1_507' title='bbox 569 5177 869 5246; x_wconf 86' lang='lat' dir='ltr'><strong>hospitibus</strong></span> <span class='ocrx_word' id='word_1_508' title='bbox 889 5189 972 5234; x_wconf 86' lang='lat' dir='ltr'><strong>est</strong></span> <span class='ocrx_word' id='word_1_509' title='bbox 994 5184 1281 5252; x_wconf 83' lang='lat' dir='ltr'><strong>agendum,</strong></span> <span class='ocrx_word' id='word_1_510' title='bbox 1305 5184 1401 5240; x_wconf 84' lang='lat' dir='ltr'><strong>sed</strong></span> <span class='ocrx_word' id='word_1_511' title='bbox 1425 5193 1628 5240; x_wconf 88' lang='lat' dir='ltr'><strong>tantum</strong></span> <span class='ocrx_word' id='word_1_512' title='bbox 1649 5199 1749 5253; x_wconf 88' lang='lat' dir='ltr'><strong>pro</strong></span> <span class='ocrx_word' id='word_1_513' title='bbox 1771 5187 1982 5257; x_wconf 79' lang='lat' dir='ltr'><strong>peregri</strong></span> <span class='ocrx_word' id='word_1_514' title='bbox 1997 5220 2011 5230; x_wconf 90' lang='lat'><strong><em>-</em></strong></span> 
     </span>
    </p>
   </div>
   <div class='ocr_carea' id='block_1_72' title="bbox 443 5266 2007 5345">
    <p class='ocr_par' dir='ltr' id='par_1_72' title="bbox 443 5266 2007 5345">
     <span class='ocr_line' id='line_1_72' title="bbox 443 5266 2007 5345; baseline 0.006 -23"><span class='ocrx_word' id='word_1_515' title='bbox 443 5269 530 5322; x_wconf 88' lang='lat' dir='ltr'><strong>nis</strong></span> <span class='ocrx_word' id='word_1_516' title='bbox 586 5266 845 5321; x_wconf 78' lang='lat' dir='ltr'><strong>fratribus</strong></span> <span class='ocrx_word' id='word_1_517' title='bbox 874 5277 966 5323; x_wconf 89' lang='lat' dir='ltr'><strong>aut</strong></span> <span class='ocrx_word' id='word_1_518' title='bbox 1004 5271 1110 5327; x_wconf 86' lang='lat' dir='ltr'><strong>illis</strong></span> <span class='ocrx_word' id='word_1_519' title='bbox 1150 5275 1376 5330; x_wconf 91' lang='lat' dir='ltr'><strong>summis</strong></span> <span class='ocrx_word' id='word_1_520' title='bbox 1421 5275 1670 5344; x_wconf 88' lang='lat' dir='ltr'><strong>personis</strong></span> <span class='ocrx_word' id='word_1_521' title='bbox 1705 5290 1825 5345; x_wconf 71' lang='lat' dir='ltr'><strong>qua:</strong></span> <span class='ocrx_word' id='word_1_522' title='bbox 1855 5279 2007 5334; x_wconf 76' lang='lat' dir='ltr'><strong>tarde</strong></span> 
     </span>
    </p>
   </div>
   <div class='ocr_carea' id='block_1_73' title="bbox 441 5361 1104 5426">
    <p class='ocr_par' dir='ltr' id='par_1_73' title="bbox 441 5361 1104 5426">
     <span class='ocr_line' id='line_1_73' title="bbox 441 5361 1104 5426; baseline 0.006 -14"><span class='ocrx_word' id='word_1_523' title='bbox 441 5361 664 5415; x_wconf 86' lang='lat' dir='ltr'><strong>visitant</strong></span> <span class='ocrx_word' id='word_1_524' title='bbox 697 5361 1104 5426; x_wconf 87' lang='lat' dir='ltr'><strong>monasterium.</strong></span> 
     </span>
    </p>
   </div>
   <div class='ocr_carea' id='block_1_74' title="bbox 510 5449 2010 5528">
    <p class='ocr_par' dir='ltr' id='par_1_74' title="bbox 510 5449 2010 5528">
     <span class='ocr_line' id='line_1_74' title="bbox 510 5449 2010 5528; baseline 0.006 -25"><span class='ocrx_word' id='word_1_525' title='bbox 510 5451 715 5520; x_wconf 79' lang='lat' dir='ltr'><strong>Aquam</strong></span> <span class='ocrx_word' id='word_1_526' title='bbox 760 5449 816 5504; x_wconf 87' lang='lat' dir='ltr'><strong>in</strong></span> <span class='ocrx_word' id='word_1_527' title='bbox 840 5451 1078 5505; x_wconf 86' lang='lat' dir='ltr'><strong>manibus</strong></span> <span class='ocrx_word' id='word_1_528' title='bbox 1099 5453 1258 5506; x_wconf 87' lang='lat' dir='ltr'><strong>abbas</strong></span> <span class='ocrx_word' id='word_1_529' title='bbox 1284 5454 1568 5524; x_wconf 85' lang='lat' dir='ltr'><strong>hospitibus</strong></span> <span class='ocrx_word' id='word_1_530' title='bbox 1595 5458 1677 5512; x_wconf 86' lang='lat' dir='ltr'><strong>det</strong></span> <span class='ocrx_word' id='word_1_531' title='bbox 1699 5471 1716 5509; x_wconf 93' lang='lat'><em>:</em></span> <span class='ocrx_word' id='word_1_532' title='bbox 1739 5458 1892 5528; x_wconf 86' lang='lat' dir='ltr'><strong>pedes</strong></span> <span class='ocrx_word' id='word_1_533' title='bbox 1918 5477 2010 5512; x_wconf 89' lang='lat' dir='ltr'><strong>au-</strong></span> 
     </span>
    </p>
   </div>
   <div class='ocr_carea' id='block_1_75' title="bbox 442 5539 2009 5616">
    <p class='ocr_par' dir='ltr' id='par_1_75' title="bbox 442 5539 2009 5616">
     <span class='ocr_line' id='line_1_75' title="bbox 442 5539 2009 5616; baseline 0.008 -25"><span class='ocrx_word' id='word_1_534' title='bbox 442 5550 541 5592; x_wconf 88' lang='lat' dir='ltr'><strong>tem</strong></span> <span class='ocrx_word' id='word_1_535' title='bbox 569 5539 857 5610; x_wconf 81' lang='lat' dir='ltr'><strong>hospitibus</strong></span> <span class='ocrx_word' id='word_1_536' title='bbox 897 5541 1135 5596; x_wconf 84' lang='lat' dir='ltr'><strong>omnibus</strong></span> <span class='ocrx_word' id='word_1_537' title='bbox 1171 5553 1278 5597; x_wconf 84' lang='lat' dir='ltr'><strong>tam</strong></span> <span class='ocrx_word' id='word_1_538' title='bbox 1313 5544 1472 5600; x_wconf 87' lang='lat' dir='ltr'><strong>abbas</strong></span> <span class='ocrx_word' id='word_1_539' title='bbox 1495 5564 1650 5616; x_wconf 87' lang='lat' dir='ltr'><strong>quam</strong></span> <span class='ocrx_word' id='word_1_540' title='bbox 1674 5559 1856 5602; x_wconf 85' lang='lat' dir='ltr'><strong>cuncta</strong></span> <span class='ocrx_word' id='word_1_541' title='bbox 1885 5566 2009 5602; x_wconf 88' lang='lat' dir='ltr'><strong>con-</strong></span> 
     </span>
    </p>
   </div>
   <div class='ocr_carea' id='block_1_76' title="bbox 445 5629 2008 5708">
    <p class='ocr_par' dir='ltr' id='par_1_76' title="bbox 445 5629 2008 5708">
     <span class='ocr_line' id='line_1_76' title="bbox 445 5629 2008 5708; baseline 0.008 -28"><span class='ocrx_word' id='word_1_542' title='bbox 445 5630 676 5695; x_wconf 82' lang='lat' dir='ltr'><strong>gregatio</strong></span> <span class='ocrx_word' id='word_1_543' title='bbox 714 5629 868 5687; x_wconf 76' lang='lat' dir='ltr'><strong>lanet.</strong></span> <span class='ocrx_word' id='word_1_544' title='bbox 903 5632 1040 5688; x_wconf 84' lang='lat' dir='ltr'><strong>llinc</strong></span> <span class='ocrx_word' id='word_1_545' title='bbox 1071 5632 1403 5692; x_wconf 85' lang='lat' dir='ltr'><strong>Fructuosus</strong></span> <span class='ocrx_word' id='word_1_546' title='bbox 1439 5639 1551 5692; x_wconf 87' lang='lat' dir='ltr'><strong>ait:</strong></span> <span class='ocrx_word' id='word_1_547' title='bbox 1585 5639 1898 5708; x_wconf 85' lang='lat' dir='ltr'><strong>llospilibus</strong></span> <span class='ocrx_word' id='word_1_548' title='bbox 1925 5656 2008 5693; x_wconf 77' lang='lat' dir='ltr'><strong>vet</strong></span> 
     </span>
    </p>
   </div>
   <div class='ocr_carea' id='block_1_77' title="bbox 454 5719 2007 5785">
    <p class='ocr_par' dir='ltr' id='par_1_77' title="bbox 454 5719 2007 5785">
     <span class='ocr_line' id='line_1_77' title="bbox 454 5719 2007 5785; baseline 0.012 -18"><span class='ocrx_word' id='word_1_549' title='bbox 454 5719 750 5785; x_wconf 70' lang='lat' dir='ltr'><strong>peregrinis</strong></span> <span class='ocrx_word' id='word_1_550' title='bbox 784 5719 1042 5781; x_wconf 80' lang='lat' dir='ltr'><strong>fratribus</strong></span> <span class='ocrx_word' id='word_1_551' title='bbox 1083 5739 1205 5782; x_wconf 89' lang='lat' dir='ltr'><strong>cum</strong></span> <span class='ocrx_word' id='word_1_552' title='bbox 1245 5741 1450 5784; x_wconf 81' lang='lat' dir='ltr'><strong>summa</strong></span> <span class='ocrx_word' id='word_1_553' title='bbox 1492 5729 1793 5784; x_wconf 83' lang='lat' dir='ltr'><strong>reverentia</strong></span> <span class='ocrx_word' id='word_1_554' title='bbox 1833 5730 2007 5785; x_wconf 85' lang='lat' dir='ltr'><strong>chari—</strong></span> 
     </span>
    </p>
   </div>
   <div class='ocr_carea' id='block_1_78' title="bbox 2032 4508 2083 4566">
    <p class='ocr_par' dir='ltr' id='par_1_78' title="bbox 2032 4508 2083 4566">
     <span class='ocr_line' id='line_1_78' title="bbox 2032 4508 2083 4566; baseline 0 0"><span class='ocrx_word' id='word_1_555' title='bbox 2032 4508 2083 4566; x_wconf 93' lang='lat' dir='ltr'><strong>D</strong></span> 
     </span>
    </p>
   </div>
   <div class='ocr_carea' id='block_1_79' title="bbox 2103 1925 3676 1996">
    <p class='ocr_par' dir='ltr' id='par_1_79' title="bbox 2103 1925 3676 1996">
     <span class='ocr_line' id='line_1_79' title="bbox 2103 1925 3676 1996; baseline 0.007 -18"><span class='ocrx_word' id='word_1_556' title='bbox 2103 1926 2404 1993; x_wconf 85' lang='lat' dir='ltr'><strong>suscipitur.</strong></span> <span class='ocrx_word' id='word_1_557' title='bbox 2442 1925 2582 1980; x_wconf 82' lang='lat' dir='ltr'><strong>Hinc</strong></span> <span class='ocrx_word' id='word_1_558' title='bbox 2605 1927 2930 1982; x_wconf 85' lang='lat' dir='ltr'><strong>Pachomius</strong></span> <span class='ocrx_word' id='word_1_559' title='bbox 2975 1929 3054 1983; x_wconf 88' lang='lat' dir='ltr'><strong>ait</strong></span> <span class='ocrx_word' id='word_1_560' title='bbox 3089 1948 3100 1982; x_wconf 93' lang='lat'><em>:</em></span> <span class='ocrx_word' id='word_1_561' title='bbox 3136 1930 3363 1996; x_wconf 88' lang='lat' dir='ltr'><strong>Quando</strong></span> <span class='ocrx_word' id='word_1_562' title='bbox 3389 1933 3458 1987; x_wconf 90' lang='lat' dir='ltr'><strong>ad</strong></span> <span class='ocrx_word' id='word_1_563' title='bbox 3481 1935 3676 1988; x_wconf 90' lang='lat' dir='ltr'><strong>ostium</strong></span> 
     </span>
    </p>
   </div>
   <div class='ocr_carea' id='block_1_80' title="bbox 2104 2016 3680 2086">
    <p class='ocr_par' dir='ltr' id='par_1_80' title="bbox 2104 2016 3680 2086">
     <span class='ocr_line' id='line_1_80' title="bbox 2104 2016 3680 2086; baseline 0.006 -19"><span class='ocrx_word' id='word_1_564' title='bbox 2104 2016 2418 2069; x_wconf 88' lang='lat' dir='ltr'><strong>monasterii</strong></span> <span class='ocrx_word' id='word_1_565' title='bbox 2465 2016 2629 2084; x_wconf 89' lang='lat' dir='ltr'><strong>aliqui</strong></span> <span class='ocrx_word' id='word_1_566' title='bbox 2671 2018 2940 2083; x_wconf 89' lang='lat' dir='ltr'><strong>venerint,</strong></span> <span class='ocrx_word' id='word_1_567' title='bbox 2991 2019 3036 2074; x_wconf 91' lang='lat' dir='ltr'><strong>si</strong></span> <span class='ocrx_word' id='word_1_568' title='bbox 3086 2019 3268 2075; x_wconf 89' lang='lat' dir='ltr'><strong>clerici</strong></span> <span class='ocrx_word' id='word_1_569' title='bbox 3317 2021 3534 2086; x_wconf 81' lang='lat' dir='ltr'><strong>fuerint,</strong></span> <span class='ocrx_word' id='word_1_570' title='bbox 3585 2033 3680 2077; x_wconf 87' lang='lat' dir='ltr'><strong>aut</strong></span> 
     </span>
    </p>
   </div>
   <div class='ocr_carea' id='block_1_81' title="bbox 2104 2106 3679 2183">
    <p class='ocr_par' dir='ltr' id='par_1_81' title="bbox 2104 2106 3679 2183">
     <span class='ocr_line' id='line_1_81' title="bbox 2104 2106 3679 2183; baseline 0.008 -27"><span class='ocrx_word' id='word_1_571' title='bbox 2104 2106 2380 2171; x_wconf 90' lang='lat' dir='ltr'><strong>monachi,</strong></span> <span class='ocrx_word' id='word_1_572' title='bbox 2408 2107 2600 2177; x_wconf 85' lang='lat' dir='ltr'><strong>majori</strong></span> <span class='ocrx_word' id='word_1_573' title='bbox 2627 2109 2832 2162; x_wconf 89' lang='lat' dir='ltr'><strong>honore</strong></span> <span class='ocrx_word' id='word_1_574' title='bbox 2862 2110 3246 2179; x_wconf 87' lang='lat' dir='ltr'><strong>suscipiantur.</strong></span> <span class='ocrx_word' id='word_1_575' title='bbox 3291 2111 3679 2183; x_wconf 79' lang='lat' dir='ltr'><strong>Lavabunlque</strong></span> 
     </span>
    </p>
   </div>
   <div class='ocr_carea' id='block_1_82' title="bbox 2103 2194 3679 2270">
    <p class='ocr_par' dir='ltr' id='par_1_82' title="bbox 2103 2194 3679 2270">
     <span class='ocr_line' id='line_1_82' title="bbox 2103 2194 3679 2270; baseline 0.007 -23"><span class='ocrx_word' id='word_1_576' title='bbox 2103 2194 2267 2264; x_wconf 86' lang='lat' dir='ltr'><strong>pedes</strong></span> <span class='ocrx_word' id='word_1_577' title='bbox 2295 2209 2502 2261; x_wconf 90' lang='lat' dir='ltr'><strong>eorum,</strong></span> <span class='ocrx_word' id='word_1_578' title='bbox 2543 2195 2698 2264; x_wconf 82' lang='lat' dir='ltr'><strong>juxta</strong></span> <span class='ocrx_word' id='word_1_579' title='bbox 2733 2198 3009 2270; x_wconf 84' lang='lat' dir='ltr'><strong>Evangelii</strong></span> <span class='ocrx_word' id='word_1_580' title='bbox 3041 2210 3394 2270; x_wconf 70' lang='lat' dir='ltr'><strong>praeceptum,</strong></span> <span class='ocrx_word' id='word_1_581' title='bbox 3424 2212 3480 2257; x_wconf 90' lang='lat' dir='ltr'><strong>et</strong></span> <span class='ocrx_word' id='word_1_582' title='bbox 3508 2203 3679 2258; x_wconf 85' lang='lat' dir='ltr'><strong>dedu-</strong></span> 
     </span>
    </p>
   </div>
   <div class='ocr_carea' id='block_1_83' title="bbox 2104 2288 3679 2364">
    <p class='ocr_par' dir='ltr' id='par_1_83' title="bbox 2104 2288 3679 2364">
     <span class='ocr_line' id='line_1_83' title="bbox 2104 2288 3679 2364; baseline 0.004 -24"><span class='ocrx_word' id='word_1_583' title='bbox 2104 2294 2228 2340; x_wconf 87' lang='lat' dir='ltr'><strong>cent</strong></span> <span class='ocrx_word' id='word_1_584' title='bbox 2254 2289 2319 2342; x_wconf 90' lang='lat' dir='ltr'><strong>ad</strong></span> <span class='ocrx_word' id='word_1_585' title='bbox 2336 2288 2513 2343; x_wconf 90' lang='lat' dir='ltr'><strong>locum</strong></span> <span class='ocrx_word' id='word_1_586' title='bbox 2541 2291 2883 2356; x_wconf 82' lang='lat' dir='ltr'><strong>xenodoehii,</strong></span> <span class='ocrx_word' id='word_1_587' title='bbox 2910 2292 3330 2361; x_wconf 69' lang='lat' dir='ltr'><strong>praebebuntque</strong></span> <span class='ocrx_word' id='word_1_588' title='bbox 3353 2295 3536 2347; x_wconf 87' lang='lat' dir='ltr'><strong>omnia</strong></span> <span class='ocrx_word' id='word_1_589' title='bbox 3560 2310 3679 2364; x_wconf 77' lang='lat' dir='ltr'><strong>qua:</strong></span> 
     </span>
    </p>
   </div>
   <div class='ocr_carea' id='block_1_84' title="bbox 2105 2381 3680 2447">
    <p class='ocr_par' dir='ltr' id='par_1_84' title="bbox 2105 2381 3680 2447">
     <span class='ocr_line' id='line_1_84' title="bbox 2105 2381 3680 2447; baseline 0.004 -15"><span class='ocrx_word' id='word_1_590' title='bbox 2105 2388 2229 2447; x_wconf 86' lang='lat' dir='ltr'><strong>apta</strong></span> <span class='ocrx_word' id='word_1_591' title='bbox 2257 2389 2384 2434; x_wconf 90' lang='lat' dir='ltr'><strong>sunt</strong></span> <span class='ocrx_word' id='word_1_592' title='bbox 2422 2381 2544 2436; x_wconf 88' lang='lat' dir='ltr'><strong>usui</strong></span> <span class='ocrx_word' id='word_1_593' title='bbox 2588 2383 2998 2437; x_wconf 84' lang='lat' dir='ltr'><strong>monachorum.</strong></span> <span class='ocrx_word' id='word_1_594' title='bbox 3038 2383 3175 2439; x_wconf 82' lang='lat' dir='ltr'><strong>Hinc</strong></span> <span class='ocrx_word' id='word_1_595' title='bbox 3201 2385 3441 2440; x_wconf 81' lang='lat' dir='ltr'><strong>Isidorus</strong></span> <span class='ocrx_word' id='word_1_596' title='bbox 3467 2387 3547 2439; x_wconf 83' lang='lat' dir='ltr'><strong>ait</strong></span> <span class='ocrx_word' id='word_1_597' title='bbox 3573 2401 3590 2439; x_wconf 89' lang='lat'><strong>:</strong></span> <span class='ocrx_word' id='word_1_598' title='bbox 3615 2386 3680 2440; x_wconf 80' lang='lat' dir='ltr'><strong>Et</strong></span> 
     </span>
    </p>
   </div>
   <div class='ocr_carea' id='block_1_85' title="bbox 2105 2469 3669 2550">
    <p class='ocr_par' dir='ltr' id='par_1_85' title="bbox 2105 2469 3669 2550">
     <span class='ocr_line' id='line_1_85' title="bbox 2105 2469 3669 2550; baseline 0.006 -29"><span class='ocrx_word' id='word_1_599' title='bbox 2105 2469 2231 2522; x_wconf 90' lang='lat' dir='ltr'><strong>licet</strong></span> <span class='ocrx_word' id='word_1_600' title='bbox 2293 2471 2544 2526; x_wconf 86' lang='lat' dir='ltr'><strong>omnibus</strong></span> <span class='ocrx_word' id='word_1_601' title='bbox 2601 2473 2985 2541; x_wconf 89' lang='lat' dir='ltr'><strong>hospitalitatis</strong></span> <span class='ocrx_word' id='word_1_602' title='bbox 3039 2477 3243 2531; x_wconf 89' lang='lat' dir='ltr'><strong>bonum</strong></span> <span class='ocrx_word' id='word_1_603' title='bbox 3305 2493 3432 2532; x_wconf 90' lang='lat' dir='ltr'><strong>cum</strong></span> <span class='ocrx_word' id='word_1_604' title='bbox 3498 2479 3669 2550; x_wconf 82' lang='lat' dir='ltr'><strong>gratia</strong></span> 
     </span>
    </p>
   </div>
   <div class='ocr_carea' id='block_1_86' title="bbox 2104 2558 3674 2627">
    <p class='ocr_par' dir='ltr' id='par_1_86' title="bbox 2104 2558 3674 2627">
     <span class='ocr_line' id='line_1_86' title="bbox 2104 2558 3674 2627; baseline 0.009 -18"><span class='ocrx_word' id='word_1_605' title='bbox 2104 2565 2352 2626; x_wconf 87' lang='lat' dir='ltr'><strong>oporteat</strong></span> <span class='ocrx_word' id='word_1_606' title='bbox 2392 2558 2754 2627; x_wconf 87' lang='lat' dir='ltr'><strong>referendum,</strong></span> <span class='ocrx_word' id='word_1_607' title='bbox 2798 2564 3018 2618; x_wconf 90' lang='lat' dir='ltr'><strong>uberior</strong></span> <span class='ocrx_word' id='word_1_608' title='bbox 3057 2571 3236 2620; x_wconf 90' lang='lat' dir='ltr'><strong>tamen</strong></span> <span class='ocrx_word' id='word_1_609' title='bbox 3293 2568 3579 2622; x_wconf 84' lang='lat' dir='ltr'><strong>monachis</strong></span> <span class='ocrx_word' id='word_1_610' title='bbox 3622 2576 3674 2622; x_wconf 86' lang='lat' dir='ltr'><strong>et</strong></span> 
     </span>
    </p>
   </div>
   <div class='ocr_carea' id='block_1_87' title="bbox 2106 2649 3673 2729">
    <p class='ocr_par' dir='ltr' id='par_1_87' title="bbox 2106 2649 3673 2729">
     <span class='ocr_line' id='line_1_87' title="bbox 2106 2649 3673 2729; baseline 0.007 -27"><span class='ocrx_word' id='word_1_611' title='bbox 2106 2649 2318 2704; x_wconf 81' lang='lat' dir='ltr'><strong>clericis</strong></span> <span class='ocrx_word' id='word_1_612' title='bbox 2363 2651 2650 2707; x_wconf 88' lang='lat' dir='ltr'><strong>deferenda</strong></span> <span class='ocrx_word' id='word_1_613' title='bbox 2683 2663 2764 2709; x_wconf 90' lang='lat' dir='ltr'><strong>est</strong></span> <span class='ocrx_word' id='word_1_614' title='bbox 2810 2657 3218 2714; x_wconf 81' lang='lat' dir='ltr'><strong>honoriﬁcentia</strong></span> <span class='ocrx_word' id='word_1_615' title='bbox 3265 2660 3673 2729; x_wconf 86' lang='lat' dir='ltr'><strong>hospitalitatis.</strong></span> 
     </span>
    </p>
   </div>
   <div class='ocr_carea' id='block_1_88' title="bbox 2107 2736 3674 2821">
    <p class='ocr_par' dir='ltr' id='par_1_88' title="bbox 2107 2736 3674 2821">
     <span class='ocr_line' id='line_1_88' title="bbox 2107 2736 3674 2821; baseline 0.011 -30"><span class='ocrx_word' id='word_1_616' title='bbox 2107 2736 2454 2795; x_wconf 70' lang='lat' dir='ltr'><strong>Praebeantur</strong></span> <span class='ocrx_word' id='word_1_617' title='bbox 2480 2744 2563 2798; x_wconf 91' lang='lat' dir='ltr'><strong>eis</strong></span> <span class='ocrx_word' id='word_1_618' title='bbox 2590 2744 2948 2814; x_wconf 89' lang='lat' dir='ltr'><strong>hospitacula,</strong></span> <span class='ocrx_word' id='word_1_619' title='bbox 2983 2749 3230 2803; x_wconf 86' lang='lat' dir='ltr'><strong>laventur</strong></span> <span class='ocrx_word' id='word_1_620' title='bbox 3255 2765 3448 2805; x_wconf 86' lang='lat' dir='ltr'><strong>eorum</strong></span> <span class='ocrx_word' id='word_1_621' title='bbox 3490 2752 3674 2821; x_wconf 86' lang='lat' dir='ltr'><strong>pedes,</strong></span> 
     </span>
    </p>
   </div>
   <div class='ocr_carea' id='block_1_89' title="bbox 2109 2834 3680 2916">
    <p class='ocr_par' dir='ltr' id='par_1_89' title="bbox 2109 2834 3680 2916">
     <span class='ocr_line' id='line_1_89' title="bbox 2109 2834 3680 2916; baseline 0.01 -32"><span class='ocrx_word' id='word_1_622' title='bbox 2109 2834 2360 2902; x_wconf 75' lang='lat' dir='ltr'><strong>congruis</strong></span> <span class='ocrx_word' id='word_1_623' title='bbox 2387 2836 2550 2889; x_wconf 87' lang='lat' dir='ltr'><strong>etiam</strong></span> <span class='ocrx_word' id='word_1_624' title='bbox 2574 2839 2877 2908; x_wconf 83' lang='lat' dir='ltr'><strong>sumptibus</strong></span> <span class='ocrx_word' id='word_1_625' title='bbox 2903 2841 3143 2910; x_wconf 83' lang='lat' dir='ltr'><strong>ejusdem</strong></span> <span class='ocrx_word' id='word_1_626' title='bbox 3174 2842 3534 2898; x_wconf 88' lang='lat' dir='ltr'><strong>humanitatis</strong></span> <span class='ocrx_word' id='word_1_627' title='bbox 3558 2860 3680 2916; x_wconf 83' lang='lat' dir='ltr'><strong>gra-</strong></span> 
     </span>
    </p>
   </div>
   <div class='ocr_carea' id='block_1_90' title="bbox 2110 2921 2540 2990">
    <p class='ocr_par' dir='ltr' id='par_1_90' title="bbox 2110 2921 2540 2990">
     <span class='ocr_line' id='line_1_90' title="bbox 2110 2921 2540 2990; baseline 0.019 -19"><span class='ocrx_word' id='word_1_628' title='bbox 2110 2921 2183 2973; x_wconf 86' lang='lat' dir='ltr'><strong>tia</strong></span> <span class='ocrx_word' id='word_1_629' title='bbox 2218 2925 2425 2990; x_wconf 67' lang='lat' dir='ltr'><strong>prmbea</strong></span> <span class='ocrx_word' id='word_1_630' title='bbox 2435 2933 2540 2978; x_wconf 89' lang='lat' dir='ltr'><strong>tur.</strong></span> 
     </span>
    </p>
   </div>
   <div class='ocr_carea' id='block_1_91' title="bbox 2182 3011 3676 3092">
    <p class='ocr_par' dir='ltr' id='par_1_91' title="bbox 2182 3011 3676 3092">
     <span class='ocr_line' id='line_1_91' title="bbox 2182 3011 3676 3092; baseline 0.01 -29"><span class='ocrx_word' id='word_1_631' title='bbox 2182 3011 2320 3064; x_wconf 79' lang='lat' dir='ltr'><strong>Nam</strong></span> <span class='ocrx_word' id='word_1_632' title='bbox 2357 3014 2575 3068; x_wconf 75' lang='lat' dir='ltr'><strong>divitum</strong></span> <span class='ocrx_word' id='word_1_633' title='bbox 2601 3027 2768 3072; x_wconf 86' lang='lat' dir='ltr'><strong>terror</strong></span> <span class='ocrx_word' id='word_1_634' title='bbox 2794 3021 2901 3089; x_wconf 89' lang='lat' dir='ltr'><strong>ipse</strong></span> <span class='ocrx_word' id='word_1_635' title='bbox 2922 3021 3020 3073; x_wconf 87' lang='lat' dir='ltr'><strong>sibi</strong></span> <span class='ocrx_word' id='word_1_636' title='bbox 3047 3022 3202 3092; x_wconf 69' lang='lat' dir='ltr'><strong>exigit</strong></span> <span class='ocrx_word' id='word_1_637' title='bbox 3230 3023 3499 3078; x_wconf 87' lang='lat' dir='ltr'><strong>honorem.</strong></span> <span class='ocrx_word' id='word_1_638' title='bbox 3541 3024 3676 3092; x_wconf 79' lang='lat' dir='ltr'><strong>Quia</strong></span> 
     </span>
    </p>
   </div>
   <div class='ocr_carea' id='block_1_92' title="bbox 2057 3101 3677 3180">
    <p class='ocr_par' dir='ltr' id='par_1_92' title="bbox 2057 3101 3677 3180">
     <span class='ocr_line' id='line_1_92' title="bbox 2057 3101 3677 3180; baseline 0.01 -27"><span class='ocrx_word' id='word_1_639' title='bbox 2057 3153 2073 3170; x_wconf 41' lang='grc' dir='ltr'><strong>η</strong></span> <span class='ocrx_word' id='word_1_640' title='bbox 2109 3101 2252 3154; x_wconf 84' lang='lat' dir='ltr'><strong>enim</strong></span> <span class='ocrx_word' id='word_1_641' title='bbox 2290 3104 2540 3159; x_wconf 78' lang='lat' dir='ltr'><strong>omnibus</strong></span> <span class='ocrx_word' id='word_1_642' title='bbox 2571 3122 2839 3177; x_wconf 82' lang='lat' dir='ltr'><strong>congruas</strong></span> <span class='ocrx_word' id='word_1_643' title='bbox 2868 3111 3042 3165; x_wconf 88' lang='lat' dir='ltr'><strong>honor</strong></span> <span class='ocrx_word' id='word_1_644' title='bbox 3067 3120 3150 3166; x_wconf 90' lang='lat' dir='ltr'><strong>est</strong></span> <span class='ocrx_word' id='word_1_645' title='bbox 3179 3113 3536 3180; x_wconf 78' lang='lat' dir='ltr'><strong>exhibendus,</strong></span> <span class='ocrx_word' id='word_1_646' title='bbox 3574 3133 3677 3172; x_wconf 91' lang='lat' dir='ltr'><strong>non</strong></span> 
     </span>
    </p>
   </div>
   <div class='ocr_carea' id='block_1_93' title="bbox 2111 3196 3678 3271">
    <p class='ocr_par' dir='ltr' id='par_1_93' title="bbox 2111 3196 3678 3271">
     <span class='ocr_line' id='line_1_93' title="bbox 2111 3196 3678 3271; baseline 0.012 -32"><span class='ocrx_word' id='word_1_647' title='bbox 2111 3196 2286 3242; x_wconf 87' lang='lat' dir='ltr'><strong>tamen</strong></span> <span class='ocrx_word' id='word_1_648' title='bbox 2317 3201 2460 3246; x_wconf 90' lang='lat' dir='ltr'><strong>metu</strong></span> <span class='ocrx_word' id='word_1_649' title='bbox 2507 3197 2750 3262; x_wconf 85' lang='lat' dir='ltr'><strong>terroris,</strong></span> <span class='ocrx_word' id='word_1_650' title='bbox 2783 3207 3046 3266; x_wconf 88' lang='lat' dir='ltr'><strong>quantum</strong></span> <span class='ocrx_word' id='word_1_651' title='bbox 3076 3200 3239 3254; x_wconf 84' lang='lat' dir='ltr'><strong>etiam</strong></span> <span class='ocrx_word' id='word_1_652' title='bbox 3268 3204 3678 3271; x_wconf 53' lang='lat' dir='ltr'><strong>prieparandum</strong></span> 
     </span>
    </p>
   </div>
   <div class='ocr_carea' id='block_1_94' title="bbox 2107 3279 3681 3352">
    <p class='ocr_par' dir='ltr' id='par_1_94' title="bbox 2107 3279 3681 3352">
     <span class='ocr_line' id='line_1_94' title="bbox 2107 3279 3681 3352; baseline 0.013 -27"><span class='ocrx_word' id='word_1_653' title='bbox 2107 3286 2189 3330; x_wconf 73' lang='lat' dir='ltr'><strong>est</strong></span> <span class='ocrx_word' id='word_1_654' title='bbox 2212 3279 2467 3334; x_wconf 88' lang='lat' dir='ltr'><strong>divitibus</strong></span> <span class='ocrx_word' id='word_1_655' title='bbox 2491 3283 2806 3352; x_wconf 87' lang='lat' dir='ltr'><strong>obsequium</strong></span> <span class='ocrx_word' id='word_1_656' title='bbox 2835 3301 2997 3341; x_wconf 88' lang='lat' dir='ltr'><strong>causa</strong></span> <span class='ocrx_word' id='word_1_657' title='bbox 3027 3289 3386 3344; x_wconf 84' lang='lat' dir='ltr'><strong>discretionis.</strong></span> <span class='ocrx_word' id='word_1_658' title='bbox 3415 3290 3681 3346; x_wconf 86' lang='lat' dir='ltr'><strong>Debemus</strong></span> 
     </span>
    </p>
   </div>
   <div class='ocr_carea' id='block_1_95' title="bbox 2107 3367 3676 3442">
    <p class='ocr_par' dir='ltr' id='par_1_95' title="bbox 2107 3367 3676 3442">
     <span class='ocr_line' id='line_1_95' title="bbox 2107 3367 3676 3442; baseline 0.012 -24"><span class='ocrx_word' id='word_1_659' title='bbox 2107 3367 2269 3431; x_wconf 84' lang='lat' dir='ltr'><strong>enim,</strong></span> <span class='ocrx_word' id='word_1_660' title='bbox 2291 3371 2584 3425; x_wconf 77' lang='lat' dir='ltr'><strong>secundum</strong></span> <span class='ocrx_word' id='word_1_661' title='bbox 2615 3373 2945 3442; x_wconf 89' lang='lat' dir='ltr'><strong>Apostolum,</strong></span> <span class='ocrx_word' id='word_1_662' title='bbox 2976 3378 3200 3433; x_wconf 85' lang='lat' dir='ltr'><strong>reddere</strong></span> <span class='ocrx_word' id='word_1_663' title='bbox 3225 3379 3311 3433; x_wconf 91' lang='lat' dir='ltr'><strong>cui</strong></span> <span class='ocrx_word' id='word_1_664' title='bbox 3339 3380 3595 3435; x_wconf 88' lang='lat' dir='ltr'><strong>timorem</strong></span> <span class='ocrx_word' id='word_1_665' title='bbox 3616 3381 3676 3436; x_wconf 83' lang='lat' dir='ltr'><strong>ti-</strong></span> 
     </span>
    </p>
   </div>
   <div class='ocr_carea' id='block_1_96' title="bbox 2108 3463 3137 3523">
    <p class='ocr_par' dir='ltr' id='par_1_96' title="bbox 2108 3463 3137 3523">
     <span class='ocr_line' id='line_1_96' title="bbox 2108 3463 3137 3523; baseline 0.011 -13"><span class='ocrx_word' id='word_1_666' title='bbox 2108 3472 2336 3523; x_wconf 78' lang='lat' dir='ltr'><strong>morem,</strong></span> <span class='ocrx_word' id='word_1_667' title='bbox 2364 3472 2420 3514; x_wconf 92' lang='lat' dir='ltr'><strong>et</strong></span> <span class='ocrx_word' id='word_1_668' title='bbox 2451 3463 2535 3515; x_wconf 88' lang='lat' dir='ltr'><strong>cui</strong></span> <span class='ocrx_word' id='word_1_669' title='bbox 2567 3463 2828 3520; x_wconf 90' lang='lat' dir='ltr'><strong>honorem</strong></span> <span class='ocrx_word' id='word_1_670' title='bbox 2856 3467 3137 3521; x_wconf 88' lang='lat' dir='ltr'><strong>honorem.</strong></span> 
     </span>
    </p>
   </div>
   <div class='ocr_carea' id='block_1_97' title="bbox 2180 3547 3676 3628">
    <p class='ocr_par' dir='ltr' id='par_1_97' title="bbox 2180 3547 3676 3628">
     <span class='ocr_line' id='line_1_97' title="bbox 2180 3547 3676 3628; baseline 0.009 -28"><span class='ocrx_word' id='word_1_671' title='bbox 2180 3547 2413 3619; x_wconf 77' lang='lat' dir='ltr'><strong>Caquinu</strong></span> <span class='ocrx_word' id='word_1_672' title='bbox 2446 3552 2646 3607; x_wconf 80' lang='lat' dir='ltr'><strong>abbatis</strong></span> <span class='ocrx_word' id='word_1_673' title='bbox 2675 3563 2721 3608; x_wconf 90' lang='lat' dir='ltr'><strong>et</strong></span> <span class='ocrx_word' id='word_1_674' title='bbox 2749 3556 3008 3624; x_wconf 85' lang='lat' dir='ltr'><strong>hospitum</strong></span> <span class='ocrx_word' id='word_1_675' title='bbox 3039 3574 3132 3628; x_wconf 90' lang='lat' dir='ltr'><strong>per</strong></span> <span class='ocrx_word' id='word_1_676' title='bbox 3177 3576 3230 3612; x_wconf 90' lang='lat' dir='ltr'><strong>se</strong></span> <span class='ocrx_word' id='word_1_677' title='bbox 3265 3561 3352 3622; x_wconf 87' lang='lat' dir='ltr'><strong>sit,</strong></span> <span class='ocrx_word' id='word_1_678' title='bbox 3385 3570 3441 3613; x_wconf 87' lang='lat' dir='ltr'><strong>ut</strong></span> <span class='ocrx_word' id='word_1_679' title='bbox 3472 3561 3676 3615; x_wconf 75' lang='lat' dir='ltr'><strong>incertis</strong></span> 
     </span>
    </p>
   </div>
   <div class='ocr_carea' id='block_1_98' title="bbox 2107 3637 3679 3720">
    <p class='ocr_par' dir='ltr' id='par_1_98' title="bbox 2107 3637 3679 3720">
     <span class='ocr_line' id='line_1_98' title="bbox 2107 3637 3679 3720; baseline 0.01 -32"><span class='ocrx_word' id='word_1_680' title='bbox 2107 3637 2249 3689; x_wconf 85' lang='lat' dir='ltr'><strong>horis</strong></span> <span class='ocrx_word' id='word_1_681' title='bbox 2293 3643 2704 3708; x_wconf 74' lang='lat' dir='ltr'><strong>supervenientes</strong></span> <span class='ocrx_word' id='word_1_682' title='bbox 2752 3645 3000 3713; x_wconf 68' lang='lat' dir='ltr'><strong>hospites,</strong></span> <span class='ocrx_word' id='word_1_683' title='bbox 3050 3649 3139 3716; x_wconf 86' lang='lat' dir='ltr'><strong>qui</strong></span> <span class='ocrx_word' id='word_1_684' title='bbox 3187 3665 3452 3720; x_wconf 78' lang='lat' dir='ltr'><strong>nunquam</strong></span> <span class='ocrx_word' id='word_1_685' title='bbox 3498 3651 3679 3704; x_wconf 84' lang='lat' dir='ltr'><strong>desunt</strong></span> 
     </span>
    </p>
   </div>
   <div class='ocr_carea' id='block_1_99' title="bbox 2107 3727 3680 3810">
    <p class='ocr_par' dir='ltr' id='par_1_99' title="bbox 2107 3727 3680 3810">
     <span class='ocr_line' id='line_1_99' title="bbox 2107 3727 3680 3810; baseline 0.012 -35"><span class='ocrx_word' id='word_1_686' title='bbox 2107 3727 2445 3792; x_wconf 84' lang='lat' dir='ltr'><strong>monasterio,</strong></span> <span class='ocrx_word' id='word_1_687' title='bbox 2492 3745 2593 3783; x_wconf 89' lang='lat' dir='ltr'><strong>non</strong></span> <span class='ocrx_word' id='word_1_688' title='bbox 2636 3733 2918 3802; x_wconf 82' lang='lat' dir='ltr'><strong>inquietent</strong></span> <span class='ocrx_word' id='word_1_689' title='bbox 2952 3735 3168 3805; x_wconf 80' lang='lat' dir='ltr'><strong>fratres.</strong></span> <span class='ocrx_word' id='word_1_690' title='bbox 3212 3737 3276 3792; x_wconf 87' lang='lat' dir='ltr'><strong>In</strong></span> <span class='ocrx_word' id='word_1_691' title='bbox 3309 3757 3468 3808; x_wconf 87' lang='lat' dir='ltr'><strong>quam</strong></span> <span class='ocrx_word' id='word_1_692' title='bbox 3505 3741 3680 3810; x_wconf 85' lang='lat' dir='ltr'><strong>coqui-</strong></span> 
     </span>
    </p>
   </div>
   <div class='ocr_carea' id='block_1_100' title="bbox 2110 3816 3680 3901">
    <p class='ocr_par' dir='ltr' id='par_1_100' title="bbox 2110 3816 3680 3901">
     <span class='ocr_line' id='line_1_100' title="bbox 2110 3816 3680 3901; baseline 0.012 -36"><span class='ocrx_word' id='word_1_693' title='bbox 2110 3831 2229 3867; x_wconf 87' lang='lat' dir='ltr'><strong>nam</strong></span> <span class='ocrx_word' id='word_1_694' title='bbox 2255 3816 2324 3868; x_wconf 86' lang='lat' dir='ltr'><strong>ad</strong></span> <span class='ocrx_word' id='word_1_695' title='bbox 2350 3833 2542 3872; x_wconf 87' lang='lat' dir='ltr'><strong>annum</strong></span> <span class='ocrx_word' id='word_1_696' title='bbox 2595 3822 2960 3891; x_wconf 84' lang='lat' dir='ltr'><strong>ingrediantur</strong></span> <span class='ocrx_word' id='word_1_697' title='bbox 2998 3828 3101 3882; x_wconf 81' lang='lat' dir='ltr'><strong>duo</strong></span> <span class='ocrx_word' id='word_1_698' title='bbox 3145 3829 3359 3898; x_wconf 76' lang='lat' dir='ltr'><strong>fratres,</strong></span> <span class='ocrx_word' id='word_1_699' title='bbox 3391 3833 3482 3900; x_wconf 83' lang='lat' dir='ltr'><strong>qui</strong></span> <span class='ocrx_word' id='word_1_700' title='bbox 3517 3834 3680 3901; x_wconf 80' lang='lat' dir='ltr'><strong>ipsum</strong></span> 
     </span>
    </p>
   </div>
   <div class='ocr_carea' id='block_1_101' title="bbox 2109 3907 3682 3990">
    <p class='ocr_par' dir='ltr' id='par_1_101' title="bbox 2109 3907 3682 3990">
     <span class='ocr_line' id='line_1_101' title="bbox 2109 3907 3682 3990; baseline 0.011 -36"><span class='ocrx_word' id='word_1_701' title='bbox 2109 3907 2331 3975; x_wconf 74' lang='lat' dir='ltr'><strong>oﬂicium</strong></span> <span class='ocrx_word' id='word_1_702' title='bbox 2383 3907 2505 3961; x_wconf 85' lang='lat' dir='ltr'><strong>bene</strong></span> <span class='ocrx_word' id='word_1_703' title='bbox 2554 3911 2822 3980; x_wconf 75' lang='lat' dir='ltr'><strong>impleant.</strong></span> <span class='ocrx_word' id='word_1_704' title='bbox 2864 3913 3083 3982; x_wconf 80' lang='lat' dir='ltr'><strong>Quibus,</strong></span> <span class='ocrx_word' id='word_1_705' title='bbox 3113 3928 3164 3971; x_wconf 90' lang='lat' dir='ltr'><strong>ut</strong></span> <span class='ocrx_word' id='word_1_706' title='bbox 3193 3920 3445 3990; x_wconf 80' lang='lat' dir='ltr'><strong>indigent,</strong></span> <span class='ocrx_word' id='word_1_707' title='bbox 3495 3922 3682 3975; x_wconf 83' lang='lat' dir='ltr'><strong>solatia</strong></span> 
     </span>
    </p>
   </div>
   <div class='ocr_carea' id='block_1_102' title="bbox 2109 3997 3680 4073">
    <p class='ocr_par' dir='ltr' id='par_1_102' title="bbox 2109 3997 3680 4073">
     <span class='ocr_line' id='line_1_102' title="bbox 2109 3997 3680 4073; baseline 0.01 -26"><span class='ocrx_word' id='word_1_708' title='bbox 2109 3997 2492 4064; x_wconf 83' lang='lat' dir='ltr'><strong>ministrentur,</strong></span> <span class='ocrx_word' id='word_1_709' title='bbox 2541 4011 2598 4054; x_wconf 88' lang='lat' dir='ltr'><strong>ut</strong></span> <span class='ocrx_word' id='word_1_710' title='bbox 2625 4003 2815 4073; x_wconf 79' lang='lat' dir='ltr'><strong>absque</strong></span> <span class='ocrx_word' id='word_1_711' title='bbox 2862 4012 3274 4064; x_wconf 84' lang='lat' dir='ltr'><strong>murmuratione</strong></span> <span class='ocrx_word' id='word_1_712' title='bbox 3321 4013 3575 4065; x_wconf 83' lang='lat' dir='ltr'><strong>serriant.</strong></span> <span class='ocrx_word' id='word_1_713' title='bbox 3619 4011 3680 4065; x_wconf 75' lang='lat' dir='ltr'><strong>Et</strong></span> 
     </span>
    </p>
   </div>
   <div class='ocr_carea' id='block_1_103' title="bbox 2107 4085 3680 4166">
    <p class='ocr_par' dir='ltr' id='par_1_103' title="bbox 2107 4085 3680 4166">
     <span class='ocr_line' id='line_1_103' title="bbox 2107 4085 3680 4166; baseline 0.011 -29"><span class='ocrx_word' id='word_1_714' title='bbox 2107 4085 2290 4138; x_wconf 77' lang='lat' dir='ltr'><strong>iterum</strong></span> <span class='ocrx_word' id='word_1_715' title='bbox 2315 4091 2522 4157; x_wconf 86' lang='lat' dir='ltr'><strong>quando</strong></span> <span class='ocrx_word' id='word_1_716' title='bbox 2550 4095 2938 4161; x_wconf 74' lang='lat' dir='ltr'><strong>occupationem</strong></span> <span class='ocrx_word' id='word_1_717' title='bbox 2980 4100 3228 4154; x_wconf 86' lang='lat' dir='ltr'><strong>minorem</strong></span> <span class='ocrx_word' id='word_1_718' title='bbox 3257 4102 3467 4166; x_wconf 87' lang='lat' dir='ltr'><strong>habent,</strong></span> <span class='ocrx_word' id='word_1_719' title='bbox 3497 4114 3680 4156; x_wconf 71' lang='lat' dir='ltr'><strong>exeant</strong></span> 
     </span>
    </p>
   </div>
   <div class='ocr_carea' id='block_1_104' title="bbox 2108 4177 3683 4262">
    <p class='ocr_par' dir='ltr' id='par_1_104' title="bbox 2108 4177 3683 4262">
     <span class='ocr_line' id='line_1_104' title="bbox 2108 4177 3683 4262; baseline 0.011 -32"><span class='ocrx_word' id='word_1_720' title='bbox 2108 4177 2198 4230; x_wconf 80' lang='lat' dir='ltr'><strong>ubi</strong></span> <span class='ocrx_word' id='word_1_721' title='bbox 2235 4181 2309 4232; x_wconf 88' lang='lat' dir='ltr'><strong>eis</strong></span> <span class='ocrx_word' id='word_1_722' title='bbox 2345 4181 2647 4250; x_wconf 86' lang='lat' dir='ltr'><strong>imperatur,</strong></span> <span class='ocrx_word' id='word_1_723' title='bbox 2686 4187 2737 4238; x_wconf 89' lang='lat' dir='ltr'><strong>in</strong></span> <span class='ocrx_word' id='word_1_724' title='bbox 2778 4205 2953 4257; x_wconf 84' lang='lat' dir='ltr'><strong>opera.</strong></span> <span class='ocrx_word' id='word_1_725' title='bbox 3002 4189 3068 4243; x_wconf 83' lang='lat' dir='ltr'><strong>Et</strong></span> <span class='ocrx_word' id='word_1_726' title='bbox 3111 4209 3212 4244; x_wconf 87' lang='lat' dir='ltr'><strong>non</strong></span> <span class='ocrx_word' id='word_1_727' title='bbox 3253 4191 3422 4246; x_wconf 88' lang='lat' dir='ltr'><strong>solum</strong></span> <span class='ocrx_word' id='word_1_728' title='bbox 3451 4194 3506 4246; x_wconf 89' lang='lat' dir='ltr'><strong>in</strong></span> <span class='ocrx_word' id='word_1_729' title='bbox 3537 4195 3683 4262; x_wconf 79' lang='lat' dir='ltr'><strong>ipsis,</strong></span> 
     </span>
    </p>
   </div>
   <div class='ocr_carea' id='block_1_105' title="bbox 2107 4269 3684 4346">
    <p class='ocr_par' dir='ltr' id='par_1_105' title="bbox 2107 4269 3684 4346">
     <span class='ocr_line' id='line_1_105' title="bbox 2107 4269 3684 4346; baseline 0.013 -27"><span class='ocrx_word' id='word_1_730' title='bbox 2107 4269 2198 4320; x_wconf 85' lang='lat' dir='ltr'><strong>sed</strong></span> <span class='ocrx_word' id='word_1_731' title='bbox 2225 4279 2271 4322; x_wconf 90' lang='lat' dir='ltr'><strong>et</strong></span> <span class='ocrx_word' id='word_1_732' title='bbox 2299 4271 2350 4323; x_wconf 90' lang='lat' dir='ltr'><strong>in</strong></span> <span class='ocrx_word' id='word_1_733' title='bbox 2387 4274 2622 4328; x_wconf 86' lang='lat' dir='ltr'><strong>omnibus</strong></span> <span class='ocrx_word' id='word_1_734' title='bbox 2660 4272 3172 4346; x_wconf 31' lang='lat' dir='ltr'><strong>Oﬁciis-monasterii</strong></span> <span class='ocrx_word' id='word_1_735' title='bbox 3211 4285 3310 4336; x_wconf 88' lang='lat' dir='ltr'><strong>ista</strong></span> <span class='ocrx_word' id='word_1_736' title='bbox 3351 4286 3416 4337; x_wconf 83' lang='lat' dir='ltr'><strong>sit</strong></span> <span class='ocrx_word' id='word_1_737' title='bbox 3447 4287 3684 4339; x_wconf 67' lang='lat' dir='ltr'><strong>conside«</strong></span> 
     </span>
    </p>
   </div>
   <div class='ocr_carea' id='block_1_106' title="bbox 2109 4361 3682 4439">
    <p class='ocr_par' dir='ltr' id='par_1_106' title="bbox 2109 4361 3682 4439">
     <span class='ocr_line' id='line_1_106' title="bbox 2109 4361 3682 4439; baseline 0.01 -25"><span class='ocrx_word' id='word_1_738' title='bbox 2109 4361 2263 4424; x_wconf 73' lang='lat' dir='ltr'><strong>ratio,</strong></span> <span class='ocrx_word' id='word_1_739' title='bbox 2293 4373 2347 4415; x_wconf 85' lang='lat' dir='ltr'><strong>ut</strong></span> <span class='ocrx_word' id='word_1_740' title='bbox 2367 4366 2576 4433; x_wconf 87' lang='lat' dir='ltr'><strong>quando</strong></span> <span class='ocrx_word' id='word_1_741' title='bbox 2604 4368 2835 4439; x_wconf 75' lang='lat' dir='ltr'><strong>indigent</strong></span> <span class='ocrx_word' id='word_1_742' title='bbox 2864 4370 3071 4437; x_wconf 83' lang='lat' dir='ltr'><strong>solatia,</strong></span> <span class='ocrx_word' id='word_1_743' title='bbox 3104 4376 3564 4428; x_wconf 87' lang='lat' dir='ltr'><strong>accommodentur</strong></span> <span class='ocrx_word' id='word_1_744' title='bbox 3586 4379 3682 4437; x_wconf 83' lang='lat' dir='ltr'><strong>eis,</strong></span> 
     </span>
    </p>
   </div>
   <div class='ocr_carea' id='block_1_107' title="bbox 2109 4450 3681 4532">
    <p class='ocr_par' dir='ltr' id='par_1_107' title="bbox 2109 4450 3681 4532">
     <span class='ocr_line' id='line_1_107' title="bbox 2109 4450 3681 4532; baseline 0.011 -31"><span class='ocrx_word' id='word_1_745' title='bbox 2109 4450 2297 4504; x_wconf 83' lang='lat' dir='ltr'><strong>iterant</strong></span> <span class='ocrx_word' id='word_1_746' title='bbox 2328 4455 2538 4522; x_wconf 79' lang='lat' dir='ltr'><strong>quando</strong></span> <span class='ocrx_word' id='word_1_747' title='bbox 2573 4468 2778 4523; x_wconf 87' lang='lat' dir='ltr'><strong>vacant,</strong></span> <span class='ocrx_word' id='word_1_748' title='bbox 2812 4460 3056 4514; x_wconf 86' lang='lat' dir='ltr'><strong>obediant</strong></span> <span class='ocrx_word' id='word_1_749' title='bbox 3089 4464 3385 4532; x_wconf 83' lang='lat' dir='ltr'><strong>imperanti.</strong></span> <span class='ocrx_word' id='word_1_750' title='bbox 3425 4463 3681 4520; x_wconf 68' lang='lat' dir='ltr'><strong>Aislima-</strong></span> 
     </span>
    </p>
   </div>
   <div class='ocr_carea' id='block_1_108' title="bbox 2109 4545 3675 4626">
    <p class='ocr_par' dir='ltr' id='par_1_108' title="bbox 2109 4545 3675 4626">
     <span class='ocr_line' id='line_1_108' title="bbox 2109 4545 3675 4626; baseline 0.009 -32"><span class='ocrx_word' id='word_1_751' title='bbox 2109 4551 2199 4595; x_wconf 86' lang='lat' dir='ltr'><strong>tur</strong></span> <span class='ocrx_word' id='word_1_752' title='bbox 2229 4545 2371 4598; x_wconf 88' lang='lat' dir='ltr'><strong>enim</strong></span> <span class='ocrx_word' id='word_1_753' title='bbox 2417 4562 2445 4599; x_wconf 86' lang='lat' dir='ltr'><strong>a</strong></span> <span class='ocrx_word' id='word_1_754' title='bbox 2487 4549 2688 4612; x_wconf 66' lang='lat' dir='ltr'><strong>multis,</strong></span> <span class='ocrx_word' id='word_1_755' title='bbox 2733 4551 2858 4618; x_wconf 87' lang='lat' dir='ltr'><strong>quia</strong></span> <span class='ocrx_word' id='word_1_756' title='bbox 2905 4552 3046 4606; x_wconf 88' lang='lat' dir='ltr'><strong>sicut</strong></span> <span class='ocrx_word' id='word_1_757' title='bbox 3095 4554 3325 4621; x_wconf 88' lang='lat' dir='ltr'><strong>coquina</strong></span> <span class='ocrx_word' id='word_1_758' title='bbox 3374 4555 3480 4608; x_wconf 89' lang='lat' dir='ltr'><strong>alia</strong></span> <span class='ocrx_word' id='word_1_759' title='bbox 3516 4573 3675 4626; x_wconf 88' lang='lat' dir='ltr'><strong>quam</strong></span> 
     </span>
    </p>
   </div>
   <div class='ocr_carea' id='block_1_109' title="bbox 2107 4630 3670 4707">
    <p class='ocr_par' dir='ltr' id='par_1_109' title="bbox 2107 4630 3670 4707">
     <span class='ocr_line' id='line_1_109' title="bbox 2107 4630 3670 4707; baseline 0.01 -24"><span class='ocrx_word' id='word_1_760' title='bbox 2107 4630 2359 4698; x_wconf 85' lang='lat' dir='ltr'><strong>fratrum,</strong></span> <span class='ocrx_word' id='word_1_761' title='bbox 2390 4644 2443 4689; x_wconf 90' lang='lat' dir='ltr'><strong>et</strong></span> <span class='ocrx_word' id='word_1_762' title='bbox 2474 4637 2527 4690; x_wconf 90' lang='lat' dir='ltr'><strong>in</strong></span> <span class='ocrx_word' id='word_1_763' title='bbox 2554 4638 2661 4693; x_wconf 89' lang='lat' dir='ltr'><strong>alio</strong></span> <span class='ocrx_word' id='word_1_764' title='bbox 2687 4650 2804 4694; x_wconf 84' lang='lat' dir='ltr'><strong>erat</strong></span> <span class='ocrx_word' id='word_1_765' title='bbox 2828 4643 3119 4696; x_wconf 88' lang='lat' dir='ltr'><strong>constituta</strong></span> <span class='ocrx_word' id='word_1_766' title='bbox 3142 4643 3282 4707; x_wconf 91' lang='lat' dir='ltr'><strong>loco,</strong></span> <span class='ocrx_word' id='word_1_767' title='bbox 3308 4645 3467 4700; x_wconf 86' lang='lat' dir='ltr'><strong>itaet</strong></span> <span class='ocrx_word' id='word_1_768' title='bbox 3488 4660 3670 4699; x_wconf 86' lang='lat' dir='ltr'><strong>mensa</strong></span> 
     </span>
    </p>
   </div>
   <div class='ocr_carea' id='block_1_110' title="bbox 2105 4723 3669 4792">
    <p class='ocr_par' dir='ltr' id='par_1_110' title="bbox 2105 4723 3669 4792">
     <span class='ocr_line' id='line_1_110' title="bbox 2105 4723 3669 4792; baseline 0.009 -16"><span class='ocrx_word' id='word_1_769' title='bbox 2105 4723 2316 4777; x_wconf 86' lang='lat' dir='ltr'><strong>abbatis</strong></span> <span class='ocrx_word' id='word_1_770' title='bbox 2363 4741 2466 4780; x_wconf 86' lang='lat' dir='ltr'><strong>non</strong></span> <span class='ocrx_word' id='word_1_771' title='bbox 2509 4736 2635 4783; x_wconf 89' lang='lat' dir='ltr'><strong>tunc</strong></span> <span class='ocrx_word' id='word_1_772' title='bbox 2665 4730 2716 4782; x_wconf 87' lang='lat' dir='ltr'><strong>in</strong></span> <span class='ocrx_word' id='word_1_773' title='bbox 2744 4734 3015 4787; x_wconf 84' lang='lat' dir='ltr'><strong>communi</strong></span> <span class='ocrx_word' id='word_1_774' title='bbox 3063 4732 3345 4789; x_wconf 89' lang='lat' dir='ltr'><strong>refertorio</strong></span> <span class='ocrx_word' id='word_1_775' title='bbox 3384 4745 3509 4790; x_wconf 86' lang='lat' dir='ltr'><strong>erat</strong></span> <span class='ocrx_word' id='word_1_776' title='bbox 3549 4751 3669 4792; x_wconf 84' lang='lat' dir='ltr'><strong>eum</strong></span> 
     </span>
    </p>
   </div>
   <div class='ocr_carea' id='block_1_111' title="bbox 2109 4814 3684 4887">
    <p class='ocr_par' dir='ltr' id='par_1_111' title="bbox 2109 4814 3684 4887">
     <span class='ocr_line' id='line_1_111' title="bbox 2109 4814 3684 4887; baseline 0.011 -24"><span class='ocrx_word' id='word_1_777' title='bbox 2109 4814 2321 4867; x_wconf 63' lang='lat' dir='ltr'><strong>ceteris</strong></span> <span class='ocrx_word' id='word_1_778' title='bbox 2351 4817 2553 4870; x_wconf 87' lang='lat' dir='ltr'><strong>mensis</strong></span> <span class='ocrx_word' id='word_1_779' title='bbox 2603 4819 2799 4887; x_wconf 84' lang='lat' dir='ltr'><strong>posita,</strong></span> <span class='ocrx_word' id='word_1_780' title='bbox 2849 4821 2941 4876; x_wconf 90' lang='lat' dir='ltr'><strong>sed</strong></span> <span class='ocrx_word' id='word_1_781' title='bbox 2971 4823 3022 4875; x_wconf 87' lang='lat' dir='ltr'><strong>iu</strong></span> <span class='ocrx_word' id='word_1_782' title='bbox 3068 4822 3171 4875; x_wconf 86' lang='lat' dir='ltr'><strong>alia</strong></span> <span class='ocrx_word' id='word_1_783' title='bbox 3215 4831 3335 4878; x_wconf 87' lang='lat' dir='ltr'><strong>erat</strong></span> <span class='ocrx_word' id='word_1_784' title='bbox 3375 4825 3571 4880; x_wconf 85' lang='lat' dir='ltr'><strong>cellula</strong></span> <span class='ocrx_word' id='word_1_785' title='bbox 3602 4841 3684 4881; x_wconf 87' lang='lat' dir='ltr'><strong>se-</strong></span> 
     </span>
    </p>
   </div>
   <div class='ocr_carea' id='block_1_112' title="bbox 2107 4911 3686 4986">
    <p class='ocr_par' dir='ltr' id='par_1_112' title="bbox 2107 4911 3686 4986">
     <span class='ocr_line' id='line_1_112' title="bbox 2107 4911 3686 4986; baseline 0.011 -31"><span class='ocrx_word' id='word_1_786' title='bbox 2107 4913 2348 4974; x_wconf 79' lang='lat' dir='ltr'><strong>gregata,</strong></span> <span class='ocrx_word' id='word_1_787' title='bbox 2386 4922 2546 4976; x_wconf 90' lang='lat' dir='ltr'><strong>quam</strong></span> <span class='ocrx_word' id='word_1_788' title='bbox 2577 4911 2771 4965; x_wconf 89' lang='lat' dir='ltr'><strong>crebro</strong></span> <span class='ocrx_word' id='word_1_789' title='bbox 2803 4913 3080 4968; x_wconf 88' lang='lat' dir='ltr'><strong>venientes</strong></span> <span class='ocrx_word' id='word_1_790' title='bbox 3109 4914 3348 4983; x_wconf 89' lang='lat' dir='ltr'><strong>hospites</strong></span> <span class='ocrx_word' id='word_1_791' title='bbox 3373 4916 3686 4986; x_wconf 71' lang='lat' dir='ltr'><strong>frequenter</strong></span> 
     </span>
    </p>
   </div>
   <div class='ocr_carea' id='block_1_113' title="bbox 2112 4997 3686 5078">
    <p class='ocr_par' dir='ltr' id='par_1_113' title="bbox 2112 4997 3686 5078">
     <span class='ocr_line' id='line_1_113' title="bbox 2112 4997 3686 5078; baseline 0.009 -29"><span class='ocrx_word' id='word_1_792' title='bbox 2112 4997 2247 5051; x_wconf 84' lang='lat' dir='ltr'><strong>cibis</strong></span> <span class='ocrx_word' id='word_1_793' title='bbox 2281 4997 2584 5054; x_wconf 88' lang='lat' dir='ltr'><strong>invenirent</strong></span> <span class='ocrx_word' id='word_1_794' title='bbox 2622 5011 2910 5070; x_wconf 62' lang='lat' dir='ltr'><strong>paratam.</strong></span> <span class='ocrx_word' id='word_1_795' title='bbox 2941 5004 3047 5059; x_wconf 89' lang='lat' dir='ltr'><strong>Sed</strong></span> <span class='ocrx_word' id='word_1_796' title='bbox 3095 5006 3253 5060; x_wconf 87' lang='lat' dir='ltr'><strong>modo</strong></span> <span class='ocrx_word' id='word_1_797' title='bbox 3299 5006 3369 5062; x_wconf 86' lang='lat' dir='ltr'><strong>ab</strong></span> <span class='ocrx_word' id='word_1_798' title='bbox 3407 5008 3686 5078; x_wconf 80' lang='lat' dir='ltr'><strong>episcopo-</strong></span> 
     </span>
    </p>
   </div>
   <div class='ocr_carea' id='block_1_114' title="bbox 2113 5087 3684 5165">
    <p class='ocr_par' dir='ltr' id='par_1_114' title="bbox 2113 5087 3684 5165">
     <span class='ocr_line' id='line_1_114' title="bbox 2113 5087 3684 5165; baseline 0.008 -28"><span class='ocrx_word' id='word_1_799' title='bbox 2113 5101 2264 5151; x_wconf 76' lang='lat' dir='ltr'><strong>rum,</strong></span> <span class='ocrx_word' id='word_1_800' title='bbox 2313 5087 2601 5154; x_wconf 89' lang='lat' dir='ltr'><strong>abbatum,</strong></span> <span class='ocrx_word' id='word_1_801' title='bbox 2647 5098 2701 5144; x_wconf 91' lang='lat' dir='ltr'><strong>et</strong></span> <span class='ocrx_word' id='word_1_802' title='bbox 2742 5103 3060 5147; x_wconf 69' lang='lat' dir='ltr'><strong>caeterorum</strong></span> <span class='ocrx_word' id='word_1_803' title='bbox 3106 5092 3444 5148; x_wconf 84' lang='lat' dir='ltr'><strong>Francorum</strong></span> <span class='ocrx_word' id='word_1_804' title='bbox 3491 5109 3684 5165; x_wconf 82' lang='lat' dir='ltr'><strong>magno</strong></span> 
     </span>
    </p>
   </div>
   <div class='ocr_carea' id='block_1_115' title="bbox 2110 5175 3681 5254">
    <p class='ocr_par' dir='ltr' id='par_1_115' title="bbox 2110 5175 3681 5254">
     <span class='ocr_line' id='line_1_115' title="bbox 2110 5175 3681 5254; baseline 0.007 -28"><span class='ocrx_word' id='word_1_805' title='bbox 2110 5175 2338 5228; x_wconf 87' lang='lat' dir='ltr'><strong>concilio</strong></span> <span class='ocrx_word' id='word_1_806' title='bbox 2367 5177 2582 5233; x_wconf 88' lang='lat' dir='ltr'><strong>salubre</strong></span> <span class='ocrx_word' id='word_1_807' title='bbox 2620 5181 2898 5234; x_wconf 88' lang='lat' dir='ltr'><strong>inventum</strong></span> <span class='ocrx_word' id='word_1_808' title='bbox 2929 5191 3012 5236; x_wconf 88' lang='lat' dir='ltr'><strong>est</strong></span> <span class='ocrx_word' id='word_1_809' title='bbox 3040 5181 3350 5247; x_wconf 87' lang='lat' dir='ltr'><strong>concilium,</strong></span> <span class='ocrx_word' id='word_1_810' title='bbox 3378 5194 3438 5237; x_wconf 88' lang='lat' dir='ltr'><strong>ut</strong></span> <span class='ocrx_word' id='word_1_811' title='bbox 3469 5199 3567 5254; x_wconf 88' lang='lat' dir='ltr'><strong>pro</strong></span> <span class='ocrx_word' id='word_1_812' title='bbox 3588 5201 3681 5239; x_wconf 82' lang='lat' dir='ltr'><strong>sua</strong></span> 
     </span>
    </p>
   </div>
   <div class='ocr_carea' id='block_1_116' title="bbox 2109 5263 3684 5327">
    <p class='ocr_par' dir='ltr' id='par_1_116' title="bbox 2109 5263 3684 5327">
     <span class='ocr_line' id='line_1_116' title="bbox 2109 5263 3684 5327; baseline 0.006 -11"><span class='ocrx_word' id='word_1_813' title='bbox 2109 5273 2164 5316; x_wconf 89' lang='lat' dir='ltr'><strong>et</strong></span> <span class='ocrx_word' id='word_1_814' title='bbox 2204 5263 2435 5320; x_wconf 81' lang='lat' dir='ltr'><strong>fratrum</strong></span> <span class='ocrx_word' id='word_1_815' title='bbox 2475 5269 2719 5322; x_wconf 88' lang='lat' dir='ltr'><strong>custodia</strong></span> <span class='ocrx_word' id='word_1_816' title='bbox 2763 5269 2960 5323; x_wconf 87' lang='lat' dir='ltr'><strong>habeat</strong></span> <span class='ocrx_word' id='word_1_817' title='bbox 2991 5271 3042 5323; x_wconf 91' lang='lat' dir='ltr'><strong>in</strong></span> <span class='ocrx_word' id='word_1_818' title='bbox 3074 5273 3350 5326; x_wconf 89' lang='lat' dir='ltr'><strong>communi</strong></span> <span class='ocrx_word' id='word_1_819' title='bbox 3397 5272 3684 5327; x_wconf 84' lang='lat' dir='ltr'><strong>refectorio</strong></span> 
     </span>
    </p>
   </div>
   <div class='ocr_carea' id='block_1_117' title="bbox 2116 5356 3680 5433">
    <p class='ocr_par' dir='ltr' id='par_1_117' title="bbox 2116 5356 3680 5433">
     <span class='ocr_line' id='line_1_117' title="bbox 2116 5356 3680 5433; baseline 0.009 -29"><span class='ocrx_word' id='word_1_820' title='bbox 2116 5368 2374 5417; x_wconf 88' lang='lat' dir='ltr'><strong>mensam,</strong></span> <span class='ocrx_word' id='word_1_821' title='bbox 2429 5356 2520 5410; x_wconf 91' lang='lat' dir='ltr'><strong>ubi</strong></span> <span class='ocrx_word' id='word_1_822' title='bbox 2577 5359 2791 5426; x_wconf 87' lang='lat' dir='ltr'><strong>quando</strong></span> <span class='ocrx_word' id='word_1_823' title='bbox 2867 5360 3138 5414; x_wconf 89' lang='lat' dir='ltr'><strong>adfuerint</strong></span> <span class='ocrx_word' id='word_1_824' title='bbox 3187 5377 3310 5414; x_wconf 89' lang='lat' dir='ltr'><strong>cum</strong></span> <span class='ocrx_word' id='word_1_825' title='bbox 3358 5363 3680 5433; x_wconf 83' lang='lat' dir='ltr'><strong>hospitibus,</strong></span> 
     </span>
    </p>
   </div>
   <div class='ocr_carea' id='block_1_118' title="bbox 2111 5445 3683 5520">
    <p class='ocr_par' dir='ltr' id='par_1_118' title="bbox 2111 5445 3683 5520">
     <span class='ocr_line' id='line_1_118' title="bbox 2111 5445 3683 5520; baseline 0.012 -28"><span class='ocrx_word' id='word_1_826' title='bbox 2111 5445 2326 5510; x_wconf 87' lang='lat' dir='ltr'><strong>quando</strong></span> <span class='ocrx_word' id='word_1_827' title='bbox 2351 5461 2482 5500; x_wconf 81' lang='lat' dir='ltr'><strong>vero</strong></span> <span class='ocrx_word' id='word_1_828' title='bbox 2508 5447 2799 5515; x_wconf 84' lang='lat' dir='ltr'><strong>defuerint,</strong></span> <span class='ocrx_word' id='word_1_829' title='bbox 2828 5465 2951 5505; x_wconf 89' lang='lat' dir='ltr'><strong>cum</strong></span> <span class='ocrx_word' id='word_1_830' title='bbox 2975 5452 3168 5520; x_wconf 85' lang='lat' dir='ltr'><strong>quibus</strong></span> <span class='ocrx_word' id='word_1_831' title='bbox 3192 5451 3443 5511; x_wconf 85' lang='lat' dir='ltr'><strong>voluerit.</strong></span> <span class='ocrx_word' id='word_1_832' title='bbox 3477 5454 3683 5510; x_wconf 73' lang='lat' dir='ltr'><strong>reficiat</strong></span> 
     </span>
    </p>
   </div>
   <div class='ocr_carea' id='block_1_119' title="bbox 2113 5535 2591 5595">
    <p class='ocr_par' dir='ltr' id='par_1_119' title="bbox 2113 5535 2591 5595">
     <span class='ocr_line' id='line_1_119' title="bbox 2113 5535 2591 5595; baseline 0.01 -8"><span class='ocrx_word' id='word_1_833' title='bbox 2113 5551 2292 5588; x_wconf 85' lang='lat' dir='ltr'><strong>coram</strong></span> <span class='ocrx_word' id='word_1_834' title='bbox 2319 5535 2591 5595; x_wconf 86' lang='lat' dir='ltr'><strong>fratribus.</strong></span> 
     </span>
    </p>
   </div>
   <div class='ocr_carea' id='block_1_120' title="bbox 2188 5635 3673 5711">
    <p class='ocr_par' dir='ltr' id='par_1_120' title="bbox 2188 5635 3673 5711">
     <span class='ocr_line' id='line_1_120' title="bbox 2188 5635 3673 5711; baseline 0.002 -23"><span class='ocrx_word' id='word_1_835' title='bbox 2188 5635 2316 5689; x_wconf 84' lang='lat' dir='ltr'><strong>Item</strong></span> <span class='ocrx_word' id='word_1_836' title='bbox 2339 5649 2383 5691; x_wconf 90' lang='lat' dir='ltr'><strong>et</strong></span> <span class='ocrx_word' id='word_1_837' title='bbox 2415 5639 2596 5692; x_wconf 84' lang='lat' dir='ltr'><strong>cellam</strong></span> <span class='ocrx_word' id='word_1_838' title='bbox 2627 5639 2888 5710; x_wconf 83' lang='lat' dir='ltr'><strong>hospitum</strong></span> <span class='ocrx_word' id='word_1_839' title='bbox 2925 5641 3110 5695; x_wconf 87' lang='lat' dir='ltr'><strong>habeat</strong></span> <span class='ocrx_word' id='word_1_840' title='bbox 3136 5643 3457 5711; x_wconf 83' lang='lat' dir='ltr'><strong>assignatam</strong></span> <span class='ocrx_word' id='word_1_841' title='bbox 3492 5643 3673 5709; x_wconf 68' lang='lat' dir='ltr'><strong>frater,</strong></span> 
     </span>
    </p>
   </div>
   <div class='ocr_carea' id='block_1_121' title="bbox 2114 5729 3680 5802">
    <p class='ocr_par' dir='ltr' id='par_1_121' title="bbox 2114 5729 3680 5802">
     <span class='ocr_line' id='line_1_121' title="bbox 2114 5729 3680 5802; baseline 0.003 -22"><span class='ocrx_word' id='word_1_842' title='bbox 2114 5729 2264 5798; x_wconf 79' lang='lat' dir='ltr'><strong>cujus</strong></span> <span class='ocrx_word' id='word_1_843' title='bbox 2289 5731 2518 5784; x_wconf 87' lang='lat' dir='ltr'><strong>animam</strong></span> <span class='ocrx_word' id='word_1_844' title='bbox 2540 5732 2694 5787; x_wconf 86' lang='lat' dir='ltr'><strong>timor</strong></span> <span class='ocrx_word' id='word_1_845' title='bbox 2719 5732 2811 5786; x_wconf 84' lang='lat' dir='ltr'><strong>Dei</strong></span> <span class='ocrx_word' id='word_1_846' title='bbox 2836 5733 3115 5802; x_wconf 71' lang='lat' dir='ltr'><strong>possideat,</strong></span> <span class='ocrx_word' id='word_1_847' title='bbox 3154 5733 3237 5786; x_wconf 87' lang='lat' dir='ltr'><strong>ubi.</strong></span> <span class='ocrx_word' id='word_1_848' title='bbox 3261 5735 3360 5787; x_wconf 84' lang='lat' dir='ltr'><strong>sint</strong></span> <span class='ocrx_word' id='word_1_849' title='bbox 3388 5734 3504 5787; x_wconf 68' lang='lat' dir='ltr'><strong>lecti</strong></span> <span class='ocrx_word' id='word_1_850' title='bbox 3527 5734 3680 5788; x_wconf 74' lang='lat' dir='ltr'><strong>strati</strong></span> 
     </span>
    </p>
   </div>
  </div>
