3992 6206
322 389 425 446 8’33

1348 387 1700 445 COMMENT.
1740 390 1808 446 ιΝ
1848 389 2006 446 REG.
2048 391 2108 448 S.
2149 393 2527 451 BENEDICTI.

3451 404 3555 457 ὅθι

318 499 647 572 sufﬁcienter,
690 505 737 551 et
765 496 951 550 domus
982 494 1077 550 Dei
1104 513 1137 550 a
1162 498 1477 569 sapientibus
1502 500 1763 569 sapienter
1785 498 1895 577 ad-_
1915 500 1967 561 Λ
1991 500 2386 560 necessitudine
2407 504 2802 574 pertinentibus
2827 504 3030 575 aliquid
3054 504 3349 563 contulerit
3372 504 3427 561 in
3450 520 3565 562 rem

317 591 663 646 ministretur.
702 588 745 643 A
788 591 1079 645 sternendo
1107 591 1252 646 enim
1281 590 1405 647 lecti
1433 593 1593 649 strati
1618 593 1887 648 dicuntur.

319 682 492 740 Strati
521 681 675 753 quasi
712 682 950 738 scoriati.
981 682 1169 737 Scoria
1200 683 1346 740 enim
1372 684 1591 750 dicitur,
1617 684 1760 754 quod
1792 699 1893 738 nos

317 786 570 843 mattam,
600 763 685 829 vel
716 783 923 828 nattam
953 775 1201 831 dicimus.
1234 774 1292 830 ln
1322 776 1411 830 his
1440 784 1623 831 autem
1647 776 1776 831 solis
1797 793 1895 832 an-

321 868 453 938 tiqui
484 866 733 923 monachi
762 863 1000 919 dormire
1025 866 1289 930 solebant,
1329 874 1385 921 et
1411 872 1492 921 his
1515 866 1643 921 solis
1668 866 1893 922 lectulos

319 977 445 1016 suos
492 961 826 1015 sternebant.
863 959 1030 1029 Cujus
1059 960 1202 1013 enim
1226 960 1467 1015 animum
1498 960 1660 1017 timor
1679 961 1892 1017 Domini

318 1050 578 1122 possidet,
621 1050 739 1105 sine
774 1049 935 1106 dubio
973 1049 1084 1119 jam
1127 1050 1266 1107 inter
1310 1050 1582 1119 sapientes
1611 1052 1771 1108 debet
1796 1054 1894 1109 ha-

319 1141 455 1195 beri.
509 1139 785 1210 Scriptum
837 1149 921 1196 est
961 1141 1104 1195 enim
1138 1139 1391 1195 :Im'tium
1428 1143 1700 1213 sapientia:
1739 1142 1895 1198 timor

323 1230 561 1297 Domini,
599 1230 890 1286 intellectus
938 1230 1098 1285 bonus
1141 1232 1378 1286 omnibus
1428 1231 1738 1300 facientibus
1773 1249 1892 1287 eum

317 1319 619 1395 (Purher).
656 1322 699 1378 A
730 1323 928 1379 talibus
971 1324 1113 1377 enirn
1167 1324 1505 1393 sapientibus
1556 1324 1751 1380 domus
1787 1324 1893 1379 Do-

323 1411 476 1476 mini,
511 1412 561 1465 id
590 1420 693 1477 est,
721 1413 912 1468 domus
937 1428 1057 1483 qua:
1082 1414 1133 1468 in
1166 1414 1493 1469 monasterio
1521 1430 1619 1485 pro
1643 1416 1893 1486 pauperi-

322 1494 424 1557 bus
452 1499 664 1556 Domini
698 1502 1012 1566 aediﬁcatur,
1052 1512 1144 1558 aut
1172 1518 1270 1575 pro
1296 1501 1414 1572 ejus
1442 1504 1711 1574 implendo
1742 1520 1894 1561 man-

324 1594 451 1648 dato
478 1594 849 1660 constituitur,
887 1610 1111 1652 necesse
1141 1607 1220 1652 est
1249 1598 1523 1667 sapienter
1547 1599 1890 1654 administre-

324 1691 429 1736 tur.
479 1680 617 1739 Hinc
668 1692 723 1739 et
767 1686 985 1761 quidam
1032 1688 1418 1743 monachorum
1472 1690 1727 1759 magister
1774 1691 1888 1745 ait:

322 1770 465 1828 Cella
495 1774 900 1845 peregrinorum
928 1788 1133 1833 semoto
1169 1780 1498 1835 monasterio
1535 1781 1893 1836 constituatur

1992 605 2335 647 communest
2378 593 2691 659 redactum,
2722 596 2812 650 cui
2870 594 3241 651 necessarium
3280 593 3444 650 fuerit
3471 596 3570 650 tsi-

1989 677 2204 735 buatur.
2248 680 2305 736 Si
2332 698 2462 738 vero
2497 684 2584 739 cui
2614 686 2992 743 transmissum
3043 696 3131 741 est
3170 684 3341 740 abbas
3369 686 3563 756 princi-

1989 769 2069 840 pit
2098 771 2257 837 dare,
2293 781 2548 842 tanquam
2604 774 2810 844 reliqua
2859 774 3097 831 ﬁdelium
3149 790 3374 830 munera
3395 814 3410 839 ,
3436 790 3562 830 cum

1990 862 2288 933 gratiarum
2316 864 2530 919 actione
2561 866 2815 934 accipiet.
2851 864 3005 933 Quod
3043 874 3227 921 autem
3276 866 3428 929 dicit,
3462 882 3565 918 non

1989 957 2349 1021 contristetur,
2393 972 2462 1013 ne
2490 955 2633 1011 forte
2663 958 2823 1013 detur
2855 958 3072 1014 occasio
3107 958 3345 1021 diabolo,
3374 956 3567 1011 subin—

1991 1047 2270 1118 telligitur,
2309 1055 2402 1101 aut
2428 1063 2525 1117 per
2550 1048 2850 1113 tristitiam,
2880 1057 2974 1102 aut
3016 1064 3115 1119 per
3159 1048 3443 1113 invidiam,
3470 1056 3565 1101 aut

1990 1153 2085 1208 per
2133 1139 2508 1197 murmurium.
2552 1137 2661 1195 Per
2690 1141 2966 1199 tristitiam
2996 1142 3140 1197 enim
3164 1157 3333 1212 quam
3369 1141 3422 1195 in
3465 1157 3563 1195 suo

1990 1235 2209 1298 pectore
2225 1237 2392 1292 tenet,
2407 1243 2579 1283 noccn
2588 1230 2634 1284 di
2650 1230 2917 1285 monacho
2929 1230 3143 1285 diabolo
3154 1230 3315 1287 datur
3328 1230 3562 1293 occasio,

1991 1319 2801 1390 qaia,secandumApostolum,
2851 1329 2935 1379 est
2959 1321 3179 1376 tristitia
3215 1337 3339 1391 qua,
3392 1321 3561 1389 impe-

1992 1410 2169 1466 diente
2182 1409 2413 1475 diabolo,
2428 1410 2586 1469 datur
2604 1412 2843 1476 occasio,
2858 1412 2912 1466 in
2937 1412 3136 1469 aninta.
3163 1412 3297 1467 Nam
3317 1419 3372 1466 et
3398 1412 3445 1466 si
3459 1410 3561 1473 illi,

1990 1502 2077 1556 cui
2092 1502 2275 1559 datum
2292 1509 2396 1566 est,
2418 1500 2707 1564 invidetur,
2728 1502 3095 1571 perinvidiam
3124 1503 3354 1561 nocendi
3377 1517 3563 1556 mona-

1990 1590 2094 1645 cho
2119 1590 2329 1644 diabolo
2351 1588 2511 1645 datur
2525 1591 2903 1659 occasio,quia
2914 1591 3178 1659 scriptum
3204 1598 3324 1647 est:
3350 1589 3557 1644 Invidia

1991 1676 2187 1730 diaboli
2230 1694 2368 1731 mors
2407 1679 2619 1732 intravit
2655 1680 2711 1733 in
2751 1678 2924 1733 orbem
2955 1689 3238 1735 terrarum.
3282 1677 3565 1733 Imitantur

1991 1770 2129 1823 enim
2150 1769 2298 1824 illum
2322 1761 2412 1841 qui
2438 1780 2560 1826 sunt
2583 1787 2648 1825 ea:
2670 1780 2817 1841 parte
2839 1771 3002 1827 illius.
3033 1770 3156 1846 Aut
3175 1772 3223 1827 si
3256 1771 3397 1827 forte
3418 1786 3565 1825 mur-

324 1876 445 1916 cum
468 1862 625 1918 lectis
644 1865 850 1931 Stratis,
866 1867 957 1922 ubi
980 1869 1422 1937 supervenientes
1442 1869 1639 1926 {rauca
1660 1872 1893 1928 muime
1922 1848 1967 1906 Β
1994 1862 2453 1931 ωιιηνει-ἰι,φιὶει
2467 1862 2609 1931 quod
2624 1862 2727 1919 sibi
2742 1862 3005 1917 directum
3030 1869 3117 1916 est
3135 1861 3237 1917 sibi
3255 1876 3360 1917 non
3384 1861 3562 1919 datur.

324 1952 493 2023 ignoti
517 1954 809 2023 dormiant,
837 1967 892 2013 et
915 1959 1139 2014 risatias
1164 1975 1290 2015 suas
1311 1970 1536 2030 ponant.

396 2042 699 2114 IIospttibus
738 2057 930 2113 autem,
983 2050 1067 2102 cui
1109 2064 1214 2103 non
1260 2051 1567 2121 prtrcipitur
1596 2049 1895 2106 nullatenus

321 2134 568 2199 societur,
600 2151 763 2206 neque
791 2136 1138 2208 colloquatur,
1174 2139 1264 2193 sed
1303 2140 1349 2194 si
1391 2140 1671 2195 obviaverit
1700 2150 1791 2195 aut
1823 2142 1896 2195 vi-

320 2224 485 2288 derit,
504 2224 746 2283 salutatis
774 2228 1062 2295 humiliter,
1095 2241 1150 2284 ut
1180 2231 1376 2286 dictum
1404 2240 1504 2297 est,
1536 2242 1583 2286 ct
1617 2234 1776 2302 petita
1814 2234 1898 2286 be-

324 2318 637 2385 nedictione,
664 2330 1011 2391 pertranseat,
1040 2323 1215 2378 dicens
1244 2341 1345 2378 non
1371 2324 1531 2379 licere
1546 2325 1646 2379 sibi
1671 2324 1896 2396 colloqui

324 2426 441 2473 ntm
493 2413 713 2482 hospite.
748 2413 1065 2485 Hospitibus
1102 2431 1211 2470 non
1238 2416 1472 2472 societur
1500 2416 1650 2481 dicit,
1710 2418 1763 2473 id
1790 2426 1892 2481 est,

323 2499 391 2554 ad
424 2499 631 2557 falmlas
662 2501 932 2561 faciendas
964 2519 1069 2559 non
1099 2504 1470 2575 eisjungatur.
1503 2505 1610 2561 Sed
1636 2507 1680 2561 si
1709 2506 1898 2561 obvia-

322 2594 465 2647 verit
492 2594 590 2657 eis,
630 2604 721 2648 aut
760 2610 926 2665 prope
960 2611 1018 2650 se
1056 2603 1203 2651 stare
1225 2596 1438 2661 viderit,
1476 2599 1644 2666 petita
1672 2596 1893 2651 benedi-

324 2684 503 2738 ctione
546 2693 805 2740 transeat.
855 2684 1007 2757 Quod
1035 2687 1081 2741 si
1121 2696 1340 2759 rogatus
1365 2687 1565 2755 aliquid
1592 2688 1661 2743 ab
1687 2687 1898 2754 hospite

323 2770 510 2834 fuerit,
536 2775 860 2844 respondeat
888 2775 936 2830 ei
967 2775 1173 2842 dicens,
1198 2791 1304 2830 non
1334 2776 1464 2831 mihi
1500 2777 1627 2831 licet
1649 2791 1773 2830 cum
1803 2776 1898 2831 ho-

323 2863 467 2932 spite
499 2862 665 2933 loqui.
702 2864 840 2921 Ilinc
878 2873 931 2921 et
967 2865 1162 2922 beatus
1200 2865 1502 2922 ltlacharius
1544 2867 1620 2921 ait
1648 2850 1894 2931 :Nullus,

323 2952 429 3006 nisi
460 2953 544 3007 cui
573 2969 703 3009 cura
724 2955 867 3010 circa
900 2956 1165 3028 hospitale
1190 2956 1354 3012 fuerit
1382 2957 1645 3027 iniuncta,
1677 2970 1898 3025 respon-

325 3057 446 3097 sum
506 3042 595 3099 det
648 3046 1020 3112 venientibus,
1077 3060 1254 3119 neque
1321 3047 1673 3102 sermocinari
1738 3045 1896 3101 alicui

325 3130 479 3185 fratri
518 3131 726 3202 licebit,
777 3134 880 3190 nisi
927 3135 1031 3195 soli
1063 3136 1155 3208 qui
1188 3146 1403 3209 prazcst,
1463 3145 1561 3195 aut
1599 3152 1735 3208 quos
1780 3136 1895 3206 ipse

318 3221 563 3297 jusserit.

911 3315 1136 3375 CAPUT
1171 3315 1325 3391 Liv.

329 3399 485 3469 Quod
504 3419 606 3459 non
628 3403 807 3460 debeat
838 3409 1126 3480 monac/ius
1168 3407 1370 3480 litteras
1397 3408 1476 3480 uel
1505 3407 1716 3480 eulogia
1753 3409 1896 3464 acci-

766 3492 886 3546 pere
918 3478 1029 3531 sine
1045 3479 1203 3548 jussu
1230 3478 1431 3531 abbatis

401 3582 721 3640 Nullatenus
737 3586 887 3641 liceat
909 3589 1161 3643 monac/to
1179 3606 1269 3643 nec
1284 3607 1323 3643 α
1334 3589 1634 3659 parentibus
1648 3588 1780 3655 suis,
1805 3605 1899 3643 nec

328 3693 640 3749 aquoqnam
670 3678 971 3746 hominum,
1020 3680 1230 3735 nec'sibi
1281 3680 1498 3733 invicem
1548 3678 1770 3745 litteras,
1808 3688 1900 3733 aut

327 3767 554 3839 eulogia,
605 3769 681 3825 uel
721 3769 958 3842 quarlibet
1009 3769 1320 3825 munuscula
1369 3770 1605 3839 accipere
1644 3778 1735 3823 aut
1773 3769 1901 3823 dare

326 3860 441 3916 sine
461 3870 716 3931 praecepto
745 3860 944 3916 abbatis
984 3862 1087 3917 sui.
1164 3860 1317 3927 Quod
1358 3861 1406 3915 si
1453 3860 1610 3915 etiam
1653 3878 1687 3914 a
1714 3877 1904 3931 paren-

329 3951 465 4005 tibus
495 3952 603 4004 suis
640 3951 686 4004 ei
706 3951 987 4021 quidquam
1017 3951 1271 4006 directum
1309 3950 1466 4020 fuerit
1494 3990 1510 4016 ,
1561 3967 1667 4005 non
1704 3965 1904 4021 pra'su-

330 4048 438 4095 mat
466 4040 725 4110 suscipere
745 4039 898 4106 illud,
918 4042 1018 4096 nisi
1042 4041 1189 4111 prius
1212 4040 1501 4095 indicatum
1524 4040 1683 4109 fuerit
1705 4040 1900 4095 abbati.

333 4129 489 4197 Quod
509 4131 776 4203 sijusserit
802 4132 1013 4202 suscipi,
1031 4132 1084 4186 in
1102 4132 1302 4187 abbatis
1324 4134 1390 4185 sit
1403 4142 1651 4202 potestate
1674 4133 1759 4186 cui
1772 4131 1903 4186 illud

325 4218 507 4288 iubeat
537 4217 674 4276 dari.
712 4218 779 4272 Et
807 4236 910 4274 non
940 4221 1273 4275 contristetur
1299 4221 1484 4291 frater,
1508 4220 1591 4275 cui
1614 4221 1745 4292 forte
1768 4222 1907 4276 dire-

332 4318 471 4362 ctum
486 4309 678 4380 fuerat,
694 4320 748 4364 ut
764 4327 866 4365 non
877 4311 1029 4369 detur
1041 4313 1244 4367 occasio
1257 4312 1482 4367 diabolo.
1501 4312 1605 4380 Qut
1620 4324 1790 4368 autem
1807 4313 1907 4367 ali-

330 4408 412 4453 ter
428 4403 836 4472 pra'sumpserit,
860 4401 1149 4473 disciplina:
1180 4403 1409 4474 regulari
1427 4403 1715 4474 subjaceat.
1767 4403 1905 4459 Hinc

330 4489 523 4545 beatus
538 4491 865 4563 Augustinus
892 4495 1003 4549 ait:
1044 4494 1363 4565 Quicunque
1396 4505 1578 4551 autem
1609 4497 1664 4551 in
1694 4504 1903 4551 tantum

330 4594 648 4657 progressus
679 4583 839 4639 fuerit
875 4585 1098 4650 malum,
1119 4590 1193 4639 tut
1227 4586 1433 4641 occulte
1464 4587 1534 4642 ab
1558 4587 1737 4656 aliquo
1765 4586 1907 4642 litte-

333 4691 424 4731 ras
451 4675 536 4731 γει
581 4676 831 4748 qumlibet
867 4678 1183 4734 munuscula
1232 4678 1463 4748 accipiat
1485 4719 1500 4743 ,
1534 4678 1583 4733 si
1632 4680 1735 4733 hoc
1764 4679 1907 4733 ultro

332 4764 645 4832 conﬁtetur,
670 4773 924 4835 pareatur
952 4767 1049 4833 illi,
1074 4777 1129 4823 et
1148 4777 1334 4825 oretur
1357 4783 1455 4839 pro
1485 4769 1595 4824 illo.
1633 4767 1699 4824 Si-
1724 4777 1905 4825 autem

332 4853 757 4923 deprehenditur
809 4862 970 4924 atque
1006 4858 1365 4923 convincitur,
1418 4858 1717 4913 secundum
1763 4858 1908 4914 arbio

334 4944 498 5001 trium
521 4947 791 5016 pratpositi
815 4948 1031 5019 gravius
1054 4947 1383 5003 emendetur.
1443 4946 1581 5004 llinc
1621 4954 1677 5002 et
1716 4948 1907 5003 beatus

332 5035 563 5093 Basilius
593 5040 698 5094 ait:
733 5040 922 5097 Munus
949 5041 1247 5111 quodlibet,
1290 5040 1405 5094 sive
1451 5039 1703 5109 epistolas
1747 5055 1907 5095 nemo

335 5126 630 5184 monachus
679 5129 944 5201 accipiat,
993 5145 1094 5186 nec
1121 5130 1249 5185 dare
1270 5130 1387 5185 sine
1415 5129 1657 5199 jussione
1699 5128 1909 5184 abbatis

336 5217 585 5286 cuiquam
632 5228 940 5289 praesumat.
1021 5220 1157 5277 Hinc
1201 5228 1257 5276 et
1306 5219 1433 5275 alibi
1484 5220 1741 5290 scriptum
1783 5229 1902 5275 est:

335 5304 438 5372 Qui
465 5323 596 5365 vero
612 5311 822 5367 litteras
862 5310 949 5366 vel
994 5311 1312 5366 munuscula
1347 5309 1716 5381 cujuscunque
1766 5312 1910 5368 acci-

335 5414 465 5471 pere
483 5404 908 5479 praesumpserit,
963 5404 1009 5459 si
1039 5418 1145 5458 non
1175 5403 1413 5465 statimta
1442 5419 1549 5474 quo
1586 5404 1817 5474 accepit,
1852 5414 1911 5459 et

336 5507 457 5561 quze
512 5494 717 5566 accepit
767 5493 1140 5571 publicaverit,
1187 5494 1510 5550 districtioni
1557 5494 1911 5550 severissima:

337 5589 657 5658 subiacebit.
728 5589 821 5645 Illa
859 5605 990 5646 vero
1022 5603 1141 5659 qua:
1192 5590 1506 5651 transmissa
1549 5596 1704 5654 sunt,
1748 5598 1909 5660 pere-

336 5682 508 5752 grinis
554 5691 615 5737 et
645 5681 849 5752 ignotis
889 5680 1284 5751 deputabuntur
1299 5718 1330 5743 ,,
1371 5687 1465 5733 aut
1486 5687 1635 5734 certe
1663 5677 1911 5735 incendio

336 5772 743 5826 rrenxahuutur.
812 5768 1069 5840 Sanequi
1108 5767 1221 5823 suis
1266 5766 1397 5827 (iliis
1432 5766 1723 5838 relaliqua
1760 5768 1827 5824 ad
1853 5785 1912 5826 sc

1932 4538 1983 4597 Ι)

1997 1960 2053 2006 et
2076 1952 2149 2007 ita
2162 1966 2259 2021 per
2287 1954 2770 2009 murmurationem
2800 1953 3032 2009 nocendi
3063 1952 3328 2007 monacho
3352 1949 3565 2006 diabolo

1998 2042 2155 2096 datin
2177 2042 2409 2097 occasio.
2440 2042 2575 2110 Quia
2624 2050 2681 2097 et
2705 2043 2796 2111 qui
2837 2043 2895 2097 in
2941 2041 3158 2098 deserto
3192 2054 3566 2096 murmurare-

1997 2140 2142 2197 ruut,
2183 2148 2215 2187 a
2245 2133 2588 2203 serpentibus
2623 2133 2922 2204 perierunt.
2966 2132 3157 2189 Omnis
3196 2133 3343 2191 enim
3376 2147 3566 2188 mona-

1996 2222 2131 2279 chus
2166 2224 2256 2293 qui
2296 2239 2463 2278 unum
2500 2239 2567 2277 ex
2607 2224 2729 2279 istis
2766 2223 2978 2289 fecerit,
3005 2224 3136 2293 quia
3171 2223 3249 2277 illi
3280 2223 3565 2279 nondatur

1997 2314 2141 2383 quod
2179 2314 2256 2369 illi
2304 2313 2591 2383 dirigitur,
2644 2314 2878 2385 regulari
2915 2315 3216 2384 disciplina
3265 2311 3563 2382 subiaceat,

1997 2418 2064 2460 ne
2094 2404 2522 2474 iudiscipiinatus
2551 2406 2606 2461 in
2629 2413 2891 2460 aeternum
2914 2421 3027 2476 pro
3063 2405 3150 2460 his
3187 2406 3333 2461 vitiis
3352 2413 3563 2474 pereat.

2593 2512 2822 2569 CAPUT
2855 2513 2964 2569 LV.

2160 2606 2268 2661 ,οε
2305 2606 2620 2684 vestimentis
2653 2614 2702 2659 et
2728 2604 3092 2659 calceamentis
3124 2604 3370 2673 fratrum.

2074 2695 2389 2750 Vestimenta
2420 2694 2671 2765 fratribus
2695 2692 2985 2748 secundum
3006 2692 3238 2746 locorum
3257 2691 3563 2762 qualitatem

1994 2785 2084 2840 ubi
2108 2784 2343 2839 habitant
2380 2782 2457 2838 vel
2481 2799 2662 2838 aerum
2675 2780 3192 2851 temperiemdentur,
3211 2781 3334 2850 quia
3352 2780 3409 2833 in
3421 2779 3570 2849 frigi-

1995 2876 2078 2929 dis
2108 2872 2403 2944 regionibus
2424 2869 2941 2942 ampliusindigetur,
2965 2870 3021 2923 ia
3040 2867 3229 2922 caiidis
3240 2884 3357 2921 vero
3372 2868 3564 2920 minus.

1999 2964 2128 3019 Hcce
2148 2978 2269 3033 ergo
2289 2960 2640 3016 consideratio
2659 2974 2812 3029 penes
2832 2958 3069 3012 abbatem
3086 2958 3185 3011 sit.
3219 2956 3566 3022 Quodautcm

1997 3055 2146 3118 dicit,
2190 3052 2479 3109 secundum
2500 3049 2733 3105 locorum
2758 3047 3062 3119 qualitatem
3088 3047 3411 3102 vestimenta
3427 3046 3568 3111 dari,

1999 3143 2357 3199 mihividetur
2382 3142 2708 3211 deoperoso,
2724 3148 2781 3195 et
2806 3154 2913 3194 non
2938 3138 3130 3193 (letam
3150 3137 3571 3207 operosodicerc

1998 3236 2135 3291 loco.
2186 3233 2325 3291 Sunt
2371 3233 2517 3287 enim
2561 3231 2891 3289 monasteria
2931 3228 3051 3297 jam
3094 3226 3369 3297 perfecta,
3404 3234 3464 3281 et
3512 3226 3568 3279 in

1997 3339 2212 3381 amoeno
2251 3324 2369 3379 loco
2407 3323 2599 3391 posita,
2646 3323 2738 3377 ubi
2772 3321 2949 3376 minus
2969 3326 3250 3389 operatur,
3274 3325 3349 3371 et
3390 3316 3577 3370 minus

1997 3415 2341 3470 vestimentis
2368 3422 2427 3468 et
2464 3412 2849 3469 calceamentis
2897 3410 3188 3480 indigetur.
3239 3406 3392 3472 Quod
3441 3420 3574 3460 vero

1998 3507 2131 3563 dicit
2158 3525 2170 3559 :
2202 3504 2281 3559 vel
2307 3518 2489 3557 aerum
2513 3504 2833 3568 temperiem,
2860 3501 2975 3568 ipse
3001 3498 3221 3567 exponit
3246 3511 3370 3551 etim
3398 3496 3531 3551 dicit
3556 3514 3580 3548 τ

1997 3598 2123 3668 quia
2148 3597 2204 3648 in
2229 3594 2436 3664 frigidis
2463 3591 2759 3662 regionibus
2786 3589 3013 3660 amplius
3048 3588 3329 3658 indigetur,
3366 3588 3421 3640 in
3445 3586 3575 3641 cali-

2000 3687 2082 3740 dis
2113 3702 2231 3741 vero
2256 3685 2449 3738 minus.
2493 3682 2621 3738 Haec
2648 3681 3066 3752 prudentissime
3105 3678 3196 3734 ille
3223 3678 3572 3733 considerans

1978 3776 2140 3837 dixit
2171 3794 2185 3830 :
2217 3774 2369 3830 Nunc
2398 3788 2528 3829 vero
2557 3773 2797 3843 prudens
2818 3773 2985 3828 abbas
3022 3768 3335 3826 consideret
3354 3767 3577 3836 diligen-

2002 3876 2089 3922 ter
2111 3882 2298 3923 aerum
2344 3866 2680 3935 temperiem,
2719 3873 2776 3919 et
2823 3864 2941 3920 loca
2993 3863 3050 3917 in
3100 3862 3295 3932 quibus
3342 3860 3577 3924 habitat,

2004 3958 2273 4030 quomodo
2300 3959 2409 4013 sint
2438 3957 2635 4022 calida,
2677 3955 2870 4027 frigida
2896 3954 2985 4009 vel
3015 3961 3336 4023 temperata,
3359 3964 3581 4020 aspera,

2003 4050 2168 4113 dura,
2195 4047 2280 4101 vel
2309 4046 2494 4101 suavia
2512 4086 2526 4111 ,
2557 4052 2614 4099 et
2634 4044 2930 4099 secundum
2956 4041 3372 4111 possibilitatem
3415 4052 3579 4093 suam

2003 4138 2147 4209 quod
2175 4135 2537 4192 necessarium
2583 4142 2670 4189 est
2711 4132 2942 4187 ﬁdeliter
2983 4131 3097 4186 suis
3133 4130 3421 4185 ministret
3456 4142 3581 4182 mo—

2007 4228 2219 4292 nachis,
2238 4235 2299 4280 ut
2319 4226 2439 4281 sine
2452 4224 2772 4279 necessitate
2784 4222 3015 4278 Domino
3022 4221 3286 4286 serviant,
3300 4225 3356 4274 et
3375 4220 3587 4288 absque

2000 4316 2145 4387 justa
2170 4313 2600 4371 murmuratione
2619 4311 2846 4382 paciﬁca
2872 4311 3082 4365 vivant.

2078 4406 2191 4461 Nos
2234 4415 2408 4460 tamen
2461 4400 2808 4457 mediocribus
2860 4400 2991 4454 locis
3034 4399 3267 4471 δυβιαε
3319 4396 3593 4452 credimus

2006 4500 2296 4563 monachis,
2325 4514 2419 4568 per
2459 4494 2718 4566 singulos,
2765 4491 3028 4547 cucullum
3071 4500 3121 4545 et
3168 4489 3449 4544 unm:
3481 4502 3578 4542 cu-

2012 4589 2207 4646 cullam
2263 4590 2319 4642 in
2372 4588 2540 4643 hieme
2582 4585 2865 4651 villosum,
2917 4585 2975 4638 in
3028 4591 3213 4641 astato
3255 4596 3444 4653 parum
3488 4590 3592 4635 aut

2010 4690 2284 4743 vetustam,
2323 4688 2371 4732 et
2415 4675 2687 4747 scapulare
2729 4684 2938 4747 propter
2981 4689 3157 4745 opera.
3222 4671 3591 4727 Mediocribus

2010 4770 2146 4825 locis
2190 4768 2360 4831 dicit,
2427 4767 2639 4833 idest,
2678 4766 3023 4836 temperatis,
3064 4779 3167 4820 nec
3216 4763 3444 4819 multum
3486 4761 3588 4818 fri—

2011 4862 2181 4934 gidis,
2232 4873 2337 4915 nec
2382 4858 2610 4914 multum
2660 4856 2869 4913 calidis.
2945 4854 3223 4911 Cucullam
3284 4854 3421 4909 dicit
3468 4853 3586 4919 ille,

2010 4952 2154 5022 quod
2188 4966 2290 5007 nos
2338 4951 2499 5006 modo
2542 4948 2773 5004 dicimus
2807 4961 3056 5018 cappam.
3117 4945 3224 5001 Per
3269 4945 3585 5001 (litriimttlo—

2011 5060 2133 5101 nem
2170 5044 2316 5101 enim
2346 5059 2377 5097 a
2419 5042 2601 5099 casula
2654 5040 2852 5096 dicitur
2896 5038 3125 5105 cuculla,
3168 5046 3227 5093 et
3257 5053 3289 5093 a
3328 5047 3457 5091 casa
3490 5043 3592 5084 ca-

2009 5137 2169 5202 sulla,
2205 5145 2261 5193 et
2283 5149 2312 5189 a
2339 5134 2542 5190 casulla
2562 5127 3126 5186 diminuitnn‘cueulla.
3170 5126 3323 5195 Quod
3344 5140 3477 5181 vero
3495 5126 3583 5180 ille

2010 5230 2162 5294 dicit,
2191 5226 2467 5299 scapulare
2489 5232 2701 5296 prapter
2717 5239 2895 5293 opera,
2918 5223 3025 5278 hoc
3043 5237 3141 5277 nos
3161 5220 3325 5275 modo
3349 5218 3577 5274 dicimus

2010 5319 2299 5375 cucullam.

2078 5407 2397 5462 Indumenta
2423 5404 2612 5475 pedum
2632 5445 2647 5469 ,
2686 5403 2881 5475 pediles
2910 5413 2961 5460 et
2987 5403 3203 5473 caligas.
3249 5397 3461 5453 Pediles
3487 5410 3583 5447 atr-

2016 5506 2124 5552 tem
2156 5495 2308 5559 dicit,
2335 5494 2487 5563 quod
2534 5508 2635 5550 nos
2666 5495 2828 5550 modo
2879 5494 3110 5549 dicimus
3143 5488 3338 5543 calces.
3368 5484 3584 5554 Calig-is

2014 5588 2122 5651 ille,
2162 5586 2303 5655 quod
2332 5599 2432 5641 nos
2456 5584 2763 5641 subtalares
2787 5583 2883 5639 νει.
2903 5596 3089 5637 soccos
3115 5589 3388 5632 vocamus;
3438 5572 3581 5628 Cali-

2015 5690 2097 5743 ga:
2126 5681 2306 5729 atttem
2330 5687 2361 5726 a
2388 5673 2526 5728 callo
2555 5674 2749 5743 pedum
2779 5672 2958 5733 dictae,
3010 5667 3101 5722 vel
3138 5666 3264 5734 quia
3317 5664 3575 5733 ligantur,

2017 5780 2143 5820 nam
2164 5771 2220 5819 et
2248 5762 2499 5819 calcearii
2527 5771 2807 5818 vocantur.
2854 5759 2929 5814 De
2963 5755 3225 5822 partilibus
3253 5762 3436 5811 autem
3477 5750 3578 5811 lsi.-
