3992 6206
469 391 574 449 sos
1739 382 2086 439 sumsum
2127 383 2412 438 seems
3607 390 3725 447 επ

430 538 431 543 η
469 509 634 562 dorus
654 505 731 559 ait
761 524 772 558 :
798 499 1009 558 Pediles
1035 498 1265 555 utendos
1306 498 1361 552 in
1389 495 1740 561 monasterio,
1792 494 2030 566 quandiu
2058 496 2108 555 Α
2204 493 2405 565 Subicit
2433 496 2569 547 enim
2598 495 2848 549 monacho
2877 496 3011 550 duas
3040 499 3247 551 tunicas
3289 508 3337 552 el
3373 500 3509 555 duas
3536 504 3723 557 cucul—

469 597 664 653 hiemis
690 593 925 665 coegerit
947 590 1222 655 violentia,
1257 589 1372 644 sive
1412 589 1536 644 dum
1562 585 1759 641 fratres
1785 584 2039 656 gradiun-
2140 584 2221 639 las
2249 584 2469 649 habere,
2508 594 2719 656 propter
2751 597 2924 641 noctes
2951 628 2966 653 ,
3005 601 3051 642 et
3088 599 3301 660 propter
3345 588 3526 647 lavare
3560 595 3724 667 ,ἱρείη

471 702 562 744 tur
587 689 640 741 in
668 687 862 740 itinere
890 683 973 737 vel
999 682 1419 753 proficiscuntur
1453 679 1521 734 ad
1564 679 1774 734 urbem.
1805 676 1943 732 llinc
1983 683 2040 730 et
2142 687 2267 728 res:
2297 674 2412 743 jam
2450 674 2590 746 quod
2625 690 2783 741 supra
2815 675 3006 744 fuerit,
3043 680 3370 747 superﬂuum
3404 690 3501 747 est,
3528 692 3575 735 et
3601 701 3726 737 am-

468 775 803 831 Fructuosus
835 773 1010 828 dicit:
1053 772 1108 826 In
1160 771 1338 825 hieme
1385 767 1591 839 pediles
1635 767 1864 823 calcient
1886 806 1900 831 ,
1950 765 2042 834 qui
2141 769 2316 838 putari
2353 768 2517 823 debet.
2557 767 2625 821 Et
2656 766 2889 839 pedules,
2916 777 2962 822 et
2990 769 3331 841 quodcunque
3358 781 3435 826 est
3461 782 3726 828 vetustum

470 865 774 928 voluerint,
815 863 871 918 id
915 871 1031 927 est,
1073 878 1103 916 a
1128 861 1383 916 Kalendis
1417 859 1737 915 Novembris
1775 872 1945 927 usque
1976 856 2044 911 ad

473 958 740 1012 Kalendas
761 957 948 1011 Maias.
971 953 1213 1025 Reliquis
1234 953 1436 1009 aestivis
1456 952 1729 1007 mensibus
1744 949 2042 1020 caligarum

475 1054 686 1101 tantum
725 1046 933 1103 solatiis
961 1044 1237 1099 muniendi
1262 1050 1406 1096 sunt.

545 1138 624 1191 De
634 1153 858 1207 quorum
872 1150 1043 1190 rerum
1055 1134 1284 1189 omnium
1297 1132 1466 1187 colore
1478 1140 1568 1184 aut
1582 1128 1863 1200 grossitudi
1869 1145 1931 1182 ne
1946 1145 2049 1182 non

474 1238 757 1281 causentur
784 1225 1044 1287 monachi,
1072 1224 1162 1278 sed
1182 1223 1361 1293 quales
1381 1222 1603 1276 inveniri
1622 1227 1839 1291 possunt
1860 1219 1917 1272 in
1936 1233 2051 1287 pro-

476 1316 643 1369 vincia
670 1332 774 1386 que
795 1316 1006 1385 degunt,
1030 1323 1119 1371 aut
1160 1313 1298 1385 quod
1332 1311 1489 1367 vilius
1530 1309 1827 1380 comparari
1861 1315 2046 1378 potest.

477 1403 615 1459 Hinc
635 1404 921 1460 Ferreolus
948 1405 1025 1458 ait
1050 1418 1065 1458 :
1090 1403 1336 1458 Colorem
1360 1402 1524 1457 etiam
1561 1401 1613 1455 in
1639 1399 1725 1455 his
1752 1398 2054 1463 album,vel

476 1496 639 1550 nimis
656 1495 852 1562 rufum,
870 1510 966 1566 per
978 1511 1137 1566 quem
1150 1510 1292 1565 sarpe
1307 1494 1514 1565 species
1526 1493 1772 1563 corporis
1788 1492 1854 1547 ad
1871 1490 2055 1561 perni-

479 1586 618 1639 ciem
647 1601 801 1640 suam
840 1587 1146 1641 videntibus
1180 1586 1605 1649 commendatur,
1638 1584 1794 1647 vitet,
1822 1583 1923 1637 hoc
1947 1587 2051 1645 est,

481 1676 684 1731 habere
707 1692 812 1731 non
842 1676 1064 1741 ambiat,
1107 1691 1177 1732 ne
1198 1676 1476 1747 jactantke
1519 1688 1639 1741 sua:
1678 1688 1860 1729 secum
1892 1669 2056 1726 testi-

2144 858 2385 924 reddant,
2417 859 2541 912 dum
2596 859 2855 929 accipiunt
2894 875 3105 914 novum.
3162 858 3299 916 llinc
3331 860 3568 919 Isidorus
3592 862 3671 917 ait
3697 880 3713 916 :

2146 947 2341 1003 Tomis
2369 945 2584 1015 tunicis,
2613 957 2667 1004 et
2706 949 2848 1004 binis
2874 949 3073 1020 palliis,
3123 952 3457 1024 singulisque
3491 954 3723 1010 cucullis

2146 1040 2385 1094 contenti
2435 1040 2545 1094 sint
2574 1039 2846 1106 monachi,
2880 1039 3015 1094 nihil
3048 1050 3244 1110 praeter
3290 1043 3407 1098 haec
3433 1043 3489 1098 in
3528 1044 3721 1099 habitu

2147 1128 2292 1184 aliud
2342 1139 2753 1198 praesumentes.
2835 1129 2974 1185 Hinc
3025 1138 3083 1184 et
3129 1138 3348 1188 sanctus
3385 1132 3724 1190 Fructuosus

2149 1219 2226 1274 ait
2255 1238 2267 1273 :
2303 1219 2630 1276 Vestimenta
2647 1235 2754 1275 non
2779 1220 2963 1284 multa,
2981 1235 3080 1276 nec
3104 1222 3373 1292 superﬂua
3396 1224 3508 1279 sint
3530 1240 3723 1280 mona-

2149 1311 2285 1374 chis,
2312 1310 2519 1375 duabus
2544 1317 2749 1364 tantum
2780 1309 3005 1365 cucullis
3028 1310 3247 1375 villatis,
3276 1319 3332 1365 et
3358 1312 3590 1382 simplici
3614 1329 3723 1369 uno

2148 1401 2380 1473 palliolo,
2437 1401 2715 1470 ternisque
2740 1401 2957 1466 tunicis,
3010 1409 3066 1456 et
3103 1401 3368 1458 staminiis
3397 1403 3607 1459 duabus
3630 1419 3728 1459 cu.

2146 1493 2342 1564 jusque
2369 1492 2709 1547 necessitatis
2734 1492 3070 1563 querimonia
3101 1492 3413 1549 suﬂicienda
3445 1500 3562 1550 est:
3584 1492 3728 1549 llinc

2153 1580 2437 1637 Ferreolus
2457 1582 2533 1637 ait
2566 1600 2579 1636 :
2633 1582 2967 1638 Vestimenta
2991 1583 3259 1652 superﬂua
3295 1584 3592 1640 monachus
3617 1601 3726 1640 non

2155 1675 2414 1744 requirat,
2444 1675 2655 1730 dicente
2688 1674 2915 1730 Domino
2935 1675 3003 1729 ad
3031 1674 3360 1747 discipulos:
3389 1672 3571 1746 Neque
3589 1675 3727 1730 duas

480 1767 722 1821 monium
752 1766 909 1831 ferat,
937 1774 992 1821 et
1014 1767 1140 1821 dum
1160 1781 1357 1836 corpus
1378 1765 1506 1820 velit
1528 1763 1865 1819 vestimentis
1890 1776 2054 1818 orna-
2077 1830 2117 1836 _
2155 1764 2359 1819 tunicas
2389 1764 2643 1818 habeatis.
2697 1763 2842 1831 Quas
2875 1764 3009 1819 duas
3056 1765 3269 1819 tunicas
3319 1764 3615 1835 intelligere
3635 1766 3731 1820 de-

482 1869 561 1921 re,
595 1857 662 1911 de
689 1856 889 1927 animus
904 1856 1239 1911 ornamentis
1268 1870 1374 1910 non
1415 1861 1586 1909 curet.
1638 1845 1774 1907 Hinc
1813 1850 2051 1906 Isidorus
2077 1830 2124 1889 Β
2150 1855 2342 1909 bemus
2382 1869 2490 1909 non
2523 1869 2769 1919 numero,
2801 1853 2844 1910 si
2881 1862 3103 1925 propter
3137 1854 3374 1909 hiemem
3406 1853 3728 1909 necessaria:

482 1948 560 2002 ait
588 1965 601 2000 :
633 1947 867 2003 Munitus
914 1948 1075 2004 debet
1104 1963 1223 2025 esse
1252 1947 1552 2003 monachus
1575 1987 1589 2011 ,
1630 1962 1739 2001 non
1768 1945 2048 2001 delicatus.

482 2036 638 2091 Sicut
664 2044 842 2093 autem
867 2052 972 2091 non
1001 2037 1290 2107 oportetin
1319 2039 1587 2093 monacho
1632 2051 1753 2093 esse
1798 2035 2054 2091 notabilis

483 2127 700 2182 habitus
724 2167 741 2192 ,
783 2129 859 2183 ita
887 2144 988 2184 nec
1023 2130 1155 2185 satis
1183 2129 1442 2200 abiectus.
1464 2128 1598 2184 Nam
1624 2129 1862 2200 pretiosa
1888 2129 2054 2184 vestis

482 2216 727 2273 animum
753 2219 819 2273 ad
866 2217 1142 2273 lasciviam
1168 2220 1455 2289 pertrahit.
1488 2218 1664 2274 Nimis
1691 2219 1816 2274 vilis
1843 2226 1937 2274 aut
1963 2217 2056 2274 do-

481 2311 653 2365 lorem
690 2310 875 2365 cordis
912 2311 1083 2380 parit,
1120 2321 1213 2367 aut
1246 2313 1493 2383 morbum
1524 2327 1676 2368 vanae
1716 2312 1900 2384 gloriae
1924 2326 2054 2367 con-

484 2403 674 2457 trahit.
712 2401 851 2458 Hinc
878 2402 1113 2459 Basilius
1141 2405 1217 2459 ait
1262 2423 1274 2458 :
1331 2404 1389 2459 Si
1417 2405 1560 2460 enim
1608 2405 1846 2461 studium
1897 2403 2055 2459 nobis

486 2492 790 2548 habendum
848 2500 933 2548 est
976 2495 1215 2550 omnium
1253 2511 1374 2551 esse
1400 2496 1682 2561 minimos,
1714 2503 1769 2550 et
1811 2495 2055 2550 omnium

486 2598 587 2638 nos
614 2584 968 2649 novissimos,
999 2596 1209 2641 certum
1231 2595 1317 2642 est
1335 2589 1478 2657 quod
1501 2597 1557 2643 et
1586 2588 1912 2642 indumentis
1940 2602 2056 2641 om-

480 2672 630 2726 nium
658 2688 757 2728 nos
781 2673 1106 2729 novissimos
1133 2675 1392 2746 deputare
1426 2677 1707 2733 debemus.
1756 2675 1893 2732 Hine
1925 2675 2055 2731 Cas-

480 2760 669 2816 sianus
703 2762 836 2818 dicit
872 2780 885 2816 :
915 2762 1138 2834 Oportet
1185 2774 1247 2821 ut
1279 2767 1403 2822 talis
1454 2768 1525 2822 sit
1553 2767 1721 2822 vestis
1761 2767 2010 2822 monachi
2038 2807 2054 2831 ,

484 2865 607 2919 qua
627 2867 826 2922 corpus
846 2863 1153 2926 contegens,
1188 2863 1397 2912 tantum
1434 2859 1811 2914 verecundiam
1843 2857 2057 2912 nudita-

484 2942 555 2997 tis
577 2943 803 3012 repellat
825 2984 841 3010 ,
875 2952 932 3009 et
959 2942 1175 3015 frigoris
1204 2946 1460 3001 retundat
1486 2947 1765 3017 iniuriam,
1802 2961 1910 3000 non
1937 2960 2056 3014 qua:

484 3033 826 3088 occasionem
865 3034 1123 3089 vanitatis
1161 3036 1418 3090 enutriat.
1468 3035 1599 3103 Qum.
1652 3036 1727 3091 ita
1782 3036 1854 3090 sit
1895 3034 2015 3088 vilis
2038 3074 2054 3099 ,

483 3129 545 3175 ut
569 3121 715 3175 nulla
739 3121 937 3177 coloris
975 3122 1061 3177 vel
1089 3124 1498 3192 compositionis
1523 3125 1762 3178 novitate
1789 3123 1931 3177 inter
1951 3137 2054 3177 ctr-

481 3218 630 3265 teros
658 3209 1148 3278 fratresspiritales
1174 3211 1440 3267 habeatur
1492 3213 1720 3285 insignis
1739 3252 1753 3277 ,
1782 3220 1838 3268 et
1874 3213 1949 3267 ita
1981 3211 2055 3267 sit

483 3315 517 3353 a
543 3299 801 3355 studiosis
836 3298 1122 3369 superﬂuis
1151 3302 1587 3358 accurationibus
1616 3302 1814 3367 aliena,
1846 3308 1909 3356 ut
1926 3300 2051 3355 nul-

482 3389 551 3445 lis
579 3389 773 3444 iterum
813 3405 911 3461 per
937 3391 1202 3447 incuriam
1231 3392 1475 3455 collectis
1516 3402 1611 3448 aut
1639 3392 1831 3449 fecatis
1872 3409 1902 3448 a
1938 3409 2057 3449 sor-

484 3481 643 3537 dibus
686 3481 759 3537 sit
805 3481 1084 3538 deformis.
1146 3483 1429 3540 Postremo
1476 3485 1556 3540 sic
1606 3486 1720 3556 ipsa
1772 3486 1939 3541 vestis
1986 3486 2055 3540 ab

482 3571 643 3643 hujus
672 3572 856 3628 mundi
883 3581 1163 3643 separetur
1187 3585 1404 3641 ornatu,
1433 3584 1494 3631 ut
1521 3576 1574 3631 in
1598 3577 1743 3631 omni
1767 3592 2053 3631 servorum

482 3663 578 3719 Dei
608 3663 753 3719 cultu
780 3666 1084 3720 communis
1130 3666 1219 3720 sit.
1260 3666 1395 3721 Nam
1431 3669 1691 3738 quidquid
1720 3668 1861 3723 inter
1883 3668 2057 3723 famu-

484 3750 566 3805 los
605 3738 700 3805 Dei
740 3767 847 3806 non
887 3753 957 3807 ab
989 3754 1241 3810 omnibus
1289 3764 1506 3811 tenetur
1528 3794 1544 3821 ,
1591 3758 1686 3813 sed
1721 3759 1790 3812 ab
1836 3774 1945 3813 uno
1972 3760 2057 3815 vel

482 3857 514 3895 a
551 3839 737 3910 paucis
764 3841 1140 3911 praesumitur,
1195 3851 1289 3897 aut
1343 3843 1667 3915 superﬂuum
1717 3851 1812 3898 aut
1854 3845 2055 3902 elatum

482 3939 598 3993 est,
639 3939 695 3986 et
731 3938 951 4001 propter
987 3931 1090 3987 hoc
1125 3931 1344 3987 noxium
1375 3931 1728 4002 iudicandum
1757 3942 1862 3999 est,
1903 3936 2048 4005 quod

482 4020 657 4089 magis
691 4034 797 4074 non
833 4019 1051 4075 virtutis
1087 4021 1344 4091 speciem,
1383 4022 1475 4077 sed
1492 4021 1747 4078 vanitatis
1781 4024 2051 4079 ostendat.

552 4108 725 4163 Abbas
749 4117 923 4163 autem
943 4108 1009 4181 de
1022 4125 1265 4164 mensura
1278 4110 1567 4180 provideat,
1586 4119 1643 4164 ut
1657 4127 1761 4165 non
1781 4112 1885 4166 sint
1905 4122 2057 4167 curta

479 4198 595 4267 ipsa
619 4199 939 4263 vestimenta,
967 4199 1226 4254 utentibus
1238 4201 1334 4265 eis,
1355 4200 1445 4256 sed
1479 4212 1801 4256 mensuram.
1834 4202 1891 4257 Si
1912 4204 2055 4259 enim

482 4286 683 4342 fuerint
706 4288 1024 4344 vestimenta
1061 4297 1248 4355 curta,
1284 4299 1443 4345 emat
1466 4290 1790 4357 ridiculosa;
1823 4293 1870 4347 si
1896 4292 2059 4349 nimis

481 4378 658 4449 longa,
684 4387 846 4435 erunt
861 4378 1139 4435 damnosa.
1160 4380 1297 4435 Nam
1317 4381 1459 4436 sicut
1473 4381 1542 4436 de
1552 4383 1878 4439 vestimento
1903 4391 2058 4439 curto

2154 1959 2272 2000 esse
2303 1943 2572 2009 videntur,
2611 1944 2705 2000 sed
2730 1960 2891 2015 supra
2922 1960 3079 1999 usum
3108 1944 3153 1999 si
3175 1951 3467 2000 reservata
3504 1942 3726 2009 fuerint,

2148 2035 2471 2103 computari.
2518 2030 2836 2104 Super-ergo
2865 2033 2910 2088 si
2934 2033 3064 2103 quid
3097 2031 3279 2099 fuerit,
3306 2034 3584 2104 potabitur
3598 2033 3730 2087 alie-

2153 2141 2300 2179 num.
2360 2125 2495 2179 Dum
2520 2123 2775 2194 quidquid
2800 2137 3080 2193 possessor
3107 2138 3303 2178 avarus
3341 2122 3587 2189 includit,
3617 2139 3730 2178 ma-

2152 2215 2233 2287 gis
2255 2216 2424 2270 utitur
2437 2230 2562 2269 arca
2584 2230 2746 2284 quam
2760 2213 3027 2269 dominus.
3067 2213 3219 2280 Quod
3248 2222 3308 2268 ut
3329 2213 3532 2269 vitetur
3553 2215 3728 2269 maxi-

2153 2324 2274 2363 mus
2296 2306 2450 2362 nobis
2470 2307 2662 2362 beatus
2689 2305 2964 2376 apostolus
2994 2306 3151 2360 testis
3172 2305 3407 2376 assurgit
3426 2305 3521 2375 qui
3547 2305 3680 2361 dicit
3711 2325 3727 2360 :

2156 2397 2420 2453 Habentes
2439 2398 2630 2452 victum
2657 2405 2706 2451 et
2732 2396 2969 2451 vestitum
2991 2396 3071 2450 his
3099 2396 3326 2450 contenti
3348 2396 3533 2451 simus.
3589 2396 3733 2451 Nam

2152 2490 2242 2560 qui
2266 2490 2443 2543 volunt
2476 2487 2659 2542 divites
2688 2487 2807 2557 ﬁeri
2831 2486 3065 2541 incidunt
3094 2488 3148 2540 in
3180 2489 3542 2554 tentationem,
3574 2498 3623 2542 et
3652 2487 3733 2541 ls-

2152 2596 2339 2650 queum
2367 2577 2585 2643 diaboli,
2630 2587 2681 2631 et
2705 2577 2965 2632 desideria
3010 2576 3200 2642 multa,
3230 2587 3278 2631 et
3305 2577 3537 2644 inutilia,
3566 2588 3615 2633 et
3640 2595 3734 2634 no-

2154 2671 2284 2734 civa,
2313 2686 2429 2740 qua:
2450 2678 2688 2740 mergunt
2722 2668 2956 2723 homines
2996 2668 3052 2722 in
3096 2668 3360 2722 interitum
3388 2678 3435 2723 et
3484 2668 3734 2741 perditio-

2156 2776 2271 2815 nem
2297 2759 2349 2831 (1
2369 2757 2503 2814 Tim.
2527 2759 2625 2831 vr).

2225 2849 2528 2906 Femoralia
2546 2851 2601 2904 lii
2620 2851 2708 2922 qui
2732 2851 2786 2904 in
2815 2851 2898 2905 via
2920 2851 3222 2922 diriguntur
3237 2851 3302 2905 de
3323 2851 3569 2906 vestiario
3594 2851 3737 2905 acci-

2153 2943 2320 3013 piant,
2347 2958 2465 3013 qua:
2485 2950 2790 2997 revertentes
2818 2941 2927 2996 tota
2950 2942 3024 2997 ibi
3049 2942 3348 2998 restituant.
3403 2941 3472 2997 Et
3511 2940 3735 2997 multa

2155 3042 2203 3087 et
2229 3033 2421 3087 tunicae
2440 3033 2544 3088 sint
2574 3031 2845 3104 aliquanto
2866 3033 2932 3088 iis
2953 3049 3084 3105 quas
3113 3033 3301 3087 habere
3321 3031 3463 3088 soliti
3499 3034 3605 3087 sint
3627 3049 3736 3088 me-

2079 3165 2124 3226 C
2157 3124 2332 3190 liores,
2359 3142 2491 3196 quas
2517 3135 2760 3182 exeuntes
2786 3127 2842 3182 in
2862 3127 2999 3182 viam
3020 3128 3276 3198 accipiant
3300 3127 3366 3182 de
3392 3129 3660 3194 vestiario,
3684 3136 3736 3184 et

2159 3224 2464 3270 revertentes
2486 3215 2620 3271 totas
2641 3217 2713 3270 ibi
2739 3217 3034 3271 restituant.
3078 3216 3442 3272 Femoralium
3463 3234 3598 3273 usus
3627 3218 3735 3275 cui-

2156 3322 2315 3376 quam
2336 3314 2419 3361 est
2437 3306 2849 3378 permittendus,
2898 3307 3132 3362 maxime
3175 3307 3260 3362 his
3309 3307 3397 3378 qui
3428 3307 3733 3365 ministerio

2156 3386 2498 3466 implicantur
2540 3395 2747 3452 altaris.
2801 3395 2907 3452 Sed
2933 3398 3112 3452 ethoc
3136 3397 3194 3451 .si
3223 3396 3441 3452 studere
3462 3397 3719 3465 noluerit,

2154 3485 2629 3556 reprehendendus
2649 3501 2757 3541 non
2785 3485 2910 3552 erit,
2966 3502 3090 3542 cum
3134 3472 3279 3542 nu'nc
3307 3500 3477 3556 usque
3522 3496 3732 3544 constet

2153 3576 2411 3647 pleraque
2439 3577 2583 3632 hunc
2611 3592 2767 3632 usum
2799 3577 3128 3633 monasteria
3160 3578 3324 3633 etiam
3356 3576 3415 3632 in
3442 3576 3531 3632 liis
3560 3578 3729 3650 reglu-

2153 3667 2314 3723 nibus
2357 3681 2462 3722 non
2512 3666 2730 3721 habere.
2787 3665 2941 3733 Quod
2986 3681 3116 3724 vero
3164 3666 3297 3722 dicit
3326 3666 3391 3722 de
3428 3666 3654 3724 cucullis
3676 3676 3734 3723 et

2157 3757 2372 3823 tunicis,
2419 3757 2529 3812 sint
2553 3757 2828 3826 aliquanto
2852 3772 2950 3827 pro
2975 3758 3062 3811 via
3115 3756 3369 3813 meliores
3397 3770 3562 3827 quam
3590 3758 3727 3815 soliti

2156 3855 2280 3902 sunt
2303 3848 2522 3912 habere,
2576 3847 2630 3901 in
2662 3847 2768 3903 illis
2793 3856 2878 3902 est
2916 3847 3230 3918 regionibus
3264 3847 3593 3915 faciendum,
3641 3850 3727 3905 ubi

2156 3937 2384 3991 multum
2406 3936 2602 3992 vilibus
2622 3936 2767 3992 soliti
2794 3944 2920 3992 sunt
2948 3937 3026 3992 uti
3053 3938 3407 3994 vestimentis.
3463 3938 3568 3994 Ubi
3597 3953 3724 3995 vero

2156 4026 2379 4081 meliora
2427 4033 2554 4080 sunt
2593 4026 2936 4092 vestimenta,
2987 4042 3096 4082 non
3123 4035 3247 4081 sunt
3280 4034 3505 4097 propter
3527 4027 3721 4085 itinera

2157 4116 2556 4171 commutanda.
2624 4115 2924 4171 Femoralia
2952 4116 3096 4171 enim
3126 4124 3257 4172 sunt
3282 4110 3481 4180 dicta,
3499 4132 3566 4172 eo
3587 4120 3727 4189 quod

2157 4206 2364 4263 femora
2394 4215 2602 4278 tegunt,
2636 4207 2750 4277 ipsa
2776 4214 2831 4262 et
2853 4206 3145 4274 feminalia,
3179 4208 3294 4278 ipsa
3342 4218 3395 4265 et
3410 4212 3635 4267 braccas
3654 4209 3735 4267 di-

2158 4301 2350 4356 cimus.
2386 4298 2511 4355 ldeo
2530 4299 2775 4365 braceas,
2790 4300 2914 4369 quia
2935 4307 3062 4356 sunt
3087 4300 3299 4356 breves.
3339 4300 3727 4359 Brachinenin

2160 4390 2346 4446 Gnece
2389 4389 2554 4444 breve
2581 4386 2800 4445 dicitur.

481 4477 771 4539 genrentur
790 4469 1117 4563 ridiculum,
1166 4471 1248 4527 sic
1286 4472 1435 4527 etde
1477 4473 1639 4529 nimis
1685 4473 1846 4545 longo
1892 4476 2055 4544 panni
2086 4505 2135 4563 ι)
2234 4477 2535 4534 Stramenta
2564 4488 2739 4532 autem
2761 4478 3009 4533 lectorum
3025 4481 3724 4553 suﬁiciant,maua,sagum,

481 4559 758 4616 damnum.
790 4558 935 4630 Ergo
954 4575 1023 4615 ne
1045 4560 1149 4616 ista
1173 4561 1513 4632 proveniant,
1545 4561 1680 4617 ﬂant
1702 4563 1885 4619 omnia
1908 4578 2055 4620 men-

482 4657 688 4705 aurata.

554 4739 872 4811 Accipientes
893 4751 1229 4807 nova,vetera
1252 4758 1452 4815 senaper
1467 4744 1685 4799 reddant
1710 4746 1767 4800 in
1785 4747 2052 4816 pne-senti,

484 4832 779 4901 reponenda
809 4834 865 4888 in
886 4834 1128 4889 vestiario
1154 4843 1365 4906 propter
1395 4851 1666 4906 pauperes.
1695 4836 1834 4893 Hinc
1861 4837 2054 4894 beatus

483 4919 815 4978 Fructuosus
839 4924 946 4979 ait:
971 4924 1238 4995 Quidquid
1266 4925 1323 4980 in
1340 4926 1699 4991 vestimentis,
1722 4926 2052 4984 calceamen-

486 5011 555 5067 tis
575 5012 658 5067 vel
689 5013 974 5072 lecticariis
1001 5019 1385 5073 monachorum
1407 5024 1679 5072 vetustum
1706 5016 1896 5084 fuerit,
1923 5020 2050 5075 dum

483 5116 622 5156 nova
642 5098 970 5173 percipiunt,
1006 5113 1177 5161 totum
1205 5108 1273 5162 ab
1299 5106 1493 5162 abbate
1514 5106 1838 5177 pauperibus
1861 5123 2049 5179 eroge-

485 5199 596 5247 tur.
646 5189 783 5245 Hinc
810 5199 866 5245 et
885 5191 1204 5250 Aurelianus
1246 5195 1378 5251 dicit
1412 5214 1426 5250 :
1458 5194 1516 5250 Si
1543 5194 1674 5264 quid
1706 5209 1836 5249 vero
1861 5210 2048 5265 super-

482 5280 732 5336 fueritex
763 5280 950 5336 usibus
981 5281 1206 5338 fratrum
1234 5284 1288 5338 in
1313 5300 1467 5350 auro,
1495 5293 1588 5340 aut
1610 5285 1664 5339 in
1678 5284 1939 5350 vestibus,
1963 5286 2048 5341 vel

483 5370 785 5435 cellerario,
817 5378 1039 5427 sanctus
1065 5372 1231 5428 abbas
1266 5388 1364 5442 per
1394 5389 1588 5429 manus
1615 5374 1931 5444 provisoris,
1957 5384 2051 5430 aut

482 5463 887 5533 perquamlibet
911 5478 1193 5534 personam
1221 5463 1431 5520 ﬁdelem
1450 5467 1793 5537 pauperibus,
1813 5469 2052 5538 peregri-

484 5556 572 5610 nis
604 5563 702 5611 aut
716 5557 946 5628 captivis
975 5556 1139 5613 faciat
1164 5554 1485 5627 dispensari.
1536 5559 1870 5615 Vestimenta
1921 5575 2051 5617 vero

484 5653 688 5711 vetera,
713 5661 836 5701 cum
871 5662 1006 5703 nova
1032 5647 1330 5719 accipiunt,
1361 5647 1544 5703 abbati
1582 5649 1887 5718 refundant,
1913 5651 2047 5708 inci-

488 5730 758 5797 pientibus
784 5745 877 5792 aut
900 5740 1221 5812 pauperibus
1245 5737 1515 5811 eroganda
1531 5777 1548 5794 .

2155 4574 2274 4628 lena
2298 4577 2346 4624 et
2367 4567 2605 4639 capitale.
2644 4567 2846 4639 Sagum
2868 4568 3132 4625 Gallicum
3154 4584 3348 4626 nomen
3378 4581 3481 4627 est.
3514 4573 3722 4628 Dictum

2153 4668 2334 4717 autem
2362 4673 2549 4729 sagum
2592 4658 2877 4728 quadrum,
2930 4674 2997 4715 eo
3021 4658 3164 4730 quod
3211 4661 3352 4730 apud
3379 4675 3476 4716 eos
3494 4663 3723 4733 primum

2153 4750 2476 4823 quadratum
2498 4747 2583 4801 vel
2622 4747 2963 4817 quadriplam
2999 4754 3162 4804 esset.
3227 4749 3338 4804 Nos
3362 4758 3543 4808 autem
3572 4752 3724 4808 modo

2153 4860 2252 4915 per
2300 4839 2715 4897 diminutionem
2744 4853 2774 4892 a
2802 4854 2954 4909 sago,
2979 4841 3237 4911 sagellum
3270 4841 3519 4898 dicimus.
3583 4841 3722 4899 Lena

2156 4946 2285 4986 vero
2317 4929 2526 5000 species
2538 4928 2710 4983 vestis
2733 4924 2935 4983 villosa:
2955 4936 3038 4983 est
3066 4945 3229 5001 quam
3254 4946 3354 4985 nos
3372 4946 3564 5001 copam
3594 4931 3721 5004 [A1,

2157 5017 2362 5090 texam]
2417 5016 2668 5080 dicimus,
2712 5014 2804 5070 alii
2854 5030 2985 5071 vero
3031 5016 3312 5089 galnapem
3343 5032 3465 5072 eam
3507 5032 3719 5075 vocant.

2155 5104 2393 5181 Capitale
2424 5118 2601 5164 autem
2625 5108 2773 5173 dicit,
2805 5111 2949 5179 quod
2973 5125 3072 5166 nos
3103 5110 3429 5181 plumacium
3472 5112 3718 5169 dicimus.

2155 5205 2233 5260 De
2264 5202 2368 5257 hac
2394 5200 2657 5257 sententia
2706 5207 2762 5254 et
2799 5199 3037 5256 Isidorus
3088 5202 3247 5257 dicit:
3282 5200 3598 5271 Speciosam
3641 5205 3721 5261 vel

2155 5292 2361 5346 variam
2390 5289 2775 5360 supellectilem
2801 5292 3064 5347 monacho
3090 5291 3287 5349 habere
3317 5308 3424 5349 non
3446 5295 3610 5361 licet;
3631 5312 3717 5352 cu-

2142 5380 2233 5450 jus
2255 5386 2459 5435 stratus
2481 5377 2588 5433 erit
2609 5377 2878 5443 storea,'et
2904 5379 3507 5452 stragulum,pellesque
3532 5368 3718 5440 lanata

2150 5474 2291 5538 (huc,
2333 5473 2576 5545 galnapis
2605 5487 2839 5543 quoque,
2869 5481 2925 5529 et
2965 5472 3304 5548 facitergium
3368 5478 3717 5550 geminusque

2146 5563 2218 5616 ad
2251 5571 2413 5631 caput
2431 5562 2702 5633 pulvillos.

2222 5653 2355 5718 Qum
2384 5662 2561 5726 tamen
2601 5652 2736 5709 lecta
2772 5653 3073 5726 frequenter
3101 5659 3166 5710 ab
3196 5657 3385 5711 abbate
3435 5654 3716 5712 scrutanda

2147 5754 2288 5811 sunt,
2320 5753 2528 5815 propter
2561 5760 2690 5801 onus
2720 5746 3002 5818 peculiare,
3032 5763 3095 5803 ne
3117 5747 3429 5805 inveniatur.
3469 5747 3542 5803 Et
3567 5748 3613 5803 si
3631 5741 3715 5801 cui
