3992 6206
294 254 395 311 897

1264 257 1277 266 ’
1319 251 1670 311 COMMENT.
1712 256 1777 312 IN
1821 259 1980 315 ΠΕΟ.
2024 259 2089 326 3.
2129 266 2504 324 BENEDICTI.

3439 278 3544 335 898

295 372 561 424 inventura
596 367 917 460 fueritquod
951 368 1016 423 ab
1045 368 1229 460 abbate
1287 386 1388 424 non
1433 372 1708 441 acceperit,
1739 389 1864 443 gra-
1894 378 1942 438 Α
1969 388 2172 446 putans
2195 392 2422 453 arrepta,
2451 383 2709 439 "minatis
2746 385 2996 440 “autem
3042 401 3216 457 usque
3259 391 3538 460 perducat.

291 461 520 515 cissimis
557 459 849 530 disciplina:
878 461 1168 530 subjaccat.
1212 459 1277 515 Et
1306 470 1360 514 ut
1383 462 1480 516 hoc
1503 463 1686 516 vitium
1711 481 1866 534 pecu-

289 554 424 607 liare
436 551 694 604 radicitus
716 560 1036 621 amputetur,
1053 551 1240 605 dentur
1261 552 1325 606 ab
1347 553 1534 608 abbate
1560 555 1866 624 omniaquae

289 653 412 697 sunt
452 643 746 696 necessaria
771 656 788 693 :
814 642 867 694 id
890 651 986 705 est,
1009 641 1236 708 cuculla,
1283 645 1482 710 tunica,
1525 643 1754 714 pedules,
1784 663 1868 698 ca-

288 735 428 805 liga’,
463 732 678 797 bracile,
701 731 962 798 cultellus,
987 733 1285 802 graphium,
1320 751 1466 798 acus,
1493 733 1756 803 mappula,
1785 745 1868 788 ta-

289 827 444 890 bulw,
472 837 526 879 ut
557 827 724 879 omnis
756 825 1033 894 auferatur
1062 826 1382 878 necessitatis
1404 826 1694 878 excusatio.
1729 825 1866 878 llinc

286 928 340 972 et
370 919 562 972 beatus
607 917 938 971 Fructuosus
960 916 1088 969 dicit
1116 935 1129 969 :
1165 915 1382 969 Lcetula
1409 916 1742 985 singulorum
1771 917 1866 968 al;-

289 1010 386 1065 bas
417 1009 501 1064 vel
528 1009 852 1080 praepositus
880 1009 965 1062 bis
993 1009 1045 1062 in
1077 1007 1414 1063 hebdomada
1445 1008 1863 1077 revolvatatque

285 1107 676 1170 perserutetur,
709 1106 768 1151 ut
800 1097 1019 1152 videant
1068 1111 1135 1152 ne
1169 1098 1291 1166 quis
1310 1096 1638 1166 superﬂuum
1661 1098 1864 1167 aliquid

286 1191 398 1245 illic
417 1190 500 1244 vel
519 1188 790 1242 occultum
819 1188 1036 1241 haheat.
1100 1185 1316 1242 Subula:
1342 1203 1492 1251 sane,
1521 1202 1651 1241 acus
1677 1203 1740 1242 ac
1773 1186 1862 1241 illa

283 1283 498 1336 diversa
527 1296 626 1350 pro
640 1278 963 1334 consuendis
984 1278 1440 1347 emendandisque
1463 1279 1708 1332 vestibus
1731 1279 1862 1348 ipsis

286 1370 570 1426 tribuenda
589 1378 712 1424 sunt
728 1368 796 1423 ab
816 1367 1100 1431 abbate,et
1123 1383 1244 1420 cum
1280 1368 1576 1422 necessitas
1605 1383 1862 1436 poposce-

287 1463 380 1529 rit,
426 1461 639 1515 lavandi
691 1467 852 1528 alque
898 1457 1217 1512 emendandi
1267 1456 1502 1510 habeant
1527 1456 1856 1512 facultatem.

283 1550 425 1607 Hinc
446 1558 498 1604 et
524 1558 743 1604 sanctus
765 1547 1088 1602 Pachomius
1115 1547 1223 1600 ait:
1248 1545 1416 1600 Nemo
1447 1545 1641 1600 habeat
1666 1555 1861 1616 praeter

281 1655 349 1697 ea
368 1655 489 1710 quas
511 1641 563 1694 in
588 1653 873 1694 commune
900 1637 1211 1692 monasterii
1240 1636 1357 1707 lege
1404 1643 1671 1706 praecepta
1698 1645 1854 1700 sunt;

1967 465 2123 532 Quod
2149 480 2327 526 autem
2365 473 2495 528 dicit
2526 487 2540 526 :
2582 472 2683 527 Hic
2708 474 2830 529 talis
2876 475 3127 529 evellatur
3155 477 3219 531 ab
3246 479 3360 548 ipsa
3403 492 3540 547 arte,

1967 557 2304 631 intelligitur,
2344 562 2699 633 suspemlatur
2745 567 2814 621 ab
2863 567 3002 636 ipso,
3054 569 3139 622 cui
3171 569 3542 635 incumbebat,

1965 653 2240 718 operando
2285 653 2684 720 artisot‘licio;
2737 672 2838 712 nec
2870 658 3098 726 amplius
3151 667 3394 716 transeat
3445 677 3542 730 per

1967 755 2111 805 cum,
2165 744 2218 799 id
2247 753 2351 808 est,
2387 761 2494 799 non
2542 756 2814 814 operetur,
2855 749 2956 802 nisi
3009 750 3322 806 humiliatus
3379 750 3542 806 fuerit

1965 831 2161 886 denuo.
2204 834 2424 903 Erigere
2449 837 2592 890 enim
2621 845 2781 905 atque
2833 841 3158 908 suspendere
3187 857 3352 896 unum
3384 843 3540 897 intel-

1963 921 2149 990 ligitur
2175 940 2293 980 esse

2035 1011 2243 1086 Siquid
2283 1033 2401 1070 vero
2451 1033 2516 1071 ea:
2561 1018 2800 1088 aperibus
2827 1020 3092 1088 arti/icum
3134 1022 3540 1076 venundandum

1962 1113 2057 1167 est,
2080 1105 2290 1159 uideant
2312 1107 2411 1176 ipsi
2433 1124 2525 1177 per
2551 1125 2773 1176 quorum
2813 1127 3000 1164 manus
3035 1113 3371 1182 transigenda
3395 1124 3536 1178 sunt,

1963 1209 2026 1246 ne
2051 1191 2284 1265 aliquam
2311 1196 2555 1259 fraudem
2584 1210 2902 1268 prwsumant
2935 1201 3148 1270 inferre.
3183 1203 3542 1259 Memorentur

1962 1284 2185 1342 Ananiae
2225 1296 2274 1340 et
2314 1286 2576 1357 Sapln'ra,
2602 1307 2666 1344 ne
2718 1291 2852 1360 forte
2903 1303 3140 1358 mortem,
3191 1311 3348 1364 quam
3375 1296 3454 1349 illi
3483 1299 3539 1351 in

1960 1391 2178 1446 corpore
2218 1378 2540 1448 pertulerunt
2567 1379 2705 1450 (Act.
2735 1379 2811 1452 ν),
2864 1383 2998 1436 lianc
3020 1383 3132 1448 isti,
3149 1384 3225 1438 vel
3247 1401 3423 1440 omnes
3449 1388 3540 1455 qui

1960 1463 2192 1536 aliquam
2243 1467 2482 1537 fraudem
2533 1469 2599 1522 de
2633 1470 2783 1524 rebus
2832 1474 3137 1526 monasterii
3181 1475 3427 1542 fecerint,
3482 1477 3540 1531 in

1959 1557 2139 1610 anima
2181 1559 2472 1627 patiantur.
2531 1558 2690 1626 Pejor
2716 1560 2860 1613 enim
2911 1571 2967 1614 et
3017 1562 3204 1616 durior
3240 1572 3325 1618 est
3365 1581 3530 1625 mors,

1959 1661 2124 1716 quam
2153 1646 2396 1703 fraudem
2447 1649 2695 1705 faciendo
2738 1651 2986 1706 monachi
3026 1653 3303 1722 patiuntur
3331 1654 3386 1708 in
3414 1657 3534 1709 ani-

281 1748 392 1789 non
418 1733 796 1796 tunicam,non
811 1728 1529 1799 pallium,nonpellem,uon
1556 1742 1854 1791 nummum,
1887 1718 1934 1776 B
1964 1751 2071 1801 ma,
2101 1753 2264 1806 quam
2309 1755 2456 1794 mors
2485 1741 2915 1810 corporisquam
2968 1718 3112 1812 ρέεεε
3145 1753 3272 1799 sum
3298 1746 3537 1801 Ananias

282 1839 386 1879 nec
411 1824 478 1878 ad
491 1833 653 1892 caput
681 1822 980 1892 pulvillum,
997 1821 1237 1890 exceptis
1264 1820 1350 1874 his
1375 1835 1492 1889 quae
1511 1834 1541 1873 a
1567 1819 1729 1874 Patre
1745 1834 1857 1874 mo-

282 1915 508 1970 nasterii
534 1930 632 1984 per
649 1913 970 1983 przepositos
993 1912 1322 1967 dividuntur.

356 2010 396 2062 Α
416 2025 516 2079 quo
543 2018 715 2061 tamen
737 2005 922 2059 abbate
942 2021 1142 2074 semper
1166 2003 1521 2058 consideretur
1540 2002 1632 2056 illa
1655 2011 1860 2057 senten-

281 2099 358 2151 tia
386 2098 608 2150 Actuum
638 2094 995 2165 apostolorum
1017 2113 1037 2147 ,ο
1063 2095 1188 2164 quia
1215 2094 1444 2146 dabatur
1467 2091 1707 2162 singulis,
1733 2109 1859 2162 pro-

279 2199 338 2243 ut
363 2189 547 2258 cuique
579 2203 708 2256 opus
740 2195 874 2239 erat.
914 2183 1002 2238 Ita
1047 2201 1168 2255 ergo
1194 2194 1241 2237 et
1267 2183 1425 2237 abbas
1457 2181 1744 2235 consideret
1777 2184 1859 2236 in-

277 2281 582 2350 ﬁmitatem
610 2280 978 2349 indigentium,
1022 2295 1124 2332 non
1153 2276 1346 2331 malam
1389 2275 1702 2330 voluntatem
1726 2275 1861 2329 inri-

278 2373 536 2427 dentium.
569 2371 635 2424 In
663 2369 899 2424 omnibus
930 2378 1102 2423 tamen
1118 2368 1337 2438 judiciis
1367 2369 1476 2422 suis
1504 2368 1601 2421 Dei
1630 2369 1855 2422 retribu-

282 2464 476 2516 tionem
506 2462 712 2530 cogitet.
769 2459 906 2514 Hinc
932 2459 1167 2513 Isidorus
1195 2459 1306 2512 ait:
1380 2459 1709 2513 Vestimenta
1748 2474 1855 2512 non

277 2563 442 2612 erunt
471 2555 751 2626 aequaliter
777 2553 1150 2608 distribuenda
1207 2553 1262 2606 in
1290 2552 1564 2616 omnibus,
1608 2551 1702 2607 sed
1731 2567 1854 2606 cum

277 2648 626 2712 discretione,
656 2655 718 2702 ut
760 2645 1128 2715 cujuscunque
1169 2653 1320 2711 aetas,
1359 2645 1664 2716 gradusque
1691 2659 1855 2714 expo-

277 2736 460 2792 stulat.
520 2736 600 2790 Ita
626 2735 770 2790 enim
793 2743 845 2790 et
875 2735 1147 2805 apostolos
1182 2733 1375 2789 fecisse
1415 2733 1664 2804 legimus,
1714 2735 1854 2788 sicut

277 2829 541 2898 scriptum
567 2835 652 2882 est
681 2844 694 2878 :
731 2825 901 2879 Erant
922 2825 1026 2879 illis
1051 2826 1226 2880 omnia
1251 2825 1566 2888 communia,
1595 2834 1643 2878 et
1678 2824 1855 2878 distri-

277 2917 537 2970 buebatur
564 2917 837 2986 unicuique
856 2923 1010 2984 prout
1045 2931 1173 2984 opus
1195 2923 1304 2968 erat
1337 2913 1474 2984 (Act.
1503 2913 1598 2984 Iv).
1646 2913 1850 2969 Unius-

276 3005 542 3076 cujusque
579 3013 757 3060 autem
784 3004 969 3059 fratris
982 3004 1414 3074 supplementum
1436 3004 1525 3058 vel
1553 3005 1848 3076 indigentia

275 3065 620 3166 inspiciatur,
650 3102 709 3149 ut
738 3095 828 3164 qui
874 3065 1101 3150 habent-
1119 3095 1357 3150 contenti
1386 3095 1512 3161 sint,
1544 3104 1600 3150 et
1621 3065 1712 3164 qui
1740 3110 1846 3150 non
1878 3065 1922 3126 C

275 3187 481 3246 habent
501 3188 785 3257 accipiant.

796 3338 802 3344 ,
865 3277 1090 3334 CAPUT
1128 3276 1260 3331 LVI.

800 3371 879 3426 De
899 3388 1075 3425 mensa
1099 3371 1320 3424 abbatis.

354 3465 537 3520 Mensa
575 3463 776 3518 abbatis
833 3479 952 3516 cum
1005 3462 1290 3532 hospitibus
1345 3471 1395 3514 et
1447 3462 1734 3531 peregrinis
1776 3461 1850 3514 sit

276 3572 498 3626 semper.
531 3552 743 3618 Quoties
767 3565 941 3606 tamen
964 3553 1136 3604 minus
1159 3561 1276 3604 sunt
1304 3551 1551 3620 hospites,
1579 3567 1706 3620 quos
1737 3552 1846 3603 vult

276 3648 344 3700 de
365 3647 618 3716 fratribus
646 3661 831 3697 uocare
869 3645 922 3697 in
949 3644 1111 3712 ipsius
1142 3644 1208 3696 sit
1255 3652 1527 3713 potestate.
1563 3641 1844 3696 Seniorum

277 3744 455 3788 autem
477 3749 660 3797 unum,
691 3741 782 3784 aut
802 3731 957 3796 duos,
995 3747 1197 3800 semper
1247 3747 1366 3784 cum
1399 3729 1655 3799 fratribus
1679 3731 1855 3784 dimit-

277 3825 462 3879 tendos
488 3833 750 3894 procuret,
781 3831 992 3891 propter
1007 3821 1356 3891 disciplinam.
1391 3821 1530 3877 Hinc
1553 3831 1738 3891 patres
1759 3838 1855 3876 an-

278 3915 415 3985 tiqui
438 3913 720 3969 dixerunt:
755 3911 868 3967 Non
900 3911 1080 3966 licebit
1104 3912 1389 3981 peregrino
1411 3912 1565 3965 fratri
1595 3927 1716 3966 cum
1748 3910 1857 3965 fra-

277 4007 456 4061 tribus
509 4003 855 4066 manducare,
901 4002 1001 4056 nisi
1049 4016 1174 4056 cum
1208 4016 1274 4056 eo
1301 4001 1394 4070 qui
1431 4011 1629 4071 pricest
1671 4002 1852 4066 Patre,

276 4104 342 4150 ut
377 4094 549 4166 possit
571 4093 847 4148 :edilicari.
903 4091 1127 4158 Quando
1155 4099 1336 4145 tamen
1385 4089 1655 4147 defuerint
1673 4093 1857 4163 hospi-

280 4196 384 4250 tes,
437 4199 562 4240 cum
600 4182 798 4254 quibus
852 4183 966 4236 vult
1013 4181 1080 4236 de
1119 4179 1375 4237 fratribus
1423 4182 1587 4236 abbas
1631 4184 1858 4237 mandu-

276 4284 386 4332 cet.
437 4273 692 4330 Seniores
735 4283 912 4328 tamen
941 4288 1040 4344 pro
1063 4274 1302 4328 custodia
1333 4288 1456 4327 cum
1496 4272 1752 4331 fratribus
1782 4276 1858 4330 die

278 4368 475 4422 mittet.

853 4435 1080 4492 CAPUT
1117 4435 1270 4492 LVII.

696 4525 774 4580 De
795 4525 1082 4594 artificibus
1109 4525 1432 4580 monasterii.

262 4649 264 4651 '
349 4636 656 4706 Artiﬁcessi
683 4643 803 4689 sunt
825 4636 882 4688 in
925 4636 1263 4700 monasterio,
1294 4652 1412 4689 cum
1451 4636 1594 4689 omni
1637 4636 1850 4689 humili-

273 4736 386 4783 tate
409 4734 458 4780 et
488 4725 767 4781 reverentia
795 4724 992 4794 faciant
1013 4726 1152 4796 ipsas
1173 4733 1332 4790 artes,
1361 4727 1408 4779 si
1435 4734 1608 4779 tamen
1628 4725 1851 4795 jusserit

280 4821 463 4876 abbas.
513 4817 666 4882 Quod
694 4818 740 4871 si
767 4816 957 4888 aliquis
1009 4833 1075 4870 ea:
1112 4817 1184 4870 eis
1207 4815 1474 4870 extollitur
1511 4833 1605 4886 pro
1629 4818 1850 4871 scientia

279 4889 412 4962 artis
435 4923 567 4971 suae,
602 4923 661 4960 eo
690 4906 829 4976 quod
876 4906 1112 4961 uideatur
1135 4905 1335 4975 aliquid
1381 4905 1618 4975 conferre
1668 4924 1853 4962 mona-

277 4997 460 5061 sterio,
489 4997 574 5048 hic
599 4995 720 5050 talis
769 4994 1024 5050 euellatur
1056 4995 1120 5048 ab
1154 4996 1266 5066 ipsa
1307 5005 1440 5058 arte,
1481 5006 1529 5049 et
1569 4997 1740 5051 denuo
1762 5013 1856 5068 per

277 5103 396 5140 eam
436 5101 539 5140 non
564 5095 811 5150 transeat,
841 5087 942 5140 nisi
963 5085 1096 5154 forte
1115 5084 1389 5140 humiliato
1414 5088 1460 5139 ei
1484 5087 1671 5139 iterum
1693 5088 1854 5141 abbas

269 5176 480 5248 iubeat.
561 5163 700 5232 Hinc
744 5176 1035 5232 Cassianus
1086 5177 1211 5230 ait:
1278 5177 1335 5232 Si
1380 5177 1501 5246 quis
1552 5187 1732 5232 autem
1790 5181 1856 5234 de

278 5283 447 5338 opere
467 5283 530 5324 ac
542 5270 736 5325 sudore
757 5269 976 5340 proprio
988 5270 1108 5338 plus
1122 5269 1189 5324 ab
1203 5269 1324 5324 aliis
1355 5270 1596 5325 redditus
1615 5269 1857 5324 conferat

278 5360 633 5425 monasterio,
659 5361 714 5415 in
741 5360 888 5414 nullo
915 5359 1150 5426 inﬂetur,
1175 5376 1274 5416 nec
1297 5361 1397 5416 sibi
1428 5362 1493 5416 de
1521 5369 1668 5415 tanto
1681 5362 1859 5430 operis

281 5451 368 5507 sui
427 5451 706 5522 acquisito-
737 5451 1064 5519 blandiatur,
1084 5468 1185 5509 nec
1209 5453 1439 5523 amplius
1471 5453 1572 5508 sibi
1606 5463 1699 5507 aut
1721 5453 1855 5508 deli-

281 5540 459 5595 catius
487 5540 690 5610 aliquid
717 5541 873 5596 solita
897 5543 1194 5612 quotidiani
1230 5543 1405 5597 victus
1433 5542 1693 5612 parcitate
1719 5558 1860 5611 prm-
1901 5581 1905 5585 ι

281 5639 481 5697 sumat,
525 5631 619 5686 sed
651 5640 904 5702 tanquam
931 5635 1272 5706 peregrinum
1324 5650 1380 5688 se
1441 5633 1745 5703 huiusmodi
1769 5649 1855 5688 re-

1877 4407 1932 4466 1)

1962 1835 2018 1882 et
2047 1825 2292 1896 Saphira.
2333 1828 2474 1883 Mors
2501 1830 2646 1883 enim
2673 1830 2971 1899 corporalis
2997 1833 3241 1886 omnium
3267 1844 3352 1888 est
3381 1849 3536 1888 com-

1961 1917 2139 1970 munis
2167 1926 2222 1970 et
2254 1918 2590 1986 temporalis,
2648 1934 2796 1973 mors
2828 1935 2956 1974 vero
3002 1922 3198 1976 animae
3247 1922 3538 1992 impiorum

1959 2014 2043 2059 est
2066 2015 2121 2058 et
2154 2006 2404 2074 pmnalis.
2459 2006 2584 2061 llwc
2641 2009 2876 2062 animam
2931 2010 3192 2080 disjungit
3229 2027 3261 2065 a
3289 2027 3536 2082 corpore,

1959 2095 2050 2150 illa
2082 2112 2211 2150 vero
2237 2105 2452 2166 separat
2480 2115 2509 2150 a
2538 2096 2813 2154 Creatore.
2854 2100 2978 2155 llaec
3017 2117 3214 2172 corpus
3260 2103 3316 2157 in
3361 2104 3540 2175 sepuL

1959 2202 2129 2250 crum,
2169 2187 2257 2240 illa
2286 2204 2417 2243 vero
2441 2189 2684 2243 immittit
2709 2191 2946 2244 animam
2975 2192 3027 2245 in
3060 2192 3351 2248 infernum.

2029 2276 2096 2332 In
2123 2279 2250 2348 ipsis
2281 2290 2456 2333 autem
2507 2283 2688 2349 pretiis
2723 2299 2828 2338 non
2875 2285 3120 2356 subrepat
3157 2290 3397 2344 auaritia:
3424 2307 3540 2345 ma-

1959 2367 2090 2434 lum,
2138 2370 2230 2424 sed
2279 2387 2483 2441 semper
2533 2372 2922 2443 aliquantulum
2950 2377 3103 2432 vilius
3141 2379 3296 2434 detur
3317 2397 3474 2451 quam
3505 2400 3539 2436 a

1956 2460 2297 2515 scecularibus
2323 2461 2506 2529 datur,
2539 2473 2596 2516 ut
2638 2465 2694 2518 in
2725 2467 2964 2521 omnibus
3013 2468 3342 2539 gloriﬁcetur
3368 2472 3534 2528 Deus.

1958 2550 2095 2606 llinc
2119 2551 2340 2620 quidam
2369 2553 2758 2610 monachorum
2802 2558 3062 2628 magister
3083 2559 3160 2614 ait
3190 2578 3205 2614 :
3245 2561 3380 2617 Cum
3403 2580 3541 2618 uua-

1957 2655 2184 2710 quaeque
2209 2656 2299 2696 ars
2327 2642 2561 2712 aliquem
2587 2644 2916 2714 profectum,
2937 2665 3328 2719 supervacuum
3353 2654 3541 2710 usibus

1956 2732 2292 2797 monasterii,
2349 2733 2434 2786 vel
2473 2734 2860 2809 mittendarum
2911 2739 3244 2810 eulogiarum
3299 2742 3542 2800 abunda-

1955 2821 2119 2888 verit,
2145 2823 2473 2893 interrogata
2503 2825 2767 2894 qualitate
2797 2828 2978 2896 pretii,
3030 2838 3292 2900 quantum
3317 2848 3348 2887 a
3367 2849 3540 2888 smon—

1955 2912 2160 2968 laribus
2188 2913 2414 2969 distrahi
2438 2922 2636 2984 potest,
2666 2923 2874 2969 tantum
2903 2917 3040 2972 infra
3063 2933 3408 2974 nummorum
3437 2923 3540 2976 mi-

1954 3003 2072 3057 nori
2087 3019 2302 3073 semper
2320 3004 2653 3060 distrahatur
2671 3007 2867 3075 pretio,
2892 3015 2953 3061 ut
2973 3017 3336 3078 agnoscantur
3355 3011 3408 3064 in
3435 3011 3541 3066 hac

1954 3101 2111 3162 parte
2145 3093 2420 3164 spiritales
2450 3110 2482 3150 a
2521 3095 2873 3151 saecularibus
2911 3098 3123 3153 actibus
3164 3099 3530 3170 distantiaque

1952 3185 2216 3255 separari.
2281 3185 2415 3241 Cum
2455 3201 2563 3240 non
2591 3188 2792 3258 negotii
2820 3203 3007 3254 causa,
3053 3206 3174 3260 qua
3211 3191 3429 3246 inimica
3451 3202 3539 3248 est

1954 3278 2164 3343 animas,
2190 3278 2400 3334 lucrum
2431 3292 2592 3348 supra
2620 3275 2893 3345 justitiam
2926 3289 3193 3349 quaerant,
3239 3282 3334 3336 sed
3369 3283 3536 3338 etiam

1952 3369 2021 3421 ab
2053 3369 2168 3437 ipsa
2197 3368 2412 3437 iustitia
2437 3370 2616 3423 minus
2659 3370 2958 3439 accipiendi
3003 3373 3161 3440 pretii
3199 3374 3540 3430 humanitate

1953 3458 2318 3521 consentiant,
2352 3465 2412 3510 ut
2447 3471 2556 3510 non
2596 3466 2817 3526 prepter
2864 3459 3214 3527 cupiditatem
3255 3471 3310 3515 et
3359 3466 3543 3518 avari-

1954 3547 2083 3600 tiam
2098 3554 2245 3601 artes
2279 3547 2494 3616 operari
2528 3547 2837 3601 credantur.
2886 3548 3129 3603 Avaritia
3161 3553 3306 3606 enim
3329 3569 3436 3608 non
3451 3565 3538 3610 est

1955 3650 2198 3704 parvum,
2230 3637 2324 3692 sed
2351 3637 2552 3707 grande
2579 3636 2798 3692 malum.
2832 3638 2974 3709 Ignis
2997 3649 3081 3695 est
3109 3641 3162 3694 in
3196 3641 3362 3697 corde
3382 3647 3539 3701 avari

1955 3725 2466 3797 inesstinguibiliter
2527 3727 2725 3782 ardens
2782 3737 2839 3782 et
2903 3729 3298 3787 incessabiliter
3353 3749 3537 3791 urens.

1956 3814 2096 3871 Hinc
2125 3816 2179 3870 in
2215 3817 2359 3872 beati
2378 3817 2479 3873 Job
2494 3818 2633 3874 libro
2659 3819 2919 3889 scriptum
2936 3829 3021 3876 est
3046 3839 3058 3875 :
3097 3821 3244 3894 Ignis
3271 3824 3542 3882 devorabit

1956 3904 2296 3960 tabernacula
2352 3923 2532 3961 eorum
2597 3909 2687 3979 qui
2733 3924 2952 3964 munera
3007 3910 3233 3966 libenter
3272 3914 3539 3983 accipiunt

1958 3993 2082 4067 (Job
2098 3995 2234 4068 xm).
2259 3996 2412 4062 Quod
2438 3998 2628 4052 beatus
2653 3996 2946 4067 Gregorius
2966 4013 3246 4068 exponens
3265 4001 3369 4055 ait:
3395 4002 3539 4072 lgnis

1959 4086 2305 4141 tabernacula
2327 4087 2568 4152 devorat,
2583 4102 2708 4141 cum
2740 4096 2906 4142 :estus
2925 4091 3168 4145 avaritiae
3179 4092 3538 4161 cogitationes

1960 4178 2159 4233 mentis
2192 4178 2460 4233 devastat.
2539 4177 2677 4233 Hinc
2701 4186 2755 4232 et
2805 4177 3059 4234 Salomon
3100 4181 3208 4235 ait:
3249 4181 3537 4237 Conturbat

1959 4266 2171 4320 domum
2194 4283 2366 4332 suam,
2389 4268 2480 4338 qui
2505 4276 2734 4321 sectatur
2778 4269 3054 4323 auaritiam
3077 4268 3258 4341 (Prov.
3281 4272 3393 4343 xv).
3445 4274 3535 4338 Et,

1959 4355 2161 4410 Avarus
2197 4374 2302 4411 non
2338 4357 2636 4429 implebitur
2666 4359 2886 4429 pecunia
2917 4358 3206 4432 (EccleJ).
3255 4364 3332 4434 De
3360 4365 3537 4418 avari-

1961 4447 2034 4501 tia
2059 4447 2204 4501 enim
2242 4447 2408 4502 multa
2455 4448 2560 4502 alia
2594 4449 2725 4503 vitia
2765 4449 3052 4520 pullulant,
3109 4453 3250 4508 sicut
3275 4455 3537 4524 scriptum

1957 4542 2042 4590 est
2061 4550 2075 4588 :
2103 4535 2284 4589 Radix
2305 4539 2536 4590 omnium
2554 4537 2812 4592 malorum
2825 4549 2898 4592 est
2920 4541 3144 4595 auaritia
3169 4541 3222 4613 (Ι
3283 4543 3420 4597 Tim.
3435 4545 3534 4614 vn).

1958 4626 2072 4682 Hoc
2105 4635 2190 4682 est
2215 4627 2358 4681 enim
2387 4627 2578 4682 vitium
2607 4643 2713 4683 non
2741 4629 2913 4684 solum
2937 4631 3146 4685 occulta
3165 4631 3415 4702 plurima,
3440 4635 3536 4690 sed

1957 4727 2013 4774 et
2037 4727 2223 4789 aperta
2249 4718 2412 4774 multa
2434 4728 2658 4789 generat
2680 4721 2821 4774 mala

2527 4811 2754 4868 CAPUT
2794 4813 2971 4868 LVIII.

2179 4903 2258 4960 De
2282 4904 2560 4976 disciplina
2585 4906 3036 4977 suscipiendorum
3062 4907 3308 4977 fratrum.

2029 4995 2084 5049 Ν
2086 4997 2248 5050 oviter
2275 4996 2480 5050 ueniens
2500 5010 2617 5065 quis
2639 4995 2707 5049 ad
2730 4997 3133 5063 conversionem,
3158 5014 3260 5050 non
3285 4999 3335 5051 ei
3355 4999 3534 5067 facilis

1957 5089 2223 5142 tribuatur
2249 5089 2548 5157 ingressus;
2581 5085 2696 5150 sed,
2721 5086 2855 5140 sicut
2892 5086 2967 5139 ait
2997 5089 3284 5156 apostolus,
3318 5090 3536 5159 probate

1955 5179 2192 5248 spiritus,
2232 5178 2277 5232 si
2306 5194 2371 5231 ea:
2395 5176 2505 5230 Deo
2539 5185 2661 5229 sunt
2699 5173 2751 5246 (1
2780 5175 2940 5230 Joan.
2967 5176 3063 5246 tv).
3095 5177 3232 5232 Hinc
3258 5187 3314 5233 et
3345 5179 3534 5233 Patres

1959 5269 2164 5339 antiqui
2209 5269 2463 5323 dixerunt
2506 5285 2518 5321 :
2569 5266 2627 5320 Si
2682 5267 2802 5335 quis
2846 5267 2970 5323 fidei
3009 5269 3202 5324 ardore
3241 5284 3536 5325 succensus

1959 5360 2274 5414 renuntians
2299 5358 2496 5413 saeculo
2525 5359 2908 5413 monasterium
2935 5375 3143 5430 magna;
3168 5359 3533 5427 dispositionis

1955 5451 2180 5521 elegerit
2227 5449 2621 5520 expetendum,
2666 5451 2887 5505 novitati
2931 5449 3049 5518 ejus
3097 5463 3200 5503 non
3246 5446 3534 5500 confestim

1955 5543 2171 5597 licentia
2216 5541 2483 5596 tribuatur
2531 5541 2787 5604 intrandi,
2837 5541 2932 5595 sed
2977 5540 3210 5608 primum
3234 5534 3533 5590 studiosius

1957 5633 2264 5704 iudagetur,
2308 5640 2486 5686 utrum
2533 5631 2830 5685 voluntarie
2869 5644 2937 5681 an
2989 5625 3304 5680 necessitate
3349 5624 3528 5694 aliqua
