  <div class='ocr_page' id='page_1' title='image "/cluster/home/n/w/nwhite01/storage/ocr_20150623/102/hvd.32044052820032/455.png"; bbox 0 0 3992 6206; ppageno 0'>
   <div class='ocr_carea' id='block_1_1' title="bbox 516 283 622 340">
    <p class='ocr_par' dir='ltr' id='par_1_1' title="bbox 516 283 622 340">
     <span class='ocr_line' id='line_1_1' title="bbox 516 283 622 340; baseline -0.019 0"><span class='ocrx_word' id='word_1_1' title='bbox 516 283 622 340; x_wconf 79' lang='lat'><strong>899</strong></span> 
     </span>
    </p>
   </div>
   <div class='ocr_carea' id='block_1_2' title="bbox 1804 269 2475 326">
    <p class='ocr_par' dir='ltr' id='par_1_2' title="bbox 1804 269 2475 326">
     <span class='ocr_line' id='line_1_2' title="bbox 1804 269 2475 326; baseline -0.003 0"><span class='ocrx_word' id='word_1_2' title='bbox 1804 269 1937 326; x_wconf 76' lang='lat' dir='ltr'><strong>SMA</strong></span> <span class='ocrx_word' id='word_1_3' title='bbox 1946 269 2150 326; x_wconf 67' lang='grc' dir='ltr'><strong>ΒΑΕ-01</strong></span> <span class='ocrx_word' id='word_1_4' title='bbox 2185 269 2475 325; x_wconf 80' lang='lat' dir='ltr'><strong>ABBATIS</strong></span> 
     </span>
    </p>
   </div>
   <div class='ocr_carea' id='block_1_3' title="bbox 3657 275 3758 330">
    <p class='ocr_par' dir='ltr' id='par_1_3' title="bbox 3657 275 3758 330">
     <span class='ocr_line' id='line_1_3' title="bbox 3657 275 3758 330; baseline 0 0"><span class='ocrx_word' id='word_1_5' title='bbox 3657 275 3758 330; x_wconf 75' lang='lat'><strong>900</strong></span> 
     </span>
    </p>
   </div>
   <div class='ocr_carea' id='block_1_4' title="bbox 514 377 3756 454">
    <p class='ocr_par' dir='ltr' id='par_1_4' title="bbox 514 377 3756 454">
     <span class='ocr_line' id='line_1_4' title="bbox 514 377 3756 454; baseline -0.004 -4"><span class='ocrx_word' id='word_1_6' title='bbox 514 404 736 450; x_wconf 86' lang='lat' dir='ltr'><strong>coactus</strong></span> <span class='ocrx_word' id='word_1_7' title='bbox 783 389 1078 447; x_wconf 79' lang='lat' dir='ltr'><strong>advenerit.</strong></span> <span class='ocrx_word' id='word_1_8' title='bbox 1131 385 1238 441; x_wconf 82' lang='lat' dir='ltr'><strong>Sed</strong></span> <span class='ocrx_word' id='word_1_9' title='bbox 1293 386 1502 440; x_wconf 86' lang='lat' dir='ltr'><strong>dicente</strong></span> <span class='ocrx_word' id='word_1_10' title='bbox 1553 382 1812 454; x_wconf 85' lang='lat' dir='ltr'><strong>apostolo,</strong></span> <span class='ocrx_word' id='word_1_11' title='bbox 1871 383 2085 454; x_wconf 79' lang='lat' dir='ltr'><strong>probate</strong></span> <span class='ocrx_word' id='word_1_12' title='bbox 2114 383 2161 443; x_wconf 82' lang='grc' dir='ltr'>Α</span> <span class='ocrx_word' id='word_1_13' title='bbox 2186 391 2338 452; x_wconf 80' lang='lat' dir='ltr'><strong>gusta</strong></span> <span class='ocrx_word' id='word_1_14' title='bbox 2357 389 2432 435; x_wconf 86' lang='lat' dir='ltr'><strong>est</strong></span> <span class='ocrx_word' id='word_1_15' title='bbox 2455 380 2539 434; x_wconf 78' lang='lat' dir='ltr'><strong>uia</strong></span> <span class='ocrx_word' id='word_1_16' title='bbox 2563 395 2678 451; x_wconf 61' lang='lat' dir='ltr'><strong>qua!</strong></span> <span class='ocrx_word' id='word_1_17' title='bbox 2701 378 2843 433; x_wconf 84' lang='lat' dir='ltr'><strong>ducit</strong></span> <span class='ocrx_word' id='word_1_18' title='bbox 2866 378 2936 432; x_wconf 86' lang='lat' dir='ltr'><strong>ad</strong></span> <span class='ocrx_word' id='word_1_19' title='bbox 2957 379 3139 433; x_wconf 82' lang='lat' dir='ltr'><strong>vitam.</strong></span> <span class='ocrx_word' id='word_1_20' title='bbox 3178 377 3330 432; x_wconf 85' lang='lat' dir='ltr'><strong>Illum</strong></span> <span class='ocrx_word' id='word_1_21' title='bbox 3357 379 3483 435; x_wconf 84' lang='lat' dir='ltr'><strong>audi</strong></span> <span class='ocrx_word' id='word_1_22' title='bbox 3521 381 3756 443; x_wconf 82' lang='lat' dir='ltr'><strong>videlicet</strong></span> 
     </span>
    </p>
   </div>
   <div class='ocr_carea' id='block_1_5' title="bbox 513 473 2090 559">
    <p class='ocr_par' dir='ltr' id='par_1_5' title="bbox 513 473 2090 559">
     <span class='ocr_line' id='line_1_5' title="bbox 513 473 2090 559; baseline -0.01 -17"><span class='ocrx_word' id='word_1_23' title='bbox 513 487 750 559; x_wconf 83' lang='lat' dir='ltr'><strong>spiritus,</strong></span> <span class='ocrx_word' id='word_1_24' title='bbox 773 485 818 538; x_wconf 98' lang='lat' dir='ltr'><strong>si</strong></span> <span class='ocrx_word' id='word_1_25' title='bbox 847 497 912 536; x_wconf 76' lang='lat' dir='ltr'><strong>ea:</strong></span> <span class='ocrx_word' id='word_1_26' title='bbox 931 481 1041 534; x_wconf 88' lang='lat' dir='ltr'><strong>Deo</strong></span> <span class='ocrx_word' id='word_1_27' title='bbox 1066 486 1206 542; x_wconf 85' lang='lat' dir='ltr'><strong>sunt,</strong></span> <span class='ocrx_word' id='word_1_28' title='bbox 1237 477 1517 547; x_wconf 76' lang='lat' dir='ltr'><strong>diligenter</strong></span> <span class='ocrx_word' id='word_1_29' title='bbox 1543 475 1819 545; x_wconf 77' lang='lat' dir='ltr'><strong>probetur,</strong></span> <span class='ocrx_word' id='word_1_30' title='bbox 1855 487 1923 527; x_wconf 86' lang='lat' dir='ltr'><strong>ne</strong></span> <span class='ocrx_word' id='word_1_31' title='bbox 1951 473 2090 527; x_wconf 89' lang='lat' dir='ltr'><strong>forte</strong></span> 
     </span>
    </p>
   </div>
   <div class='ocr_carea' id='block_1_6' title="bbox 515 565 2087 645">
    <p class='ocr_par' dir='ltr' id='par_1_6' title="bbox 515 565 2087 645">
     <span class='ocr_line' id='line_1_6' title="bbox 515 565 2087 645; baseline -0.011 -11"><span class='ocrx_word' id='word_1_32' title='bbox 515 583 584 634; x_wconf 76' lang='lat' dir='ltr'><strong>sit</strong></span> <span class='ocrx_word' id='word_1_33' title='bbox 613 579 680 633; x_wconf 90' lang='lat' dir='ltr'><strong>de</strong></span> <span class='ocrx_word' id='word_1_34' title='bbox 709 575 902 645; x_wconf 84' lang='lat' dir='ltr'><strong>quibus</strong></span> <span class='ocrx_word' id='word_1_35' title='bbox 930 571 1188 626; x_wconf 81' lang='lat' dir='ltr'><strong>Dominus</strong></span> <span class='ocrx_word' id='word_1_36' title='bbox 1225 570 1301 623; x_wconf 92' lang='lat' dir='ltr'><strong>ait</strong></span> <span class='ocrx_word' id='word_1_37' title='bbox 1329 587 1340 622; x_wconf 92' lang='lat'><strong>:</strong></span> <span class='ocrx_word' id='word_1_38' title='bbox 1383 567 1598 622; x_wconf 77' lang='lat' dir='ltr'><strong>Veniant</strong></span> <span class='ocrx_word' id='word_1_39' title='bbox 1621 567 1690 620; x_wconf 88' lang='lat' dir='ltr'><strong>ad</strong></span> <span class='ocrx_word' id='word_1_40' title='bbox 1713 583 1800 620; x_wconf 83' lang='lat' dir='ltr'><strong>vos</strong></span> <span class='ocrx_word' id='word_1_41' title='bbox 1841 566 1897 620; x_wconf 81' lang='lat' dir='ltr'><strong>in</strong></span> <span class='ocrx_word' id='word_1_42' title='bbox 1932 565 2087 618; x_wconf 83' lang='lat' dir='ltr'><strong>vesti-</strong></span> 
     </span>
    </p>
   </div>
   <div class='ocr_carea' id='block_1_7' title="bbox 513 661 2088 731">
    <p class='ocr_par' dir='ltr' id='par_1_7' title="bbox 513 661 2088 731">
     <span class='ocr_line' id='line_1_7' title="bbox 513 661 2088 731; baseline -0.013 -1"><span class='ocrx_word' id='word_1_43' title='bbox 513 675 702 730; x_wconf 81' lang='lat' dir='ltr'><strong>mentis</strong></span> <span class='ocrx_word' id='word_1_44' title='bbox 740 673 928 731; x_wconf 83' lang='lat' dir='ltr'><strong>ovium,</strong></span> <span class='ocrx_word' id='word_1_45' title='bbox 970 669 1280 722; x_wconf 74' lang='lat' dir='ltr'><strong>intrinsecus</strong></span> <span class='ocrx_word' id='word_1_46' title='bbox 1320 675 1494 718; x_wconf 85' lang='lat' dir='ltr'><strong>autem</strong></span> <span class='ocrx_word' id='word_1_47' title='bbox 1528 672 1650 718; x_wconf 87' lang='lat' dir='ltr'><strong>sunt</strong></span> <span class='ocrx_word' id='word_1_48' title='bbox 1694 661 1803 731; x_wconf 85' lang='lat' dir='ltr'><strong>lupi</strong></span> <span class='ocrx_word' id='word_1_49' title='bbox 1845 673 2088 730; x_wconf 78' lang='lat' dir='ltr'><strong>rapaces:</strong></span> 
     </span>
    </p>
   </div>
   <div class='ocr_carea' id='block_1_8' title="bbox 514 750 2090 835">
    <p class='ocr_par' dir='ltr' id='par_1_8' title="bbox 514 750 2090 835">
     <span class='ocr_line' id='line_1_8' title="bbox 514 750 2090 835; baseline -0.013 -15"><span class='ocrx_word' id='word_1_50' title='bbox 514 785 546 820; x_wconf 89' lang='lat' dir='ltr'><strong>a</strong></span> <span class='ocrx_word' id='word_1_51' title='bbox 582 764 837 835; x_wconf 80' lang='lat' dir='ltr'><strong>fructibus</strong></span> <span class='ocrx_word' id='word_1_52' title='bbox 869 776 1047 815; x_wconf 87' lang='lat' dir='ltr'><strong>eorum</strong></span> <span class='ocrx_word' id='word_1_53' title='bbox 1084 756 1397 828; x_wconf 79' lang='lat' dir='ltr'><strong>cognoscetis</strong></span> <span class='ocrx_word' id='word_1_54' title='bbox 1440 773 1525 809; x_wconf 89' lang='lat' dir='ltr'><strong>cos</strong></span> <span class='ocrx_word' id='word_1_55' title='bbox 1567 753 1778 824; x_wconf 73' lang='lat' dir='ltr'><strong>(Matth.</strong></span> <span class='ocrx_word' id='word_1_56' title='bbox 1805 750 1923 821; x_wconf 86' lang='lat' dir='ltr'><strong>vn).</strong></span> <span class='ocrx_word' id='word_1_57' title='bbox 1955 751 2090 803; x_wconf 84' lang='lat' dir='ltr'><strong>Pro-</strong></span> 
     </span>
    </p>
   </div>
   <div class='ocr_carea' id='block_1_9' title="bbox 512 839 2087 911">
    <p class='ocr_par' dir='ltr' id='par_1_9' title="bbox 512 839 2087 911">
     <span class='ocr_line' id='line_1_9' title="bbox 512 839 2087 911; baseline -0.012 -1"><span class='ocrx_word' id='word_1_58' title='bbox 512 856 661 909; x_wconf 84' lang='lat' dir='ltr'><strong>batio</strong></span> <span class='ocrx_word' id='word_1_59' title='bbox 701 852 845 911; x_wconf 88' lang='lat' dir='ltr'><strong>enim</strong></span> <span class='ocrx_word' id='word_1_60' title='bbox 894 849 1150 904; x_wconf 84' lang='lat' dir='ltr'><strong>discernit</strong></span> <span class='ocrx_word' id='word_1_61' title='bbox 1203 855 1384 900; x_wconf 87' lang='lat' dir='ltr'><strong>utrum</strong></span> <span class='ocrx_word' id='word_1_62' title='bbox 1431 859 1554 898; x_wconf 87' lang='lat' dir='ltr'><strong>eum</strong></span> <span class='ocrx_word' id='word_1_63' title='bbox 1601 841 1821 895; x_wconf 89' lang='lat' dir='ltr'><strong>tentatio</strong></span> <span class='ocrx_word' id='word_1_64' title='bbox 1851 839 2087 901; x_wconf 85' lang='lat' dir='ltr'><strong>diaboli,</strong></span> 
     </span>
    </p>
   </div>
   <div class='ocr_carea' id='block_1_10' title="bbox 516 930 1896 999">
    <p class='ocr_par' dir='ltr' id='par_1_10' title="bbox 516 930 1896 999">
     <span class='ocr_line' id='line_1_10' title="bbox 516 930 1896 999; baseline -0.011 -2"><span class='ocrx_word' id='word_1_65' title='bbox 516 962 584 999; x_wconf 89' lang='lat' dir='ltr'><strong>an</strong></span> <span class='ocrx_word' id='word_1_66' title='bbox 613 943 822 998; x_wconf 85' lang='lat' dir='ltr'><strong>vocatio</strong></span> <span class='ocrx_word' id='word_1_67' title='bbox 851 940 918 994; x_wconf 90' lang='lat' dir='ltr'><strong>ad</strong></span> <span class='ocrx_word' id='word_1_68' title='bbox 947 936 1336 993; x_wconf 80' lang='lat' dir='ltr'><strong>monasterium</strong></span> <span class='ocrx_word' id='word_1_69' title='bbox 1367 933 1652 988; x_wconf 81' lang='lat' dir='ltr'><strong>adduxerit</strong></span> <span class='ocrx_word' id='word_1_70' title='bbox 1678 930 1896 985; x_wconf 83' lang='lat' dir='ltr'><strong>Christi.</strong></span> 
     </span>
    </p>
   </div>
   <div class='ocr_carea' id='block_1_11' title="bbox 593 1017 2092 1101">
    <p class='ocr_par' dir='ltr' id='par_1_11' title="bbox 593 1017 2092 1101">
     <span class='ocr_line' id='line_1_11' title="bbox 593 1017 2092 1101; baseline -0.011 -16"><span class='ocrx_word' id='word_1_71' title='bbox 593 1032 733 1101; x_wconf 81' lang='lat' dir='ltr'><strong>Ergo</strong></span> <span class='ocrx_word' id='word_1_72' title='bbox 771 1031 816 1084; x_wconf 92' lang='lat' dir='ltr'><strong>si</strong></span> <span class='ocrx_word' id='word_1_73' title='bbox 862 1029 1068 1083; x_wconf 74' lang='lat' dir='ltr'><strong>ueniens</strong></span> <span class='ocrx_word' id='word_1_74' title='bbox 1109 1024 1508 1096; x_wconf 76' lang='lat' dir='ltr'><strong>perseveraverit</strong></span> <span class='ocrx_word' id='word_1_75' title='bbox 1547 1021 1782 1092; x_wconf 78' lang='lat' dir='ltr'><strong>pulsans,</strong></span> <span class='ocrx_word' id='word_1_76' title='bbox 1831 1026 1879 1072; x_wconf 90' lang='lat' dir='ltr'><strong>et</strong></span> <span class='ocrx_word' id='word_1_77' title='bbox 1915 1017 2092 1071; x_wconf 81' lang='lat' dir='ltr'><strong>illatas</strong></span> 
     </span>
    </p>
   </div>
   <div class='ocr_carea' id='block_1_12' title="bbox 518 1116 2096 1192">
    <p class='ocr_par' dir='ltr' id='par_1_12' title="bbox 518 1116 2096 1192">
     <span class='ocr_line' id='line_1_12' title="bbox 518 1116 2096 1192; baseline -0.012 -14"><span class='ocrx_word' id='word_1_78' title='bbox 518 1125 618 1178; x_wconf 81' lang='lat' dir='ltr'><strong>sibi</strong></span> <span class='ocrx_word' id='word_1_79' title='bbox 659 1123 887 1192; x_wconf 78' lang='lat' dir='ltr'><strong>injurias</strong></span> <span class='ocrx_word' id='word_1_80' title='bbox 930 1129 978 1174; x_wconf 87' lang='lat' dir='ltr'><strong>et</strong></span> <span class='ocrx_word' id='word_1_81' title='bbox 1015 1116 1366 1188; x_wconf 69' lang='lat' dir='ltr'><strong>difﬁcultatem</strong></span> <span class='ocrx_word' id='word_1_82' title='bbox 1411 1116 1674 1184; x_wconf 82' lang='lat' dir='ltr'><strong>ingressus</strong></span> <span class='ocrx_word' id='word_1_83' title='bbox 1713 1119 1830 1180; x_wconf 84' lang='lat' dir='ltr'><strong>post</strong></span> <span class='ocrx_word' id='word_1_84' title='bbox 1867 1116 2096 1178; x_wconf 82' lang='lat' dir='ltr'><strong>quatuor</strong></span> 
     </span>
    </p>
   </div>
   <div class='ocr_carea' id='block_1_13' title="bbox 521 1203 2095 1283">
    <p class='ocr_par' dir='ltr' id='par_1_13' title="bbox 521 1203 2095 1283">
     <span class='ocr_line' id='line_1_13' title="bbox 521 1203 2095 1283; baseline -0.012 -17"><span class='ocrx_word' id='word_1_85' title='bbox 521 1221 613 1266; x_wconf 87' lang='lat' dir='ltr'><strong>aut</strong></span> <span class='ocrx_word' id='word_1_86' title='bbox 661 1213 885 1283; x_wconf 85' lang='lat' dir='ltr'><strong>quinque</strong></span> <span class='ocrx_word' id='word_1_87' title='bbox 927 1209 1038 1261; x_wconf 85' lang='lat' dir='ltr'><strong>dies</strong></span> <span class='ocrx_word' id='word_1_88' title='bbox 1089 1208 1227 1260; x_wconf 82' lang='lat' dir='ltr'><strong>visus</strong></span> <span class='ocrx_word' id='word_1_89' title='bbox 1269 1205 1429 1275; x_wconf 76' lang='lat' dir='ltr'><strong>fuerit</strong></span> <span class='ocrx_word' id='word_1_90' title='bbox 1471 1203 1727 1272; x_wconf 83' lang='lat' dir='ltr'><strong>patienter</strong></span> <span class='ocrx_word' id='word_1_91' title='bbox 1766 1207 1990 1268; x_wconf 85' lang='lat' dir='ltr'><strong>portare,</strong></span> <span class='ocrx_word' id='word_1_92' title='bbox 2045 1203 2095 1247; x_wconf 87' lang='lat' dir='ltr'><strong>et</strong></span> 
     </span>
    </p>
   </div>
   <div class='ocr_carea' id='block_1_14' title="bbox 518 1291 2093 1373">
    <p class='ocr_par' dir='ltr' id='par_1_14' title="bbox 518 1291 2093 1373">
     <span class='ocr_line' id='line_1_14' title="bbox 518 1291 2093 1373; baseline -0.013 -16"><span class='ocrx_word' id='word_1_93' title='bbox 518 1302 791 1373; x_wconf 75' lang='lat' dir='ltr'><strong>persistere</strong></span> <span class='ocrx_word' id='word_1_94' title='bbox 825 1299 1062 1371; x_wconf 81' lang='lat' dir='ltr'><strong>petitioni</strong></span> <span class='ocrx_word' id='word_1_95' title='bbox 1109 1314 1252 1359; x_wconf 78' lang='lat' dir='ltr'><strong>stur,</strong></span> <span class='ocrx_word' id='word_1_96' title='bbox 1304 1304 1572 1348; x_wconf 86' lang='lat' dir='ltr'><strong>annuatur</strong></span> <span class='ocrx_word' id='word_1_97' title='bbox 1615 1292 1662 1344; x_wconf 89' lang='lat' dir='ltr'><strong>ei</strong></span> <span class='ocrx_word' id='word_1_98' title='bbox 1711 1291 2007 1359; x_wconf 82' lang='lat' dir='ltr'><strong>ingressus,</strong></span> <span class='ocrx_word' id='word_1_99' title='bbox 2047 1294 2093 1338; x_wconf 86' lang='lat' dir='ltr'><strong>et</strong></span> 
     </span>
    </p>
   </div>
   <div class='ocr_carea' id='block_1_15' title="bbox 517 1375 2096 1461">
    <p class='ocr_par' dir='ltr' id='par_1_15' title="bbox 517 1375 2096 1461">
     <span class='ocr_line' id='line_1_15' title="bbox 517 1375 2096 1461; baseline -0.011 -14"><span class='ocrx_word' id='word_1_100' title='bbox 517 1395 584 1447; x_wconf 87' lang='lat' dir='ltr'><strong>sit</strong></span> <span class='ocrx_word' id='word_1_101' title='bbox 620 1395 673 1446; x_wconf 84' lang='lat' dir='ltr'><strong>in</strong></span> <span class='ocrx_word' id='word_1_102' title='bbox 713 1391 844 1446; x_wconf 80' lang='lat' dir='ltr'><strong>cella</strong></span> <span class='ocrx_word' id='word_1_103' title='bbox 875 1391 1134 1461; x_wconf 85' lang='lat' dir='ltr'><strong>hospitum</strong></span> <span class='ocrx_word' id='word_1_104' title='bbox 1168 1387 1348 1457; x_wconf 82' lang='lat' dir='ltr'><strong>paucis</strong></span> <span class='ocrx_word' id='word_1_105' title='bbox 1389 1385 1586 1438; x_wconf 87' lang='lat' dir='ltr'><strong>diebus.</strong></span> <span class='ocrx_word' id='word_1_106' title='bbox 1644 1375 1823 1435; x_wconf 84' lang='lat' dir='ltr'><strong>illatas</strong></span> <span class='ocrx_word' id='word_1_107' title='bbox 1870 1377 2096 1446; x_wconf 80' lang='lat' dir='ltr'><strong>injurias</strong></span> 
     </span>
    </p>
   </div>
   <div class='ocr_carea' id='block_1_16' title="bbox 521 1465 2094 1549">
    <p class='ocr_par' dir='ltr' id='par_1_16' title="bbox 521 1465 2094 1549">
     <span class='ocr_line' id='line_1_16' title="bbox 521 1465 2094 1549; baseline -0.013 -12"><span class='ocrx_word' id='word_1_108' title='bbox 521 1485 636 1538; x_wconf 88' lang='lat' dir='ltr'><strong>sive</strong></span> <span class='ocrx_word' id='word_1_109' title='bbox 673 1497 766 1537; x_wconf 89' lang='lat' dir='ltr'><strong>eas</strong></span> <span class='ocrx_word' id='word_1_110' title='bbox 797 1482 931 1535; x_wconf 84' lang='lat' dir='ltr'><strong>dicit</strong></span> <span class='ocrx_word' id='word_1_111' title='bbox 960 1494 1094 1549; x_wconf 88' lang='lat' dir='ltr'><strong>quas</strong></span> <span class='ocrx_word' id='word_1_112' title='bbox 1125 1493 1155 1530; x_wconf 90' lang='lat' dir='ltr'><strong>a</strong></span> <span class='ocrx_word' id='word_1_113' title='bbox 1187 1474 1428 1544; x_wconf 78' lang='lat' dir='ltr'><strong>portorio</strong></span> <span class='ocrx_word' id='word_1_114' title='bbox 1463 1470 1796 1542; x_wconf 74' lang='lat' dir='ltr'><strong>probationis</strong></span> <span class='ocrx_word' id='word_1_115' title='bbox 1833 1481 1994 1522; x_wconf 85' lang='lat' dir='ltr'><strong>causa</strong></span> <span class='ocrx_word' id='word_1_116' title='bbox 2041 1465 2094 1518; x_wconf 90' lang='lat' dir='ltr'><strong>in</strong></span> 
     </span>
    </p>
   </div>
   <div class='ocr_carea' id='block_1_17' title="bbox 517 1554 2094 1638">
    <p class='ocr_par' dir='ltr' id='par_1_17' title="bbox 517 1554 2094 1638">
     <span class='ocr_line' id='line_1_17' title="bbox 517 1554 2094 1638; baseline -0.01 -15"><span class='ocrx_word' id='word_1_117' title='bbox 517 1571 650 1624; x_wconf 89' lang='lat' dir='ltr'><strong>cella</strong></span> <span class='ocrx_word' id='word_1_118' title='bbox 693 1569 896 1638; x_wconf 86' lang='lat' dir='ltr'><strong>patitur</strong></span> <span class='ocrx_word' id='word_1_119' title='bbox 943 1567 1231 1635; x_wconf 89' lang='lat' dir='ltr'><strong>hospitum,</strong></span> <span class='ocrx_word' id='word_1_120' title='bbox 1284 1564 1422 1617; x_wconf 85' lang='lat' dir='ltr'><strong>sicut</strong></span> <span class='ocrx_word' id='word_1_121' title='bbox 1475 1562 1666 1614; x_wconf 85' lang='lat' dir='ltr'><strong>beatus</strong></span> <span class='ocrx_word' id='word_1_122' title='bbox 1708 1559 1772 1613; x_wconf 91' lang='lat' dir='ltr'><strong>de</strong></span> <span class='ocrx_word' id='word_1_123' title='bbox 1821 1555 1912 1610; x_wconf 90' lang='lat' dir='ltr'><strong>tali</strong></span> <span class='ocrx_word' id='word_1_124' title='bbox 1957 1554 2094 1608; x_wconf 82' lang='lat' dir='ltr'><strong>Fru-</strong></span> 
     </span>
    </p>
   </div>
   <div class='ocr_carea' id='block_1_18' title="bbox 519 1645 2095 1725">
    <p class='ocr_par' dir='ltr' id='par_1_18' title="bbox 519 1645 2095 1725">
     <span class='ocr_line' id='line_1_18' title="bbox 519 1645 2095 1725; baseline -0.01 -13"><span class='ocrx_word' id='word_1_125' title='bbox 519 1671 737 1715; x_wconf 81' lang='lat' dir='ltr'><strong>ctuosus</strong></span> <span class='ocrx_word' id='word_1_126' title='bbox 787 1659 863 1712; x_wconf 91' lang='lat' dir='ltr'><strong>ait</strong></span> <span class='ocrx_word' id='word_1_127' title='bbox 906 1675 919 1710; x_wconf 90' lang='lat'><strong>:</strong></span> <span class='ocrx_word' id='word_1_128' title='bbox 970 1655 1278 1725; x_wconf 76' lang='lat' dir='ltr'><strong>liospitibus</strong></span> <span class='ocrx_word' id='word_1_129' title='bbox 1329 1653 1442 1707; x_wconf 82' lang='lat' dir='ltr'><strong>sive</strong></span> <span class='ocrx_word' id='word_1_130' title='bbox 1493 1649 1792 1720; x_wconf 76' lang='lat' dir='ltr'><strong>peregrinis</strong></span> <span class='ocrx_word' id='word_1_131' title='bbox 1835 1645 2095 1700; x_wconf 79' lang='lat' dir='ltr'><strong>stramina</strong></span> 
     </span>
    </p>
   </div>
   <div class='ocr_carea' id='block_1_19' title="bbox 519 1717 2167 1821">
    <p class='ocr_par' dir='ltr' id='par_1_19' title="bbox 519 1717 2167 1821">
     <span class='ocr_line' id='line_1_19' title="bbox 519 1717 2167 1821; baseline -0.012 -13"><span class='ocrx_word' id='word_1_132' title='bbox 519 1750 893 1821; x_wconf 88' lang='lat' dir='ltr'><strong>comportabit,</strong></span> <span class='ocrx_word' id='word_1_133' title='bbox 936 1717 1131 1818; x_wconf 80' lang='lat' dir='ltr'><strong>aquam</strong></span> <span class='ocrx_word' id='word_1_134' title='bbox 1174 1717 1512 1799; x_wconf 43' lang='lat' dir='ltr'><strong>ealefaciens—</strong></span> <span class='ocrx_word' id='word_1_135' title='bbox 1533 1717 1774 1811; x_wconf 90' lang='lat' dir='ltr'><strong>pedibus,</strong></span> <span class='ocrx_word' id='word_1_136' title='bbox 1813 1746 1869 1794; x_wconf 91' lang='lat' dir='ltr'><strong>et</strong></span> <span class='ocrx_word' id='word_1_137' title='bbox 1907 1737 2089 1792; x_wconf 87' lang='lat' dir='ltr'><strong>omnia</strong></span> <span class='ocrx_word' id='word_1_138' title='bbox 2119 1717 2167 1774; x_wconf 76' lang='grc' dir='ltr'><strong><em>Β</em></strong></span> 
     </span>
    </p>
   </div>
   <div class='ocr_carea' id='block_1_20' title="bbox 518 1828 2092 1897">
    <p class='ocr_par' dir='ltr' id='par_1_20' title="bbox 518 1828 2092 1897">
     <span class='ocr_line' id='line_1_20' title="bbox 518 1828 2092 1897; baseline -0.012 -1"><span class='ocrx_word' id='word_1_139' title='bbox 518 1841 794 1896; x_wconf 83' lang='lat' dir='ltr'><strong>humiliter</strong></span> <span class='ocrx_word' id='word_1_140' title='bbox 817 1836 1118 1892; x_wconf 81' lang='lat' dir='ltr'><strong>ministeria</strong></span> <span class='ocrx_word' id='word_1_141' title='bbox 1152 1832 1447 1896; x_wconf 74' lang='lat' dir='ltr'><strong>exercebit,</strong></span> <span class='ocrx_word' id='word_1_142' title='bbox 1490 1830 1799 1897; x_wconf 89' lang='lat' dir='ltr'><strong>fascemque</strong></span> <span class='ocrx_word' id='word_1_143' title='bbox 1827 1828 2092 1896; x_wconf 81' lang='lat' dir='ltr'><strong>lignorum</strong></span> 
     </span>
    </p>
   </div>
   <div class='ocr_carea' id='block_1_21' title="bbox 522 1919 2091 2001">
    <p class='ocr_par' dir='ltr' id='par_1_21' title="bbox 522 1919 2091 2001">
     <span class='ocr_line' id='line_1_21' title="bbox 522 1919 2091 2001; baseline -0.011 -15"><span class='ocrx_word' id='word_1_144' title='bbox 522 1948 619 1986; x_wconf 84' lang='lat' dir='ltr'><strong>suo</strong></span> <span class='ocrx_word' id='word_1_145' title='bbox 664 1930 902 2001; x_wconf 85' lang='lat' dir='ltr'><strong>quotidie</strong></span> <span class='ocrx_word' id='word_1_146' title='bbox 950 1927 1111 1981; x_wconf 84' lang='lat' dir='ltr'><strong>dorso</strong></span> <span class='ocrx_word' id='word_1_147' title='bbox 1164 1925 1341 1980; x_wconf 87' lang='lat' dir='ltr'><strong>ferens</strong></span> <span class='ocrx_word' id='word_1_148' title='bbox 1395 1919 1827 1977; x_wconf 87' lang='lat' dir='ltr'><strong>bebdomadariis</strong></span> <span class='ocrx_word' id='word_1_149' title='bbox 1870 1919 2091 1980; x_wconf 75' lang='lat' dir='ltr'><strong>tribuet,</strong></span> 
     </span>
    </p>
   </div>
   <div class='ocr_carea' id='block_1_22' title="bbox 519 2007 2090 2088">
    <p class='ocr_par' dir='ltr' id='par_1_22' title="bbox 519 2007 2090 2088">
     <span class='ocr_line' id='line_1_22' title="bbox 519 2007 2090 2088; baseline -0.01 -14"><span class='ocrx_word' id='word_1_150' title='bbox 519 2029 682 2088; x_wconf 85' lang='lat' dir='ltr'><strong>atque</strong></span> <span class='ocrx_word' id='word_1_151' title='bbox 731 2019 802 2072; x_wconf 87' lang='lat' dir='ltr'><strong>ita</strong></span> <span class='ocrx_word' id='word_1_152' title='bbox 857 2017 908 2070; x_wconf 90' lang='lat' dir='ltr'><strong>in</strong></span> <span class='ocrx_word' id='word_1_153' title='bbox 959 2015 1102 2069; x_wconf 92' lang='lat' dir='ltr'><strong>omni</strong></span> <span class='ocrx_word' id='word_1_154' title='bbox 1153 2012 1377 2082; x_wconf 88' lang='lat' dir='ltr'><strong>penuria</strong></span> <span class='ocrx_word' id='word_1_155' title='bbox 1425 2017 1474 2064; x_wconf 89' lang='lat' dir='ltr'><strong>et</strong></span> <span class='ocrx_word' id='word_1_156' title='bbox 1527 2009 1757 2062; x_wconf 84' lang='lat' dir='ltr'><strong>utilitate</strong></span> <span class='ocrx_word' id='word_1_157' title='bbox 1817 2007 2090 2068; x_wconf 87' lang='lat' dir='ltr'><strong>subactus,</strong></span> 
     </span>
    </p>
   </div>
   <div class='ocr_carea' id='block_1_23' title="bbox 517 2095 2094 2179">
    <p class='ocr_par' dir='ltr' id='par_1_23' title="bbox 517 2095 2094 2179">
     <span class='ocr_line' id='line_1_23' title="bbox 517 2095 2094 2179; baseline -0.011 -16"><span class='ocrx_word' id='word_1_158' title='bbox 517 2110 728 2179; x_wconf 75' lang='lat' dir='ltr'><strong>expleto</strong></span> <span class='ocrx_word' id='word_1_159' title='bbox 768 2108 949 2160; x_wconf 87' lang='lat' dir='ltr'><strong>animo</strong></span> <span class='ocrx_word' id='word_1_160' title='bbox 983 2105 1238 2174; x_wconf 82' lang='lat' dir='ltr'><strong>probatus</strong></span> <span class='ocrx_word' id='word_1_161' title='bbox 1281 2101 1539 2160; x_wconf 81' lang='lat' dir='ltr'><strong>moribus,</strong></span> <span class='ocrx_word' id='word_1_162' title='bbox 1587 2105 1639 2152; x_wconf 90' lang='lat' dir='ltr'><strong>et</strong></span> <span class='ocrx_word' id='word_1_163' title='bbox 1682 2097 1958 2152; x_wconf 80' lang='lat' dir='ltr'><strong>laboribus</strong></span> <span class='ocrx_word' id='word_1_164' title='bbox 1995 2095 2094 2148; x_wconf 86' lang='lat' dir='ltr'><strong>eli-</strong></span> 
     </span>
    </p>
   </div>
   <div class='ocr_carea' id='block_1_24' title="bbox 521 2185 2094 2268">
    <p class='ocr_par' dir='ltr' id='par_1_24' title="bbox 521 2185 2094 2268">
     <span class='ocr_line' id='line_1_24' title="bbox 521 2185 2094 2268; baseline -0.011 -13"><span class='ocrx_word' id='word_1_165' title='bbox 521 2211 721 2263; x_wconf 79' lang='lat' dir='ltr'><strong>tuatus,</strong></span> <span class='ocrx_word' id='word_1_166' title='bbox 748 2205 1002 2268; x_wconf 83' lang='lat' dir='ltr'><strong>percepta</strong></span> <span class='ocrx_word' id='word_1_167' title='bbox 1040 2197 1091 2249; x_wconf 91' lang='lat' dir='ltr'><strong>in</strong></span> <span class='ocrx_word' id='word_1_168' title='bbox 1141 2195 1365 2249; x_wconf 87' lang='lat' dir='ltr'><strong>ecclesia</strong></span> <span class='ocrx_word' id='word_1_169' title='bbox 1419 2189 1809 2254; x_wconf 87' lang='lat' dir='ltr'><strong>benedictione,</strong></span> <span class='ocrx_word' id='word_1_170' title='bbox 1867 2185 2094 2240; x_wconf 79' lang='lat' dir='ltr'><strong>fratrum</strong></span> 
     </span>
    </p>
   </div>
   <div class='ocr_carea' id='block_1_25' title="bbox 519 2284 1362 2353">
    <p class='ocr_par' dir='ltr' id='par_1_25' title="bbox 519 2284 1362 2353">
     <span class='ocr_line' id='line_1_25' title="bbox 519 2284 1362 2353; baseline -0.012 -8"><span class='ocrx_word' id='word_1_171' title='bbox 519 2290 765 2345; x_wconf 88' lang='lat' dir='ltr'><strong>societati</strong></span> <span class='ocrx_word' id='word_1_172' title='bbox 795 2289 1044 2342; x_wconf 81' lang='lat' dir='ltr'><strong>donetur.</strong></span> <span class='ocrx_word' id='word_1_173' title='bbox 1077 2284 1362 2353; x_wconf 83' lang='lat' dir='ltr'><strong>Sequitur:</strong></span> 
     </span>
    </p>
   </div>
   <div class='ocr_carea' id='block_1_26' title="bbox 591 2365 2092 2433">
    <p class='ocr_par' dir='ltr' id='par_1_26' title="bbox 591 2365 2092 2433">
     <span class='ocr_line' id='line_1_26' title="bbox 591 2365 2092 2433; baseline -0.01 -3"><span class='ocrx_word' id='word_1_174' title='bbox 591 2378 782 2432; x_wconf 87' lang='lat' dir='ltr'><strong>Postea</strong></span> <span class='ocrx_word' id='word_1_175' title='bbox 810 2387 984 2430; x_wconf 85' lang='lat' dir='ltr'><strong>autem</strong></span> <span class='ocrx_word' id='word_1_176' title='bbox 1010 2377 1076 2428; x_wconf 87' lang='lat' dir='ltr'><strong>sit</strong></span> <span class='ocrx_word' id='word_1_177' title='bbox 1105 2376 1159 2427; x_wconf 88' lang='lat' dir='ltr'><strong>in</strong></span> <span class='ocrx_word' id='word_1_178' title='bbox 1173 2371 1301 2426; x_wconf 82' lang='lat' dir='ltr'><strong>cella</strong></span> <span class='ocrx_word' id='word_1_179' title='bbox 1332 2371 1664 2433; x_wconf 73' lang='lat' dir='ltr'><strong>nouitiorum,</strong></span> <span class='ocrx_word' id='word_1_180' title='bbox 1684 2368 1772 2420; x_wconf 80' lang='lat' dir='ltr'><strong>ubi</strong></span> <span class='ocrx_word' id='word_1_181' title='bbox 1800 2365 2092 2427; x_wconf 80' lang='lat' dir='ltr'><strong>meditetur,</strong></span> 
     </span>
    </p>
   </div>
   <div class='ocr_carea' id='block_1_27' title="bbox 517 2455 2096 2520">
    <p class='ocr_par' dir='ltr' id='par_1_27' title="bbox 517 2455 2096 2520">
     <span class='ocr_line' id='line_1_27' title="bbox 517 2455 2096 2520; baseline -0.008 -1"><span class='ocrx_word' id='word_1_182' title='bbox 517 2465 794 2520; x_wconf 78' lang='lat' dir='ltr'><strong>manducet</strong></span> <span class='ocrx_word' id='word_1_183' title='bbox 836 2474 882 2518; x_wconf 87' lang='lat' dir='ltr'><strong>et</strong></span> <span class='ocrx_word' id='word_1_184' title='bbox 919 2464 1164 2516; x_wconf 77' lang='lat' dir='ltr'><strong>dormiat.</strong></span> <span class='ocrx_word' id='word_1_185' title='bbox 1218 2460 1554 2514; x_wconf 80' lang='lat' dir='ltr'><strong>Novitiorum</strong></span> <span class='ocrx_word' id='word_1_186' title='bbox 1610 2457 1744 2511; x_wconf 81' lang='lat' dir='ltr'><strong>cella</strong></span> <span class='ocrx_word' id='word_1_187' title='bbox 1793 2455 1944 2519; x_wconf 86' lang='lat' dir='ltr'><strong>dicit,</strong></span> <span class='ocrx_word' id='word_1_188' title='bbox 1989 2471 2096 2507; x_wconf 86' lang='lat' dir='ltr'><strong>non</strong></span> 
     </span>
    </p>
   </div>
   <div class='ocr_carea' id='block_1_28' title="bbox 519 2543 2099 2623">
    <p class='ocr_par' dir='ltr' id='par_1_28' title="bbox 519 2543 2099 2623">
     <span class='ocr_line' id='line_1_28' title="bbox 519 2543 2099 2623; baseline -0.007 -16"><span class='ocrx_word' id='word_1_189' title='bbox 519 2554 811 2623; x_wconf 85' lang='lat' dir='ltr'><strong>hospitum,</strong></span> <span class='ocrx_word' id='word_1_190' title='bbox 845 2552 937 2606; x_wconf 80' lang='lat' dir='ltr'><strong>sed</strong></span> <span class='ocrx_word' id='word_1_191' title='bbox 967 2551 1310 2620; x_wconf 86' lang='lat' dir='ltr'><strong>pulsantium.</strong></span> <span class='ocrx_word' id='word_1_192' title='bbox 1369 2547 1469 2603; x_wconf 76' lang='lat' dir='ltr'><strong>Ubi</strong></span> <span class='ocrx_word' id='word_1_193' title='bbox 1507 2546 1714 2600; x_wconf 88' lang='lat' dir='ltr'><strong>noviter</strong></span> <span class='ocrx_word' id='word_1_194' title='bbox 1739 2544 1960 2597; x_wconf 86' lang='lat' dir='ltr'><strong>veniens</strong></span> <span class='ocrx_word' id='word_1_195' title='bbox 1987 2543 2099 2596; x_wconf 80' lang='lat' dir='ltr'><strong>sive</strong></span> 
     </span>
    </p>
   </div>
   <div class='ocr_carea' id='block_1_29' title="bbox 520 2635 2095 2712">
    <p class='ocr_par' dir='ltr' id='par_1_29' title="bbox 520 2635 2095 2712">
     <span class='ocr_line' id='line_1_29' title="bbox 520 2635 2095 2712; baseline -0.006 -15"><span class='ocrx_word' id='word_1_196' title='bbox 520 2659 645 2698; x_wconf 89' lang='lat' dir='ltr'><strong>cum</strong></span> <span class='ocrx_word' id='word_1_197' title='bbox 674 2643 758 2697; x_wconf 88' lang='lat' dir='ltr'><strong>his</strong></span> <span class='ocrx_word' id='word_1_198' title='bbox 785 2658 919 2712; x_wconf 89' lang='lat' dir='ltr'><strong>quos</strong></span> <span class='ocrx_word' id='word_1_199' title='bbox 947 2642 1016 2695; x_wconf 90' lang='lat' dir='ltr'><strong>ibi</strong></span> <span class='ocrx_word' id='word_1_200' title='bbox 1045 2639 1324 2702; x_wconf 78' lang='lat' dir='ltr'><strong>invenerit,</strong></span> <span class='ocrx_word' id='word_1_201' title='bbox 1358 2639 1469 2692; x_wconf 83' lang='lat' dir='ltr'><strong>sive</strong></span> <span class='ocrx_word' id='word_1_202' title='bbox 1497 2652 1620 2692; x_wconf 89' lang='lat' dir='ltr'><strong>cum</strong></span> <span class='ocrx_word' id='word_1_203' title='bbox 1653 2635 1911 2705; x_wconf 83' lang='lat' dir='ltr'><strong>magistro</strong></span> <span class='ocrx_word' id='word_1_204' title='bbox 1939 2648 2095 2703; x_wconf 84' lang='lat' dir='ltr'><strong>quem</strong></span> 
     </span>
    </p>
   </div>
   <div class='ocr_carea' id='block_1_30' title="bbox 525 2725 2102 2797">
    <p class='ocr_par' dir='ltr' id='par_1_30' title="bbox 525 2725 2102 2797">
     <span class='ocr_line' id='line_1_30' title="bbox 525 2725 2102 2797; baseline -0.007 -10"><span class='ocrx_word' id='word_1_205' title='bbox 525 2733 807 2797; x_wconf 75' lang='lat' dir='ltr'><strong>habuerit,</strong></span> <span class='ocrx_word' id='word_1_206' title='bbox 867 2732 1178 2794; x_wconf 87' lang='lat' dir='ltr'><strong>meditetur,</strong></span> <span class='ocrx_word' id='word_1_207' title='bbox 1229 2730 1284 2783; x_wconf 88' lang='lat' dir='ltr'><strong>in</strong></span> <span class='ocrx_word' id='word_1_208' title='bbox 1335 2727 1594 2791; x_wconf 77' lang='lat' dir='ltr'><strong>canticis,</strong></span> <span class='ocrx_word' id='word_1_209' title='bbox 1643 2734 1700 2780; x_wconf 87' lang='lat' dir='ltr'><strong>et</strong></span> <span class='ocrx_word' id='word_1_210' title='bbox 1752 2725 1990 2794; x_wconf 83' lang='lat' dir='ltr'><strong>psalmis,</strong></span> <span class='ocrx_word' id='word_1_211' title='bbox 2044 2732 2102 2776; x_wconf 90' lang='lat' dir='ltr'><strong>et</strong></span> 
     </span>
    </p>
   </div>
   <div class='ocr_carea' id='block_1_31' title="bbox 521 2814 2100 2894">
    <p class='ocr_par' dir='ltr' id='par_1_31' title="bbox 521 2814 2100 2894">
     <span class='ocr_line' id='line_1_31' title="bbox 521 2814 2100 2894; baseline -0.008 -17"><span class='ocrx_word' id='word_1_212' title='bbox 521 2825 769 2894; x_wconf 85' lang='lat' dir='ltr'><strong>hymnis,</strong></span> <span class='ocrx_word' id='word_1_213' title='bbox 809 2824 924 2876; x_wconf 87' lang='lat' dir='ltr'><strong>sive</strong></span> <span class='ocrx_word' id='word_1_214' title='bbox 959 2820 1380 2892; x_wconf 73' lang='lat' dir='ltr'><strong>in-regularibus</strong></span> <span class='ocrx_word' id='word_1_215' title='bbox 1423 2815 1706 2888; x_wconf 78' lang='lat' dir='ltr'><strong>praeceptis</strong></span> <span class='ocrx_word' id='word_1_216' title='bbox 1749 2814 1941 2883; x_wconf 86' lang='lat' dir='ltr'><strong>quibus</strong></span> <span class='ocrx_word' id='word_1_217' title='bbox 1992 2823 2100 2866; x_wconf 82' lang='lat' dir='ltr'><strong>tra-</strong></span> 
     </span>
    </p>
   </div>
   <div class='ocr_carea' id='block_1_32' title="bbox 521 2906 2096 2982">
    <p class='ocr_par' dir='ltr' id='par_1_32' title="bbox 521 2906 2096 2982">
     <span class='ocr_line' id='line_1_32' title="bbox 521 2906 2096 2982; baseline -0.007 -14"><span class='ocrx_word' id='word_1_218' title='bbox 521 2916 728 2970; x_wconf 87' lang='lat' dir='ltr'><strong>dendus</strong></span> <span class='ocrx_word' id='word_1_219' title='bbox 767 2924 852 2969; x_wconf 86' lang='lat' dir='ltr'><strong>est</strong></span> <span class='ocrx_word' id='word_1_220' title='bbox 889 2912 1262 2968; x_wconf 74' lang='lat' dir='ltr'><strong>observandis.</strong></span> <span class='ocrx_word' id='word_1_221' title='bbox 1306 2911 1657 2982; x_wconf 82' lang='lat' dir='ltr'><strong>Nequaquam</strong></span> <span class='ocrx_word' id='word_1_222' title='bbox 1700 2922 1831 2976; x_wconf 86' lang='lat' dir='ltr'><strong>ergo</strong></span> <span class='ocrx_word' id='word_1_223' title='bbox 1876 2906 2034 2960; x_wconf 85' lang='lat' dir='ltr'><strong>debet</strong></span> <span class='ocrx_word' id='word_1_224' title='bbox 2067 2919 2096 2956; x_wconf 88' lang='lat' dir='ltr'><strong>a</strong></span> 
     </span>
    </p>
   </div>
   <div class='ocr_carea' id='block_1_33' title="bbox 523 2996 2107 3075">
    <p class='ocr_par' dir='ltr' id='par_1_33' title="bbox 523 2996 2107 3075">
     <span class='ocr_line' id='line_1_33' title="bbox 523 2996 2107 3075; baseline -0.008 -17"><span class='ocrx_word' id='word_1_225' title='bbox 523 3013 766 3074; x_wconf 88' lang='lat' dir='ltr'><strong>tempore</strong></span> <span class='ocrx_word' id='word_1_226' title='bbox 806 3003 940 3075; x_wconf 38' lang='lat' dir='ltr'><strong>[Alﬁ</strong></span> <span class='ocrx_word' id='word_1_227' title='bbox 967 3001 1170 3072; x_wconf 82' lang='lat' dir='ltr'><strong>tepore]</strong></span> <span class='ocrx_word' id='word_1_228' title='bbox 1213 3001 1490 3062; x_wconf 84' lang='lat' dir='ltr'><strong>inchoare,</strong></span> <span class='ocrx_word' id='word_1_229' title='bbox 1528 2997 1620 3066; x_wconf 89' lang='lat' dir='ltr'><strong>qui</strong></span> <span class='ocrx_word' id='word_1_230' title='bbox 1655 2996 1858 3050; x_wconf 88' lang='lat' dir='ltr'><strong>mundo</strong></span> <span class='ocrx_word' id='word_1_231' title='bbox 1898 3009 2107 3048; x_wconf 72' lang='lat' dir='ltr'><strong>renun-</strong></span> 
     </span>
    </p>
   </div>
   <div class='ocr_carea' id='block_1_34' title="bbox 2190 467 3759 540">
    <p class='ocr_par' dir='ltr' id='par_1_34' title="bbox 2190 467 3759 540">
     <span class='ocr_line' id='line_1_34' title="bbox 2190 467 3759 540; baseline 0.001 -14"><span class='ocrx_word' id='word_1_232' title='bbox 2190 472 2283 540; x_wconf 90' lang='lat' dir='ltr'><strong>qui</strong></span> <span class='ocrx_word' id='word_1_233' title='bbox 2309 471 2478 525; x_wconf 84' lang='lat' dir='ltr'><strong>dixit:</strong></span> <span class='ocrx_word' id='word_1_234' title='bbox 2504 469 2616 539; x_wconf 85' lang='lat' dir='ltr'><strong>Ego</strong></span> <span class='ocrx_word' id='word_1_235' title='bbox 2641 485 2755 522; x_wconf 87' lang='lat' dir='ltr'><strong>sum</strong></span> <span class='ocrx_word' id='word_1_236' title='bbox 2789 468 2891 532; x_wconf 85' lang='lat' dir='ltr'><strong>via,</strong></span> <span class='ocrx_word' id='word_1_237' title='bbox 2922 468 3113 521; x_wconf 78' lang='lat' dir='ltr'><strong>ueritas</strong></span> <span class='ocrx_word' id='word_1_238' title='bbox 3144 476 3190 521; x_wconf 88' lang='lat' dir='ltr'><strong>et</strong></span> <span class='ocrx_word' id='word_1_239' title='bbox 3225 469 3348 522; x_wconf 79' lang='lat' dir='ltr'><strong>vita.</strong></span> <span class='ocrx_word' id='word_1_240' title='bbox 3381 467 3521 524; x_wconf 86' lang='lat' dir='ltr'><strong>llinc</strong></span> <span class='ocrx_word' id='word_1_241' title='bbox 3550 479 3603 524; x_wconf 90' lang='lat' dir='ltr'><strong>et</strong></span> <span class='ocrx_word' id='word_1_242' title='bbox 3630 476 3759 528; x_wconf 88' lang='lat' dir='ltr'><strong>anti-</strong></span> 
     </span>
    </p>
   </div>
   <div class='ocr_carea' id='block_1_35' title="bbox 2192 555 3750 628">
    <p class='ocr_par' dir='ltr' id='par_1_35' title="bbox 2192 555 3750 628">
     <span class='ocr_line' id='line_1_35' title="bbox 2192 555 3750 628; baseline 0.005 -18"><span class='ocrx_word' id='word_1_243' title='bbox 2192 559 2280 628; x_wconf 88' lang='lat' dir='ltr'><strong>qui</strong></span> <span class='ocrx_word' id='word_1_244' title='bbox 2325 558 2513 612; x_wconf 86' lang='lat' dir='ltr'><strong>Patrcs</strong></span> <span class='ocrx_word' id='word_1_245' title='bbox 2555 558 2809 611; x_wconf 74' lang='lat' dir='ltr'><strong>dixemnt</strong></span> <span class='ocrx_word' id='word_1_246' title='bbox 2855 573 2867 608; x_wconf 90' lang='lat'><strong>:</strong></span> <span class='ocrx_word' id='word_1_247' title='bbox 2914 555 2975 609; x_wconf 80' lang='lat' dir='ltr'><strong>lli</strong></span> <span class='ocrx_word' id='word_1_248' title='bbox 3027 556 3162 610; x_wconf 87' lang='lat' dir='ltr'><strong>tales</strong></span> <span class='ocrx_word' id='word_1_249' title='bbox 3211 563 3356 621; x_wconf 90' lang='lat' dir='ltr'><strong>sunt,</strong></span> <span class='ocrx_word' id='word_1_250' title='bbox 3407 573 3533 613; x_wconf 90' lang='lat' dir='ltr'><strong>cum</strong></span> <span class='ocrx_word' id='word_1_251' title='bbox 3583 565 3750 618; x_wconf 62' lang='lat' dir='ltr'><strong>saeculi</strong></span> 
     </span>
    </p>
   </div>
   <div class='ocr_carea' id='block_1_36' title="bbox 2191 647 3756 717">
    <p class='ocr_par' dir='ltr' id='par_1_36' title="bbox 2191 647 3756 717">
     <span class='ocr_line' id='line_1_36' title="bbox 2191 647 3756 717; baseline 0.005 -15"><span class='ocrx_word' id='word_1_252' title='bbox 2191 650 2412 703; x_wconf 81' lang='lat' dir='ltr'><strong>latebris</strong></span> <span class='ocrx_word' id='word_1_253' title='bbox 2455 649 2669 702; x_wconf 82' lang='lat' dir='ltr'><strong>liberari</strong></span> <span class='ocrx_word' id='word_1_254' title='bbox 2709 647 2995 710; x_wconf 82' lang='lat' dir='ltr'><strong>voluerint,</strong></span> <span class='ocrx_word' id='word_1_255' title='bbox 3025 649 3408 717; x_wconf 87' lang='lat' dir='ltr'><strong>appropiantes</strong></span> <span class='ocrx_word' id='word_1_256' title='bbox 3441 657 3756 710; x_wconf 88' lang='lat' dir='ltr'><strong>monasterio</strong></span> 
     </span>
    </p>
   </div>
   <div class='ocr_carea' id='block_1_37' title="bbox 2193 740 3754 814">
    <p class='ocr_par' dir='ltr' id='par_1_37' title="bbox 2193 740 3754 814">
     <span class='ocr_line' id='line_1_37' title="bbox 2193 740 3754 814; baseline 0.006 -20"><span class='ocrx_word' id='word_1_257' title='bbox 2193 740 2527 794; x_wconf 82' lang='lat' dir='ltr'><strong>hebdomada</strong></span> <span class='ocrx_word' id='word_1_258' title='bbox 2566 756 2665 808; x_wconf 89' lang='lat' dir='ltr'><strong>pro</strong></span> <span class='ocrx_word' id='word_1_259' title='bbox 2708 740 2913 794; x_wconf 87' lang='lat' dir='ltr'><strong>foribus</strong></span> <span class='ocrx_word' id='word_1_260' title='bbox 2953 749 3253 806; x_wconf 90' lang='lat' dir='ltr'><strong>teneantur,</strong></span> <span class='ocrx_word' id='word_1_261' title='bbox 3295 750 3351 797; x_wconf 90' lang='lat' dir='ltr'><strong>et</strong></span> <span class='ocrx_word' id='word_1_262' title='bbox 3387 758 3603 814; x_wconf 88' lang='lat' dir='ltr'><strong>semper</strong></span> <span class='ocrx_word' id='word_1_263' title='bbox 3635 748 3754 804; x_wconf 81' lang='lat' dir='ltr'><strong>dura</strong></span> 
     </span>
    </p>
   </div>
   <div class='ocr_carea' id='block_1_38' title="bbox 2193 828 3756 902">
    <p class='ocr_par' dir='ltr' id='par_1_38' title="bbox 2193 828 3756 902">
     <span class='ocr_line' id='line_1_38' title="bbox 2193 828 3756 902; baseline 0.004 -18"><span class='ocrx_word' id='word_1_264' title='bbox 2193 837 2247 884; x_wconf 90' lang='lat' dir='ltr'><strong>et</strong></span> <span class='ocrx_word' id='word_1_265' title='bbox 2295 829 2556 883; x_wconf 82' lang='lat' dir='ltr'><strong>laboriosa</strong></span> <span class='ocrx_word' id='word_1_266' title='bbox 2605 830 2685 883; x_wconf 89' lang='lat' dir='ltr'><strong>eis</strong></span> <span class='ocrx_word' id='word_1_267' title='bbox 2728 836 3115 898; x_wconf 85' lang='lat' dir='ltr'><strong>proponantur.</strong></span> <span class='ocrx_word' id='word_1_268' title='bbox 3173 828 3231 883; x_wconf 90' lang='lat' dir='ltr'><strong>Si</strong></span> <span class='ocrx_word' id='word_1_269' title='bbox 3279 846 3408 886; x_wconf 89' lang='lat' dir='ltr'><strong>vero</strong></span> <span class='ocrx_word' id='word_1_270' title='bbox 3455 848 3756 902; x_wconf 83' lang='lat' dir='ltr'><strong>persevera-</strong></span> 
     </span>
    </p>
   </div>
   <div class='ocr_carea' id='block_1_39' title="bbox 2194 917 3758 991">
    <p class='ocr_par' dir='ltr' id='par_1_39' title="bbox 2194 917 3758 991">
     <span class='ocr_line' id='line_1_39' title="bbox 2194 917 3758 991; baseline 0.006 -19"><span class='ocrx_word' id='word_1_271' title='bbox 2194 920 2372 973; x_wconf 89' lang='lat' dir='ltr'><strong>verint</strong></span> <span class='ocrx_word' id='word_1_272' title='bbox 2405 917 2705 989; x_wconf 84' lang='lat' dir='ltr'><strong>pulsantes,</strong></span> <span class='ocrx_word' id='word_1_273' title='bbox 2742 919 2821 972; x_wconf 88' lang='lat' dir='ltr'><strong>eis</strong></span> <span class='ocrx_word' id='word_1_274' title='bbox 2859 934 2963 972; x_wconf 92' lang='lat' dir='ltr'><strong>non</strong></span> <span class='ocrx_word' id='word_1_275' title='bbox 3001 926 3227 988; x_wconf 83' lang='lat' dir='ltr'><strong>negetur</strong></span> <span class='ocrx_word' id='word_1_276' title='bbox 3264 920 3560 991; x_wconf 82' lang='lat' dir='ltr'><strong>ingressus,</strong></span> <span class='ocrx_word' id='word_1_277' title='bbox 3602 927 3689 979; x_wconf 89' lang='lat' dir='ltr'><strong>sed</strong></span> <span class='ocrx_word' id='word_1_278' title='bbox 3719 928 3758 981; x_wconf 87' lang='lat' dir='ltr'><strong>is</strong></span> 
     </span>
    </p>
   </div>
   <div class='ocr_carea' id='block_1_40' title="bbox 2195 1007 3760 1085">
    <p class='ocr_par' dir='ltr' id='par_1_40' title="bbox 2195 1007 3760 1085">
     <span class='ocr_line' id='line_1_40' title="bbox 2195 1007 3760 1085; baseline 0.007 -25"><span class='ocrx_word' id='word_1_279' title='bbox 2195 1008 2286 1076; x_wconf 92' lang='lat' dir='ltr'><strong>qui</strong></span> <span class='ocrx_word' id='word_1_280' title='bbox 2323 1015 2520 1077; x_wconf 73' lang='lat' dir='ltr'><strong>praeest</strong></span> <span class='ocrx_word' id='word_1_281' title='bbox 2552 1007 2713 1062; x_wconf 88' lang='lat' dir='ltr'><strong>Pater</strong></span> <span class='ocrx_word' id='word_1_282' title='bbox 2748 1007 3050 1076; x_wconf 86' lang='lat' dir='ltr'><strong>hujusmodi</strong></span> <span class='ocrx_word' id='word_1_283' title='bbox 3093 1009 3337 1064; x_wconf 86' lang='lat' dir='ltr'><strong>homines</strong></span> <span class='ocrx_word' id='word_1_284' title='bbox 3383 1013 3610 1069; x_wconf 87' lang='lat' dir='ltr'><strong>introire</strong></span> <span class='ocrx_word' id='word_1_285' title='bbox 3649 1031 3760 1085; x_wconf 82' lang='lat' dir='ltr'><strong>per-</strong></span> 
     </span>
    </p>
   </div>
   <div class='ocr_carea' id='block_1_41' title="bbox 2195 1098 3761 1174">
    <p class='ocr_par' dir='ltr' id='par_1_41' title="bbox 2195 1098 3761 1174">
     <span class='ocr_line' id='line_1_41' title="bbox 2195 1098 3761 1174; baseline 0.006 -22"><span class='ocrx_word' id='word_1_286' title='bbox 2195 1099 2406 1162; x_wconf 83' lang='lat' dir='ltr'><strong>mittat,</strong></span> <span class='ocrx_word' id='word_1_287' title='bbox 2447 1105 2506 1152; x_wconf 89' lang='lat' dir='ltr'><strong>et</strong></span> <span class='ocrx_word' id='word_1_288' title='bbox 2538 1099 2769 1166; x_wconf 84' lang='lat' dir='ltr'><strong>qualiter</strong></span> <span class='ocrx_word' id='word_1_289' title='bbox 2805 1099 2972 1152; x_wconf 85' lang='lat' dir='ltr'><strong>vitam</strong></span> <span class='ocrx_word' id='word_1_290' title='bbox 3020 1098 3248 1154; x_wconf 83' lang='lat' dir='ltr'><strong>fratrum</strong></span> <span class='ocrx_word' id='word_1_291' title='bbox 3286 1102 3372 1155; x_wconf 85' lang='lat' dir='ltr'><strong>vel</strong></span> <span class='ocrx_word' id='word_1_292' title='bbox 3415 1103 3650 1174; x_wconf 84' lang='lat' dir='ltr'><strong>regulam</strong></span> <span class='ocrx_word' id='word_1_293' title='bbox 3693 1117 3761 1162; x_wconf 81' lang='lat' dir='ltr'><strong>te-</strong></span> 
     </span>
    </p>
   </div>
   <div class='ocr_carea' id='block_1_42' title="bbox 2195 1185 2870 1256">
    <p class='ocr_par' dir='ltr' id='par_1_42' title="bbox 2195 1185 2870 1256">
     <span class='ocr_line' id='line_1_42' title="bbox 2195 1185 2870 1256; baseline -0.003 -15"><span class='ocrx_word' id='word_1_294' title='bbox 2195 1201 2324 1241; x_wconf 89' lang='lat' dir='ltr'><strong>nere</strong></span> <span class='ocrx_word' id='word_1_295' title='bbox 2353 1186 2561 1256; x_wconf 88' lang='lat' dir='ltr'><strong>possint</strong></span> <span class='ocrx_word' id='word_1_296' title='bbox 2604 1185 2870 1241; x_wconf 87' lang='lat' dir='ltr'><strong>ostendat.</strong></span> 
     </span>
    </p>
   </div>
   <div class='ocr_carea' id='block_1_43' title="bbox 2267 1276 3758 1350">
    <p class='ocr_par' dir='ltr' id='par_1_43' title="bbox 2267 1276 3758 1350">
     <span class='ocr_line' id='line_1_43' title="bbox 2267 1276 3758 1350; baseline 0.005 -20"><span class='ocrx_word' id='word_1_297' title='bbox 2267 1277 2335 1330; x_wconf 85' lang='lat' dir='ltr'><strong>Et</strong></span> <span class='ocrx_word' id='word_1_298' title='bbox 2368 1276 2414 1329; x_wconf 89' lang='lat' dir='ltr'><strong>si</strong></span> <span class='ocrx_word' id='word_1_299' title='bbox 2445 1277 2739 1345; x_wconf 87' lang='lat' dir='ltr'><strong>promiserit</strong></span> <span class='ocrx_word' id='word_1_300' title='bbox 2771 1277 2835 1330; x_wconf 88' lang='lat' dir='ltr'><strong>de</strong></span> <span class='ocrx_word' id='word_1_301' title='bbox 2866 1278 3148 1331; x_wconf 83' lang='lat' dir='ltr'><strong>stabilitate</strong></span> <span class='ocrx_word' id='word_1_302' title='bbox 3181 1289 3278 1332; x_wconf 85' lang='lat' dir='ltr'><strong>sua</strong></span> <span class='ocrx_word' id='word_1_303' title='bbox 3312 1285 3758 1350; x_wconf 75' lang='lat' dir='ltr'><strong>perseverantiam,</strong></span> 
     </span>
    </p>
   </div>
   <div class='ocr_carea' id='block_1_44' title="bbox 2195 1367 3758 1439">
    <p class='ocr_par' dir='ltr' id='par_1_44' title="bbox 2195 1367 3758 1439">
     <span class='ocr_line' id='line_1_44' title="bbox 2195 1367 3758 1439; baseline 0.004 -17"><span class='ocrx_word' id='word_1_304' title='bbox 2195 1377 2309 1439; x_wconf 86' lang='lat' dir='ltr'><strong>post</strong></span> <span class='ocrx_word' id='word_1_305' title='bbox 2347 1367 2572 1421; x_wconf 87' lang='lat' dir='ltr'><strong>duorum</strong></span> <span class='ocrx_word' id='word_1_306' title='bbox 2609 1367 2864 1421; x_wconf 80' lang='lat' dir='ltr'><strong>mensium</strong></span> <span class='ocrx_word' id='word_1_307' title='bbox 2904 1369 3184 1433; x_wconf 84' lang='lat' dir='ltr'><strong>circulum,</strong></span> <span class='ocrx_word' id='word_1_308' title='bbox 3224 1369 3427 1438; x_wconf 85' lang='lat' dir='ltr'><strong>legatur</strong></span> <span class='ocrx_word' id='word_1_309' title='bbox 3464 1375 3513 1426; x_wconf 88' lang='lat' dir='ltr'><strong>ei</strong></span> <span class='ocrx_word' id='word_1_310' title='bbox 3545 1374 3656 1428; x_wconf 68' lang='lat' dir='ltr'><strong>hac</strong></span> <span class='ocrx_word' id='word_1_311' title='bbox 3688 1393 3758 1429; x_wconf 85' lang='lat' dir='ltr'><strong>re-</strong></span> 
     </span>
    </p>
   </div>
   <div class='ocr_carea' id='block_1_45' title="bbox 2197 1458 3761 1535">
    <p class='ocr_par' dir='ltr' id='par_1_45' title="bbox 2197 1458 3761 1535">
     <span class='ocr_line' id='line_1_45' title="bbox 2197 1458 3761 1535; baseline 0.004 -23"><span class='ocrx_word' id='word_1_312' title='bbox 2197 1460 2320 1529; x_wconf 83' lang='lat' dir='ltr'><strong>gula</strong></span> <span class='ocrx_word' id='word_1_313' title='bbox 2362 1474 2454 1528; x_wconf 90' lang='lat' dir='ltr'><strong>per</strong></span> <span class='ocrx_word' id='word_1_314' title='bbox 2491 1458 2746 1522; x_wconf 84' lang='lat' dir='ltr'><strong>ordinem,</strong></span> <span class='ocrx_word' id='word_1_315' title='bbox 2790 1467 2837 1512; x_wconf 90' lang='lat' dir='ltr'><strong>et</strong></span> <span class='ocrx_word' id='word_1_316' title='bbox 2877 1459 3088 1512; x_wconf 82' lang='lat' dir='ltr'><strong>dicatur</strong></span> <span class='ocrx_word' id='word_1_317' title='bbox 3127 1461 3174 1513; x_wconf 85' lang='lat' dir='ltr'><strong>ei</strong></span> <span class='ocrx_word' id='word_1_318' title='bbox 3197 1474 3214 1510; x_wconf 92' lang='lat'><em>:</em></span> <span class='ocrx_word' id='word_1_319' title='bbox 3237 1460 3371 1514; x_wconf 80' lang='lat' dir='ltr'><strong>Ecce</strong></span> <span class='ocrx_word' id='word_1_320' title='bbox 3409 1465 3494 1515; x_wconf 81' lang='lat' dir='ltr'><strong>lea:</strong></span> <span class='ocrx_word' id='word_1_321' title='bbox 3532 1465 3628 1517; x_wconf 74' lang='lat' dir='ltr'><strong>sub</strong></span> <span class='ocrx_word' id='word_1_322' title='bbox 3670 1483 3761 1535; x_wconf 70' lang='lat' dir='ltr'><strong>qua</strong></span> 
     </span>
    </p>
   </div>
   <div class='ocr_carea' id='block_1_46' title="bbox 2197 1549 3762 1620">
    <p class='ocr_par' dir='ltr' id='par_1_46' title="bbox 2197 1549 3762 1620">
     <span class='ocr_line' id='line_1_46' title="bbox 2197 1549 3762 1620; baseline 0.003 -17"><span class='ocrx_word' id='word_1_323' title='bbox 2197 1549 2423 1603; x_wconf 86' lang='lat' dir='ltr'><strong>militare</strong></span> <span class='ocrx_word' id='word_1_324' title='bbox 2463 1549 2575 1614; x_wconf 74' lang='lat' dir='ltr'><strong>vis,</strong></span> <span class='ocrx_word' id='word_1_325' title='bbox 2614 1550 2658 1602; x_wconf 88' lang='lat' dir='ltr'><strong>si</strong></span> <span class='ocrx_word' id='word_1_326' title='bbox 2700 1558 2842 1619; x_wconf 88' lang='lat' dir='ltr'><strong>potes</strong></span> <span class='ocrx_word' id='word_1_327' title='bbox 2884 1549 3185 1615; x_wconf 77' lang='lat' dir='ltr'><strong>obseruare,</strong></span> <span class='ocrx_word' id='word_1_328' title='bbox 3227 1551 3531 1620; x_wconf 84' lang='lat' dir='ltr'><strong>ingredere;</strong></span> <span class='ocrx_word' id='word_1_329' title='bbox 3574 1555 3622 1608; x_wconf 87' lang='lat' dir='ltr'><strong>si</strong></span> <span class='ocrx_word' id='word_1_330' title='bbox 3655 1573 3762 1608; x_wconf 72' lang='lat' dir='ltr'><strong>vero</strong></span> 
     </span>
    </p>
   </div>
   <div class='ocr_carea' id='block_1_47' title="bbox 2200 1636 3759 1714">
    <p class='ocr_par' dir='ltr' id='par_1_47' title="bbox 2200 1636 3759 1714">
     <span class='ocr_line' id='line_1_47' title="bbox 2200 1636 3759 1714; baseline 0.004 -23"><span class='ocrx_word' id='word_1_331' title='bbox 2200 1655 2303 1692; x_wconf 90' lang='lat' dir='ltr'><strong>non</strong></span> <span class='ocrx_word' id='word_1_332' title='bbox 2339 1647 2503 1709; x_wconf 89' lang='lat' dir='ltr'><strong>potes,</strong></span> <span class='ocrx_word' id='word_1_333' title='bbox 2529 1637 2657 1691; x_wconf 86' lang='lat' dir='ltr'><strong>liber</strong></span> <span class='ocrx_word' id='word_1_334' title='bbox 2689 1639 2912 1692; x_wconf 85' lang='lat' dir='ltr'><strong>discede.</strong></span> <span class='ocrx_word' id='word_1_335' title='bbox 2948 1636 3004 1692; x_wconf 90' lang='lat' dir='ltr'><strong>Si</strong></span> <span class='ocrx_word' id='word_1_336' title='bbox 3050 1648 3206 1708; x_wconf 87' lang='lat' dir='ltr'><strong>poles</strong></span> <span class='ocrx_word' id='word_1_337' title='bbox 3239 1640 3548 1708; x_wconf 80' lang='lat' dir='ltr'><strong>observare,</strong></span> <span class='ocrx_word' id='word_1_338' title='bbox 3577 1644 3759 1714; x_wconf 86' lang='lat' dir='ltr'><strong>inquit,</strong></span> 
     </span>
    </p>
   </div>
   <div class='ocr_carea' id='block_1_48' title="bbox 2195 1729 3762 1802">
    <p class='ocr_par' dir='ltr' id='par_1_48' title="bbox 2195 1729 3762 1802">
     <span class='ocr_line' id='line_1_48' title="bbox 2195 1729 3762 1802; baseline 0.004 -20"><span class='ocrx_word' id='word_1_339' title='bbox 2195 1729 2491 1800; x_wconf 85' lang='lat' dir='ltr'><strong>ingredere,</strong></span> <span class='ocrx_word' id='word_1_340' title='bbox 2539 1730 2875 1794; x_wconf 85' lang='lat' dir='ltr'><strong>subauditur,</strong></span> <span class='ocrx_word' id='word_1_341' title='bbox 2923 1730 2968 1785; x_wconf 89' lang='lat' dir='ltr'><strong>si</strong></span> <span class='ocrx_word' id='word_1_342' title='bbox 3009 1737 3160 1799; x_wconf 88' lang='lat' dir='ltr'><strong>potes</strong></span> <span class='ocrx_word' id='word_1_343' title='bbox 3199 1741 3465 1802; x_wconf 84' lang='lat' dir='ltr'><strong>praecepta</strong></span> <span class='ocrx_word' id='word_1_344' title='bbox 3499 1734 3656 1789; x_wconf 76' lang='lat' dir='ltr'><strong>istius</strong></span> <span class='ocrx_word' id='word_1_345' title='bbox 3685 1752 3762 1789; x_wconf 85' lang='lat' dir='ltr'><strong>re-</strong></span> 
     </span>
    </p>
   </div>
   <div class='ocr_carea' id='block_1_49' title="bbox 2194 1821 3762 1893">
    <p class='ocr_par' dir='ltr' id='par_1_49' title="bbox 2194 1821 3762 1893">
     <span class='ocr_line' id='line_1_49' title="bbox 2194 1821 3762 1893; baseline 0.006 -21"><span class='ocrx_word' id='word_1_346' title='bbox 2194 1821 2329 1890; x_wconf 70' lang='lat' dir='ltr'><strong>gula:</strong></span> <span class='ocrx_word' id='word_1_347' title='bbox 2351 1821 2662 1887; x_wconf 83' lang='lat' dir='ltr'><strong>observare,</strong></span> <span class='ocrx_word' id='word_1_348' title='bbox 2690 1823 2756 1876; x_wconf 91' lang='lat' dir='ltr'><strong>ad</strong></span> <span class='ocrx_word' id='word_1_349' title='bbox 2780 1822 3114 1877; x_wconf 85' lang='lat' dir='ltr'><strong>militandum</strong></span> <span class='ocrx_word' id='word_1_350' title='bbox 3145 1823 3449 1893; x_wconf 80' lang='lat' dir='ltr'><strong>ingredere;</strong></span> <span class='ocrx_word' id='word_1_351' title='bbox 3481 1827 3563 1881; x_wconf 89' lang='lat' dir='ltr'><strong>sin</strong></span> <span class='ocrx_word' id='word_1_352' title='bbox 3594 1837 3762 1882; x_wconf 84' lang='lat' dir='ltr'><strong>autem</strong></span> 
     </span>
    </p>
   </div>
   <div class='ocr_carea' id='block_1_50' title="bbox 2195 1913 3756 1984">
    <p class='ocr_par' dir='ltr' id='par_1_50' title="bbox 2195 1913 3756 1984">
     <span class='ocr_line' id='line_1_50' title="bbox 2195 1913 3756 1984; baseline 0.006 -20"><span class='ocrx_word' id='word_1_353' title='bbox 2195 1927 2300 1965; x_wconf 85' lang='lat' dir='ltr'><strong>non</strong></span> <span class='ocrx_word' id='word_1_354' title='bbox 2340 1921 2515 1981; x_wconf 89' lang='lat' dir='ltr'><strong>potes,</strong></span> <span class='ocrx_word' id='word_1_355' title='bbox 2551 1913 2862 1982; x_wconf 86' lang='lat' dir='ltr'><strong>priusquam</strong></span> <span class='ocrx_word' id='word_1_356' title='bbox 2891 1913 3019 1983; x_wconf 85' lang='lat' dir='ltr'><strong>jugo</strong></span> <span class='ocrx_word' id='word_1_357' title='bbox 3047 1914 3245 1984; x_wconf 69' lang='lat' dir='ltr'><strong>regulae</strong></span> <span class='ocrx_word' id='word_1_358' title='bbox 3284 1916 3417 1970; x_wconf 88' lang='lat' dir='ltr'><strong>colla</strong></span> <span class='ocrx_word' id='word_1_359' title='bbox 3458 1919 3756 1981; x_wconf 76' lang='lat' dir='ltr'><strong>submittas,</strong></span> 
     </span>
    </p>
   </div>
   <div class='ocr_carea' id='block_1_51' title="bbox 2195 2000 3762 2068">
    <p class='ocr_par' dir='ltr' id='par_1_51' title="bbox 2195 2000 3762 2068">
     <span class='ocr_line' id='line_1_51' title="bbox 2195 2000 3762 2068; baseline 0.005 -14"><span class='ocrx_word' id='word_1_360' title='bbox 2195 2009 2251 2054; x_wconf 90' lang='lat' dir='ltr'><strong>et</strong></span> <span class='ocrx_word' id='word_1_361' title='bbox 2287 2000 2402 2068; x_wconf 87' lang='lat' dir='ltr'><strong>ejus</strong></span> <span class='ocrx_word' id='word_1_362' title='bbox 2440 2001 2685 2055; x_wconf 81' lang='lat' dir='ltr'><strong>servituti</strong></span> <span class='ocrx_word' id='word_1_363' title='bbox 2727 2003 2997 2067; x_wconf 84' lang='lat' dir='ltr'><strong>subdaris,</strong></span> <span class='ocrx_word' id='word_1_364' title='bbox 3029 2003 3166 2057; x_wconf 89' lang='lat' dir='ltr'><strong>liber</strong></span> <span class='ocrx_word' id='word_1_365' title='bbox 3189 2004 3423 2059; x_wconf 83' lang='lat' dir='ltr'><strong>discede.</strong></span> <span class='ocrx_word' id='word_1_366' title='bbox 3471 2005 3762 2062; x_wconf 74' lang='lat' dir='ltr'><strong>Notandum</strong></span> 
     </span>
    </p>
   </div>
   <div class='ocr_carea' id='block_1_52' title="bbox 2195 2094 3765 2165">
    <p class='ocr_par' dir='ltr' id='par_1_52' title="bbox 2195 2094 3765 2165">
     <span class='ocr_line' id='line_1_52' title="bbox 2195 2094 3765 2165; baseline 0.004 -19"><span class='ocrx_word' id='word_1_367' title='bbox 2195 2094 2321 2162; x_wconf 89' lang='lat' dir='ltr'><strong>quia</strong></span> <span class='ocrx_word' id='word_1_368' title='bbox 2356 2109 2462 2147; x_wconf 90' lang='lat' dir='ltr'><strong>non</strong></span> <span class='ocrx_word' id='word_1_369' title='bbox 2492 2095 2568 2148; x_wconf 88' lang='lat' dir='ltr'><strong>ait</strong></span> <span class='ocrx_word' id='word_1_370' title='bbox 2591 2109 2605 2148; x_wconf 87' lang='lat'><strong>:</strong></span> <span class='ocrx_word' id='word_1_371' title='bbox 2627 2095 2768 2149; x_wconf 86' lang='lat' dir='ltr'><strong>Ecce</strong></span> <span class='ocrx_word' id='word_1_372' title='bbox 2805 2096 2888 2149; x_wconf 81' lang='lat' dir='ltr'><strong>lex</strong></span> <span class='ocrx_word' id='word_1_373' title='bbox 2914 2095 3013 2149; x_wconf 90' lang='lat' dir='ltr'><strong>sub</strong></span> <span class='ocrx_word' id='word_1_374' title='bbox 3038 2111 3141 2165; x_wconf 91' lang='lat' dir='ltr'><strong>qua</strong></span> <span class='ocrx_word' id='word_1_375' title='bbox 3175 2097 3441 2165; x_wconf 80' lang='lat' dir='ltr'><strong>quiescas,</strong></span> <span class='ocrx_word' id='word_1_376' title='bbox 3467 2098 3553 2152; x_wconf 77' lang='lat' dir='ltr'><strong>vel</strong></span> <span class='ocrx_word' id='word_1_377' title='bbox 3579 2115 3765 2153; x_wconf 83' lang='lat' dir='ltr'><strong>vacans</strong></span> 
     </span>
    </p>
   </div>
   <div class='ocr_carea' id='block_1_53' title="bbox 2195 2180 3761 2260">
    <p class='ocr_par' dir='ltr' id='par_1_53' title="bbox 2195 2180 3761 2260">
     <span class='ocr_line' id='line_1_53' title="bbox 2195 2180 3761 2260; baseline 0.001 -19"><span class='ocrx_word' id='word_1_378' title='bbox 2195 2189 2306 2241; x_wconf 74' lang='lat' dir='ltr'><strong>otio</strong></span> <span class='ocrx_word' id='word_1_379' title='bbox 2346 2189 2524 2257; x_wconf 85' lang='lat' dir='ltr'><strong>quiete</strong></span> <span class='ocrx_word' id='word_1_380' title='bbox 2548 2189 2726 2252; x_wconf 82' lang='lat' dir='ltr'><strong>vivas;</strong></span> <span class='ocrx_word' id='word_1_381' title='bbox 2766 2191 2858 2243; x_wconf 79' lang='lat' dir='ltr'><strong>sed</strong></span> <span class='ocrx_word' id='word_1_382' title='bbox 2900 2180 2999 2243; x_wconf 85' lang='lat' dir='ltr'><strong>sub</strong></span> <span class='ocrx_word' id='word_1_383' title='bbox 3037 2205 3141 2258; x_wconf 88' lang='lat' dir='ltr'><strong>qua</strong></span> <span class='ocrx_word' id='word_1_384' title='bbox 3179 2190 3412 2243; x_wconf 88' lang='lat' dir='ltr'><strong>militare</strong></span> <span class='ocrx_word' id='word_1_385' title='bbox 3442 2191 3543 2252; x_wconf 89' lang='lat' dir='ltr'><strong>vis,</strong></span> <span class='ocrx_word' id='word_1_386' title='bbox 3580 2191 3761 2260; x_wconf 78' lang='lat' dir='ltr'><strong>inquit,</strong></span> 
     </span>
    </p>
   </div>
   <div class='ocr_carea' id='block_1_54' title="bbox 2196 2277 3754 2348">
    <p class='ocr_par' dir='ltr' id='par_1_54' title="bbox 2196 2277 3754 2348">
     <span class='ocr_line' id='line_1_54' title="bbox 2196 2277 3754 2348; baseline 0 -18"><span class='ocrx_word' id='word_1_387' title='bbox 2196 2283 2256 2330; x_wconf 90' lang='lat' dir='ltr'><strong>ut</strong></span> <span class='ocrx_word' id='word_1_388' title='bbox 2290 2277 2558 2347; x_wconf 82' lang='lat' dir='ltr'><strong>intelligas</strong></span> <span class='ocrx_word' id='word_1_389' title='bbox 2585 2279 2710 2346; x_wconf 85' lang='lat' dir='ltr'><strong>quia</strong></span> <span class='ocrx_word' id='word_1_390' title='bbox 2739 2277 2924 2330; x_wconf 81' lang='lat' dir='ltr'><strong>militia</strong></span> <span class='ocrx_word' id='word_1_391' title='bbox 2949 2287 3025 2331; x_wconf 89' lang='lat' dir='ltr'><strong>est</strong></span> <span class='ocrx_word' id='word_1_392' title='bbox 3048 2279 3150 2330; x_wconf 84' lang='lat' dir='ltr'><strong>vita</strong></span> <span class='ocrx_word' id='word_1_393' title='bbox 3174 2279 3398 2331; x_wconf 85' lang='lat' dir='ltr'><strong>hominis</strong></span> <span class='ocrx_word' id='word_1_394' title='bbox 3428 2295 3590 2348; x_wconf 84' lang='lat' dir='ltr'><strong>super</strong></span> <span class='ocrx_word' id='word_1_395' title='bbox 3608 2291 3754 2336; x_wconf 74' lang='lat' dir='ltr'><strong>terra.</strong></span> 
     </span>
    </p>
   </div>
   <div class='ocr_carea' id='block_1_55' title="bbox 2197 2366 3761 2445">
    <p class='ocr_par' dir='ltr' id='par_1_55' title="bbox 2197 2366 3761 2445">
     <span class='ocr_line' id='line_1_55' title="bbox 2197 2366 3761 2445; baseline 0.004 -27"><span class='ocrx_word' id='word_1_396' title='bbox 2197 2375 2244 2445; x_wconf 80' lang='lat' dir='ltr'><strong>ct</strong></span> <span class='ocrx_word' id='word_1_397' title='bbox 2270 2366 2400 2419; x_wconf 83' lang='lat' dir='ltr'><strong>sicut</strong></span> <span class='ocrx_word' id='word_1_398' title='bbox 2433 2367 2544 2419; x_wconf 83' lang='lat' dir='ltr'><strong>dies</strong></span> <span class='ocrx_word' id='word_1_399' title='bbox 2570 2368 2895 2431; x_wconf 85' lang='lat' dir='ltr'><strong>mercenarii,</strong></span> <span class='ocrx_word' id='word_1_400' title='bbox 2929 2369 3039 2422; x_wconf 86' lang='lat' dir='ltr'><strong>dies</strong></span> <span class='ocrx_word' id='word_1_401' title='bbox 3063 2368 3194 2438; x_wconf 84' lang='lat' dir='ltr'><strong>ejus.</strong></span> <span class='ocrx_word' id='word_1_402' title='bbox 3227 2367 3366 2438; x_wconf 81' lang='lat' dir='ltr'><strong>Ergo</strong></span> <span class='ocrx_word' id='word_1_403' title='bbox 3389 2385 3490 2438; x_wconf 91' lang='lat' dir='ltr'><strong>pro</strong></span> <span class='ocrx_word' id='word_1_404' title='bbox 3519 2371 3761 2425; x_wconf 78' lang='lat' dir='ltr'><strong>mercede</strong></span> 
     </span>
    </p>
   </div>
   <div class='ocr_carea' id='block_1_56' title="bbox 2196 2455 3761 2528">
    <p class='ocr_par' dir='ltr' id='par_1_56' title="bbox 2196 2455 3761 2528">
     <span class='ocr_line' id='line_1_56' title="bbox 2196 2455 3761 2528; baseline 0.003 -20"><span class='ocrx_word' id='word_1_405' title='bbox 2196 2462 2398 2509; x_wconf 62' lang='lat' dir='ltr'><strong>(eterna</strong></span> <span class='ocrx_word' id='word_1_406' title='bbox 2437 2457 2616 2510; x_wconf 88' lang='lat' dir='ltr'><strong>omnia</strong></span> <span class='ocrx_word' id='word_1_407' title='bbox 2657 2455 2816 2511; x_wconf 87' lang='lat' dir='ltr'><strong>debet</strong></span> <span class='ocrx_word' id='word_1_408' title='bbox 2847 2472 2946 2527; x_wconf 90' lang='lat' dir='ltr'><strong>pro</strong></span> <span class='ocrx_word' id='word_1_409' title='bbox 2984 2457 3208 2511; x_wconf 76' lang='lat' dir='ltr'><strong>Domino</strong></span> <span class='ocrx_word' id='word_1_410' title='bbox 3252 2459 3542 2522; x_wconf 88' lang='lat' dir='ltr'><strong>sustinere,</strong></span> <span class='ocrx_word' id='word_1_411' title='bbox 3587 2461 3673 2528; x_wconf 87' lang='lat' dir='ltr'><strong>qui</strong></span> <span class='ocrx_word' id='word_1_412' title='bbox 3715 2461 3761 2514; x_wconf 85' lang='lat' dir='ltr'><strong>in</strong></span> 
     </span>
    </p>
   </div>
   <div class='ocr_carea' id='block_1_57' title="bbox 2197 2548 3764 2620">
    <p class='ocr_par' dir='ltr' id='par_1_57' title="bbox 2197 2548 3764 2620">
     <span class='ocr_line' id='line_1_57' title="bbox 2197 2548 3764 2620; baseline 0.003 -19"><span class='ocrx_word' id='word_1_413' title='bbox 2197 2548 2314 2616; x_wconf 86' lang='lat' dir='ltr'><strong>ejus</strong></span> <span class='ocrx_word' id='word_1_414' title='bbox 2367 2549 2513 2617; x_wconf 89' lang='lat' dir='ltr'><strong>cupit</strong></span> <span class='ocrx_word' id='word_1_415' title='bbox 2570 2549 2799 2602; x_wconf 84' lang='lat' dir='ltr'><strong>transire</strong></span> <span class='ocrx_word' id='word_1_416' title='bbox 2847 2549 3117 2616; x_wconf 85' lang='lat' dir='ltr'><strong>militiam,</strong></span> <span class='ocrx_word' id='word_1_417' title='bbox 3167 2556 3221 2603; x_wconf 91' lang='lat' dir='ltr'><strong>et</strong></span> <span class='ocrx_word' id='word_1_418' title='bbox 3265 2557 3526 2620; x_wconf 65' lang='lat' dir='ltr'><strong>tanquam</strong></span> <span class='ocrx_word' id='word_1_419' title='bbox 3586 2566 3764 2606; x_wconf 86' lang='lat' dir='ltr'><strong>aurum</strong></span> 
     </span>
    </p>
   </div>
   <div class='ocr_carea' id='block_1_58' title="bbox 2199 2638 3766 2710">
    <p class='ocr_par' dir='ltr' id='par_1_58' title="bbox 2199 2638 3766 2710">
     <span class='ocr_line' id='line_1_58' title="bbox 2199 2638 3766 2710; baseline 0.005 -21"><span class='ocrx_word' id='word_1_420' title='bbox 2199 2638 2346 2703; x_wconf 87' lang='lat' dir='ltr'><strong>lima,</strong></span> <span class='ocrx_word' id='word_1_421' title='bbox 2383 2639 2590 2693; x_wconf 76' lang='lat' dir='ltr'><strong>malleis</strong></span> <span class='ocrx_word' id='word_1_422' title='bbox 2626 2646 2680 2692; x_wconf 90' lang='lat' dir='ltr'><strong>et</strong></span> <span class='ocrx_word' id='word_1_423' title='bbox 2720 2640 2842 2710; x_wconf 83' lang='lat' dir='ltr'><strong>igne</strong></span> <span class='ocrx_word' id='word_1_424' title='bbox 2885 2639 3122 2694; x_wconf 79' lang='lat' dir='ltr'><strong>fornacis</strong></span> <span class='ocrx_word' id='word_1_425' title='bbox 3167 2640 3403 2708; x_wconf 78' lang='lat' dir='ltr'><strong>probari,</strong></span> <span class='ocrx_word' id='word_1_426' title='bbox 3446 2650 3507 2694; x_wconf 90' lang='lat' dir='ltr'><strong>ut</strong></span> <span class='ocrx_word' id='word_1_427' title='bbox 3547 2644 3619 2696; x_wconf 83' lang='lat' dir='ltr'><strong>ad</strong></span> <span class='ocrx_word' id='word_1_428' title='bbox 3662 2643 3766 2697; x_wconf 50' lang='lat' dir='ltr'><strong>dia.</strong></span> 
     </span>
    </p>
   </div>
   <div class='ocr_carea' id='block_1_59' title="bbox 2199 2728 3609 2800">
    <p class='ocr_par' dir='ltr' id='par_1_59' title="bbox 2199 2728 3609 2800">
     <span class='ocr_line' id='line_1_59' title="bbox 2199 2728 3609 2800; baseline 0.003 -18"><span class='ocrx_word' id='word_1_429' title='bbox 2199 2728 2349 2782; x_wconf 80' lang='lat' dir='ltr'><strong>doma</strong></span> <span class='ocrx_word' id='word_1_430' title='bbox 2379 2736 2436 2783; x_wconf 90' lang='lat' dir='ltr'><strong>et-</strong></span> <span class='ocrx_word' id='word_1_431' title='bbox 2460 2744 2712 2783; x_wconf 91' lang='lat' dir='ltr'><strong>coronam</strong></span> <span class='ocrx_word' id='word_1_432' title='bbox 2741 2730 3074 2784; x_wconf 88' lang='lat' dir='ltr'><strong>Dominicam</strong></span> <span class='ocrx_word' id='word_1_433' title='bbox 3101 2731 3270 2798; x_wconf 88' lang='lat' dir='ltr'><strong>possit</strong></span> <span class='ocrx_word' id='word_1_434' title='bbox 3301 2733 3609 2800; x_wconf 83' lang='lat' dir='ltr'><strong>pervenire.</strong></span> 
     </span>
    </p>
   </div>
   <div class='ocr_carea' id='block_1_60' title="bbox 2272 2817 3769 2891">
    <p class='ocr_par' dir='ltr' id='par_1_60' title="bbox 2272 2817 3769 2891">
     <span class='ocr_line' id='line_1_60' title="bbox 2272 2817 3769 2891; baseline 0.003 -19"><span class='ocrx_word' id='word_1_435' title='bbox 2272 2817 2334 2872; x_wconf 90' lang='lat' dir='ltr'><strong>Si</strong></span> <span class='ocrx_word' id='word_1_436' title='bbox 2385 2818 2558 2872; x_wconf 71' lang='lat' dir='ltr'><strong>adhuc</strong></span> <span class='ocrx_word' id='word_1_437' title='bbox 2608 2820 2826 2883; x_wconf 82' lang='lat' dir='ltr'><strong>steterit,</strong></span> <span class='ocrx_word' id='word_1_438' title='bbox 2876 2829 2999 2872; x_wconf 90' lang='lat' dir='ltr'><strong>tunc</strong></span> <span class='ocrx_word' id='word_1_439' title='bbox 3045 2819 3269 2873; x_wconf 83' lang='lat' dir='ltr'><strong>ducatur</strong></span> <span class='ocrx_word' id='word_1_440' title='bbox 3318 2822 3373 2874; x_wconf 89' lang='lat' dir='ltr'><strong>in</strong></span> <span class='ocrx_word' id='word_1_441' title='bbox 3419 2823 3769 2891; x_wconf 80' lang='lat' dir='ltr'><strong>supradictam</strong></span> 
     </span>
    </p>
   </div>
   <div class='ocr_carea' id='block_1_61' title="bbox 2171 2907 3772 2983">
    <p class='ocr_par' dir='ltr' id='par_1_61' title="bbox 2171 2907 3772 2983">
     <span class='ocr_line' id='line_1_61' title="bbox 2171 2907 3772 2983; baseline 0.006 -25"><span class='ocrx_word' id='word_1_442' title='bbox 2171 2907 2380 2972; x_wconf 78' lang='lat' dir='ltr'><strong>cellam</strong></span> <span class='ocrx_word' id='word_1_443' title='bbox 2421 2908 2760 2971; x_wconf 86' lang='lat' dir='ltr'><strong>novitiorum,</strong></span> <span class='ocrx_word' id='word_1_444' title='bbox 2803 2917 2852 2960; x_wconf 89' lang='lat' dir='ltr'><strong>et</strong></span> <span class='ocrx_word' id='word_1_445' title='bbox 2893 2909 3078 2962; x_wconf 84' lang='lat' dir='ltr'><strong>iterum</strong></span> <span class='ocrx_word' id='word_1_446' title='bbox 3119 2911 3352 2978; x_wconf 68' lang='lat' dir='ltr'><strong>probetur</strong></span> <span class='ocrx_word' id='word_1_447' title='bbox 3401 2911 3457 2963; x_wconf 88' lang='lat' dir='ltr'><strong>in</strong></span> <span class='ocrx_word' id='word_1_448' title='bbox 3495 2914 3644 2966; x_wconf 84' lang='lat' dir='ltr'><strong>omni</strong></span> <span class='ocrx_word' id='word_1_449' title='bbox 3683 2929 3772 2983; x_wconf 81' lang='lat' dir='ltr'><strong>pa-</strong></span> 
     </span>
    </p>
   </div>
   <div class='ocr_carea' id='block_1_62' title="bbox 2198 2996 3770 3072">
    <p class='ocr_par' dir='ltr' id='par_1_62' title="bbox 2198 2996 3770 3072">
     <span class='ocr_line' id='line_1_62' title="bbox 2198 2996 3770 3072; baseline 0.007 -25"><span class='ocrx_word' id='word_1_450' title='bbox 2198 2996 2398 3049; x_wconf 84' lang='lat' dir='ltr'><strong>tientia.</strong></span> <span class='ocrx_word' id='word_1_451' title='bbox 2432 2996 2568 3052; x_wconf 87' lang='lat' dir='ltr'><strong>llinc</strong></span> <span class='ocrx_word' id='word_1_452' title='bbox 2601 2997 2834 3052; x_wconf 84' lang='lat' dir='ltr'><strong>Isidorus</strong></span> <span class='ocrx_word' id='word_1_453' title='bbox 2863 2998 2975 3051; x_wconf 88' lang='lat' dir='ltr'><strong>ait:</strong></span> <span class='ocrx_word' id='word_1_454' title='bbox 3005 2998 3189 3066; x_wconf 90' lang='lat' dir='ltr'><strong>Neque</strong></span> <span class='ocrx_word' id='word_1_455' title='bbox 3217 3001 3359 3054; x_wconf 90' lang='lat' dir='ltr'><strong>enim</strong></span> <span class='ocrx_word' id='word_1_456' title='bbox 3403 3002 3552 3056; x_wconf 88' lang='lat' dir='ltr'><strong>intus</strong></span> <span class='ocrx_word' id='word_1_457' title='bbox 3575 3003 3770 3072; x_wconf 83' lang='lat' dir='ltr'><strong>suscipi</strong></span> 
     </span>
    </p>
   </div>
   <div class='ocr_carea' id='block_1_63' title="bbox 524 3059 3768 3161">
    <p class='ocr_par' dir='ltr' id='par_1_63' title="bbox 524 3059 3768 3161">
     <span class='ocr_line' id='line_1_63' title="bbox 524 3059 3768 3161; baseline 0 -14"><span class='ocrx_word' id='word_1_458' title='bbox 524 3095 641 3157; x_wconf 75' lang='lat' dir='ltr'><strong>tiat,</strong></span> <span class='ocrx_word' id='word_1_459' title='bbox 674 3109 740 3147; x_wconf 84' lang='lat' dir='ltr'><strong>ne</strong></span> <span class='ocrx_word' id='word_1_460' title='bbox 763 3059 860 3160; x_wconf 69' lang='lat' dir='ltr'><strong>per</strong></span> <span class='ocrx_word' id='word_1_461' title='bbox 891 3093 1062 3161; x_wconf 87' lang='lat' dir='ltr'><strong>ipsum</strong></span> <span class='ocrx_word' id='word_1_462' title='bbox 1104 3099 1316 3157; x_wconf 84' lang='lat' dir='ltr'><strong>tempus</strong></span> <span class='ocrx_word' id='word_1_463' title='bbox 1357 3088 1487 3160; x_wconf 81' lang='lat' dir='ltr'><strong>[Al.,</strong></span> <span class='ocrx_word' id='word_1_464' title='bbox 1517 3084 1780 3156; x_wconf 88' lang='lat' dir='ltr'><strong>teporem]</strong></span> <span class='ocrx_word' id='word_1_465' title='bbox 1819 3099 2006 3138; x_wconf 90' lang='lat' dir='ltr'><strong>rursus</strong></span> <span class='ocrx_word' id='word_1_466' title='bbox 2041 3083 2094 3136; x_wconf 90' lang='lat' dir='ltr'><strong>in</strong></span> <span class='ocrx_word' id='word_1_467' title='bbox 2123 3059 2167 3120; x_wconf 63' lang='grc' dir='ltr'>Ε</span> <span class='ocrx_word' id='word_1_468' title='bbox 2200 3101 2522 3155; x_wconf 89' lang='lat' dir='ltr'><strong>quemquam</strong></span> <span class='ocrx_word' id='word_1_469' title='bbox 2553 3089 2830 3152; x_wconf 82' lang='lat' dir='ltr'><strong>convenit,</strong></span> <span class='ocrx_word' id='word_1_470' title='bbox 2865 3089 2956 3156; x_wconf 90' lang='lat' dir='ltr'><strong>qui</strong></span> <span class='ocrx_word' id='word_1_471' title='bbox 2993 3059 3182 3144; x_wconf 75' lang='lat' dir='ltr'><strong>relicto</strong></span> <span class='ocrx_word' id='word_1_472' title='bbox 3209 3092 3404 3145; x_wconf 61' lang='lat' dir='ltr'><strong>smculo</strong></span> <span class='ocrx_word' id='word_1_473' title='bbox 3431 3093 3501 3146; x_wconf 89' lang='lat' dir='ltr'><strong>ad</strong></span> <span class='ocrx_word' id='word_1_474' title='bbox 3531 3059 3768 3147; x_wconf 65' lang='lat' dir='ltr'><strong>militiam</strong></span> 
     </span>
    </p>
   </div>
   <div class='ocr_carea' id='block_1_64' title="bbox 523 3180 1186 3236">
    <p class='ocr_par' dir='ltr' id='par_1_64' title="bbox 523 3180 1186 3236">
     <span class='ocr_line' id='line_1_64' title="bbox 523 3180 1186 3236; baseline -0.008 -1"><span class='ocrx_word' id='word_1_475' title='bbox 523 3197 763 3236; x_wconf 88' lang='lat' dir='ltr'><strong>amorem</strong></span> <span class='ocrx_word' id='word_1_476' title='bbox 791 3181 972 3234; x_wconf 63' lang='lat' dir='ltr'><strong>saeculi</strong></span> <span class='ocrx_word' id='word_1_477' title='bbox 1005 3180 1186 3232; x_wconf 87' lang='lat' dir='ltr'><strong>cadat.</strong></span> 
     </span>
    </p>
   </div>
   <div class='ocr_carea' id='block_1_65' title="bbox 596 3263 2102 3338">
    <p class='ocr_par' dir='ltr' id='par_1_65' title="bbox 596 3263 2102 3338">
     <span class='ocr_line' id='line_1_65' title="bbox 596 3263 2102 3338; baseline -0.006 -14"><span class='ocrx_word' id='word_1_478' title='bbox 596 3270 666 3323; x_wconf 86' lang='lat' dir='ltr'><strong>Et</strong></span> <span class='ocrx_word' id='word_1_479' title='bbox 688 3271 862 3324; x_wconf 86' lang='lat' dir='ltr'><strong>senior</strong></span> <span class='ocrx_word' id='word_1_480' title='bbox 889 3270 935 3322; x_wconf 87' lang='lat' dir='ltr'><strong>ei</strong></span> <span class='ocrx_word' id='word_1_481' title='bbox 963 3269 1085 3322; x_wconf 86' lang='lat' dir='ltr'><strong>talis</strong></span> <span class='ocrx_word' id='word_1_482' title='bbox 1117 3269 1392 3338; x_wconf 83' lang='lat' dir='ltr'><strong>deputetur</strong></span> <span class='ocrx_word' id='word_1_483' title='bbox 1415 3267 1502 3337; x_wconf 87' lang='lat' dir='ltr'><strong>qui</strong></span> <span class='ocrx_word' id='word_1_484' title='bbox 1526 3275 1679 3335; x_wconf 82' lang='lat' dir='ltr'><strong>aptus</strong></span> <span class='ocrx_word' id='word_1_485' title='bbox 1701 3265 1766 3318; x_wconf 86' lang='lat' dir='ltr'><strong>sit</strong></span> <span class='ocrx_word' id='word_1_486' title='bbox 1795 3265 1863 3316; x_wconf 88' lang='lat' dir='ltr'><strong>ad</strong></span> <span class='ocrx_word' id='word_1_487' title='bbox 1892 3263 2102 3316; x_wconf 81' lang='lat' dir='ltr'><strong>lucran-</strong></span> 
     </span>
    </p>
   </div>
   <div class='ocr_carea' id='block_1_66' title="bbox 523 3354 2100 3431">
    <p class='ocr_par' dir='ltr' id='par_1_66' title="bbox 523 3354 2100 3431">
     <span class='ocr_line' id='line_1_66' title="bbox 523 3354 2100 3431; baseline -0.007 -14"><span class='ocrx_word' id='word_1_488' title='bbox 523 3365 618 3417; x_wconf 86' lang='lat' dir='ltr'><strong>das</strong></span> <span class='ocrx_word' id='word_1_489' title='bbox 644 3361 868 3425; x_wconf 83' lang='lat' dir='ltr'><strong>animas,</strong></span> <span class='ocrx_word' id='word_1_490' title='bbox 899 3363 986 3431; x_wconf 88' lang='lat' dir='ltr'><strong>qui</strong></span> <span class='ocrx_word' id='word_1_491' title='bbox 1019 3376 1176 3430; x_wconf 86' lang='lat' dir='ltr'><strong>super</strong></span> <span class='ocrx_word' id='word_1_492' title='bbox 1212 3377 1271 3413; x_wconf 90' lang='lat' dir='ltr'><strong>eo</strong></span> <span class='ocrx_word' id='word_1_493' title='bbox 1295 3360 1503 3412; x_wconf 87' lang='lat' dir='ltr'><strong>omnino</strong></span> <span class='ocrx_word' id='word_1_494' title='bbox 1536 3359 1738 3412; x_wconf 82' lang='lat' dir='ltr'><strong>curiose</strong></span> <span class='ocrx_word' id='word_1_495' title='bbox 1773 3354 2026 3416; x_wconf 86' lang='lat' dir='ltr'><strong>intendat,</strong></span> <span class='ocrx_word' id='word_1_496' title='bbox 2052 3363 2100 3407; x_wconf 87' lang='lat' dir='ltr'><strong>et</strong></span> 
     </span>
    </p>
   </div>
   <div class='ocr_carea' id='block_1_67' title="bbox 521 3445 2100 3519">
    <p class='ocr_par' dir='ltr' id='par_1_67' title="bbox 521 3445 2100 3519">
     <span class='ocr_line' id='line_1_67' title="bbox 521 3445 2100 3519; baseline -0.006 -13"><span class='ocrx_word' id='word_1_497' title='bbox 521 3451 779 3506; x_wconf 83' lang='lat' dir='ltr'><strong>sollicitus</strong></span> <span class='ocrx_word' id='word_1_498' title='bbox 822 3450 886 3503; x_wconf 86' lang='lat' dir='ltr'><strong>sit</strong></span> <span class='ocrx_word' id='word_1_499' title='bbox 931 3450 978 3504; x_wconf 90' lang='lat' dir='ltr'><strong>si</strong></span> <span class='ocrx_word' id='word_1_500' title='bbox 1017 3466 1132 3503; x_wconf 81' lang='lat' dir='ltr'><strong>vere</strong></span> <span class='ocrx_word' id='word_1_501' title='bbox 1171 3449 1337 3503; x_wconf 85' lang='lat' dir='ltr'><strong>Deum</strong></span> <span class='ocrx_word' id='word_1_502' title='bbox 1373 3455 1608 3519; x_wconf 65' lang='lat' dir='ltr'><strong>qua’rat,</strong></span> <span class='ocrx_word' id='word_1_503' title='bbox 1648 3447 1694 3499; x_wconf 86' lang='lat' dir='ltr'><strong>si</strong></span> <span class='ocrx_word' id='word_1_504' title='bbox 1736 3445 1987 3498; x_wconf 86' lang='lat' dir='ltr'><strong>sollicitus</strong></span> <span class='ocrx_word' id='word_1_505' title='bbox 2025 3453 2100 3497; x_wconf 80' lang='lat' dir='ltr'><strong>est</strong></span> 
     </span>
    </p>
   </div>
   <div class='ocr_carea' id='block_1_68' title="bbox 523 3533 2104 3611">
    <p class='ocr_par' dir='ltr' id='par_1_68' title="bbox 523 3533 2104 3611">
     <span class='ocr_line' id='line_1_68' title="bbox 523 3533 2104 3611; baseline -0.006 -16"><span class='ocrx_word' id='word_1_506' title='bbox 523 3541 592 3595; x_wconf 87' lang='lat' dir='ltr'><strong>ad</strong></span> <span class='ocrx_word' id='word_1_507' title='bbox 629 3557 756 3611; x_wconf 83' lang='lat' dir='ltr'><strong>opus</strong></span> <span class='ocrx_word' id='word_1_508' title='bbox 786 3539 896 3601; x_wconf 86' lang='lat' dir='ltr'><strong>Dei,</strong></span> <span class='ocrx_word' id='word_1_509' title='bbox 926 3539 996 3594; x_wconf 85' lang='lat' dir='ltr'><strong>ad</strong></span> <span class='ocrx_word' id='word_1_510' title='bbox 1027 3539 1392 3602; x_wconf 85' lang='lat' dir='ltr'><strong>obedientiam,</strong></span> <span class='ocrx_word' id='word_1_511' title='bbox 1425 3537 1495 3589; x_wconf 88' lang='lat' dir='ltr'><strong>ad</strong></span> <span class='ocrx_word' id='word_1_512' title='bbox 1532 3535 1829 3605; x_wconf 82' lang='lat' dir='ltr'><strong>opprobria.</strong></span> <span class='ocrx_word' id='word_1_513' title='bbox 1871 3533 1930 3587; x_wconf 88' lang='lat' dir='ltr'><strong>Si</strong></span> <span class='ocrx_word' id='word_1_514' title='bbox 1959 3533 2104 3588; x_wconf 87' lang='lat' dir='ltr'><strong>solli-</strong></span> 
     </span>
    </p>
   </div>
   <div class='ocr_carea' id='block_1_69' title="bbox 523 3626 2099 3701">
    <p class='ocr_par' dir='ltr' id='par_1_69' title="bbox 523 3626 2099 3701">
     <span class='ocr_line' id='line_1_69' title="bbox 523 3626 2099 3701; baseline -0.007 -13"><span class='ocrx_word' id='word_1_515' title='bbox 523 3635 665 3688; x_wconf 81' lang='lat' dir='ltr'><strong>citus</strong></span> <span class='ocrx_word' id='word_1_516' title='bbox 697 3641 781 3688; x_wconf 90' lang='lat' dir='ltr'><strong>est</strong></span> <span class='ocrx_word' id='word_1_517' title='bbox 809 3632 876 3686; x_wconf 89' lang='lat' dir='ltr'><strong>ad</strong></span> <span class='ocrx_word' id='word_1_518' title='bbox 911 3646 1046 3701; x_wconf 80' lang='lat' dir='ltr'><strong>Opus</strong></span> <span class='ocrx_word' id='word_1_519' title='bbox 1072 3631 1164 3685; x_wconf 92' lang='lat' dir='ltr'><strong>Dei</strong></span> <span class='ocrx_word' id='word_1_520' title='bbox 1201 3631 1352 3694; x_wconf 88' lang='lat' dir='ltr'><strong>dicit,</strong></span> <span class='ocrx_word' id='word_1_521' title='bbox 1391 3629 1444 3682; x_wconf 92' lang='lat' dir='ltr'><strong>id</strong></span> <span class='ocrx_word' id='word_1_522' title='bbox 1478 3635 1582 3692; x_wconf 85' lang='lat' dir='ltr'><strong>est,</strong></span> <span class='ocrx_word' id='word_1_523' title='bbox 1617 3626 1686 3680; x_wconf 85' lang='lat' dir='ltr'><strong>ad</strong></span> <span class='ocrx_word' id='word_1_524' title='bbox 1719 3641 1784 3680; x_wconf 87' lang='lat' dir='ltr'><strong>ea</strong></span> <span class='ocrx_word' id='word_1_525' title='bbox 1813 3640 1932 3693; x_wconf 71' lang='lat' dir='ltr'><strong>qua:</strong></span> <span class='ocrx_word' id='word_1_526' title='bbox 1971 3640 2099 3693; x_wconf 85' lang='lat' dir='ltr'><strong>pro-</strong></span> 
     </span>
    </p>
   </div>
   <div class='ocr_carea' id='block_1_70' title="bbox 520 3715 2098 3794">
    <p class='ocr_par' dir='ltr' id='par_1_70' title="bbox 520 3715 2098 3794">
     <span class='ocr_line' id='line_1_70' title="bbox 520 3715 2098 3794; baseline -0.008 -16"><span class='ocrx_word' id='word_1_527' title='bbox 520 3725 641 3794; x_wconf 73' lang='lat' dir='ltr'><strong>prie</strong></span> <span class='ocrx_word' id='word_1_528' title='bbox 679 3724 746 3778; x_wconf 87' lang='lat' dir='ltr'><strong>ad</strong></span> <span class='ocrx_word' id='word_1_529' title='bbox 781 3724 951 3776; x_wconf 87' lang='lat' dir='ltr'><strong>Deum</strong></span> <span class='ocrx_word' id='word_1_530' title='bbox 1009 3723 1302 3791; x_wconf 88' lang='lat' dir='ltr'><strong>pertinent,</strong></span> <span class='ocrx_word' id='word_1_531' title='bbox 1350 3718 1600 3772; x_wconf 78' lang='lat' dir='ltr'><strong>videlicet</strong></span> <span class='ocrx_word' id='word_1_532' title='bbox 1653 3715 1722 3771; x_wconf 89' lang='lat' dir='ltr'><strong>ad</strong></span> <span class='ocrx_word' id='word_1_533' title='bbox 1774 3716 2098 3777; x_wconf 82' lang='lat' dir='ltr'><strong>orationem,</strong></span> 
     </span>
    </p>
   </div>
   <div class='ocr_carea' id='block_1_71' title="bbox 527 3807 2103 3877">
    <p class='ocr_par' dir='ltr' id='par_1_71' title="bbox 527 3807 2103 3877">
     <span class='ocr_line' id='line_1_71' title="bbox 527 3807 2103 3877; baseline -0.004 -11"><span class='ocrx_word' id='word_1_534' title='bbox 527 3813 596 3867; x_wconf 85' lang='lat' dir='ltr'><strong>ad</strong></span> <span class='ocrx_word' id='word_1_535' title='bbox 625 3811 917 3868; x_wconf 86' lang='lat' dir='ltr'><strong>lectionem</strong></span> <span class='ocrx_word' id='word_1_536' title='bbox 943 3810 1202 3873; x_wconf 82' lang='lat' dir='ltr'><strong>divinam,</strong></span> <span class='ocrx_word' id='word_1_537' title='bbox 1230 3808 1298 3862; x_wconf 92' lang='lat' dir='ltr'><strong>ad</strong></span> <span class='ocrx_word' id='word_1_538' title='bbox 1324 3807 1532 3877; x_wconf 78' lang='lat' dir='ltr'><strong>vigilias</strong></span> <span class='ocrx_word' id='word_1_539' title='bbox 1560 3812 1854 3859; x_wconf 88' lang='lat' dir='ltr'><strong>nocturnas</strong></span> <span class='ocrx_word' id='word_1_540' title='bbox 1886 3820 2103 3859; x_wconf 87' lang='lat' dir='ltr'><strong>cursus-</strong></span> 
     </span>
    </p>
   </div>
   <div class='ocr_carea' id='block_1_72' title="bbox 527 3890 2096 3970">
    <p class='ocr_par' dir='ltr' id='par_1_72' title="bbox 527 3890 2096 3970">
     <span class='ocr_line' id='line_1_72' title="bbox 527 3890 2096 3970; baseline -0.007 -15"><span class='ocrx_word' id='word_1_541' title='bbox 527 3914 633 3970; x_wconf 88' lang='lat' dir='ltr'><strong>que</strong></span> <span class='ocrx_word' id='word_1_542' title='bbox 661 3900 908 3964; x_wconf 86' lang='lat' dir='ltr'><strong>diurnos,</strong></span> <span class='ocrx_word' id='word_1_543' title='bbox 934 3900 1000 3952; x_wconf 84' lang='lat' dir='ltr'><strong>ad</strong></span> <span class='ocrx_word' id='word_1_544' title='bbox 1023 3895 1286 3965; x_wconf 84' lang='lat' dir='ltr'><strong>jejunium</strong></span> <span class='ocrx_word' id='word_1_545' title='bbox 1313 3903 1368 3948; x_wconf 83' lang='lat' dir='ltr'><strong>et</strong></span> <span class='ocrx_word' id='word_1_546' title='bbox 1395 3908 1553 3948; x_wconf 89' lang='lat' dir='ltr'><strong>omne</strong></span> <span class='ocrx_word' id='word_1_547' title='bbox 1583 3892 1822 3947; x_wconf 81' lang='lat' dir='ltr'><strong>divinum</strong></span> <span class='ocrx_word' id='word_1_548' title='bbox 1845 3890 2096 3946; x_wconf 80' lang='lat' dir='ltr'><strong>cilicium.</strong></span> 
     </span>
    </p>
   </div>
   <div class='ocr_carea' id='block_1_73' title="bbox 523 3981 2099 4054">
    <p class='ocr_par' dir='ltr' id='par_1_73' title="bbox 523 3981 2099 4054">
     <span class='ocr_line' id='line_1_73' title="bbox 523 3981 2099 4054; baseline -0.008 -9"><span class='ocrx_word' id='word_1_549' title='bbox 523 3989 608 4044; x_wconf 85' lang='lat' dir='ltr'><strong>Ad</strong></span> <span class='ocrx_word' id='word_1_550' title='bbox 653 3988 1015 4044; x_wconf 85' lang='lat' dir='ltr'><strong>obedientiam</strong></span> <span class='ocrx_word' id='word_1_551' title='bbox 1063 3985 1233 4050; x_wconf 89' lang='lat' dir='ltr'><strong>dicit,</strong></span> <span class='ocrx_word' id='word_1_552' title='bbox 1288 3983 1414 4054; x_wconf 89' lang='lat' dir='ltr'><strong>quia</strong></span> <span class='ocrx_word' id='word_1_553' title='bbox 1460 3982 1644 4036; x_wconf 87' lang='lat' dir='ltr'><strong>melior</strong></span> <span class='ocrx_word' id='word_1_554' title='bbox 1687 3991 1763 4035; x_wconf 85' lang='lat' dir='ltr'><strong>est</strong></span> <span class='ocrx_word' id='word_1_555' title='bbox 1812 3981 2099 4034; x_wconf 82' lang='lat' dir='ltr'><strong>obedientia</strong></span> 
     </span>
    </p>
   </div>
   <div class='ocr_carea' id='block_1_74' title="bbox 525 4072 2100 4151">
    <p class='ocr_par' dir='ltr' id='par_1_74' title="bbox 525 4072 2100 4151">
     <span class='ocr_line' id='line_1_74' title="bbox 525 4072 2100 4151; baseline -0.006 -17"><span class='ocrx_word' id='word_1_556' title='bbox 525 4097 684 4151; x_wconf 82' lang='lat' dir='ltr'><strong>quant</strong></span> <span class='ocrx_word' id='word_1_557' title='bbox 732 4079 963 4132; x_wconf 83' lang='lat' dir='ltr'><strong>uictima.</strong></span> <span class='ocrx_word' id='word_1_558' title='bbox 1013 4077 1094 4131; x_wconf 81' lang='lat' dir='ltr'><strong>Ad</strong></span> <span class='ocrx_word' id='word_1_559' title='bbox 1141 4074 1465 4144; x_wconf 80' lang='lat' dir='ltr'><strong>opprobria,</strong></span> <span class='ocrx_word' id='word_1_560' title='bbox 1501 4073 1659 4138; x_wconf 84' lang='lat' dir='ltr'><strong>dicit,</strong></span> <span class='ocrx_word' id='word_1_561' title='bbox 1699 4079 1770 4126; x_wconf 88' lang='lat' dir='ltr'><strong>ut</strong></span> <span class='ocrx_word' id='word_1_562' title='bbox 1811 4072 1856 4126; x_wconf 89' lang='lat' dir='ltr'><strong>si</strong></span> <span class='ocrx_word' id='word_1_563' title='bbox 1893 4072 2100 4127; x_wconf 81' lang='lat' dir='ltr'><strong>venerit</strong></span> 
     </span>
    </p>
   </div>
   <div class='ocr_carea' id='block_1_75' title="bbox 524 4161 2102 4241">
    <p class='ocr_par' dir='ltr' id='par_1_75' title="bbox 524 4161 2102 4241">
     <span class='ocr_line' id='line_1_75' title="bbox 524 4161 2102 4241; baseline -0.005 -17"><span class='ocrx_word' id='word_1_564' title='bbox 524 4186 628 4241; x_wconf 89' lang='lat' dir='ltr'><strong>pro</strong></span> <span class='ocrx_word' id='word_1_565' title='bbox 679 4170 897 4224; x_wconf 86' lang='lat' dir='ltr'><strong>nomine</strong></span> <span class='ocrx_word' id='word_1_566' title='bbox 940 4167 1166 4230; x_wconf 88' lang='lat' dir='ltr'><strong>Christi,</strong></span> <span class='ocrx_word' id='word_1_567' title='bbox 1211 4165 1478 4234; x_wconf 86' lang='lat' dir='ltr'><strong>patienter</strong></span> <span class='ocrx_word' id='word_1_568' title='bbox 1523 4178 1585 4217; x_wconf 90' lang='lat' dir='ltr'><strong>ea</strong></span> <span class='ocrx_word' id='word_1_569' title='bbox 1613 4161 1817 4217; x_wconf 86' lang='lat' dir='ltr'><strong>toleret.</strong></span> <span class='ocrx_word' id='word_1_570' title='bbox 1873 4161 1952 4216; x_wconf 83' lang='lat' dir='ltr'><strong>De</strong></span> <span class='ocrx_word' id='word_1_571' title='bbox 1997 4162 2102 4216; x_wconf 83' lang='lat' dir='ltr'><strong>hoc</strong></span> 
     </span>
    </p>
   </div>
   <div class='ocr_carea' id='block_1_76' title="bbox 525 4250 2100 4316">
    <p class='ocr_par' dir='ltr' id='par_1_76' title="bbox 525 4250 2100 4316">
     <span class='ocr_line' id='line_1_76' title="bbox 525 4250 2100 4316; baseline -0.008 0"><span class='ocrx_word' id='word_1_572' title='bbox 525 4264 716 4316; x_wconf 47' lang='lat' dir='ltr'><strong>l‘eatus</strong></span> <span class='ocrx_word' id='word_1_573' title='bbox 739 4259 1067 4313; x_wconf 86' lang='lat' dir='ltr'><strong>Fructuosus</strong></span> <span class='ocrx_word' id='word_1_574' title='bbox 1111 4257 1188 4310; x_wconf 89' lang='lat' dir='ltr'><strong>ait</strong></span> <span class='ocrx_word' id='word_1_575' title='bbox 1233 4272 1248 4308; x_wconf 90' lang='lat'><strong>:</strong></span> <span class='ocrx_word' id='word_1_576' title='bbox 1295 4254 1625 4309; x_wconf 87' lang='lat' dir='ltr'><strong>Conversum</strong></span> <span class='ocrx_word' id='word_1_577' title='bbox 1669 4253 1735 4306; x_wconf 90' lang='lat' dir='ltr'><strong>de</strong></span> <span class='ocrx_word' id='word_1_578' title='bbox 1780 4250 1994 4314; x_wconf 67' lang='lat' dir='ltr'><strong>smculo,</strong></span> <span class='ocrx_word' id='word_1_579' title='bbox 2041 4257 2100 4304; x_wconf 89' lang='lat' dir='ltr'><strong>ut</strong></span> 
     </span>
    </p>
   </div>
   <div class='ocr_carea' id='block_1_77' title="bbox 525 4342 2096 4413">
    <p class='ocr_par' dir='ltr' id='par_1_77' title="bbox 525 4342 2096 4413">
     <span class='ocr_line' id='line_1_77' title="bbox 525 4342 2096 4413; baseline -0.009 -6"><span class='ocrx_word' id='word_1_580' title='bbox 525 4353 748 4407; x_wconf 82' lang='lat' dir='ltr'><strong>Patrum</strong></span> <span class='ocrx_word' id='word_1_581' title='bbox 805 4351 1023 4406; x_wconf 88' lang='lat' dir='ltr'><strong>decreta</strong></span> <span class='ocrx_word' id='word_1_582' title='bbox 1083 4348 1300 4411; x_wconf 87' lang='lat' dir='ltr'><strong>docent,</strong></span> <span class='ocrx_word' id='word_1_583' title='bbox 1352 4361 1460 4400; x_wconf 89' lang='lat' dir='ltr'><strong>non</strong></span> <span class='ocrx_word' id='word_1_584' title='bbox 1515 4343 1936 4413; x_wconf 88' lang='lat' dir='ltr'><strong>suscipiendum,</strong></span> <span class='ocrx_word' id='word_1_585' title='bbox 1992 4342 2096 4395; x_wconf 87' lang='lat' dir='ltr'><strong>nisi</strong></span> 
     </span>
    </p>
   </div>
   <div class='ocr_carea' id='block_1_78' title="bbox 522 4436 2098 4514">
    <p class='ocr_par' dir='ltr' id='par_1_78' title="bbox 522 4436 2098 4514">
     <span class='ocr_line' id='line_1_78' title="bbox 522 4436 2098 4514; baseline -0.007 -15"><span class='ocrx_word' id='word_1_586' title='bbox 522 4445 678 4514; x_wconf 74' lang='lat' dir='ltr'><strong>prius</strong></span> <span class='ocrx_word' id='word_1_587' title='bbox 713 4443 1143 4513; x_wconf 77' lang='lat' dir='ltr'><strong>experimentum</strong></span> <span class='ocrx_word' id='word_1_588' title='bbox 1185 4440 1266 4494; x_wconf 90' lang='lat' dir='ltr'><strong>sui</strong></span> <span class='ocrx_word' id='word_1_589' title='bbox 1313 4439 1364 4492; x_wconf 88' lang='lat' dir='ltr'><strong>in</strong></span> <span class='ocrx_word' id='word_1_590' title='bbox 1405 4452 1566 4506; x_wconf 84' lang='lat' dir='ltr'><strong>opere</strong></span> <span class='ocrx_word' id='word_1_591' title='bbox 1609 4445 1667 4492; x_wconf 91' lang='lat' dir='ltr'><strong>et</strong></span> <span class='ocrx_word' id='word_1_592' title='bbox 1711 4436 1960 4505; x_wconf 86' lang='lat' dir='ltr'><strong>penuria,</strong></span> <span class='ocrx_word' id='word_1_593' title='bbox 2003 4450 2098 4503; x_wconf 86' lang='lat' dir='ltr'><strong>op-</strong></span> 
     </span>
    </p>
   </div>
   <div class='ocr_carea' id='block_1_79' title="bbox 524 4524 2102 4602">
    <p class='ocr_par' dir='ltr' id='par_1_79' title="bbox 524 4524 2102 4602">
     <span class='ocr_line' id='line_1_79' title="bbox 524 4524 2102 4602; baseline -0.007 -13"><span class='ocrx_word' id='word_1_594' title='bbox 524 4533 761 4602; x_wconf 82' lang='lat' dir='ltr'><strong>probriis</strong></span> <span class='ocrx_word' id='word_1_595' title='bbox 797 4532 1006 4587; x_wconf 83' lang='lat' dir='ltr'><strong>dederit</strong></span> <span class='ocrx_word' id='word_1_596' title='bbox 1030 4529 1377 4585; x_wconf 84' lang='lat' dir='ltr'><strong>etconviciis.</strong></span> <span class='ocrx_word' id='word_1_597' title='bbox 1406 4527 1543 4582; x_wconf 82' lang='lat' dir='ltr'><strong>Hinc</strong></span> <span class='ocrx_word' id='word_1_598' title='bbox 1567 4536 1623 4582; x_wconf 90' lang='lat' dir='ltr'><strong>et</strong></span> <span class='ocrx_word' id='word_1_599' title='bbox 1653 4526 1842 4581; x_wconf 87' lang='lat' dir='ltr'><strong>beatus</strong></span> <span class='ocrx_word' id='word_1_600' title='bbox 1874 4524 2102 4579; x_wconf 87' lang='lat' dir='ltr'><strong>Basilius</strong></span> 
     </span>
    </p>
   </div>
   <div class='ocr_carea' id='block_1_80' title="bbox 527 4615 2102 4691">
    <p class='ocr_par' dir='ltr' id='par_1_80' title="bbox 527 4615 2102 4691">
     <span class='ocr_line' id='line_1_80' title="bbox 527 4615 2102 4691; baseline -0.005 -15"><span class='ocrx_word' id='word_1_601' title='bbox 527 4623 604 4676; x_wconf 80' lang='lat' dir='ltr'><strong>ait</strong></span> <span class='ocrx_word' id='word_1_602' title='bbox 653 4641 665 4676; x_wconf 90' lang='lat'><strong>:</strong></span> <span class='ocrx_word' id='word_1_603' title='bbox 709 4621 1030 4691; x_wconf 86' lang='lat' dir='ltr'><strong>Priusquam</strong></span> <span class='ocrx_word' id='word_1_604' title='bbox 1075 4620 1310 4673; x_wconf 87' lang='lat' dir='ltr'><strong>novitius</strong></span> <span class='ocrx_word' id='word_1_605' title='bbox 1359 4619 1574 4688; x_wconf 86' lang='lat' dir='ltr'><strong>corpori</strong></span> <span class='ocrx_word' id='word_1_606' title='bbox 1614 4616 1975 4672; x_wconf 77' lang='lat' dir='ltr'><strong>fraternitatis</strong></span> <span class='ocrx_word' id='word_1_607' title='bbox 2021 4615 2102 4669; x_wconf 90' lang='lat' dir='ltr'><strong>iu-</strong></span> 
     </span>
    </p>
   </div>
   <div class='ocr_carea' id='block_1_81' title="bbox 531 4709 2098 4783">
    <p class='ocr_par' dir='ltr' id='par_1_81' title="bbox 531 4709 2098 4783">
     <span class='ocr_line' id='line_1_81' title="bbox 531 4709 2098 4783; baseline -0.006 -15"><span class='ocrx_word' id='word_1_608' title='bbox 531 4722 764 4780; x_wconf 87' lang='lat' dir='ltr'><strong>seratur,</strong></span> <span class='ocrx_word' id='word_1_609' title='bbox 796 4720 1008 4783; x_wconf 89' lang='lat' dir='ltr'><strong>oportet</strong></span> <span class='ocrx_word' id='word_1_610' title='bbox 1035 4713 1084 4765; x_wconf 89' lang='lat' dir='ltr'><strong>ei</strong></span> <span class='ocrx_word' id='word_1_611' title='bbox 1131 4709 1331 4780; x_wconf 87' lang='lat' dir='ltr'><strong>injungi</strong></span> <span class='ocrx_word' id='word_1_612' title='bbox 1355 4710 1598 4778; x_wconf 67' lang='lat' dir='ltr'><strong>quaedam</strong></span> <span class='ocrx_word' id='word_1_613' title='bbox 1623 4709 1890 4763; x_wconf 88' lang='lat' dir='ltr'><strong>laboriosa</strong></span> <span class='ocrx_word' id='word_1_614' title='bbox 1915 4721 2098 4775; x_wconf 85' lang='lat' dir='ltr'><strong>opera,</strong></span> 
     </span>
    </p>
   </div>
   <div class='ocr_carea' id='block_1_82' title="bbox 525 4796 2099 4872">
    <p class='ocr_par' dir='ltr' id='par_1_82' title="bbox 525 4796 2099 4872">
     <span class='ocr_line' id='line_1_82' title="bbox 525 4796 2099 4872; baseline -0.007 -14"><span class='ocrx_word' id='word_1_615' title='bbox 525 4813 586 4858; x_wconf 82' lang='lat' dir='ltr'><strong>et</strong></span> <span class='ocrx_word' id='word_1_616' title='bbox 632 4819 751 4872; x_wconf 67' lang='lat' dir='ltr'><strong>quae</strong></span> <span class='ocrx_word' id='word_1_617' title='bbox 791 4805 1074 4858; x_wconf 88' lang='lat' dir='ltr'><strong>videantur</strong></span> <span class='ocrx_word' id='word_1_618' title='bbox 1121 4802 1318 4856; x_wconf 82' lang='lat' dir='ltr'><strong>habere</strong></span> <span class='ocrx_word' id='word_1_619' title='bbox 1360 4799 1667 4868; x_wconf 87' lang='lat' dir='ltr'><strong>opprobria,</strong></span> <span class='ocrx_word' id='word_1_620' title='bbox 1717 4805 1773 4851; x_wconf 91' lang='lat' dir='ltr'><strong>et</strong></span> <span class='ocrx_word' id='word_1_621' title='bbox 1819 4796 2099 4852; x_wconf 89' lang='lat' dir='ltr'><strong>observari</strong></span> 
     </span>
    </p>
   </div>
   <div class='ocr_carea' id='block_1_83' title="bbox 527 4887 2098 4962">
    <p class='ocr_par' dir='ltr' id='par_1_83' title="bbox 527 4887 2098 4962">
     <span class='ocr_line' id='line_1_83' title="bbox 527 4887 2098 4962; baseline -0.004 -14"><span class='ocrx_word' id='word_1_622' title='bbox 527 4900 743 4962; x_wconf 88' lang='lat' dir='ltr'><strong>oportet</strong></span> <span class='ocrx_word' id='word_1_623' title='bbox 786 4894 834 4948; x_wconf 85' lang='lat' dir='ltr'><strong>si</strong></span> <span class='ocrx_word' id='word_1_624' title='bbox 873 4893 1103 4948; x_wconf 79' lang='lat' dir='ltr'><strong>libenter</strong></span> <span class='ocrx_word' id='word_1_625' title='bbox 1140 4893 1256 4947; x_wconf 74' lang='lat' dir='ltr'><strong>hanc</strong></span> <span class='ocrx_word' id='word_1_626' title='bbox 1295 4905 1360 4946; x_wconf 85' lang='lat' dir='ltr'><strong>ac</strong></span> <span class='ocrx_word' id='word_1_627' title='bbox 1399 4888 1719 4944; x_wconf 86' lang='lat' dir='ltr'><strong>ﬁducialiter</strong></span> <span class='ocrx_word' id='word_1_628' title='bbox 1758 4887 1988 4957; x_wconf 77' lang='lat' dir='ltr'><strong>expleat,</strong></span> <span class='ocrx_word' id='word_1_629' title='bbox 2030 4903 2098 4942; x_wconf 89' lang='lat' dir='ltr'><strong>ne</strong></span> 
     </span>
    </p>
   </div>
   <div class='ocr_carea' id='block_1_84' title="bbox 527 4976 2096 5049">
    <p class='ocr_par' dir='ltr' id='par_1_84' title="bbox 527 4976 2096 5049">
     <span class='ocr_line' id='line_1_84' title="bbox 527 4976 2096 5049; baseline -0.004 -13"><span class='ocrx_word' id='word_1_630' title='bbox 527 4980 897 5036; x_wconf 82' lang='lat' dir='ltr'><strong>confusionem</strong></span> <span class='ocrx_word' id='word_1_631' title='bbox 946 4997 1133 5037; x_wconf 86' lang='lat' dir='ltr'><strong>eorum</strong></span> <span class='ocrx_word' id='word_1_632' title='bbox 1173 4980 1411 5049; x_wconf 78' lang='lat' dir='ltr'><strong>graviter</strong></span> <span class='ocrx_word' id='word_1_633' title='bbox 1449 4976 1610 5042; x_wconf 88' lang='lat' dir='ltr'><strong>ferat,</strong></span> <span class='ocrx_word' id='word_1_634' title='bbox 1637 4977 1722 5031; x_wconf 83' lang='lat' dir='ltr'><strong>vel</strong></span> <span class='ocrx_word' id='word_1_635' title='bbox 1759 4978 1922 5031; x_wconf 87' lang='lat' dir='ltr'><strong>etiam</strong></span> <span class='ocrx_word' id='word_1_636' title='bbox 1961 4977 2009 5032; x_wconf 91' lang='lat' dir='ltr'><strong>si</strong></span> <span class='ocrx_word' id='word_1_637' title='bbox 2044 4978 2096 5031; x_wconf 90' lang='lat' dir='ltr'><strong>iu</strong></span> 
     </span>
    </p>
   </div>
   <div class='ocr_carea' id='block_1_85' title="bbox 527 5069 1701 5140">
    <p class='ocr_par' dir='ltr' id='par_1_85' title="bbox 527 5069 1701 5140">
     <span class='ocr_line' id='line_1_85' title="bbox 527 5069 1701 5140; baseline -0.003 -16"><span class='ocrx_word' id='word_1_638' title='bbox 527 5069 718 5125; x_wconf 84' lang='lat' dir='ltr'><strong>labore</strong></span> <span class='ocrx_word' id='word_1_639' title='bbox 745 5071 970 5140; x_wconf 79' lang='lat' dir='ltr'><strong>impiger</strong></span> <span class='ocrx_word' id='word_1_640' title='bbox 1001 5071 1306 5126; x_wconf 88' lang='lat' dir='ltr'><strong>inveniatur</strong></span> <span class='ocrx_word' id='word_1_641' title='bbox 1328 5078 1383 5125; x_wconf 90' lang='lat' dir='ltr'><strong>et</strong></span> <span class='ocrx_word' id='word_1_642' title='bbox 1407 5076 1701 5140; x_wconf 87' lang='lat' dir='ltr'><strong>promptus.</strong></span> 
     </span>
    </p>
   </div>
   <div class='ocr_carea' id='block_1_86' title="bbox 604 5160 2104 5230">
    <p class='ocr_par' dir='ltr' id='par_1_86' title="bbox 604 5160 2104 5230">
     <span class='ocr_line' id='line_1_86' title="bbox 604 5160 2104 5230; baseline -0.002 -15"><span class='ocrx_word' id='word_1_643' title='bbox 604 5160 968 5216; x_wconf 67' lang='lat' dir='ltr'><strong>Praedicentur</strong></span> <span class='ocrx_word' id='word_1_644' title='bbox 990 5167 1038 5215; x_wconf 86' lang='lat' dir='ltr'><strong>ei</strong></span> <span class='ocrx_word' id='word_1_645' title='bbox 1057 5163 1232 5216; x_wconf 88' lang='lat' dir='ltr'><strong>omnia</strong></span> <span class='ocrx_word' id='word_1_646' title='bbox 1265 5163 1400 5215; x_wconf 88' lang='lat' dir='ltr'><strong>dura</strong></span> <span class='ocrx_word' id='word_1_647' title='bbox 1435 5170 1482 5215; x_wconf 86' lang='lat' dir='ltr'><strong>et</strong></span> <span class='ocrx_word' id='word_1_648' title='bbox 1512 5175 1720 5230; x_wconf 85' lang='lat' dir='ltr'><strong>aspera,</strong></span> <span class='ocrx_word' id='word_1_649' title='bbox 1746 5171 1838 5228; x_wconf 85' lang='lat' dir='ltr'><strong>per</strong></span> <span class='ocrx_word' id='word_1_650' title='bbox 1859 5175 1977 5229; x_wconf 70' lang='lat' dir='ltr'><strong>quae</strong></span> <span class='ocrx_word' id='word_1_651' title='bbox 1997 5160 2104 5212; x_wconf 88' lang='lat' dir='ltr'><strong>itur</strong></span> 
     </span>
    </p>
   </div>
   <div class='ocr_carea' id='block_1_87' title="bbox 530 5249 2100 5320">
    <p class='ocr_par' dir='ltr' id='par_1_87' title="bbox 530 5249 2100 5320">
     <span class='ocr_line' id='line_1_87' title="bbox 530 5249 2100 5320; baseline -0.001 -13"><span class='ocrx_word' id='word_1_652' title='bbox 530 5252 603 5308; x_wconf 85' lang='lat' dir='ltr'><strong>ad</strong></span> <span class='ocrx_word' id='word_1_653' title='bbox 624 5251 813 5307; x_wconf 81' lang='lat' dir='ltr'><strong>Deum.</strong></span> <span class='ocrx_word' id='word_1_654' title='bbox 856 5249 1224 5306; x_wconf 73' lang='lat' dir='ltr'><strong>Pmdicentur</strong></span> <span class='ocrx_word' id='word_1_655' title='bbox 1251 5252 1300 5308; x_wconf 92' lang='lat' dir='ltr'><strong>ei</strong></span> <span class='ocrx_word' id='word_1_656' title='bbox 1335 5251 1471 5306; x_wconf 89' lang='lat' dir='ltr'><strong>dura</strong></span> <span class='ocrx_word' id='word_1_657' title='bbox 1500 5251 1646 5314; x_wconf 88' lang='lat' dir='ltr'><strong>dicit,</strong></span> <span class='ocrx_word' id='word_1_658' title='bbox 1677 5250 1731 5305; x_wconf 92' lang='lat' dir='ltr'><strong>id</strong></span> <span class='ocrx_word' id='word_1_659' title='bbox 1762 5259 1869 5315; x_wconf 89' lang='lat' dir='ltr'><strong>est,</strong></span> <span class='ocrx_word' id='word_1_660' title='bbox 1906 5251 2100 5320; x_wconf 82' lang='lat' dir='ltr'><strong>rigida,</strong></span> 
     </span>
    </p>
   </div>
   <div class='ocr_carea' id='block_1_88' title="bbox 532 5336 2100 5407">
    <p class='ocr_par' dir='ltr' id='par_1_88' title="bbox 532 5336 2100 5407">
     <span class='ocr_line' id='line_1_88' title="bbox 532 5336 2100 5407; baseline -0.003 -12"><span class='ocrx_word' id='word_1_661' title='bbox 532 5338 713 5405; x_wconf 85' lang='lat' dir='ltr'><strong>fortia,</strong></span> <span class='ocrx_word' id='word_1_662' title='bbox 758 5337 846 5393; x_wconf 90' lang='lat' dir='ltr'><strong>vel</strong></span> <span class='ocrx_word' id='word_1_663' title='bbox 885 5336 1171 5400; x_wconf 87' lang='lat' dir='ltr'><strong>laboriosa,</strong></span> <span class='ocrx_word' id='word_1_664' title='bbox 1229 5345 1289 5392; x_wconf 88' lang='lat' dir='ltr'><strong>ut</strong></span> <span class='ocrx_word' id='word_1_665' title='bbox 1327 5340 1499 5407; x_wconf 89' lang='lat' dir='ltr'><strong>possit</strong></span> <span class='ocrx_word' id='word_1_666' title='bbox 1550 5340 1730 5395; x_wconf 84' lang='lat' dir='ltr'><strong>dicere</strong></span> <span class='ocrx_word' id='word_1_667' title='bbox 1781 5354 1904 5394; x_wconf 89' lang='lat' dir='ltr'><strong>cum</strong></span> <span class='ocrx_word' id='word_1_668' title='bbox 1948 5339 2100 5394; x_wconf 83' lang='lat' dir='ltr'><strong>Psal-</strong></span> 
     </span>
    </p>
   </div>
   <div class='ocr_carea' id='block_1_89' title="bbox 527 5426 2098 5500">
    <p class='ocr_par' dir='ltr' id='par_1_89' title="bbox 527 5426 2098 5500">
     <span class='ocr_line' id='line_1_89' title="bbox 527 5426 2098 5500; baseline -0.001 -15"><span class='ocrx_word' id='word_1_669' title='bbox 527 5431 695 5490; x_wconf 77' lang='lat' dir='ltr'><strong>snista</strong></span> <span class='ocrx_word' id='word_1_670' title='bbox 724 5443 742 5485; x_wconf 91' lang='lat'><strong>:</strong></span> <span class='ocrx_word' id='word_1_671' title='bbox 772 5426 997 5500; x_wconf 84' lang='lat' dir='ltr'><strong>Propter</strong></span> <span class='ocrx_word' id='word_1_672' title='bbox 1031 5427 1183 5483; x_wconf 73' lang='lat' dir='ltr'><strong>verba</strong></span> <span class='ocrx_word' id='word_1_673' title='bbox 1225 5427 1482 5482; x_wconf 79' lang='lat' dir='ltr'><strong>(abierunt</strong></span> <span class='ocrx_word' id='word_1_674' title='bbox 1534 5439 1744 5484; x_wconf 87' lang='lat' dir='ltr'><strong>tuorum</strong></span> <span class='ocrx_word' id='word_1_675' title='bbox 1789 5447 1881 5500; x_wconf 84' lang='lat' dir='ltr'><strong>ego</strong></span> <span class='ocrx_word' id='word_1_676' title='bbox 1922 5440 2098 5484; x_wconf 83' lang='lat' dir='ltr'><strong>custo-</strong></span> 
     </span>
    </p>
   </div>
   <div class='ocr_carea' id='block_1_90' title="bbox 531 5517 2096 5588">
    <p class='ocr_par' dir='ltr' id='par_1_90' title="bbox 531 5517 2096 5588">
     <span class='ocr_line' id='line_1_90' title="bbox 531 5517 2096 5588; baseline 0 -15"><span class='ocrx_word' id='word_1_677' title='bbox 531 5521 643 5574; x_wconf 81' lang='lat' dir='ltr'><strong>diui</strong></span> <span class='ocrx_word' id='word_1_678' title='bbox 681 5520 792 5575; x_wconf 80' lang='lat' dir='ltr'><strong>uias</strong></span> <span class='ocrx_word' id='word_1_679' title='bbox 829 5519 1012 5573; x_wconf 81' lang='lat' dir='ltr'><strong>duras.</strong></span> <span class='ocrx_word' id='word_1_680' title='bbox 1057 5517 1260 5588; x_wconf 83' lang='lat' dir='ltr'><strong>Aspera</strong></span> <span class='ocrx_word' id='word_1_681' title='bbox 1316 5517 1472 5581; x_wconf 87' lang='lat' dir='ltr'><strong>dicit,</strong></span> <span class='ocrx_word' id='word_1_682' title='bbox 1529 5520 1794 5587; x_wconf 88' lang='lat' dir='ltr'><strong>districta,</strong></span> <span class='ocrx_word' id='word_1_683' title='bbox 1839 5520 2096 5585; x_wconf 87' lang='lat' dir='ltr'><strong>violenta,</strong></span> 
     </span>
    </p>
   </div>
   <div class='ocr_carea' id='block_1_91' title="bbox 538 5609 2100 5680">
    <p class='ocr_par' dir='ltr' id='par_1_91' title="bbox 538 5609 2100 5680">
     <span class='ocr_line' id='line_1_91' title="bbox 538 5609 2100 5680; baseline 0.002 -18"><span class='ocrx_word' id='word_1_684' title='bbox 538 5609 622 5664; x_wconf 81' lang='lat' dir='ltr'><strong>vel</strong></span> <span class='ocrx_word' id='word_1_685' title='bbox 647 5618 793 5665; x_wconf 86' lang='lat' dir='ltr'><strong>arcta</strong></span> <span class='ocrx_word' id='word_1_686' title='bbox 819 5618 874 5666; x_wconf 88' lang='lat' dir='ltr'><strong>et</strong></span> <span class='ocrx_word' id='word_1_687' title='bbox 903 5618 1151 5680; x_wconf 80' lang='lat' dir='ltr'><strong>angusta,</strong></span> <span class='ocrx_word' id='word_1_688' title='bbox 1185 5609 1252 5663; x_wconf 88' lang='lat' dir='ltr'><strong>de</strong></span> <span class='ocrx_word' id='word_1_689' title='bbox 1277 5623 1379 5678; x_wconf 88' lang='lat' dir='ltr'><strong>qua</strong></span> <span class='ocrx_word' id='word_1_690' title='bbox 1409 5609 1700 5665; x_wconf 75' lang='lat' dir='ltr'><strong>Dominus-</strong></span> <span class='ocrx_word' id='word_1_691' title='bbox 1733 5611 1887 5665; x_wconf 75' lang='lat' dir='ltr'><strong>Arcta</strong></span> <span class='ocrx_word' id='word_1_692' title='bbox 1920 5621 1967 5671; x_wconf 85' lang='lat' dir='ltr'><strong>et</strong></span> <span class='ocrx_word' id='word_1_693' title='bbox 2008 5627 2100 5666; x_wconf 86' lang='lat' dir='ltr'><strong>an—</strong></span> 
     </span>
    </p>
   </div>
   <div class='ocr_carea' id='block_1_92' title="bbox 2205 3175 3768 3246">
    <p class='ocr_par' dir='ltr' id='par_1_92' title="bbox 2205 3175 3768 3246">
     <span class='ocr_line' id='line_1_92' title="bbox 2205 3175 3768 3246; baseline 0.004 -17"><span class='ocrx_word' id='word_1_694' title='bbox 2205 3175 2400 3229; x_wconf 87' lang='lat' dir='ltr'><strong>Cbristi</strong></span> <span class='ocrx_word' id='word_1_695' title='bbox 2441 3177 2531 3244; x_wconf 88' lang='lat' dir='ltr'><strong>pia</strong></span> <span class='ocrx_word' id='word_1_696' title='bbox 2569 3185 2624 3232; x_wconf 87' lang='lat' dir='ltr'><strong>et</strong></span> <span class='ocrx_word' id='word_1_697' title='bbox 2659 3177 2859 3232; x_wconf 85' lang='lat' dir='ltr'><strong>salubri</strong></span> <span class='ocrx_word' id='word_1_698' title='bbox 2902 3179 3205 3232; x_wconf 88' lang='lat' dir='ltr'><strong>humilitate</strong></span> <span class='ocrx_word' id='word_1_699' title='bbox 3257 3182 3624 3246; x_wconf 78' lang='lat' dir='ltr'><strong>convertitur,</strong></span> <span class='ocrx_word' id='word_1_700' title='bbox 3675 3183 3768 3236; x_wconf 82' lang='lat' dir='ltr'><strong>nisi</strong></span> 
     </span>
    </p>
   </div>
   <div class='ocr_carea' id='block_1_93' title="bbox 2192 3265 3768 3342">
    <p class='ocr_par' dir='ltr' id='par_1_93' title="bbox 2192 3265 3768 3342">
     <span class='ocr_line' id='line_1_93' title="bbox 2192 3265 3768 3342; baseline 0.002 -24"><span class='ocrx_word' id='word_1_701' title='bbox 2192 3266 2350 3342; x_wconf 80' lang='lat' dir='ltr'><strong>prius</strong></span> <span class='ocrx_word' id='word_1_702' title='bbox 2405 3265 2537 3319; x_wconf 91' lang='lat' dir='ltr'><strong>foris</strong></span> <span class='ocrx_word' id='word_1_703' title='bbox 2597 3267 2804 3336; x_wconf 89' lang='lat' dir='ltr'><strong>positus</strong></span> <span class='ocrx_word' id='word_1_704' title='bbox 2857 3265 2974 3334; x_wconf 90' lang='lat' dir='ltr'><strong>ejus</strong></span> <span class='ocrx_word' id='word_1_705' title='bbox 3023 3267 3299 3322; x_wconf 89' lang='lat' dir='ltr'><strong>humilitas</strong></span> <span class='ocrx_word' id='word_1_706' title='bbox 3353 3271 3468 3323; x_wconf 84' lang='lat' dir='ltr'><strong>sive</strong></span> <span class='ocrx_word' id='word_1_707' title='bbox 3522 3271 3768 3339; x_wconf 81' lang='lat' dir='ltr'><strong>patientia</strong></span> 
     </span>
    </p>
   </div>
   <div class='ocr_carea' id='block_1_94' title="bbox 2199 3356 3768 3429">
    <p class='ocr_par' dir='ltr' id='par_1_94' title="bbox 2199 3356 3768 3429">
     <span class='ocr_line' id='line_1_94' title="bbox 2199 3356 3768 3429; baseline -0.001 -19"><span class='ocrx_word' id='word_1_708' title='bbox 2199 3357 2597 3426; x_wconf 88' lang='lat' dir='ltr'><strong>comprobetur.</strong></span> <span class='ocrx_word' id='word_1_709' title='bbox 2641 3356 2765 3410; x_wconf 88' lang='lat' dir='ltr'><strong>ldeo</strong></span> <span class='ocrx_word' id='word_1_710' title='bbox 2807 3365 2985 3411; x_wconf 91' lang='lat' dir='ltr'><strong>autem</strong></span> <span class='ocrx_word' id='word_1_711' title='bbox 3021 3357 3353 3427; x_wconf 88' lang='lat' dir='ltr'><strong>probationis</strong></span> <span class='ocrx_word' id='word_1_712' title='bbox 3392 3366 3642 3429; x_wconf 86' lang='lat' dir='ltr'><strong>tempore</strong></span> <span class='ocrx_word' id='word_1_713' title='bbox 3680 3361 3768 3412; x_wconf 73' lang='lat' dir='ltr'><strong>sub</strong></span> 
     </span>
    </p>
   </div>
   <div class='ocr_carea' id='block_1_95' title="bbox 2201 3447 3769 3520">
    <p class='ocr_par' dir='ltr' id='par_1_95' title="bbox 2201 3447 3769 3520">
     <span class='ocr_line' id='line_1_95' title="bbox 2201 3447 3769 3520; baseline 0.002 -20"><span class='ocrx_word' id='word_1_714' title='bbox 2201 3447 2410 3501; x_wconf 87' lang='lat' dir='ltr'><strong>abbatis</strong></span> <span class='ocrx_word' id='word_1_715' title='bbox 2453 3447 2679 3514; x_wconf 88' lang='lat' dir='ltr'><strong>imperio</strong></span> <span class='ocrx_word' id='word_1_716' title='bbox 2724 3448 3035 3514; x_wconf 87' lang='lat' dir='ltr'><strong>militamus,</strong></span> <span class='ocrx_word' id='word_1_717' title='bbox 3083 3457 3137 3503; x_wconf 88' lang='lat' dir='ltr'><strong>et</strong></span> <span class='ocrx_word' id='word_1_718' title='bbox 3190 3450 3324 3504; x_wconf 89' lang='lat' dir='ltr'><strong>dura</strong></span> <span class='ocrx_word' id='word_1_719' title='bbox 3376 3457 3431 3504; x_wconf 91' lang='lat' dir='ltr'><strong>et</strong></span> <span class='ocrx_word' id='word_1_720' title='bbox 3476 3467 3670 3520; x_wconf 84' lang='lat' dir='ltr'><strong>aspera</strong></span> <span class='ocrx_word' id='word_1_721' title='bbox 3709 3453 3769 3504; x_wconf 77' lang='lat' dir='ltr'><strong>ab</strong></span> 
     </span>
    </p>
   </div>
   <div class='ocr_carea' id='block_1_96' title="bbox 2201 3537 3773 3611">
    <p class='ocr_par' dir='ltr' id='par_1_96' title="bbox 2201 3537 3773 3611">
     <span class='ocr_line' id='line_1_96' title="bbox 2201 3537 3773 3611; baseline 0.003 -21"><span class='ocrx_word' id='word_1_722' title='bbox 2201 3537 2394 3591; x_wconf 88' lang='lat' dir='ltr'><strong>abbate</strong></span> <span class='ocrx_word' id='word_1_723' title='bbox 2428 3537 2683 3604; x_wconf 74' lang='lat' dir='ltr'><strong>imperata</strong></span> <span class='ocrx_word' id='word_1_724' title='bbox 2719 3547 2995 3607; x_wconf 85' lang='lat' dir='ltr'><strong>gratanter</strong></span> <span class='ocrx_word' id='word_1_725' title='bbox 3031 3548 3328 3608; x_wconf 78' lang='lat' dir='ltr'><strong>portamus,</strong></span> <span class='ocrx_word' id='word_1_726' title='bbox 3370 3549 3432 3594; x_wconf 91' lang='lat' dir='ltr'><strong>ut</strong></span> <span class='ocrx_word' id='word_1_727' title='bbox 3469 3551 3597 3611; x_wconf 90' lang='lat' dir='ltr'><strong>post</strong></span> <span class='ocrx_word' id='word_1_728' title='bbox 3629 3557 3773 3611; x_wconf 86' lang='lat' dir='ltr'><strong>pere-</strong></span> 
     </span>
    </p>
   </div>
   <div class='ocr_carea' id='block_1_97' title="bbox 2201 3627 3772 3702">
    <p class='ocr_par' dir='ltr' id='par_1_97' title="bbox 2201 3627 3772 3702">
     <span class='ocr_line' id='line_1_97' title="bbox 2201 3627 3772 3702; baseline 0.003 -22"><span class='ocrx_word' id='word_1_729' title='bbox 2201 3627 2554 3697; x_wconf 76' lang='lat' dir='ltr'><strong>grinationem</strong></span> <span class='ocrx_word' id='word_1_730' title='bbox 2595 3628 2720 3682; x_wconf 73' lang='lat' dir='ltr'><strong>vita:</strong></span> <span class='ocrx_word' id='word_1_731' title='bbox 2763 3627 2919 3695; x_wconf 88' lang='lat' dir='ltr'><strong>hujus</strong></span> <span class='ocrx_word' id='word_1_732' title='bbox 2962 3644 3087 3684; x_wconf 91' lang='lat' dir='ltr'><strong>cum</strong></span> <span class='ocrx_word' id='word_1_733' title='bbox 3125 3630 3623 3702; x_wconf 72' lang='lat' dir='ltr'><strong>Domino‘reguare</strong></span> <span class='ocrx_word' id='word_1_734' title='bbox 3668 3645 3772 3684; x_wconf 84' lang='lat' dir='ltr'><strong>mc-</strong></span> 
     </span>
    </p>
   </div>
   <div class='ocr_carea' id='block_1_98' title="bbox 2201 3716 3774 3793">
    <p class='ocr_par' dir='ltr' id='par_1_98' title="bbox 2201 3716 3774 3793">
     <span class='ocr_line' id='line_1_98' title="bbox 2201 3716 3774 3793; baseline 0.003 -25"><span class='ocrx_word' id='word_1_735' title='bbox 2201 3731 2436 3770; x_wconf 90' lang='lat' dir='ltr'><strong>reamur.</strong></span> <span class='ocrx_word' id='word_1_736' title='bbox 2483 3716 2638 3782; x_wconf 83' lang='lat' dir='ltr'><strong>Quod</strong></span> <span class='ocrx_word' id='word_1_737' title='bbox 2677 3726 2855 3793; x_wconf 79' lang='lat' dir='ltr'><strong>autem</strong></span> <span class='ocrx_word' id='word_1_738' title='bbox 2897 3718 3046 3780; x_wconf 90' lang='lat' dir='ltr'><strong>dicit,</strong></span> <span class='ocrx_word' id='word_1_739' title='bbox 3078 3728 3200 3773; x_wconf 86' lang='lat' dir='ltr'><strong>tunc</strong></span> <span class='ocrx_word' id='word_1_740' title='bbox 3243 3719 3474 3773; x_wconf 86' lang='lat' dir='ltr'><strong>ducatur</strong></span> <span class='ocrx_word' id='word_1_741' title='bbox 3515 3722 3571 3775; x_wconf 85' lang='lat' dir='ltr'><strong>in</strong></span> <span class='ocrx_word' id='word_1_742' title='bbox 3599 3736 3774 3789; x_wconf 78' lang='lat' dir='ltr'><strong>supra-</strong></span> 
     </span>
    </p>
   </div>
   <div class='ocr_carea' id='block_1_99' title="bbox 2200 3804 3771 3876">
    <p class='ocr_par' dir='ltr' id='par_1_99' title="bbox 2200 3804 3771 3876">
     <span class='ocr_line' id='line_1_99' title="bbox 2200 3804 3771 3876; baseline 0.003 -19"><span class='ocrx_word' id='word_1_743' title='bbox 2200 3805 2393 3858; x_wconf 89' lang='lat' dir='ltr'><strong>dictam</strong></span> <span class='ocrx_word' id='word_1_744' title='bbox 2429 3804 2612 3858; x_wconf 86' lang='lat' dir='ltr'><strong>cellam</strong></span> <span class='ocrx_word' id='word_1_745' title='bbox 2649 3806 2980 3871; x_wconf 84' lang='lat' dir='ltr'><strong>novitiorum,</strong></span> <span class='ocrx_word' id='word_1_746' title='bbox 3016 3823 3136 3862; x_wconf 91' lang='lat' dir='ltr'><strong>cum</strong></span> <span class='ocrx_word' id='word_1_747' title='bbox 3177 3820 3337 3863; x_wconf 85' lang='lat' dir='ltr'><strong>antea</strong></span> <span class='ocrx_word' id='word_1_748' title='bbox 3373 3807 3494 3876; x_wconf 81' lang='lat' dir='ltr'><strong>jam</strong></span> <span class='ocrx_word' id='word_1_749' title='bbox 3534 3810 3771 3870; x_wconf 74' lang='lat' dir='ltr'><strong>dixisset,</strong></span> 
     </span>
    </p>
   </div>
   <div class='ocr_carea' id='block_1_100' title="bbox 2200 3895 3776 3970">
    <p class='ocr_par' dir='ltr' id='par_1_100' title="bbox 2200 3895 3776 3970">
     <span class='ocr_line' id='line_1_100' title="bbox 2200 3895 3776 3970; baseline 0.004 -21"><span class='ocrx_word' id='word_1_750' title='bbox 2200 3897 2266 3950; x_wconf 82' lang='lat' dir='ltr'><strong>sit</strong></span> <span class='ocrx_word' id='word_1_751' title='bbox 2299 3898 2352 3950; x_wconf 88' lang='lat' dir='ltr'><strong>in</strong></span> <span class='ocrx_word' id='word_1_752' title='bbox 2389 3895 2520 3951; x_wconf 87' lang='lat' dir='ltr'><strong>cella</strong></span> <span class='ocrx_word' id='word_1_753' title='bbox 2550 3898 2879 3962; x_wconf 82' lang='lat' dir='ltr'><strong>navitiorum,</strong></span> <span class='ocrx_word' id='word_1_754' title='bbox 2922 3914 3028 3952; x_wconf 89' lang='lat' dir='ltr'><strong>non</strong></span> <span class='ocrx_word' id='word_1_755' title='bbox 3077 3899 3390 3970; x_wconf 82' lang='lat' dir='ltr'><strong>intelligitur</strong></span> <span class='ocrx_word' id='word_1_756' title='bbox 3432 3902 3621 3956; x_wconf 72' lang='lat' dir='ltr'><strong>exisse</strong></span> <span class='ocrx_word' id='word_1_757' title='bbox 3657 3913 3776 3955; x_wconf 70' lang='lat' dir='ltr'><strong>eum</strong></span> 
     </span>
    </p>
   </div>
   <div class='ocr_carea' id='block_1_101' title="bbox 2202 3986 3768 4055">
    <p class='ocr_par' dir='ltr' id='par_1_101' title="bbox 2202 3986 3768 4055">
     <span class='ocr_line' id='line_1_101' title="bbox 2202 3986 3768 4055; baseline 0.001 -14"><span class='ocrx_word' id='word_1_758' title='bbox 2202 3987 2270 4041; x_wconf 88' lang='lat' dir='ltr'><strong>ab</strong></span> <span class='ocrx_word' id='word_1_759' title='bbox 2302 3987 2413 4055; x_wconf 87' lang='lat' dir='ltr'><strong>ipsa</strong></span> <span class='ocrx_word' id='word_1_760' title='bbox 2443 3986 2576 4041; x_wconf 90' lang='lat' dir='ltr'><strong>cella</strong></span> <span class='ocrx_word' id='word_1_761' title='bbox 2615 3988 2962 4054; x_wconf 87' lang='lat' dir='ltr'><strong>novitiorum,</strong></span> <span class='ocrx_word' id='word_1_762' title='bbox 2987 3997 3043 4043; x_wconf 89' lang='lat' dir='ltr'><strong>et</strong></span> <span class='ocrx_word' id='word_1_763' title='bbox 3073 3990 3288 4044; x_wconf 85' lang='lat' dir='ltr'><strong>venisse</strong></span> <span class='ocrx_word' id='word_1_764' title='bbox 3324 3990 3391 4043; x_wconf 89' lang='lat' dir='ltr'><strong>ad</strong></span> <span class='ocrx_word' id='word_1_765' title='bbox 3423 3991 3768 4048; x_wconf 69' lang='lat' dir='ltr'><strong>auditori-ara,</strong></span> 
     </span>
    </p>
   </div>
   <div class='ocr_carea' id='block_1_102' title="bbox 2201 4077 3775 4149">
    <p class='ocr_par' dir='ltr' id='par_1_102' title="bbox 2201 4077 3775 4149">
     <span class='ocr_line' id='line_1_102' title="bbox 2201 4077 3775 4149; baseline 0.002 -18"><span class='ocrx_word' id='word_1_766' title='bbox 2201 4078 2312 4131; x_wconf 89' lang='lat' dir='ltr'><strong>sive</strong></span> <span class='ocrx_word' id='word_1_767' title='bbox 2337 4077 2403 4132; x_wconf 86' lang='lat' dir='ltr'><strong>ad</strong></span> <span class='ocrx_word' id='word_1_768' title='bbox 2431 4093 2552 4132; x_wconf 87' lang='lat' dir='ltr'><strong>eum</strong></span> <span class='ocrx_word' id='word_1_769' title='bbox 2583 4093 2744 4146; x_wconf 89' lang='lat' dir='ltr'><strong>quem</strong></span> <span class='ocrx_word' id='word_1_770' title='bbox 2767 4079 2934 4133; x_wconf 85' lang='lat' dir='ltr'><strong>abbas</strong></span> <span class='ocrx_word' id='word_1_771' title='bbox 2971 4079 3134 4149; x_wconf 77' lang='lat' dir='ltr'><strong>elegit</strong></span> <span class='ocrx_word' id='word_1_772' title='bbox 3168 4079 3368 4144; x_wconf 90' lang='lat' dir='ltr'><strong>locum,</strong></span> <span class='ocrx_word' id='word_1_773' title='bbox 3398 4089 3455 4133; x_wconf 88' lang='lat' dir='ltr'><strong>et</strong></span> <span class='ocrx_word' id='word_1_774' title='bbox 3491 4081 3566 4135; x_wconf 87' lang='lat' dir='ltr'><strong>ibi</strong></span> <span class='ocrx_word' id='word_1_775' title='bbox 3595 4081 3775 4134; x_wconf 77' lang='lat' dir='ltr'><strong>audire</strong></span> 
     </span>
    </p>
   </div>
   <div class='ocr_carea' id='block_1_103' title="bbox 2203 4171 3773 4240">
    <p class='ocr_par' dir='ltr' id='par_1_103' title="bbox 2203 4171 3773 4240">
     <span class='ocr_line' id='line_1_103' title="bbox 2203 4171 3773 4240; baseline 0.004 -18"><span class='ocrx_word' id='word_1_776' title='bbox 2203 4171 2446 4240; x_wconf 83' lang='lat' dir='ltr'><strong>regulare</strong></span> <span class='ocrx_word' id='word_1_777' title='bbox 2501 4180 2858 4240; x_wconf 65' lang='lat' dir='ltr'><strong>praeceptum;</strong></span> <span class='ocrx_word' id='word_1_778' title='bbox 2927 4181 2980 4227; x_wconf 89' lang='lat' dir='ltr'><strong>et</strong></span> <span class='ocrx_word' id='word_1_779' title='bbox 3036 4180 3164 4226; x_wconf 88' lang='lat' dir='ltr'><strong>tunc</strong></span> <span class='ocrx_word' id='word_1_780' title='bbox 3216 4174 3409 4235; x_wconf 86' lang='lat' dir='ltr'><strong>iterum</strong></span> <span class='ocrx_word' id='word_1_781' title='bbox 3463 4176 3667 4230; x_wconf 78' lang='lat' dir='ltr'><strong>reverti</strong></span> <span class='ocrx_word' id='word_1_782' title='bbox 3724 4175 3773 4228; x_wconf 84' lang='lat' dir='ltr'><strong>in</strong></span> 
     </span>
    </p>
   </div>
   <div class='ocr_carea' id='block_1_104' title="bbox 2201 4260 3773 4328">
    <p class='ocr_par' dir='ltr' id='par_1_104' title="bbox 2201 4260 3773 4328">
     <span class='ocr_line' id='line_1_104' title="bbox 2201 4260 3773 4328; baseline 0.003 -14"><span class='ocrx_word' id='word_1_783' title='bbox 2201 4260 2338 4314; x_wconf 84' lang='lat' dir='ltr'><strong>cella</strong></span> <span class='ocrx_word' id='word_1_784' title='bbox 2373 4261 2715 4315; x_wconf 89' lang='lat' dir='ltr'><strong>novitiorum.</strong></span> <span class='ocrx_word' id='word_1_785' title='bbox 2759 4260 2896 4316; x_wconf 84' lang='lat' dir='ltr'><strong>Hinc</strong></span> <span class='ocrx_word' id='word_1_786' title='bbox 2944 4271 3167 4328; x_wconf 85' lang='lat' dir='ltr'><strong>sanctus</strong></span> <span class='ocrx_word' id='word_1_787' title='bbox 3201 4262 3454 4317; x_wconf 75' lang='lat' dir='ltr'><strong>Aurelius</strong></span> <span class='ocrx_word' id='word_1_788' title='bbox 3500 4265 3579 4318; x_wconf 87' lang='lat' dir='ltr'><strong>ait</strong></span> <span class='ocrx_word' id='word_1_789' title='bbox 3611 4281 3629 4319; x_wconf 86' lang='lat'><strong>:</strong></span> <span class='ocrx_word' id='word_1_790' title='bbox 3668 4262 3773 4318; x_wconf 83' lang='lat' dir='ltr'><strong>Hoc</strong></span> 
     </span>
    </p>
   </div>
   <div class='ocr_carea' id='block_1_105' title="bbox 2193 4349 3776 4419">
    <p class='ocr_par' dir='ltr' id='par_1_105' title="bbox 2193 4349 3776 4419">
     <span class='ocr_line' id='line_1_105' title="bbox 2193 4349 3776 4419; baseline 0.004 -18"><span class='ocrx_word' id='word_1_791' title='bbox 2193 4349 2414 4416; x_wconf 88' lang='lat' dir='ltr'><strong>jubente</strong></span> <span class='ocrx_word' id='word_1_792' title='bbox 2449 4349 2557 4404; x_wconf 89' lang='lat' dir='ltr'><strong>Deo</strong></span> <span class='ocrx_word' id='word_1_793' title='bbox 2609 4351 2660 4404; x_wconf 92' lang='lat' dir='ltr'><strong>in</strong></span> <span class='ocrx_word' id='word_1_794' title='bbox 2706 4351 2898 4419; x_wconf 89' lang='lat' dir='ltr'><strong>primis</strong></span> <span class='ocrx_word' id='word_1_795' title='bbox 2938 4352 3222 4406; x_wconf 88' lang='lat' dir='ltr'><strong>statuimus</strong></span> <span class='ocrx_word' id='word_1_796' title='bbox 3272 4355 3589 4419; x_wconf 85' lang='lat' dir='ltr'><strong>tenendum,</strong></span> <span class='ocrx_word' id='word_1_797' title='bbox 3633 4363 3692 4407; x_wconf 89' lang='lat' dir='ltr'><strong>ut</strong></span> <span class='ocrx_word' id='word_1_798' title='bbox 3729 4354 3776 4407; x_wconf 87' lang='lat' dir='ltr'><strong>si</strong></span> 
     </span>
    </p>
   </div>
   <div class='ocr_carea' id='block_1_106' title="bbox 2202 4439 3773 4512">
    <p class='ocr_par' dir='ltr' id='par_1_106' title="bbox 2202 4439 3773 4512">
     <span class='ocr_line' id='line_1_106' title="bbox 2202 4439 3773 4512; baseline 0.004 -22"><span class='ocrx_word' id='word_1_799' title='bbox 2202 4439 2322 4508; x_wconf 88' lang='lat' dir='ltr'><strong>quis</strong></span> <span class='ocrx_word' id='word_1_800' title='bbox 2355 4439 2418 4492; x_wconf 90' lang='lat' dir='ltr'><strong>ad</strong></span> <span class='ocrx_word' id='word_1_801' title='bbox 2457 4439 2863 4494; x_wconf 87' lang='lat' dir='ltr'><strong>conversionem</strong></span> <span class='ocrx_word' id='word_1_802' title='bbox 2902 4441 3134 4506; x_wconf 82' lang='lat' dir='ltr'><strong>venerit,</strong></span> <span class='ocrx_word' id='word_1_803' title='bbox 3181 4442 3363 4512; x_wconf 78' lang='lat' dir='ltr'><strong>regula</strong></span> <span class='ocrx_word' id='word_1_804' title='bbox 3399 4443 3451 4496; x_wconf 88' lang='lat' dir='ltr'><strong>ei</strong></span> <span class='ocrx_word' id='word_1_805' title='bbox 3485 4443 3543 4496; x_wconf 86' lang='lat' dir='ltr'><strong>in</strong></span> <span class='ocrx_word' id='word_1_806' title='bbox 3585 4443 3773 4498; x_wconf 83' lang='lat' dir='ltr'><strong>saluta-</strong></span> 
     </span>
    </p>
   </div>
   <div class='ocr_carea' id='block_1_107' title="bbox 2207 4526 2600 4597">
    <p class='ocr_par' dir='ltr' id='par_1_107' title="bbox 2207 4526 2600 4597">
     <span class='ocr_line' id='line_1_107' title="bbox 2207 4526 2600 4597; baseline 0.003 -17"><span class='ocrx_word' id='word_1_807' title='bbox 2207 4528 2344 4581; x_wconf 90' lang='lat' dir='ltr'><strong>torio</strong></span> <span class='ocrx_word' id='word_1_808' title='bbox 2375 4526 2600 4597; x_wconf 85' lang='lat' dir='ltr'><strong>legatur.</strong></span> 
     </span>
    </p>
   </div>
   <div class='ocr_carea' id='block_1_108' title="bbox 2272 4625 3769 4698">
    <p class='ocr_par' dir='ltr' id='par_1_108' title="bbox 2272 4625 3769 4698">
     <span class='ocr_line' id='line_1_108' title="bbox 2272 4625 3769 4698; baseline 0.001 -20"><span class='ocrx_word' id='word_1_809' title='bbox 2272 4625 2343 4678; x_wconf 86' lang='lat' dir='ltr'><strong>Et</strong></span> <span class='ocrx_word' id='word_1_810' title='bbox 2365 4633 2477 4695; x_wconf 86' lang='lat' dir='ltr'><strong>post</strong></span> <span class='ocrx_word' id='word_1_811' title='bbox 2501 4642 2591 4679; x_wconf 80' lang='lat' dir='ltr'><strong>sea:</strong></span> <span class='ocrx_word' id='word_1_812' title='bbox 2610 4627 2865 4679; x_wconf 82' lang='lat' dir='ltr'><strong>mensium</strong></span> <span class='ocrx_word' id='word_1_813' title='bbox 2891 4626 3144 4680; x_wconf 86' lang='lat' dir='ltr'><strong>circulum</strong></span> <span class='ocrx_word' id='word_1_814' title='bbox 3176 4626 3379 4696; x_wconf 81' lang='lat' dir='ltr'><strong>legatur</strong></span> <span class='ocrx_word' id='word_1_815' title='bbox 3399 4629 3450 4681; x_wconf 83' lang='lat' dir='ltr'><strong>ei</strong></span> <span class='ocrx_word' id='word_1_816' title='bbox 3473 4629 3682 4698; x_wconf 67' lang='lat' dir='ltr'><strong>regale,</strong></span> <span class='ocrx_word' id='word_1_817' title='bbox 3721 4639 3769 4680; x_wconf 74' lang='lat' dir='ltr'><strong>at</strong></span> 
     </span>
    </p>
   </div>
   <div class='ocr_carea' id='block_1_109' title="bbox 2199 4715 3775 4785">
    <p class='ocr_par' dir='ltr' id='par_1_109' title="bbox 2199 4715 3775 4785">
     <span class='ocr_line' id='line_1_109' title="bbox 2199 4715 3775 4785; baseline 0.002 -17"><span class='ocrx_word' id='word_1_818' title='bbox 2199 4717 2333 4769; x_wconf 89' lang='lat' dir='ltr'><strong>sciat</strong></span> <span class='ocrx_word' id='word_1_819' title='bbox 2371 4717 2440 4770; x_wconf 86' lang='lat' dir='ltr'><strong>ad</strong></span> <span class='ocrx_word' id='word_1_820' title='bbox 2477 4715 2602 4784; x_wconf 87' lang='lat' dir='ltr'><strong>quid</strong></span> <span class='ocrx_word' id='word_1_821' title='bbox 2641 4716 2952 4785; x_wconf 79' lang='lat' dir='ltr'><strong>ingreditur.</strong></span> <span class='ocrx_word' id='word_1_822' title='bbox 2993 4716 3130 4771; x_wconf 84' lang='lat' dir='ltr'><strong>llinc</strong></span> <span class='ocrx_word' id='word_1_823' title='bbox 3154 4716 3444 4772; x_wconf 85' lang='lat' dir='ltr'><strong>Ferreolus</strong></span> <span class='ocrx_word' id='word_1_824' title='bbox 3494 4719 3579 4773; x_wconf 83' lang='lat' dir='ltr'><strong>ait</strong></span> <span class='ocrx_word' id='word_1_825' title='bbox 3611 4739 3624 4772; x_wconf 76' lang='grc' dir='ltr'>ε</span> <span class='ocrx_word' id='word_1_826' title='bbox 3656 4719 3775 4772; x_wconf 75' lang='grc' dir='ltr'><strong>Ροςι</strong></span> 
     </span>
    </p>
   </div>
   <div class='ocr_carea' id='block_1_110' title="bbox 2199 4804 3768 4878">
    <p class='ocr_par' dir='ltr' id='par_1_110' title="bbox 2199 4804 3768 4878">
     <span class='ocr_line' id='line_1_110' title="bbox 2199 4804 3768 4878; baseline 0.001 -20"><span class='ocrx_word' id='word_1_827' title='bbox 2199 4805 2302 4859; x_wconf 89' lang='lat' dir='ltr'><strong>hoc</strong></span> <span class='ocrx_word' id='word_1_828' title='bbox 2340 4805 2390 4859; x_wconf 90' lang='lat' dir='ltr'><strong>ei</strong></span> <span class='ocrx_word' id='word_1_829' title='bbox 2423 4805 2732 4859; x_wconf 87' lang='lat' dir='ltr'><strong>monasterii</strong></span> <span class='ocrx_word' id='word_1_830' title='bbox 2773 4806 2959 4873; x_wconf 78' lang='lat' dir='ltr'><strong>regula</strong></span> <span class='ocrx_word' id='word_1_831' title='bbox 3005 4807 3215 4860; x_wconf 87' lang='lat' dir='ltr'><strong>abbatis</strong></span> <span class='ocrx_word' id='word_1_832' title='bbox 3252 4804 3503 4872; x_wconf 73' lang='lat' dir='ltr'><strong>jussidne</strong></span> <span class='ocrx_word' id='word_1_833' title='bbox 3545 4808 3768 4878; x_wconf 73' lang='lat' dir='ltr'><strong>legatur,</strong></span> 
     </span>
    </p>
   </div>
   <div class='ocr_carea' id='block_1_111' title="bbox 2201 4894 3776 4964">
    <p class='ocr_par' dir='ltr' id='par_1_111' title="bbox 2201 4894 3776 4964">
     <span class='ocr_line' id='line_1_111' title="bbox 2201 4894 3776 4964; baseline -0.001 -16"><span class='ocrx_word' id='word_1_834' title='bbox 2201 4903 2261 4948; x_wconf 90' lang='lat' dir='ltr'><strong>ut</strong></span> <span class='ocrx_word' id='word_1_835' title='bbox 2292 4895 2640 4964; x_wconf 87' lang='lat' dir='ltr'><strong>imposterum</strong></span> <span class='ocrx_word' id='word_1_836' title='bbox 2673 4894 2806 4949; x_wconf 87' lang='lat' dir='ltr'><strong>nihil</strong></span> <span class='ocrx_word' id='word_1_837' title='bbox 2832 4896 2915 4948; x_wconf 87' lang='lat' dir='ltr'><strong>vel</strong></span> <span class='ocrx_word' id='word_1_838' title='bbox 2953 4896 3267 4950; x_wconf 82' lang='lat' dir='ltr'><strong>inusitatum</strong></span> <span class='ocrx_word' id='word_1_839' title='bbox 3302 4904 3396 4949; x_wconf 85' lang='lat' dir='ltr'><strong>aut</strong></span> <span class='ocrx_word' id='word_1_840' title='bbox 3433 4897 3482 4950; x_wconf 84' lang='lat' dir='ltr'><strong>si</strong></span> <span class='ocrx_word' id='word_1_841' title='bbox 3517 4898 3776 4952; x_wconf 63' lang='lat' dir='ltr'><strong>discessur-</strong></span> 
     </span>
    </p>
   </div>
   <div class='ocr_carea' id='block_1_112' title="bbox 2203 4984 3770 5056">
    <p class='ocr_par' dir='ltr' id='par_1_112' title="bbox 2203 4984 3770 5056">
     <span class='ocr_line' id='line_1_112' title="bbox 2203 4984 3770 5056; baseline -0.001 -18"><span class='ocrx_word' id='word_1_842' title='bbox 2203 5000 2295 5038; x_wconf 88' lang='lat' dir='ltr'><strong>rus</strong></span> <span class='ocrx_word' id='word_1_843' title='bbox 2332 4992 2638 5053; x_wconf 79' lang='lat' dir='ltr'><strong>praetereat,</strong></span> <span class='ocrx_word' id='word_1_844' title='bbox 2686 4991 2780 5037; x_wconf 89' lang='lat' dir='ltr'><strong>aut</strong></span> <span class='ocrx_word' id='word_1_845' title='bbox 2821 4984 2864 5038; x_wconf 92' lang='lat' dir='ltr'><strong>si</strong></span> <span class='ocrx_word' id='word_1_846' title='bbox 2913 4999 3296 5053; x_wconf 85' lang='lat' dir='ltr'><strong>permansurus</strong></span> <span class='ocrx_word' id='word_1_847' title='bbox 3343 4993 3629 5056; x_wconf 71' lang='lat' dir='ltr'><strong>agnoscat.</strong></span> <span class='ocrx_word' id='word_1_848' title='bbox 3679 4985 3770 5040; x_wconf 87' lang='lat' dir='ltr'><strong>Uni</strong></span> 
     </span>
    </p>
   </div>
   <div class='ocr_carea' id='block_1_113' title="bbox 2203 5075 3774 5147">
    <p class='ocr_par' dir='ltr' id='par_1_113' title="bbox 2203 5075 3774 5147">
     <span class='ocr_line' id='line_1_113' title="bbox 2203 5075 3774 5147; baseline 0.003 -19"><span class='ocrx_word' id='word_1_849' title='bbox 2203 5090 2333 5144; x_wconf 90' lang='lat' dir='ltr'><strong>ergo</strong></span> <span class='ocrx_word' id='word_1_850' title='bbox 2369 5075 2436 5130; x_wconf 83' lang='lat' dir='ltr'><strong>de</strong></span> <span class='ocrx_word' id='word_1_851' title='bbox 2479 5075 2778 5130; x_wconf 88' lang='lat' dir='ltr'><strong>senioribus</strong></span> <span class='ocrx_word' id='word_1_852' title='bbox 2821 5076 3110 5146; x_wconf 80' lang='lat' dir='ltr'><strong>deputatus</strong></span> <span class='ocrx_word' id='word_1_853' title='bbox 3152 5076 3475 5132; x_wconf 83' lang='lat' dir='ltr'><strong>informetur</strong></span> <span class='ocrx_word' id='word_1_854' title='bbox 3516 5078 3774 5147; x_wconf 74' lang='lat' dir='ltr'><strong>regulari—</strong></span> 
     </span>
    </p>
   </div>
   <div class='ocr_carea' id='block_1_114' title="bbox 2204 5164 3772 5237">
    <p class='ocr_par' dir='ltr' id='par_1_114' title="bbox 2204 5164 3772 5237">
     <span class='ocr_line' id='line_1_114' title="bbox 2204 5164 3772 5237; baseline 0.001 -17"><span class='ocrx_word' id='word_1_855' title='bbox 2204 5166 2306 5220; x_wconf 91' lang='lat' dir='ltr'><strong>bus</strong></span> <span class='ocrx_word' id='word_1_856' title='bbox 2352 5164 2667 5233; x_wconf 85' lang='lat' dir='ltr'><strong>diseiplinis,</strong></span> <span class='ocrx_word' id='word_1_857' title='bbox 2717 5174 2778 5219; x_wconf 91' lang='lat' dir='ltr'><strong>ut</strong></span> <span class='ocrx_word' id='word_1_858' title='bbox 2816 5179 2936 5234; x_wconf 80' lang='lat' dir='ltr'><strong>quae</strong></span> <span class='ocrx_word' id='word_1_859' title='bbox 2985 5165 3163 5221; x_wconf 89' lang='lat' dir='ltr'><strong>facere</strong></span> <span class='ocrx_word' id='word_1_860' title='bbox 3203 5165 3426 5232; x_wconf 83' lang='lat' dir='ltr'><strong>debeat,</strong></span> <span class='ocrx_word' id='word_1_861' title='bbox 3477 5171 3772 5237; x_wconf 73' lang='lat' dir='ltr'><strong>quibusque</strong></span> 
     </span>
    </p>
   </div>
   <div class='ocr_carea' id='block_1_115' title="bbox 2206 5254 3776 5328">
    <p class='ocr_par' dir='ltr' id='par_1_115' title="bbox 2206 5254 3776 5328">
     <span class='ocr_line' id='line_1_115' title="bbox 2206 5254 3776 5328; baseline 0 -20"><span class='ocrx_word' id='word_1_862' title='bbox 2206 5267 2328 5308; x_wconf 89' lang='lat' dir='ltr'><strong>eum</strong></span> <span class='ocrx_word' id='word_1_863' title='bbox 2382 5254 2589 5309; x_wconf 88' lang='lat' dir='ltr'><strong>servire</strong></span> <span class='ocrx_word' id='word_1_864' title='bbox 2633 5255 2939 5320; x_wconf 83' lang='lat' dir='ltr'><strong>conveniat,</strong></span> <span class='ocrx_word' id='word_1_865' title='bbox 2985 5256 3239 5325; x_wconf 84' lang='lat' dir='ltr'><strong>deinceps</strong></span> <span class='ocrx_word' id='word_1_866' title='bbox 3283 5258 3468 5312; x_wconf 77' lang='lat' dir='ltr'><strong>omnia</strong></span> <span class='ocrx_word' id='word_1_867' title='bbox 3523 5271 3776 5328; x_wconf 73' lang='lat' dir='ltr'><strong>recogno-</strong></span> 
     </span>
    </p>
   </div>
   <div class='ocr_carea' id='block_1_116' title="bbox 2205 5351 2338 5398">
    <p class='ocr_par' dir='ltr' id='par_1_116' title="bbox 2205 5351 2338 5398">
     <span class='ocr_line' id='line_1_116' title="bbox 2205 5351 2338 5398; baseline 0.008 -1"><span class='ocrx_word' id='word_1_868' title='bbox 2205 5351 2338 5398; x_wconf 80' lang='lat' dir='ltr'><strong>seat.</strong></span> 
     </span>
    </p>
   </div>
   <div class='ocr_carea' id='block_1_117' title="bbox 2273 5431 3773 5502">
    <p class='ocr_par' dir='ltr' id='par_1_117' title="bbox 2273 5431 3773 5502">
     <span class='ocr_line' id='line_1_117' title="bbox 2273 5431 3773 5502; baseline 0 -18"><span class='ocrx_word' id='word_1_869' title='bbox 2273 5431 2344 5484; x_wconf 87' lang='lat' dir='ltr'><strong>Et</strong></span> <span class='ocrx_word' id='word_1_870' title='bbox 2381 5432 2429 5486; x_wconf 91' lang='lat' dir='ltr'><strong>si</strong></span> <span class='ocrx_word' id='word_1_871' title='bbox 2468 5431 2638 5486; x_wconf 79' lang='lat' dir='ltr'><strong>adhuc</strong></span> <span class='ocrx_word' id='word_1_872' title='bbox 2676 5440 2804 5498; x_wconf 87' lang='lat' dir='ltr'><strong>stat,</strong></span> <span class='ocrx_word' id='word_1_873' title='bbox 2844 5440 2958 5502; x_wconf 82' lang='lat' dir='ltr'><strong>post</strong></span> <span class='ocrx_word' id='word_1_874' title='bbox 2989 5442 3216 5502; x_wconf 84' lang='lat' dir='ltr'><strong>quatuor</strong></span> <span class='ocrx_word' id='word_1_875' title='bbox 3246 5447 3446 5489; x_wconf 77' lang='lat' dir='ltr'><strong>menses</strong></span> <span class='ocrx_word' id='word_1_876' title='bbox 3475 5435 3670 5489; x_wconf 60' lang='lat' dir='ltr'><strong>iam</strong></span> <span class='ocrx_word' id='word_1_877' title='bbox 3705 5431 3773 5484; x_wconf 79' lang='lat' dir='ltr'><strong>lc-</strong></span> 
     </span>
    </p>
   </div>
   <div class='ocr_carea' id='block_1_118' title="bbox 2203 5521 3774 5592">
    <p class='ocr_par' dir='ltr' id='par_1_118' title="bbox 2203 5521 3774 5592">
     <span class='ocr_line' id='line_1_118' title="bbox 2203 5521 3774 5592; baseline -0.001 -18"><span class='ocrx_word' id='word_1_878' title='bbox 2203 5531 2356 5591; x_wconf 75' lang='lat' dir='ltr'><strong>gatur</strong></span> <span class='ocrx_word' id='word_1_879' title='bbox 2396 5523 2445 5575; x_wconf 87' lang='lat' dir='ltr'><strong>ei</strong></span> <span class='ocrx_word' id='word_1_880' title='bbox 2483 5523 2594 5576; x_wconf 69' lang='lat' dir='ltr'><strong>hate</strong></span> <span class='ocrx_word' id='word_1_881' title='bbox 2632 5521 2813 5576; x_wconf 85' lang='lat' dir='ltr'><strong>eadem</strong></span> <span class='ocrx_word' id='word_1_882' title='bbox 2855 5521 3056 5592; x_wconf 75' lang='lat' dir='ltr'><strong>regula.</strong></span> <span class='ocrx_word' id='word_1_883' title='bbox 3097 5521 3238 5578; x_wconf 80' lang='lat' dir='ltr'><strong>Hinc</strong></span> <span class='ocrx_word' id='word_1_884' title='bbox 3280 5524 3405 5578; x_wconf 82' lang='lat' dir='ltr'><strong>anni</strong></span> <span class='ocrx_word' id='word_1_885' title='bbox 3443 5537 3645 5579; x_wconf 68' lang='lat' dir='ltr'><strong>cursus</strong></span> <span class='ocrx_word' id='word_1_886' title='bbox 3681 5521 3774 5574; x_wconf 71' lang='lat' dir='ltr'><strong>iun-</strong></span> 
     </span>
    </p>
   </div>
   <div class='ocr_carea' id='block_1_119' title="bbox 2202 5613 3772 5684">
    <p class='ocr_par' dir='ltr' id='par_1_119' title="bbox 2202 5613 3772 5684">
     <span class='ocr_line' id='line_1_119' title="bbox 2202 5613 3772 5684; baseline -0.001 -20"><span class='ocrx_word' id='word_1_887' title='bbox 2202 5613 2376 5683; x_wconf 84' lang='lat' dir='ltr'><strong>pletur</strong></span> <span class='ocrx_word' id='word_1_888' title='bbox 2405 5613 2606 5668; x_wconf 88' lang='lat' dir='ltr'><strong>novitio</strong></span> <span class='ocrx_word' id='word_1_889' title='bbox 2645 5628 2676 5666; x_wconf 90' lang='lat' dir='ltr'><strong>a</strong></span> <span class='ocrx_word' id='word_1_890' title='bbox 2713 5623 2955 5681; x_wconf 85' lang='lat' dir='ltr'><strong>tempore</strong></span> <span class='ocrx_word' id='word_1_891' title='bbox 2989 5627 3097 5682; x_wconf 86' lang='lat' dir='ltr'><strong>quo</strong></span> <span class='ocrx_word' id='word_1_892' title='bbox 3127 5613 3348 5684; x_wconf 83' lang='lat' dir='ltr'><strong>pulsans</strong></span> <span class='ocrx_word' id='word_1_893' title='bbox 3373 5615 3532 5668; x_wconf 80' lang='lat' dir='ltr'><strong>venit</strong></span> <span class='ocrx_word' id='word_1_894' title='bbox 3567 5614 3636 5669; x_wconf 84' lang='lat' dir='ltr'><strong>ad</strong></span> <span class='ocrx_word' id='word_1_895' title='bbox 3667 5622 3772 5666; x_wconf 72' lang='lat' dir='ltr'><strong>nio-</strong></span> 
     </span>
    </p>
   </div>
  </div>
