  <div class='ocr_page' id='page_1' title='image "/cluster/home/n/w/nwhite01/storage/ocr_20150623/102/hvd.32044052820032/456.png"; bbox 0 0 3992 6206; ppageno 0'>
   <div class='ocr_carea' id='block_1_1' title="bbox 342 253 437 306">
    <p class='ocr_par' dir='ltr' id='par_1_1' title="bbox 342 253 437 306">
     <span class='ocr_line' id='line_1_1' title="bbox 342 253 437 306; baseline 0.063 -5"><span class='ocrx_word' id='word_1_1' title='bbox 342 253 437 306; x_wconf 68' lang='lat' dir='ltr'><strong>illi!</strong></span> 
     </span>
    </p>
   </div>
   <div class='ocr_carea' id='block_1_2' title="bbox 1381 257 2554 321">
    <p class='ocr_par' dir='ltr' id='par_1_2' title="bbox 1381 257 2554 321">
     <span class='ocr_line' id='line_1_2' title="bbox 1381 257 2554 321; baseline 0.004 -8"><span class='ocrx_word' id='word_1_2' title='bbox 1381 257 1732 317; x_wconf 72' lang='lat' dir='ltr'><strong>COMMENT.</strong></span> <span class='ocrx_word' id='word_1_3' title='bbox 1774 260 1839 315; x_wconf 75' lang='lat' dir='ltr'><strong>IN</strong></span> <span class='ocrx_word' id='word_1_4' title='bbox 1878 260 2037 315; x_wconf 62' lang='grc' dir='ltr'><strong>11Εο.</strong></span> <span class='ocrx_word' id='word_1_5' title='bbox 2079 260 2137 318; x_wconf 84' lang='lat' dir='ltr'><strong>S.</strong></span> <span class='ocrx_word' id='word_1_6' title='bbox 2172 260 2554 321; x_wconf 76' lang='lat' dir='ltr'><strong>BENEDICTI.</strong></span> 
     </span>
    </p>
   </div>
   <div class='ocr_carea' id='block_1_3' title="bbox 3497 278 3604 334">
    <p class='ocr_par' dir='ltr' id='par_1_3' title="bbox 3497 278 3604 334">
     <span class='ocr_line' id='line_1_3' title="bbox 3497 278 3604 334; baseline 0.009 -1"><span class='ocrx_word' id='word_1_7' title='bbox 3497 278 3604 334; x_wconf 73' lang='lat'><strong>90?.</strong></span> 
     </span>
    </p>
   </div>
   <div class='ocr_carea' id='block_1_4' title="bbox 340 366 3604 452">
    <p class='ocr_par' dir='ltr' id='par_1_4' title="bbox 340 366 3604 452">
     <span class='ocr_line' id='line_1_4' title="bbox 340 366 3604 452; baseline 0.008 -32"><span class='ocrx_word' id='word_1_8' title='bbox 340 366 659 436; x_wconf 80' lang='lat' dir='ltr'><strong>uastcrium,</strong></span> <span class='ocrx_word' id='word_1_9' title='bbox 691 367 777 421; x_wconf 87' lang='lat' dir='ltr'><strong>cui</strong></span> <span class='ocrx_word' id='word_1_10' title='bbox 828 373 882 422; x_wconf 80' lang='lat' dir='ltr'><strong>et</strong></span> <span class='ocrx_word' id='word_1_11' title='bbox 921 368 1212 425; x_wconf 72' lang='lat' dir='ltr'><strong>ordinatim</strong></span> <span class='ocrx_word' id='word_1_12' title='bbox 1248 371 1305 426; x_wconf 83' lang='lat' dir='ltr'><strong>in</strong></span> <span class='ocrx_word' id='word_1_13' title='bbox 1342 373 1444 428; x_wconf 77' lang='lat' dir='ltr'><strong>hoc</strong></span> <span class='ocrx_word' id='word_1_14' title='bbox 1487 373 1616 429; x_wconf 85' lang='lat' dir='ltr'><strong>anni</strong></span> <span class='ocrx_word' id='word_1_15' title='bbox 1644 375 1925 432; x_wconf 79' lang='lat' dir='ltr'><strong>curriculo</strong></span> <span class='ocrx_word' id='word_1_16' title='bbox 1952 378 2001 439; x_wconf 77' lang='grc' dir='ltr'><strong>Α</strong></span> <span class='ocrx_word' id='word_1_17' title='bbox 2027 379 2343 434; x_wconf 72' lang='lat' dir='ltr'><strong>monasterii</strong></span> <span class='ocrx_word' id='word_1_18' title='bbox 2394 394 2687 436; x_wconf 85' lang='lat' dir='ltr'><strong>concessus</strong></span> <span class='ocrx_word' id='word_1_19' title='bbox 2732 390 2818 438; x_wconf 86' lang='lat' dir='ltr'><strong>est</strong></span> <span class='ocrx_word' id='word_1_20' title='bbox 2869 381 3146 452; x_wconf 82' lang='lat' dir='ltr'><strong>introitus,</strong></span> <span class='ocrx_word' id='word_1_21' title='bbox 3196 386 3291 440; x_wconf 83' lang='lat' dir='ltr'><strong>seJ</strong></span> <span class='ocrx_word' id='word_1_22' title='bbox 3336 387 3426 442; x_wconf 82' lang='lat' dir='ltr'><strong>diu</strong></span> <span class='ocrx_word' id='word_1_23' title='bbox 3475 392 3604 447; x_wconf 74' lang='lat' dir='ltr'><strong>milii</strong></span> 
     </span>
    </p>
   </div>
   <div class='ocr_carea' id='block_1_5' title="bbox 340 460 1924 531">
    <p class='ocr_par' dir='ltr' id='par_1_5' title="bbox 340 460 1924 531">
     <span class='ocr_line' id='line_1_5' title="bbox 340 460 1924 531; baseline 0.005 -17"><span class='ocrx_word' id='word_1_24' title='bbox 340 469 421 514; x_wconf 79' lang='lat' dir='ltr'><strong>ter</strong></span> <span class='ocrx_word' id='word_1_25' title='bbox 443 460 581 518; x_wconf 81' lang='lat' dir='ltr'><strong>lecta</strong></span> <span class='ocrx_word' id='word_1_26' title='bbox 612 469 697 514; x_wconf 87' lang='lat' dir='ltr'><strong>est</strong></span> <span class='ocrx_word' id='word_1_27' title='bbox 732 461 937 531; x_wconf 80' lang='lat' dir='ltr'><strong>regula,</strong></span> <span class='ocrx_word' id='word_1_28' title='bbox 959 460 1262 518; x_wconf 85' lang='lat' dir='ltr'><strong>demoranti</strong></span> <span class='ocrx_word' id='word_1_29' title='bbox 1293 465 1472 520; x_wconf 87' lang='lat' dir='ltr'><strong>adhuc</strong></span> <span class='ocrx_word' id='word_1_30' title='bbox 1512 467 1565 520; x_wconf 90' lang='lat' dir='ltr'><strong>in</strong></span> <span class='ocrx_word' id='word_1_31' title='bbox 1594 468 1924 523; x_wconf 85' lang='lat' dir='ltr'><strong>novitiorum</strong></span> 
     </span>
    </p>
   </div>
   <div class='ocr_carea' id='block_1_6' title="bbox 334 550 1924 626">
    <p class='ocr_par' dir='ltr' id='par_1_6' title="bbox 334 550 1924 626">
     <span class='ocr_line' id='line_1_6' title="bbox 334 550 1924 626; baseline 0.004 -20"><span class='ocrx_word' id='word_1_32' title='bbox 334 550 490 606; x_wconf 88' lang='lat' dir='ltr'><strong>cella.</strong></span> <span class='ocrx_word' id='word_1_33' title='bbox 535 551 689 619; x_wconf 81' lang='lat' dir='ltr'><strong>Quod</strong></span> <span class='ocrx_word' id='word_1_34' title='bbox 728 560 939 621; x_wconf 81' lang='lat' dir='ltr'><strong>tempus</strong></span> <span class='ocrx_word' id='word_1_35' title='bbox 978 568 1084 607; x_wconf 90' lang='lat' dir='ltr'><strong>non</strong></span> <span class='ocrx_word' id='word_1_36' title='bbox 1133 555 1310 610; x_wconf 88' lang='lat' dir='ltr'><strong>solum</strong></span> <span class='ocrx_word' id='word_1_37' title='bbox 1350 557 1543 613; x_wconf 90' lang='lat' dir='ltr'><strong>beatus</strong></span> <span class='ocrx_word' id='word_1_38' title='bbox 1575 558 1924 626; x_wconf 83' lang='lat' dir='ltr'><strong>Benedictus,</strong></span> 
     </span>
    </p>
   </div>
   <div class='ocr_carea' id='block_1_7' title="bbox 335 640 1922 710">
    <p class='ocr_par' dir='ltr' id='par_1_7' title="bbox 335 640 1922 710">
     <span class='ocr_line' id='line_1_7' title="bbox 335 640 1922 710; baseline 0.004 -14"><span class='ocrx_word' id='word_1_39' title='bbox 335 641 433 696; x_wconf 85' lang='lat' dir='ltr'><strong>sed</strong></span> <span class='ocrx_word' id='word_1_40' title='bbox 482 650 538 695; x_wconf 87' lang='lat' dir='ltr'><strong>et</strong></span> <span class='ocrx_word' id='word_1_41' title='bbox 588 641 679 695; x_wconf 83' lang='lat' dir='ltr'><strong>alii</strong></span> <span class='ocrx_word' id='word_1_42' title='bbox 726 640 917 696; x_wconf 83' lang='lat' dir='ltr'><strong>Patres</strong></span> <span class='ocrx_word' id='word_1_43' title='bbox 957 641 1240 710; x_wconf 79' lang='lat' dir='ltr'><strong>jusserunt</strong></span> <span class='ocrx_word' id='word_1_44' title='bbox 1289 647 1582 701; x_wconf 84' lang='lat' dir='ltr'><strong>observare</strong></span> <span class='ocrx_word' id='word_1_45' title='bbox 1635 649 1922 703; x_wconf 85' lang='lat' dir='ltr'><strong>novitium.</strong></span> 
     </span>
    </p>
   </div>
   <div class='ocr_carea' id='block_1_8' title="bbox 337 732 1926 805">
    <p class='ocr_par' dir='ltr' id='par_1_8' title="bbox 337 732 1926 805">
     <span class='ocr_line' id='line_1_8' title="bbox 337 732 1926 805; baseline 0.006 -18"><span class='ocrx_word' id='word_1_46' title='bbox 337 732 601 791; x_wconf 80' lang='lat' dir='ltr'><strong>Dixerunt</strong></span> <span class='ocrx_word' id='word_1_47' title='bbox 644 733 791 788; x_wconf 88' lang='lat' dir='ltr'><strong>enim</strong></span> <span class='ocrx_word' id='word_1_48' title='bbox 826 751 839 785; x_wconf 90' lang='lat'><strong>:</strong></span> <span class='ocrx_word' id='word_1_49' title='bbox 880 733 993 788; x_wconf 79' lang='lat' dir='ltr'><strong>Nisi</strong></span> <span class='ocrx_word' id='word_1_50' title='bbox 1036 734 1252 805; x_wconf 74' lang='lat' dir='ltr'><strong>expleto</strong></span> <span class='ocrx_word' id='word_1_51' title='bbox 1299 752 1442 793; x_wconf 88' lang='lat' dir='ltr'><strong>anno</strong></span> <span class='ocrx_word' id='word_1_52' title='bbox 1490 739 1669 794; x_wconf 87' lang='lat' dir='ltr'><strong>nullus</strong></span> <span class='ocrx_word' id='word_1_53' title='bbox 1713 750 1926 796; x_wconf 87' lang='lat' dir='ltr'><strong>mutare</strong></span> 
     </span>
    </p>
   </div>
   <div class='ocr_carea' id='block_1_9' title="bbox 339 823 1924 896">
    <p class='ocr_par' dir='ltr' id='par_1_9' title="bbox 339 823 1924 896">
     <span class='ocr_line' id='line_1_9' title="bbox 339 823 1924 896; baseline 0.005 -18"><span class='ocrx_word' id='word_1_54' title='bbox 339 823 583 878; x_wconf 80' lang='lat' dir='ltr'><strong>habitum</strong></span> <span class='ocrx_word' id='word_1_55' title='bbox 612 824 982 894; x_wconf 82' lang='lat' dir='ltr'><strong>permittatur,</strong></span> <span class='ocrx_word' id='word_1_56' title='bbox 1012 827 1106 880; x_wconf 89' lang='lat' dir='ltr'><strong>sed</strong></span> <span class='ocrx_word' id='word_1_57' title='bbox 1143 827 1189 880; x_wconf 90' lang='lat' dir='ltr'><strong>si</strong></span> <span class='ocrx_word' id='word_1_58' title='bbox 1224 829 1536 896; x_wconf 78' lang='lat' dir='ltr'><strong>pmnitentis</strong></span> <span class='ocrx_word' id='word_1_59' title='bbox 1573 828 1733 884; x_wconf 73' lang='lat' dir='ltr'><strong>Fuerit</strong></span> <span class='ocrx_word' id='word_1_60' title='bbox 1770 839 1924 886; x_wconf 83' lang='lat' dir='ltr'><strong>tanta</strong></span> 
     </span>
    </p>
   </div>
   <div class='ocr_carea' id='block_1_10' title="bbox 334 914 1926 988">
    <p class='ocr_par' dir='ltr' id='par_1_10' title="bbox 334 914 1926 988">
     <span class='ocr_line' id='line_1_10' title="bbox 334 914 1926 988; baseline 0.005 -19"><span class='ocrx_word' id='word_1_61' title='bbox 334 914 700 985; x_wconf 86' lang='lat' dir='ltr'><strong>eompunctio,</strong></span> <span class='ocrx_word' id='word_1_62' title='bbox 734 924 796 970; x_wconf 90' lang='lat' dir='ltr'><strong>ut</strong></span> <span class='ocrx_word' id='word_1_63' title='bbox 832 915 934 971; x_wconf 90' lang='lat' dir='ltr'><strong>hoc</strong></span> <span class='ocrx_word' id='word_1_64' title='bbox 970 917 1073 971; x_wconf 87' lang='lat' dir='ltr'><strong>sibi</strong></span> <span class='ocrx_word' id='word_1_65' title='bbox 1113 919 1504 988; x_wconf 75' lang='lat' dir='ltr'><strong>supplicatione</strong></span> <span class='ocrx_word' id='word_1_66' title='bbox 1544 921 1762 976; x_wconf 82' lang='lat' dir='ltr'><strong>assidua</strong></span> <span class='ocrx_word' id='word_1_67' title='bbox 1810 924 1926 978; x_wconf 61' lang='lat' dir='ltr'><strong>cxi;</strong></span> 
     </span>
    </p>
   </div>
   <div class='ocr_carea' id='block_1_11' title="bbox 336 1006 1923 1081">
    <p class='ocr_par' dir='ltr' id='par_1_11' title="bbox 336 1006 1923 1081">
     <span class='ocr_line' id='line_1_11' title="bbox 336 1006 1923 1081; baseline 0.005 -22"><span class='ocrx_word' id='word_1_68' title='bbox 336 1014 448 1076; x_wconf 65' lang='grc' dir='ltr'><strong>εει,</strong></span> <span class='ocrx_word' id='word_1_69' title='bbox 481 1019 587 1060; x_wconf 85' lang='lat' dir='ltr'><strong>non</strong></span> <span class='ocrx_word' id='word_1_70' title='bbox 625 1007 830 1076; x_wconf 83' lang='lat' dir='ltr'><strong>negari.</strong></span> <span class='ocrx_word' id='word_1_71' title='bbox 868 1006 1073 1061; x_wconf 81' lang='lat' dir='ltr'><strong>Tamen</strong></span> <span class='ocrx_word' id='word_1_72' title='bbox 1101 1008 1243 1077; x_wconf 86' lang='lat' dir='ltr'><strong>quod</strong></span> <span class='ocrx_word' id='word_1_73' title='bbox 1287 1009 1379 1062; x_wconf 89' lang='lat' dir='ltr'><strong>uni</strong></span> <span class='ocrx_word' id='word_1_74' title='bbox 1418 1010 1648 1065; x_wconf 88' lang='lat' dir='ltr'><strong>ﬁdeliter</strong></span> <span class='ocrx_word' id='word_1_75' title='bbox 1678 1015 1923 1081; x_wconf 80' lang='lat' dir='ltr'><strong>poscenti</strong></span> 
     </span>
    </p>
   </div>
   <div class='ocr_carea' id='block_1_12' title="bbox 336 1096 1923 1167">
    <p class='ocr_par' dir='ltr' id='par_1_12' title="bbox 336 1096 1923 1167">
     <span class='ocr_line' id='line_1_12' title="bbox 336 1096 1923 1167; baseline 0.004 -15"><span class='ocrx_word' id='word_1_76' title='bbox 336 1096 652 1152; x_wconf 79' lang='lat' dir='ltr'><strong>conceditur</strong></span> <span class='ocrx_word' id='word_1_77' title='bbox 683 1112 789 1151; x_wconf 89' lang='lat' dir='ltr'><strong>non</strong></span> <span class='ocrx_word' id='word_1_78' title='bbox 817 1097 970 1167; x_wconf 88' lang='lat' dir='ltr'><strong>quasi</strong></span> <span class='ocrx_word' id='word_1_79' title='bbox 1007 1097 1211 1152; x_wconf 86' lang='lat' dir='ltr'><strong>licitum</strong></span> <span class='ocrx_word' id='word_1_80' title='bbox 1249 1099 1530 1155; x_wconf 82' lang='lat' dir='ltr'><strong>habeatur.</strong></span> <span class='ocrx_word' id='word_1_81' title='bbox 1562 1099 1703 1156; x_wconf 86' lang='lat' dir='ltr'><strong>Hinc</strong></span> <span class='ocrx_word' id='word_1_82' title='bbox 1728 1101 1923 1159; x_wconf 80' lang='lat' dir='ltr'><strong>beatus</strong></span> 
     </span>
    </p>
   </div>
   <div class='ocr_carea' id='block_1_13' title="bbox 336 1186 1923 1260">
    <p class='ocr_par' dir='ltr' id='par_1_13' title="bbox 336 1186 1923 1260">
     <span class='ocr_line' id='line_1_13' title="bbox 336 1186 1923 1260; baseline 0.006 -20"><span class='ocrx_word' id='word_1_83' title='bbox 336 1186 668 1242; x_wconf 70' lang='lat' dir='ltr'><strong>Fructuosus</strong></span> <span class='ocrx_word' id='word_1_84' title='bbox 700 1188 778 1243; x_wconf 81' lang='lat' dir='ltr'><strong>ait</strong></span> <span class='ocrx_word' id='word_1_85' title='bbox 813 1206 826 1239; x_wconf 90' lang='lat'><strong>:</strong></span> <span class='ocrx_word' id='word_1_86' title='bbox 864 1187 1062 1258; x_wconf 78' lang='lat' dir='ltr'><strong>Sicque</strong></span> <span class='ocrx_word' id='word_1_87' title='bbox 1102 1204 1246 1243; x_wconf 90' lang='lat' dir='ltr'><strong>anno</strong></span> <span class='ocrx_word' id='word_1_88' title='bbox 1281 1205 1388 1244; x_wconf 89' lang='lat' dir='ltr'><strong>uno</strong></span> <span class='ocrx_word' id='word_1_89' title='bbox 1425 1190 1653 1260; x_wconf 85' lang='lat' dir='ltr'><strong>spiritali</strong></span> <span class='ocrx_word' id='word_1_90' title='bbox 1692 1193 1923 1251; x_wconf 84' lang='lat' dir='ltr'><strong>traditus</strong></span> 
     </span>
    </p>
   </div>
   <div class='ocr_carea' id='block_1_14' title="bbox 335 1276 1922 1354">
    <p class='ocr_par' dir='ltr' id='par_1_14' title="bbox 335 1276 1922 1354">
     <span class='ocr_line' id='line_1_14' title="bbox 335 1276 1922 1354; baseline 0.005 -24"><span class='ocrx_word' id='word_1_91' title='bbox 335 1276 537 1331; x_wconf 77' lang='lat' dir='ltr'><strong>seniori</strong></span> <span class='ocrx_word' id='word_1_92' title='bbox 588 1290 694 1330; x_wconf 90' lang='lat' dir='ltr'><strong>non</strong></span> <span class='ocrx_word' id='word_1_93' title='bbox 748 1278 933 1331; x_wconf 82' lang='lat' dir='ltr'><strong>statim</strong></span> <span class='ocrx_word' id='word_1_94' title='bbox 990 1280 1420 1335; x_wconf 83' lang='lat' dir='ltr'><strong>commiscendus</strong></span> <span class='ocrx_word' id='word_1_95' title='bbox 1469 1282 1577 1336; x_wconf 88' lang='lat' dir='ltr'><strong>erit</strong></span> <span class='ocrx_word' id='word_1_96' title='bbox 1628 1298 1922 1354; x_wconf 76' lang='lat' dir='ltr'><strong>congrega-</strong></span> 
     </span>
    </p>
   </div>
   <div class='ocr_carea' id='block_1_15' title="bbox 335 1367 1921 1441">
    <p class='ocr_par' dir='ltr' id='par_1_15' title="bbox 335 1367 1921 1441">
     <span class='ocr_line' id='line_1_15' title="bbox 335 1367 1921 1441; baseline 0.006 -21"><span class='ocrx_word' id='word_1_97' title='bbox 335 1367 495 1433; x_wconf 86' lang='lat' dir='ltr'><strong>tioni,</strong></span> <span class='ocrx_word' id='word_1_98' title='bbox 529 1368 627 1422; x_wconf 89' lang='lat' dir='ltr'><strong>sed</strong></span> <span class='ocrx_word' id='word_1_99' title='bbox 657 1368 809 1437; x_wconf 87' lang='lat' dir='ltr'><strong>prius</strong></span> <span class='ocrx_word' id='word_1_100' title='bbox 843 1368 1055 1423; x_wconf 85' lang='lat' dir='ltr'><strong>cunctis</strong></span> <span class='ocrx_word' id='word_1_101' title='bbox 1080 1370 1344 1424; x_wconf 87' lang='lat' dir='ltr'><strong>bonorum</strong></span> <span class='ocrx_word' id='word_1_102' title='bbox 1384 1386 1608 1441; x_wconf 89' lang='lat' dir='ltr'><strong>operum</strong></span> <span class='ocrx_word' id='word_1_103' title='bbox 1644 1374 1921 1429; x_wconf 78' lang='lat' dir='ltr'><strong>exercitiis</strong></span> 
     </span>
    </p>
   </div>
   <div class='ocr_carea' id='block_1_16' title="bbox 334 1459 1917 1533">
    <p class='ocr_par' dir='ltr' id='par_1_16' title="bbox 334 1459 1917 1533">
     <span class='ocr_line' id='line_1_16' title="bbox 334 1459 1917 1533; baseline 0.003 -18"><span class='ocrx_word' id='word_1_104' title='bbox 334 1460 656 1515; x_wconf 81' lang='lat' dir='ltr'><strong>edocendus.</strong></span> <span class='ocrx_word' id='word_1_105' title='bbox 687 1459 839 1527; x_wconf 84' lang='lat' dir='ltr'><strong>Quod</strong></span> <span class='ocrx_word' id='word_1_106' title='bbox 868 1460 914 1515; x_wconf 87' lang='lat' dir='ltr'><strong>si</strong></span> <span class='ocrx_word' id='word_1_107' title='bbox 949 1460 1177 1529; x_wconf 78' lang='lat' dir='ltr'><strong>quilibet</strong></span> <span class='ocrx_word' id='word_1_108' title='bbox 1206 1477 1500 1517; x_wconf 85' lang='lat' dir='ltr'><strong>conversus</strong></span> <span class='ocrx_word' id='word_1_109' title='bbox 1528 1464 1684 1518; x_wconf 89' lang='lat' dir='ltr'><strong>bouis</strong></span> <span class='ocrx_word' id='word_1_110' title='bbox 1720 1479 1785 1519; x_wconf 90' lang='lat' dir='ltr'><strong>ac</strong></span> <span class='ocrx_word' id='word_1_111' title='bbox 1812 1480 1917 1533; x_wconf 81' lang='lat' dir='ltr'><strong>pu-</strong></span> 
     </span>
    </p>
   </div>
   <div class='ocr_carea' id='block_1_17' title="bbox 334 1552 1919 1618">
    <p class='ocr_par' dir='ltr' id='par_1_17' title="bbox 334 1552 1919 1618">
     <span class='ocr_line' id='line_1_17' title="bbox 334 1552 1919 1618; baseline 0.004 -12"><span class='ocrx_word' id='word_1_112' title='bbox 334 1553 412 1606; x_wconf 87' lang='lat' dir='ltr'><strong>ris</strong></span> <span class='ocrx_word' id='word_1_113' title='bbox 461 1552 703 1608; x_wconf 86' lang='lat' dir='ltr'><strong>moribus</strong></span> <span class='ocrx_word' id='word_1_114' title='bbox 745 1553 985 1618; x_wconf 81' lang='lat' dir='ltr'><strong>enitens,</strong></span> <span class='ocrx_word' id='word_1_115' title='bbox 1032 1552 1243 1608; x_wconf 86' lang='lat' dir='ltr'><strong>abbatis</strong></span> <span class='ocrx_word' id='word_1_116' title='bbox 1282 1553 1367 1609; x_wconf 88' lang='lat' dir='ltr'><strong>vel</strong></span> <span class='ocrx_word' id='word_1_117' title='bbox 1411 1554 1640 1609; x_wconf 88' lang='lat' dir='ltr'><strong>aliorum</strong></span> <span class='ocrx_word' id='word_1_118' title='bbox 1684 1555 1919 1617; x_wconf 82' lang='lat' dir='ltr'><strong>fratrum</strong></span> 
     </span>
    </p>
   </div>
   <div class='ocr_carea' id='block_1_18' title="bbox 333 1644 1915 1719">
    <p class='ocr_par' dir='ltr' id='par_1_18' title="bbox 333 1644 1915 1719">
     <span class='ocr_line' id='line_1_18' title="bbox 333 1644 1915 1719; baseline 0.005 -22"><span class='ocrx_word' id='word_1_119' title='bbox 333 1644 655 1714; x_wconf 79' lang='lat' dir='ltr'><strong>spiritalium</strong></span> <span class='ocrx_word' id='word_1_120' title='bbox 701 1644 862 1699; x_wconf 89' lang='lat' dir='ltr'><strong>fuerit</strong></span> <span class='ocrx_word' id='word_1_121' title='bbox 896 1645 1103 1714; x_wconf 86' lang='lat' dir='ltr'><strong>judicio</strong></span> <span class='ocrx_word' id='word_1_122' title='bbox 1144 1649 1544 1719; x_wconf 82' lang='lat' dir='ltr'><strong>comprobatus,</strong></span> <span class='ocrx_word' id='word_1_123' title='bbox 1588 1665 1687 1719; x_wconf 89' lang='lat' dir='ltr'><strong>pro</strong></span> <span class='ocrx_word' id='word_1_124' title='bbox 1719 1650 1915 1705; x_wconf 89' lang='lat' dir='ltr'><strong>merito</strong></span> 
     </span>
    </p>
   </div>
   <div class='ocr_carea' id='block_1_19' title="bbox 2027 468 3617 545">
    <p class='ocr_par' dir='ltr' id='par_1_19' title="bbox 2027 468 3617 545">
     <span class='ocr_line' id='line_1_19' title="bbox 2027 468 3617 545; baseline 0.008 -24"><span class='ocrx_word' id='word_1_125' title='bbox 2027 468 2259 535; x_wconf 80' lang='lat' dir='ltr'><strong>pulsanti</strong></span> <span class='ocrx_word' id='word_1_126' title='bbox 2288 469 2379 525; x_wconf 78' lang='lat' dir='ltr'><strong>vix</strong></span> <span class='ocrx_word' id='word_1_127' title='bbox 2404 470 2625 541; x_wconf 84' lang='lat' dir='ltr'><strong>hospitii</strong></span> <span class='ocrx_word' id='word_1_128' title='bbox 2659 472 2809 528; x_wconf 92' lang='lat' dir='ltr'><strong>locus</strong></span> <span class='ocrx_word' id='word_1_129' title='bbox 2834 481 2917 529; x_wconf 88' lang='lat' dir='ltr'><strong>est</strong></span> <span class='ocrx_word' id='word_1_130' title='bbox 2940 476 3368 533; x_wconf 62' lang='lat' dir='ltr'><strong>misericorditer</strong></span> <span class='ocrx_word' id='word_1_131' title='bbox 3382 481 3617 545; x_wconf 78' lang='lat' dir='ltr'><strong>altribu-_</strong></span> 
     </span>
    </p>
   </div>
   <div class='ocr_carea' id='block_1_20' title="bbox 2028 560 3604 633">
    <p class='ocr_par' dir='ltr' id='par_1_20' title="bbox 2028 560 3604 633">
     <span class='ocr_line' id='line_1_20' title="bbox 2028 560 3604 633; baseline 0.008 -20"><span class='ocrx_word' id='word_1_132' title='bbox 2028 568 2147 623; x_wconf 90' lang='lat' dir='ltr'><strong>tus,</strong></span> <span class='ocrx_word' id='word_1_133' title='bbox 2191 560 2244 615; x_wconf 91' lang='lat' dir='ltr'><strong>iu</strong></span> <span class='ocrx_word' id='word_1_134' title='bbox 2276 576 2384 629; x_wconf 88' lang='lat' dir='ltr'><strong>quo</strong></span> <span class='ocrx_word' id='word_1_135' title='bbox 2410 578 2509 631; x_wconf 87' lang='lat' dir='ltr'><strong>per</strong></span> <span class='ocrx_word' id='word_1_136' title='bbox 2534 576 2735 631; x_wconf 84' lang='lat' dir='ltr'><strong>paucos</strong></span> <span class='ocrx_word' id='word_1_137' title='bbox 2759 563 2876 619; x_wconf 88' lang='lat' dir='ltr'><strong>dies</strong></span> <span class='ocrx_word' id='word_1_138' title='bbox 2912 565 3247 633; x_wconf 89' lang='lat' dir='ltr'><strong>demoratus,</strong></span> <span class='ocrx_word' id='word_1_139' title='bbox 3279 569 3604 626; x_wconf 87' lang='lat' dir='ltr'><strong>uovitiorum</strong></span> 
     </span>
    </p>
   </div>
   <div class='ocr_carea' id='block_1_21' title="bbox 2025 651 3605 730">
    <p class='ocr_par' dir='ltr' id='par_1_21' title="bbox 2025 651 3605 730">
     <span class='ocr_line' id='line_1_21' title="bbox 2025 651 3605 730; baseline 0.008 -26"><span class='ocrx_word' id='word_1_140' title='bbox 2025 664 2143 704; x_wconf 88' lang='lat' dir='ltr'><strong>sum</strong></span> <span class='ocrx_word' id='word_1_141' title='bbox 2170 651 2387 706; x_wconf 90' lang='lat' dir='ltr'><strong>domum</strong></span> <span class='ocrx_word' id='word_1_142' title='bbox 2414 667 2758 723; x_wconf 85' lang='lat' dir='ltr'><strong>progressus,</strong></span> <span class='ocrx_word' id='word_1_143' title='bbox 2786 654 2840 708; x_wconf 91' lang='lat' dir='ltr'><strong>in</strong></span> <span class='ocrx_word' id='word_1_144' title='bbox 2869 670 2973 724; x_wconf 88' lang='lat' dir='ltr'><strong>qua</strong></span> <span class='ocrx_word' id='word_1_145' title='bbox 3000 656 3131 709; x_wconf 90' lang='lat' dir='ltr'><strong>mibi</strong></span> <span class='ocrx_word' id='word_1_146' title='bbox 3160 658 3292 712; x_wconf 87' lang='lat' dir='ltr'><strong>dura</strong></span> <span class='ocrx_word' id='word_1_147' title='bbox 3322 667 3376 713; x_wconf 87' lang='lat' dir='ltr'><strong>et</strong></span> <span class='ocrx_word' id='word_1_148' title='bbox 3411 674 3605 730; x_wconf 86' lang='lat' dir='ltr'><strong>aspera</strong></span> 
     </span>
    </p>
   </div>
   <div class='ocr_carea' id='block_1_22' title="bbox 2024 741 3606 816">
    <p class='ocr_par' dir='ltr' id='par_1_22' title="bbox 2024 741 3606 816">
     <span class='ocr_line' id='line_1_22' title="bbox 2024 741 3606 816; baseline 0.009 -22"><span class='ocrx_word' id='word_1_149' title='bbox 2024 741 2200 810; x_wconf 88' lang='lat' dir='ltr'><strong>primo</strong></span> <span class='ocrx_word' id='word_1_150' title='bbox 2237 741 2523 813; x_wconf 75' lang='lat' dir='ltr'><strong>diligenter</strong></span> <span class='ocrx_word' id='word_1_151' title='bbox 2563 759 2595 798; x_wconf 89' lang='lat' dir='ltr'><strong>a</strong></span> <span class='ocrx_word' id='word_1_152' title='bbox 2638 743 2851 797; x_wconf 79' lang='lat' dir='ltr'><strong>seniore</strong></span> <span class='ocrx_word' id='word_1_153' title='bbox 2892 742 3020 799; x_wconf 77' lang='lat' dir='ltr'><strong>sunt</strong></span> <span class='ocrx_word' id='word_1_154' title='bbox 3055 748 3369 816; x_wconf 72' lang='lat' dir='ltr'><strong>praedicata,</strong></span> <span class='ocrx_word' id='word_1_155' title='bbox 3409 759 3464 806; x_wconf 88' lang='lat' dir='ltr'><strong>et</strong></span> <span class='ocrx_word' id='word_1_156' title='bbox 3492 761 3606 808; x_wconf 84' lang='lat' dir='ltr'><strong>sta-</strong></span> 
     </span>
    </p>
   </div>
   <div class='ocr_carea' id='block_1_23' title="bbox 2024 831 3602 913">
    <p class='ocr_par' dir='ltr' id='par_1_23' title="bbox 2024 831 3602 913">
     <span class='ocr_line' id='line_1_23' title="bbox 2024 831 3602 913; baseline 0.008 -30"><span class='ocrx_word' id='word_1_157' title='bbox 2024 831 2250 886; x_wconf 85' lang='lat' dir='ltr'><strong>bilitatis</strong></span> <span class='ocrx_word' id='word_1_158' title='bbox 2288 846 2421 887; x_wconf 78' lang='lat' dir='ltr'><strong>meae</strong></span> <span class='ocrx_word' id='word_1_159' title='bbox 2456 833 2746 901; x_wconf 84' lang='lat' dir='ltr'><strong>promissio</strong></span> <span class='ocrx_word' id='word_1_160' title='bbox 2783 834 3102 903; x_wconf 85' lang='lat' dir='ltr'><strong>simpliciter</strong></span> <span class='ocrx_word' id='word_1_161' title='bbox 3128 847 3437 909; x_wconf 77' lang='lat' dir='ltr'><strong>exspectata</strong></span> <span class='ocrx_word' id='word_1_162' title='bbox 3467 840 3602 913; x_wconf 82' lang='lat' dir='ltr'><strong>[Al.,</strong></span> 
     </span>
    </p>
   </div>
   <div class='ocr_carea' id='block_1_24' title="bbox 2023 922 3602 995">
    <p class='ocr_par' dir='ltr' id='par_1_24' title="bbox 2023 922 3602 995">
     <span class='ocr_line' id='line_1_24' title="bbox 2023 922 3602 995; baseline 0.009 -22"><span class='ocrx_word' id='word_1_163' title='bbox 2023 922 2339 991; x_wconf 88' lang='lat' dir='ltr'><strong>suppliciter</strong></span> <span class='ocrx_word' id='word_1_164' title='bbox 2365 922 2705 995; x_wconf 83' lang='lat' dir='ltr'><strong>adimpleta].</strong></span> <span class='ocrx_word' id='word_1_165' title='bbox 2750 924 2851 991; x_wconf 87' lang='lat' dir='ltr'><strong>Qui</strong></span> <span class='ocrx_word' id='word_1_166' title='bbox 2883 927 3069 981; x_wconf 85' lang='lat' dir='ltr'><strong>senior</strong></span> <span class='ocrx_word' id='word_1_167' title='bbox 3105 930 3440 986; x_wconf 86' lang='lat' dir='ltr'><strong>comminans</strong></span> <span class='ocrx_word' id='word_1_168' title='bbox 3469 934 3602 989; x_wconf 84' lang='lat' dir='ltr'><strong>mihi</strong></span> 
     </span>
    </p>
   </div>
   <div class='ocr_carea' id='block_1_25' title="bbox 2023 1010 3601 1081">
    <p class='ocr_par' dir='ltr' id='par_1_25' title="bbox 2023 1010 3601 1081">
     <span class='ocr_line' id='line_1_25' title="bbox 2023 1010 3601 1081; baseline 0.003 -15"><span class='ocrx_word' id='word_1_169' title='bbox 2023 1010 2136 1066; x_wconf 64' lang='lat' dir='ltr'><strong>hare</strong></span> <span class='ocrx_word' id='word_1_170' title='bbox 2186 1010 2446 1067; x_wconf 83' lang='lat' dir='ltr'><strong>terribilis</strong></span> <span class='ocrx_word' id='word_1_171' title='bbox 2488 1012 2650 1066; x_wconf 84' lang='lat' dir='ltr'><strong>verba</strong></span> <span class='ocrx_word' id='word_1_172' title='bbox 2708 1013 2931 1068; x_wconf 80' lang='lat' dir='ltr'><strong>auribus</strong></span> <span class='ocrx_word' id='word_1_173' title='bbox 2983 1015 3268 1071; x_wconf 87' lang='lat' dir='ltr'><strong>intimabat</strong></span> <span class='ocrx_word' id='word_1_174' title='bbox 3309 1035 3323 1071; x_wconf 91' lang='lat'><strong>:</strong></span> <span class='ocrx_word' id='word_1_175' title='bbox 3370 1017 3601 1081; x_wconf 71' lang='lat' dir='ltr'><strong>Sciendn</strong></span> 
     </span>
    </p>
   </div>
   <div class='ocr_carea' id='block_1_26' title="bbox 2021 1102 3601 1178">
    <p class='ocr_par' dir='ltr' id='par_1_26' title="bbox 2021 1102 3601 1178">
     <span class='ocr_line' id='line_1_26' title="bbox 2021 1102 3601 1178; baseline 0.006 -23"><span class='ocrx_word' id='word_1_176' title='bbox 2021 1102 2165 1156; x_wconf 87' lang='lat' dir='ltr'><strong>scias</strong></span> <span class='ocrx_word' id='word_1_177' title='bbox 2215 1102 2469 1170; x_wconf 87' lang='lat' dir='ltr'><strong>quoniam</strong></span> <span class='ocrx_word' id='word_1_178' title='bbox 2522 1102 2567 1155; x_wconf 92' lang='lat' dir='ltr'><strong>si</strong></span> <span class='ocrx_word' id='word_1_179' title='bbox 2614 1110 2814 1172; x_wconf 71' lang='lat' dir='ltr'><strong>prmter</strong></span> <span class='ocrx_word' id='word_1_180' title='bbox 2863 1106 3278 1173; x_wconf 84' lang='lat' dir='ltr'><strong>promissionem</strong></span> <span class='ocrx_word' id='word_1_181' title='bbox 3338 1110 3601 1178; x_wconf 75' lang='lat' dir='ltr'><strong>regularis</strong></span> 
     </span>
    </p>
   </div>
   <div class='ocr_carea' id='block_1_27' title="bbox 2019 1188 3599 1267">
    <p class='ocr_par' dir='ltr' id='par_1_27' title="bbox 2019 1188 3599 1267">
     <span class='ocr_line' id='line_1_27' title="bbox 2019 1188 3599 1267; baseline 0.007 -24"><span class='ocrx_word' id='word_1_182' title='bbox 2019 1190 2376 1245; x_wconf 73' lang='lat' dir='ltr'><strong>observantia:</strong></span> <span class='ocrx_word' id='word_1_183' title='bbox 2413 1199 2560 1245; x_wconf 86' lang='lat' dir='ltr'><strong>retro</strong></span> <span class='ocrx_word' id='word_1_184' title='bbox 2602 1200 2927 1248; x_wconf 86' lang='lat' dir='ltr'><strong>convertens</strong></span> <span class='ocrx_word' id='word_1_185' title='bbox 2971 1195 3297 1264; x_wconf 80' lang='lat' dir='ltr'><strong>respexeris,</strong></span> <span class='ocrx_word' id='word_1_186' title='bbox 3330 1205 3485 1267; x_wconf 87' lang='lat' dir='ltr'><strong>aptus</strong></span> <span class='ocrx_word' id='word_1_187' title='bbox 3515 1188 3599 1254; x_wconf 73' lang='lat' dir='ltr'><strong>re-</strong></span> 
     </span>
    </p>
   </div>
   <div class='ocr_carea' id='block_1_28' title="bbox 2018 1279 3597 1357">
    <p class='ocr_par' dir='ltr' id='par_1_28' title="bbox 2018 1279 3597 1357">
     <span class='ocr_line' id='line_1_28' title="bbox 2018 1279 3597 1357; baseline 0.008 -25"><span class='ocrx_word' id='word_1_188' title='bbox 2018 1294 2123 1349; x_wconf 76' lang='lat' dir='ltr'><strong>gno</strong></span> <span class='ocrx_word' id='word_1_189' title='bbox 2157 1279 2418 1334; x_wconf 65' lang='lat' dir='ltr'><strong>caelorum</strong></span> <span class='ocrx_word' id='word_1_190' title='bbox 2457 1296 2561 1335; x_wconf 89' lang='lat' dir='ltr'><strong>non</strong></span> <span class='ocrx_word' id='word_1_191' title='bbox 2598 1281 2727 1336; x_wconf 87' lang='lat' dir='ltr'><strong>eris.</strong></span> <span class='ocrx_word' id='word_1_192' title='bbox 2774 1280 3001 1353; x_wconf 87' lang='lat' dir='ltr'><strong>insuper</strong></span> <span class='ocrx_word' id='word_1_193' title='bbox 3041 1285 3291 1353; x_wconf 85' lang='lat' dir='ltr'><strong>qualibus</strong></span> <span class='ocrx_word' id='word_1_194' title='bbox 3322 1294 3373 1342; x_wconf 89' lang='lat' dir='ltr'><strong>te</strong></span> <span class='ocrx_word' id='word_1_195' title='bbox 3398 1296 3597 1357; x_wconf 76' lang='lat' dir='ltr'><strong>tectum</strong></span> 
     </span>
    </p>
   </div>
   <div class='ocr_carea' id='block_1_29' title="bbox 2017 1369 3598 1446">
    <p class='ocr_par' dir='ltr' id='par_1_29' title="bbox 2017 1369 3598 1446">
     <span class='ocr_line' id='line_1_29' title="bbox 2017 1369 3598 1446; baseline 0.008 -22"><span class='ocrx_word' id='word_1_196' title='bbox 2017 1372 2259 1427; x_wconf 76' lang='lat' dir='ltr'><strong>vestibus</strong></span> <span class='ocrx_word' id='word_1_197' title='bbox 2284 1369 2598 1428; x_wconf 79' lang='lat' dir='ltr'><strong>monasterii</strong></span> <span class='ocrx_word' id='word_1_198' title='bbox 2627 1374 2867 1430; x_wconf 86' lang='lat' dir='ltr'><strong>claustra</strong></span> <span class='ocrx_word' id='word_1_199' title='bbox 2889 1379 3212 1446; x_wconf 87' lang='lat' dir='ltr'><strong>receperint,</strong></span> <span class='ocrx_word' id='word_1_200' title='bbox 3250 1380 3305 1435; x_wconf 90' lang='lat' dir='ltr'><strong>in</strong></span> <span class='ocrx_word' id='word_1_201' title='bbox 3331 1381 3527 1440; x_wconf 81' lang='lat' dir='ltr'><strong>talibus</strong></span> <span class='ocrx_word' id='word_1_202' title='bbox 3548 1394 3598 1437; x_wconf 80' lang='lat' dir='ltr'><strong>te</strong></span> 
     </span>
    </p>
   </div>
   <div class='ocr_carea' id='block_1_30' title="bbox 2018 1460 3596 1544">
    <p class='ocr_par' dir='ltr' id='par_1_30' title="bbox 2018 1460 3596 1544">
     <span class='ocr_line' id='line_1_30' title="bbox 2018 1460 3596 1544; baseline 0.01 -30"><span class='ocrx_word' id='word_1_203' title='bbox 2018 1460 2133 1515; x_wconf 73' lang='lat' dir='ltr'><strong>fore</strong></span> <span class='ocrx_word' id='word_1_204' title='bbox 2164 1462 2230 1517; x_wconf 86' lang='lat' dir='ltr'><strong>ab</strong></span> <span class='ocrx_word' id='word_1_205' title='bbox 2260 1462 2365 1518; x_wconf 87' lang='lat' dir='ltr'><strong>illis</strong></span> <span class='ocrx_word' id='word_1_206' title='bbox 2392 1463 2779 1533; x_wconf 85' lang='lat' dir='ltr'><strong>projiciendum</strong></span> <span class='ocrx_word' id='word_1_207' title='bbox 2809 1480 3092 1536; x_wconf 73' lang='lat' dir='ltr'><strong>cognosce.</strong></span> <span class='ocrx_word' id='word_1_208' title='bbox 3134 1469 3201 1523; x_wconf 89' lang='lat' dir='ltr'><strong>Et</strong></span> <span class='ocrx_word' id='word_1_209' title='bbox 3227 1472 3351 1539; x_wconf 87' lang='lat' dir='ltr'><strong>quia</strong></span> <span class='ocrx_word' id='word_1_210' title='bbox 3383 1480 3434 1526; x_wconf 89' lang='lat' dir='ltr'><strong>te</strong></span> <span class='ocrx_word' id='word_1_211' title='bbox 3459 1490 3596 1544; x_wconf 83' lang='lat' dir='ltr'><strong>pau-</strong></span> 
     </span>
    </p>
   </div>
   <div class='ocr_carea' id='block_1_31' title="bbox 2017 1551 3596 1631">
    <p class='ocr_par' dir='ltr' id='par_1_31' title="bbox 2017 1551 3596 1631">
     <span class='ocr_line' id='line_1_31' title="bbox 2017 1551 3596 1631; baseline 0.011 -27"><span class='ocrx_word' id='word_1_212' title='bbox 2017 1551 2103 1605; x_wconf 93' lang='lat' dir='ltr'><strong>nis</strong></span> <span class='ocrx_word' id='word_1_213' title='bbox 2140 1552 2494 1623; x_wconf 58' lang='lat' dir='ltr'><strong>exspoliatum</strong></span> <span class='ocrx_word' id='word_1_214' title='bbox 2536 1555 2831 1619; x_wconf 88' lang='lat' dir='ltr'><strong>veteribus,</strong></span> <span class='ocrx_word' id='word_1_215' title='bbox 2874 1557 3188 1626; x_wconf 87' lang='lat' dir='ltr'><strong>pariterque</strong></span> <span class='ocrx_word' id='word_1_216' title='bbox 3240 1563 3596 1631; x_wconf 78' lang='lat' dir='ltr'><strong>exSpoliatum</strong></span> 
     </span>
    </p>
   </div>
   <div class='ocr_carea' id='block_1_32' title="bbox 2016 1638 3593 1719">
    <p class='ocr_par' dir='ltr' id='par_1_32' title="bbox 2016 1638 3593 1719">
     <span class='ocr_line' id='line_1_32' title="bbox 2016 1638 3593 1719; baseline 0.009 -26"><span class='ocrx_word' id='word_1_217' title='bbox 2016 1641 2164 1695; x_wconf 84' lang='lat' dir='ltr'><strong>vitiis</strong></span> <span class='ocrx_word' id='word_1_218' title='bbox 2209 1642 2516 1709; x_wconf 82' lang='lat' dir='ltr'><strong>perdiderat</strong></span> <span class='ocrx_word' id='word_1_219' title='bbox 2542 1644 2799 1708; x_wconf 89' lang='lat' dir='ltr'><strong>mundus,</strong></span> <span class='ocrx_word' id='word_1_220' title='bbox 2837 1643 2916 1699; x_wconf 88' lang='lat' dir='ltr'><strong>fas</strong></span> <span class='ocrx_word' id='word_1_221' title='bbox 2954 1654 3037 1701; x_wconf 92' lang='lat' dir='ltr'><strong>cst</strong></span> <span class='ocrx_word' id='word_1_222' title='bbox 3076 1656 3136 1701; x_wconf 91' lang='lat' dir='ltr'><strong>ut</strong></span> <span class='ocrx_word' id='word_1_223' title='bbox 3166 1638 3397 1719; x_wconf 70' lang='lat' dir='ltr'><strong>utroque</strong></span> <span class='ocrx_word' id='word_1_224' title='bbox 3435 1667 3593 1707; x_wconf 89' lang='lat' dir='ltr'><strong>suum</strong></span> 
     </span>
    </p>
   </div>
   <div class='ocr_carea' id='block_1_33' title="bbox 332 1723 3593 1807">
    <p class='ocr_par' dir='ltr' id='par_1_33' title="bbox 332 1723 3593 1807">
     <span class='ocr_line' id='line_1_33' title="bbox 332 1723 3593 1807; baseline 0.006 -20"><span class='ocrx_word' id='word_1_225' title='bbox 332 1742 388 1788; x_wconf 88' lang='lat' dir='ltr'><strong>et</strong></span> <span class='ocrx_word' id='word_1_226' title='bbox 416 1734 649 1803; x_wconf 76' lang='lat' dir='ltr'><strong>puritate</strong></span> <span class='ocrx_word' id='word_1_227' title='bbox 676 1749 787 1788; x_wconf 75' lang='lat' dir='ltr'><strong>suae</strong></span> <span class='ocrx_word' id='word_1_228' title='bbox 814 1737 1159 1790; x_wconf 61' lang='lat' dir='ltr'><strong>conscientia:</strong></span> <span class='ocrx_word' id='word_1_229' title='bbox 1187 1736 1418 1791; x_wconf 86' lang='lat' dir='ltr'><strong>clericus</strong></span> <span class='ocrx_word' id='word_1_230' title='bbox 1446 1738 1642 1807; x_wconf 86' lang='lat' dir='ltr'><strong>poterit</strong></span> <span class='ocrx_word' id='word_1_231' title='bbox 1676 1737 1911 1793; x_wconf 81' lang='lat' dir='ltr'><strong>fratrum</strong></span> <span class='ocrx_word' id='word_1_232' title='bbox 1940 1723 1986 1782; x_wconf 73' lang='grc' dir='ltr'><strong>Β</strong></span> <span class='ocrx_word' id='word_1_233' title='bbox 2014 1733 2267 1784; x_wconf 57' lang='lat' dir='ltr'><strong>vestitum</strong></span> <span class='ocrx_word' id='word_1_234' title='bbox 2313 1731 2539 1800; x_wconf 69' lang='grc' dir='ltr'><strong>ΓθθίΡίίη</strong></span> <span class='ocrx_word' id='word_1_235' title='bbox 2578 1748 2817 1799; x_wconf 61' lang='lat' dir='ltr'><strong>servum:</strong></span> <span class='ocrx_word' id='word_1_236' title='bbox 2855 1734 2925 1788; x_wconf 72' lang='lat' dir='ltr'><strong>ad</strong></span> <span class='ocrx_word' id='word_1_237' title='bbox 2954 1734 3306 1804; x_wconf 66' lang='lat' dir='ltr'><strong>ignominiam</strong></span> <span class='ocrx_word' id='word_1_238' title='bbox 3350 1741 3593 1797; x_wconf 71' lang='lat' dir='ltr'><strong>omnium</strong></span> 
     </span>
    </p>
   </div>
   <div class='ocr_carea' id='block_1_34' title="bbox 334 1826 1913 1898">
    <p class='ocr_par' dir='ltr' id='par_1_34' title="bbox 334 1826 1913 1898">
     <span class='ocr_line' id='line_1_34' title="bbox 334 1826 1913 1898; baseline 0.003 -19"><span class='ocrx_word' id='word_1_239' title='bbox 334 1826 623 1881; x_wconf 81' lang='lat' dir='ltr'><strong>consortiis</strong></span> <span class='ocrx_word' id='word_1_240' title='bbox 662 1826 901 1889; x_wconf 84' lang='lat' dir='ltr'><strong>misceri,</strong></span> <span class='ocrx_word' id='word_1_241' title='bbox 935 1829 1231 1882; x_wconf 84' lang='lat' dir='ltr'><strong>secundum</strong></span> <span class='ocrx_word' id='word_1_242' title='bbox 1254 1828 1396 1898; x_wconf 86' lang='lat' dir='ltr'><strong>quod</strong></span> <span class='ocrx_word' id='word_1_243' title='bbox 1440 1829 1654 1883; x_wconf 87' lang='lat' dir='ltr'><strong>abbatis</strong></span> <span class='ocrx_word' id='word_1_244' title='bbox 1682 1828 1767 1885; x_wconf 96' lang='lat' dir='ltr'><strong>vel</strong></span> <span class='ocrx_word' id='word_1_245' title='bbox 1806 1829 1913 1885; x_wconf 66' lang='grc' dir='ltr'><strong>[νεια-</strong></span> 
     </span>
    </p>
   </div>
   <div class='ocr_carea' id='block_1_35' title="bbox 336 1918 1909 1987">
    <p class='ocr_par' dir='ltr' id='par_1_35' title="bbox 336 1918 1909 1987">
     <span class='ocr_line' id='line_1_35' title="bbox 336 1918 1909 1987; baseline 0.003 -16"><span class='ocrx_word' id='word_1_246' title='bbox 336 1926 479 1972; x_wconf 83' lang='lat' dir='ltr'><strong>trum</strong></span> <span class='ocrx_word' id='word_1_247' title='bbox 528 1918 857 1987; x_wconf 85' lang='lat' dir='ltr'><strong>optimorum</strong></span> <span class='ocrx_word' id='word_1_248' title='bbox 906 1920 1181 1973; x_wconf 89' lang='lat' dir='ltr'><strong>censuerit</strong></span> <span class='ocrx_word' id='word_1_249' title='bbox 1227 1919 1543 1974; x_wconf 81' lang='lat' dir='ltr'><strong>deliberatio</strong></span> <span class='ocrx_word' id='word_1_250' title='bbox 1584 1919 1909 1975; x_wconf 86' lang='lat' dir='ltr'><strong>faciendum.</strong></span> 
     </span>
    </p>
   </div>
   <div class='ocr_carea' id='block_1_36' title="bbox 406 2004 1915 2077">
    <p class='ocr_par' dir='ltr' id='par_1_36' title="bbox 406 2004 1915 2077">
     <span class='ocr_line' id='line_1_36' title="bbox 406 2004 1915 2077; baseline 0.003 -19"><span class='ocrx_word' id='word_1_251' title='bbox 406 2004 479 2060; x_wconf 77' lang='lat' dir='ltr'><strong>Et</strong></span> <span class='ocrx_word' id='word_1_252' title='bbox 496 2009 545 2061; x_wconf 78' lang='lat' dir='ltr'><strong>si</strong></span> <span class='ocrx_word' id='word_1_253' title='bbox 561 2007 739 2061; x_wconf 77' lang='lat' dir='ltr'><strong>habita</strong></span> <span class='ocrx_word' id='word_1_254' title='bbox 752 2023 937 2061; x_wconf 73' lang='lat' dir='ltr'><strong>secum</strong></span> <span class='ocrx_word' id='word_1_255' title='bbox 956 2006 1326 2061; x_wconf 78' lang='lat' dir='ltr'><strong>deliberatione</strong></span> <span class='ocrx_word' id='word_1_256' title='bbox 1345 2009 1640 2077; x_wconf 78' lang='lat' dir='ltr'><strong>promiserit</strong></span> <span class='ocrx_word' id='word_1_257' title='bbox 1659 2025 1715 2062; x_wconf 85' lang='lat' dir='ltr'><strong>se</strong></span> <span class='ocrx_word' id='word_1_258' title='bbox 1737 2011 1915 2063; x_wconf 83' lang='lat' dir='ltr'><strong>omnia</strong></span> 
     </span>
    </p>
   </div>
   <div class='ocr_carea' id='block_1_37' title="bbox 333 2087 1911 2166">
    <p class='ocr_par' dir='ltr' id='par_1_37' title="bbox 333 2087 1911 2166">
     <span class='ocr_line' id='line_1_37' title="bbox 333 2087 1911 2166; baseline 0.003 -17"><span class='ocrx_word' id='word_1_259' title='bbox 333 2096 616 2160; x_wconf 78' lang='lat' dir='ltr'><strong>custodire,</strong></span> <span class='ocrx_word' id='word_1_260' title='bbox 644 2104 693 2149; x_wconf 89' lang='lat' dir='ltr'><strong>et</strong></span> <span class='ocrx_word' id='word_1_261' title='bbox 714 2087 901 2150; x_wconf 77' lang='lat' dir='ltr'><strong>cuncta</strong></span> <span class='ocrx_word' id='word_1_262' title='bbox 926 2097 1025 2151; x_wconf 84' lang='lat' dir='ltr'><strong>sibi</strong></span> <span class='ocrx_word' id='word_1_263' title='bbox 1056 2099 1309 2166; x_wconf 86' lang='lat' dir='ltr'><strong>imperata</strong></span> <span class='ocrx_word' id='word_1_264' title='bbox 1329 2114 1556 2162; x_wconf 81' lang='lat' dir='ltr'><strong>servare,</strong></span> <span class='ocrx_word' id='word_1_265' title='bbox 1590 2110 1715 2153; x_wconf 83' lang='lat' dir='ltr'><strong>tunc</strong></span> <span class='ocrx_word' id='word_1_266' title='bbox 1746 2100 1911 2154; x_wconf 86' lang='lat' dir='ltr'><strong>susci-</strong></span> 
     </span>
    </p>
   </div>
   <div class='ocr_carea' id='block_1_38' title="bbox 332 2189 1911 2262">
    <p class='ocr_par' dir='ltr' id='par_1_38' title="bbox 332 2189 1911 2262">
     <span class='ocr_line' id='line_1_38' title="bbox 332 2189 1911 2262; baseline 0.004 -21"><span class='ocrx_word' id='word_1_267' title='bbox 332 2190 513 2260; x_wconf 73' lang='lat' dir='ltr'><strong>piatur</strong></span> <span class='ocrx_word' id='word_1_268' title='bbox 533 2189 587 2243; x_wconf 72' lang='lat' dir='ltr'><strong>in</strong></span> <span class='ocrx_word' id='word_1_269' title='bbox 606 2191 1019 2259; x_wconf 77' lang='lat' dir='ltr'><strong>congregatione,</strong></span> <span class='ocrx_word' id='word_1_270' title='bbox 1039 2191 1205 2244; x_wconf 86' lang='lat' dir='ltr'><strong>sciens</strong></span> <span class='ocrx_word' id='word_1_271' title='bbox 1227 2190 1336 2260; x_wconf 86' lang='lat' dir='ltr'><strong>lege</strong></span> <span class='ocrx_word' id='word_1_272' title='bbox 1357 2191 1549 2262; x_wconf 80' lang='lat' dir='ltr'><strong>regula:</strong></span> <span class='ocrx_word' id='word_1_273' title='bbox 1573 2195 1911 2248; x_wconf 81' lang='lat' dir='ltr'><strong>constitutum</strong></span> 
     </span>
    </p>
   </div>
   <div class='ocr_carea' id='block_1_39' title="bbox 331 2279 1908 2353">
    <p class='ocr_par' dir='ltr' id='par_1_39' title="bbox 331 2279 1908 2353">
     <span class='ocr_line' id='line_1_39' title="bbox 331 2279 1908 2353; baseline 0.003 -21"><span class='ocrx_word' id='word_1_274' title='bbox 331 2279 472 2349; x_wconf 84' lang='lat' dir='ltr'><strong>quod</strong></span> <span class='ocrx_word' id='word_1_275' title='bbox 500 2280 547 2333; x_wconf 86' lang='lat' dir='ltr'><strong>ei</strong></span> <span class='ocrx_word' id='word_1_276' title='bbox 580 2295 645 2333; x_wconf 72' lang='lat' dir='ltr'><strong>ea:</strong></span> <span class='ocrx_word' id='word_1_277' title='bbox 672 2279 767 2334; x_wconf 84' lang='lat' dir='ltr'><strong>illa</strong></span> <span class='ocrx_word' id='word_1_278' title='bbox 803 2280 888 2333; x_wconf 86' lang='lat' dir='ltr'><strong>die</strong></span> <span class='ocrx_word' id='word_1_279' title='bbox 925 2296 1028 2334; x_wconf 87' lang='lat' dir='ltr'><strong>non</strong></span> <span class='ocrx_word' id='word_1_280' title='bbox 1066 2280 1217 2334; x_wconf 86' lang='lat' dir='ltr'><strong>liceat</strong></span> <span class='ocrx_word' id='word_1_281' title='bbox 1252 2280 1316 2334; x_wconf 88' lang='lat' dir='ltr'><strong>de</strong></span> <span class='ocrx_word' id='word_1_282' title='bbox 1356 2284 1671 2336; x_wconf 79' lang='lat' dir='ltr'><strong>monasterio</strong></span> <span class='ocrx_word' id='word_1_283' title='bbox 1712 2285 1908 2353; x_wconf 84' lang='lat' dir='ltr'><strong>egredi,</strong></span> 
     </span>
    </p>
   </div>
   <div class='ocr_carea' id='block_1_40' title="bbox 332 2366 1908 2441">
    <p class='ocr_par' dir='ltr' id='par_1_40' title="bbox 332 2366 1908 2441">
     <span class='ocr_line' id='line_1_40' title="bbox 332 2366 1908 2441; baseline 0.003 -20"><span class='ocrx_word' id='word_1_284' title='bbox 332 2382 426 2421; x_wconf 78' lang='lat' dir='ltr'><strong>nec</strong></span> <span class='ocrx_word' id='word_1_285' title='bbox 443 2366 635 2420; x_wconf 85' lang='lat' dir='ltr'><strong>collum</strong></span> <span class='ocrx_word' id='word_1_286' title='bbox 657 2376 896 2421; x_wconf 64' lang='lat' dir='ltr'><strong>excutere</strong></span> <span class='ocrx_word' id='word_1_287' title='bbox 914 2368 1237 2438; x_wconf 83' lang='lat' dir='ltr'><strong>desubjugo</strong></span> <span class='ocrx_word' id='word_1_288' title='bbox 1264 2369 1477 2439; x_wconf 62' lang='lat' dir='ltr'><strong>regular,</strong></span> <span class='ocrx_word' id='word_1_289' title='bbox 1504 2388 1660 2441; x_wconf 76' lang='lat' dir='ltr'><strong>quam</strong></span> <span class='ocrx_word' id='word_1_290' title='bbox 1683 2372 1778 2426; x_wconf 84' lang='lat' dir='ltr'><strong>sub</strong></span> <span class='ocrx_word' id='word_1_291' title='bbox 1801 2381 1908 2426; x_wconf 84' lang='lat' dir='ltr'><strong>tant</strong></span> 
     </span>
    </p>
   </div>
   <div class='ocr_carea' id='block_1_41' title="bbox 331 2458 1907 2532">
    <p class='ocr_par' dir='ltr' id='par_1_41' title="bbox 331 2458 1907 2532">
     <span class='ocr_line' id='line_1_41' title="bbox 331 2458 1907 2532; baseline 0.004 -21"><span class='ocrx_word' id='word_1_292' title='bbox 331 2474 541 2512; x_wconf 82' lang='lat' dir='ltr'><strong>morosa</strong></span> <span class='ocrx_word' id='word_1_293' title='bbox 578 2458 950 2515; x_wconf 71' lang='lat' dir='ltr'><strong>deliberatione</strong></span> <span class='ocrx_word' id='word_1_294' title='bbox 1001 2459 1147 2514; x_wconf 76' lang='lat' dir='ltr'><strong>licuit</strong></span> <span class='ocrx_word' id='word_1_295' title='bbox 1203 2477 1443 2514; x_wconf 79' lang='lat' dir='ltr'><strong>recusare</strong></span> <span class='ocrx_word' id='word_1_296' title='bbox 1495 2472 1588 2516; x_wconf 89' lang='lat' dir='ltr'><strong>aut</strong></span> <span class='ocrx_word' id='word_1_297' title='bbox 1624 2464 1907 2532; x_wconf 75' lang='lat' dir='ltr'><strong>suscipere.</strong></span> 
     </span>
    </p>
   </div>
   <div class='ocr_carea' id='block_1_42' title="bbox 334 2547 1909 2610">
    <p class='ocr_par' dir='ltr' id='par_1_42' title="bbox 334 2547 1909 2610">
     <span class='ocr_line' id='line_1_42' title="bbox 334 2547 1909 2610; baseline 0.004 -7"><span class='ocrx_word' id='word_1_298' title='bbox 334 2547 525 2604; x_wconf 87' lang='lat' dir='ltr'><strong>llabita</strong></span> <span class='ocrx_word' id='word_1_299' title='bbox 555 2551 696 2604; x_wconf 89' lang='lat' dir='ltr'><strong>cnim</strong></span> <span class='ocrx_word' id='word_1_300' title='bbox 732 2551 802 2606; x_wconf 89' lang='lat' dir='ltr'><strong>ab</strong></span> <span class='ocrx_word' id='word_1_301' title='bbox 830 2551 1075 2607; x_wconf 87' lang='lat' dir='ltr'><strong>habendo</strong></span> <span class='ocrx_word' id='word_1_302' title='bbox 1102 2561 1347 2607; x_wconf 83' lang='lat' dir='ltr'><strong>vocatur.</strong></span> <span class='ocrx_word' id='word_1_303' title='bbox 1375 2554 1704 2610; x_wconf 86' lang='lat' dir='ltr'><strong>Dcliberatio</strong></span> <span class='ocrx_word' id='word_1_304' title='bbox 1727 2566 1909 2610; x_wconf 86' lang='lat' dir='ltr'><strong>autem</strong></span> 
     </span>
    </p>
   </div>
   <div class='ocr_carea' id='block_1_43' title="bbox 333 2639 1910 2713">
    <p class='ocr_par' dir='ltr' id='par_1_43' title="bbox 333 2639 1910 2713">
     <span class='ocr_line' id='line_1_43' title="bbox 333 2639 1910 2713; baseline 0.005 -20"><span class='ocrx_word' id='word_1_305' title='bbox 333 2639 614 2695; x_wconf 86' lang='lat' dir='ltr'><strong>meditatio</strong></span> <span class='ocrx_word' id='word_1_306' title='bbox 641 2642 721 2695; x_wconf 85' lang='lat' dir='ltr'><strong>vel</strong></span> <span class='ocrx_word' id='word_1_307' title='bbox 765 2642 1017 2697; x_wconf 88' lang='lat' dir='ltr'><strong>tractatio</strong></span> <span class='ocrx_word' id='word_1_308' title='bbox 1055 2643 1270 2698; x_wconf 87' lang='lat' dir='ltr'><strong>dicitur.</strong></span> <span class='ocrx_word' id='word_1_309' title='bbox 1322 2644 1464 2713; x_wconf 79' lang='lat' dir='ltr'><strong>Ergo</strong></span> <span class='ocrx_word' id='word_1_310' title='bbox 1498 2645 1681 2699; x_wconf 85' lang='lat' dir='ltr'><strong>habita</strong></span> <span class='ocrx_word' id='word_1_311' title='bbox 1710 2646 1910 2701; x_wconf 85' lang='lat' dir='ltr'><strong>delibe-</strong></span> 
     </span>
    </p>
   </div>
   <div class='ocr_carea' id='block_1_44' title="bbox 333 2730 1910 2799">
    <p class='ocr_par' dir='ltr' id='par_1_44' title="bbox 333 2730 1910 2799">
     <span class='ocr_line' id='line_1_44' title="bbox 333 2730 1910 2799; baseline 0.005 -15"><span class='ocrx_word' id='word_1_312' title='bbox 333 2731 474 2785; x_wconf 83' lang='lat' dir='ltr'><strong>ratio</strong></span> <span class='ocrx_word' id='word_1_313' title='bbox 501 2730 614 2799; x_wconf 89' lang='lat' dir='ltr'><strong>jam</strong></span> <span class='ocrx_word' id='word_1_314' title='bbox 644 2732 864 2787; x_wconf 89' lang='lat' dir='ltr'><strong>deﬁnita</strong></span> <span class='ocrx_word' id='word_1_315' title='bbox 895 2742 977 2788; x_wconf 85' lang='lat' dir='ltr'><strong>est</strong></span> <span class='ocrx_word' id='word_1_316' title='bbox 1010 2736 1342 2791; x_wconf 83' lang='lat' dir='ltr'><strong>retractatio.</strong></span> <span class='ocrx_word' id='word_1_317' title='bbox 1375 2736 1451 2790; x_wconf 88' lang='lat' dir='ltr'><strong>De</strong></span> <span class='ocrx_word' id='word_1_318' title='bbox 1480 2738 1580 2791; x_wconf 89' lang='lat' dir='ltr'><strong>bac</strong></span> <span class='ocrx_word' id='word_1_319' title='bbox 1607 2738 1750 2791; x_wconf 89' lang='lat' dir='ltr'><strong>enim</strong></span> <span class='ocrx_word' id='word_1_320' title='bbox 1788 2752 1910 2792; x_wconf 83' lang='lat' dir='ltr'><strong>sen-</strong></span> 
     </span>
    </p>
   </div>
   <div class='ocr_carea' id='block_1_45' title="bbox 334 2823 1911 2895">
    <p class='ocr_par' dir='ltr' id='par_1_45' title="bbox 334 2823 1911 2895">
     <span class='ocr_line' id='line_1_45' title="bbox 334 2823 1911 2895; baseline 0.004 -18"><span class='ocrx_word' id='word_1_321' title='bbox 334 2823 505 2877; x_wconf 88' lang='lat' dir='ltr'><strong>tentia</strong></span> <span class='ocrx_word' id='word_1_322' title='bbox 532 2823 749 2892; x_wconf 88' lang='lat' dir='ltr'><strong>quidam</strong></span> <span class='ocrx_word' id='word_1_323' title='bbox 790 2825 1047 2892; x_wconf 81' lang='lat' dir='ltr'><strong>magister</strong></span> <span class='ocrx_word' id='word_1_324' title='bbox 1086 2828 1477 2885; x_wconf 83' lang='lat' dir='ltr'><strong>monachorum</strong></span> <span class='ocrx_word' id='word_1_325' title='bbox 1513 2827 1588 2881; x_wconf 91' lang='lat' dir='ltr'><strong>ait</strong></span> <span class='ocrx_word' id='word_1_326' title='bbox 1624 2847 1637 2881; x_wconf 87' lang='lat'>:</span> <span class='ocrx_word' id='word_1_327' title='bbox 1673 2827 1790 2895; x_wconf 88' lang='lat' dir='ltr'><strong>Qua</strong></span> <span class='ocrx_word' id='word_1_328' title='bbox 1826 2844 1911 2883; x_wconf 68' lang='lat' dir='ltr'><strong>reo</strong></span> 
     </span>
    </p>
   </div>
   <div class='ocr_carea' id='block_1_46' title="bbox 332 2913 1910 2986">
    <p class='ocr_par' dir='ltr' id='par_1_46' title="bbox 332 2913 1910 2986">
     <span class='ocr_line' id='line_1_46' title="bbox 332 2913 1910 2986; baseline 0.006 -20"><span class='ocrx_word' id='word_1_329' title='bbox 332 2913 457 2983; x_wconf 78' lang='lat' dir='ltr'><strong>gula</strong></span> <span class='ocrx_word' id='word_1_330' title='bbox 495 2914 549 2968; x_wconf 86' lang='lat' dir='ltr'><strong>in</strong></span> <span class='ocrx_word' id='word_1_331' title='bbox 584 2913 814 2970; x_wconf 88' lang='lat' dir='ltr'><strong>lectione</strong></span> <span class='ocrx_word' id='word_1_332' title='bbox 852 2915 1053 2969; x_wconf 79' lang='lat' dir='ltr'><strong>novitio</strong></span> <span class='ocrx_word' id='word_1_333' title='bbox 1090 2916 1325 2986; x_wconf 82' lang='lat' dir='ltr'><strong>expleta,</strong></span> <span class='ocrx_word' id='word_1_334' title='bbox 1370 2919 1693 2986; x_wconf 80' lang='lat' dir='ltr'><strong>respondeat</strong></span> <span class='ocrx_word' id='word_1_335' title='bbox 1727 2920 1779 2974; x_wconf 86' lang='lat' dir='ltr'><strong>ei</strong></span> <span class='ocrx_word' id='word_1_336' title='bbox 1807 2921 1910 2976; x_wconf 85' lang='lat' dir='ltr'><strong>hoc</strong></span> 
     </span>
    </p>
   </div>
   <div class='ocr_carea' id='block_1_47' title="bbox 333 3005 1909 3081">
    <p class='ocr_par' dir='ltr' id='par_1_47' title="bbox 333 3005 1909 3081">
     <span class='ocr_line' id='line_1_47' title="bbox 333 3005 1909 3081; baseline 0.005 -23"><span class='ocrx_word' id='word_1_337' title='bbox 333 3005 511 3073; x_wconf 87' lang='lat' dir='ltr'><strong>primo</strong></span> <span class='ocrx_word' id='word_1_338' title='bbox 532 3005 719 3070; x_wconf 84' lang='lat' dir='ltr'><strong>abbas,</strong></span> <span class='ocrx_word' id='word_1_339' title='bbox 759 3021 864 3059; x_wconf 90' lang='lat' dir='ltr'><strong>non</strong></span> <span class='ocrx_word' id='word_1_340' title='bbox 898 3005 1036 3061; x_wconf 86' lang='lat' dir='ltr'><strong>forte</strong></span> <span class='ocrx_word' id='word_1_341' title='bbox 1062 3022 1185 3061; x_wconf 86' lang='lat' dir='ltr'><strong>eum</strong></span> <span class='ocrx_word' id='word_1_342' title='bbox 1213 3023 1371 3076; x_wconf 86' lang='lat' dir='ltr'><strong>posse</strong></span> <span class='ocrx_word' id='word_1_343' title='bbox 1396 3009 1689 3064; x_wconf 78' lang='lat' dir='ltr'><strong>constituta</strong></span> <span class='ocrx_word' id='word_1_344' title='bbox 1711 3011 1909 3081; x_wconf 60' lang='lat' dir='ltr'><strong>regula</strong></span> 
     </span>
    </p>
   </div>
   <div class='ocr_carea' id='block_1_48' title="bbox 334 3094 1908 3167">
    <p class='ocr_par' dir='ltr' id='par_1_48' title="bbox 334 3094 1908 3167">
     <span class='ocr_line' id='line_1_48' title="bbox 334 3094 1908 3167; baseline 0.005 -19"><span class='ocrx_word' id='word_1_345' title='bbox 334 3107 677 3149; x_wconf 76' lang='lat' dir='ltr'><strong>conservare.</strong></span> <span class='ocrx_word' id='word_1_346' title='bbox 704 3094 839 3149; x_wconf 90' lang='lat' dir='ltr'><strong>Cum</strong></span> <span class='ocrx_word' id='word_1_347' title='bbox 861 3111 990 3149; x_wconf 87' lang='lat' dir='ltr'><strong>vero</strong></span> <span class='ocrx_word' id='word_1_348' title='bbox 1018 3096 1105 3149; x_wconf 87' lang='lat' dir='ltr'><strong>ille</strong></span> <span class='ocrx_word' id='word_1_349' title='bbox 1128 3098 1324 3151; x_wconf 78' lang='lat' dir='ltr'><strong>dixerit</strong></span> <span class='ocrx_word' id='word_1_350' title='bbox 1357 3112 1516 3167; x_wconf 85' lang='lat' dir='ltr'><strong>posse</strong></span> <span class='ocrx_word' id='word_1_351' title='bbox 1538 3115 1597 3155; x_wconf 86' lang='lat' dir='ltr'><strong>se</strong></span> <span class='ocrx_word' id='word_1_352' title='bbox 1624 3101 1690 3154; x_wconf 84' lang='lat' dir='ltr'><strong>ad</strong></span> <span class='ocrx_word' id='word_1_353' title='bbox 1723 3102 1908 3156; x_wconf 84' lang='lat' dir='ltr'><strong>omnia</strong></span> 
     </span>
    </p>
   </div>
   <div class='ocr_carea' id='block_1_49' title="bbox 333 3187 1910 3260">
    <p class='ocr_par' dir='ltr' id='par_1_49' title="bbox 333 3187 1910 3260">
     <span class='ocr_line' id='line_1_49' title="bbox 333 3187 1910 3260; baseline 0.004 -17"><span class='ocrx_word' id='word_1_354' title='bbox 333 3187 576 3253; x_wconf 81' lang='lat' dir='ltr'><strong>obedire,</strong></span> <span class='ocrx_word' id='word_1_355' title='bbox 616 3196 673 3242; x_wconf 90' lang='lat' dir='ltr'><strong>et</strong></span> <span class='ocrx_word' id='word_1_356' title='bbox 706 3187 889 3243; x_wconf 86' lang='lat' dir='ltr'><strong>omnia</strong></span> <span class='ocrx_word' id='word_1_357' title='bbox 932 3188 1140 3243; x_wconf 86' lang='lat' dir='ltr'><strong>abbatis</strong></span> <span class='ocrx_word' id='word_1_358' title='bbox 1175 3190 1358 3244; x_wconf 85' lang='lat' dir='ltr'><strong>verbis</strong></span> <span class='ocrx_word' id='word_1_359' title='bbox 1390 3192 1647 3260; x_wconf 70' lang='lat' dir='ltr'><strong>pra:de</strong></span> <span class='ocrx_word' id='word_1_360' title='bbox 1688 3208 1809 3247; x_wconf 86' lang='lat' dir='ltr'><strong>eum</strong></span> <span class='ocrx_word' id='word_1_361' title='bbox 1850 3209 1910 3250; x_wconf 81' lang='lat' dir='ltr'><strong>se</strong></span> 
     </span>
    </p>
   </div>
   <div class='ocr_carea' id='block_1_50' title="bbox 334 3277 1910 3348">
    <p class='ocr_par' dir='ltr' id='par_1_50' title="bbox 334 3277 1910 3348">
     <span class='ocr_line' id='line_1_50' title="bbox 334 3277 1910 3348; baseline 0.006 -17"><span class='ocrx_word' id='word_1_362' title='bbox 334 3278 674 3347; x_wconf 86' lang='lat' dir='ltr'><strong>responderit</strong></span> <span class='ocrx_word' id='word_1_363' title='bbox 702 3293 872 3337; x_wconf 85' lang='lat' dir='ltr'><strong>novus</strong></span> <span class='ocrx_word' id='word_1_364' title='bbox 911 3277 1076 3334; x_wconf 82' lang='lat' dir='ltr'><strong>frater</strong></span> <span class='ocrx_word' id='word_1_365' title='bbox 1100 3293 1338 3348; x_wconf 87' lang='lat' dir='ltr'><strong>servare,</strong></span> <span class='ocrx_word' id='word_1_366' title='bbox 1368 3294 1425 3337; x_wconf 85' lang='lat' dir='ltr'><strong>et</strong></span> <span class='ocrx_word' id='word_1_367' title='bbox 1456 3282 1524 3341; x_wconf 88' lang='lat' dir='ltr'><strong>ad</strong></span> <span class='ocrx_word' id='word_1_368' title='bbox 1550 3283 1732 3337; x_wconf 83' lang='lat' dir='ltr'><strong>omnia</strong></span> <span class='ocrx_word' id='word_1_369' title='bbox 1766 3283 1910 3340; x_wconf 87' lang='lat' dir='ltr'><strong>facto</strong></span> 
     </span>
    </p>
   </div>
   <div class='ocr_carea' id='block_1_51' title="bbox 335 3369 1912 3440">
    <p class='ocr_par' dir='ltr' id='par_1_51' title="bbox 335 3369 1912 3440">
     <span class='ocr_line' id='line_1_51' title="bbox 335 3369 1912 3440; baseline 0.004 -18"><span class='ocrx_word' id='word_1_370' title='bbox 335 3382 456 3423; x_wconf 85' lang='lat' dir='ltr'><strong>esse</strong></span> <span class='ocrx_word' id='word_1_371' title='bbox 489 3377 770 3438; x_wconf 85' lang='lat' dir='ltr'><strong>paratum;</strong></span> <span class='ocrx_word' id='word_1_372' title='bbox 807 3378 864 3424; x_wconf 92' lang='lat' dir='ltr'><strong>et</strong></span> <span class='ocrx_word' id='word_1_373' title='bbox 896 3370 942 3424; x_wconf 91' lang='lat' dir='ltr'><strong>si</strong></span> <span class='ocrx_word' id='word_1_374' title='bbox 982 3369 1258 3440; x_wconf 89' lang='lat' dir='ltr'><strong>professus</strong></span> <span class='ocrx_word' id='word_1_375' title='bbox 1290 3370 1455 3427; x_wconf 85' lang='lat' dir='ltr'><strong>fuerit</strong></span> <span class='ocrx_word' id='word_1_376' title='bbox 1493 3388 1553 3429; x_wconf 90' lang='lat' dir='ltr'><strong>se</strong></span> <span class='ocrx_word' id='word_1_377' title='bbox 1590 3375 1773 3428; x_wconf 89' lang='lat' dir='ltr'><strong>omnia</strong></span> <span class='ocrx_word' id='word_1_378' title='bbox 1811 3375 1912 3428; x_wconf 87' lang='lat' dir='ltr'><strong>im-</strong></span> 
     </span>
    </p>
   </div>
   <div class='ocr_carea' id='block_1_52' title="bbox 333 3460 1911 3535">
    <p class='ocr_par' dir='ltr' id='par_1_52' title="bbox 333 3460 1911 3535">
     <span class='ocr_line' id='line_1_52' title="bbox 333 3460 1911 3535; baseline 0.003 -21"><span class='ocrx_word' id='word_1_379' title='bbox 333 3460 603 3530; x_wconf 85' lang='lat' dir='ltr'><strong>pleturum</strong></span> <span class='ocrx_word' id='word_1_380' title='bbox 625 3502 640 3527; x_wconf 92' lang='lat'><strong>,</strong></span> <span class='ocrx_word' id='word_1_381' title='bbox 682 3468 811 3517; x_wconf 87' lang='lat' dir='ltr'><strong>tunc</strong></span> <span class='ocrx_word' id='word_1_382' title='bbox 844 3462 1146 3531; x_wconf 79' lang='lat' dir='ltr'><strong>excipiatur</strong></span> <span class='ocrx_word' id='word_1_383' title='bbox 1177 3464 1230 3518; x_wconf 92' lang='lat' dir='ltr'><strong>in</strong></span> <span class='ocrx_word' id='word_1_384' title='bbox 1268 3468 1685 3535; x_wconf 79' lang='lat' dir='ltr'><strong>congregatione</strong></span> <span class='ocrx_word' id='word_1_385' title='bbox 1725 3482 1911 3520; x_wconf 89' lang='lat' dir='ltr'><strong>mona-</strong></span> 
     </span>
    </p>
   </div>
   <div class='ocr_carea' id='block_1_53' title="bbox 335 3554 1911 3624">
    <p class='ocr_par' dir='ltr' id='par_1_53' title="bbox 335 3554 1911 3624">
     <span class='ocr_line' id='line_1_53' title="bbox 335 3554 1911 3624; baseline 0.003 -17"><span class='ocrx_word' id='word_1_386' title='bbox 335 3554 583 3609; x_wconf 82' lang='lat' dir='ltr'><strong>chorum.</strong></span> <span class='ocrx_word' id='word_1_387' title='bbox 632 3554 901 3623; x_wconf 78' lang='lat' dir='ltr'><strong>Exceptus</strong></span> <span class='ocrx_word' id='word_1_388' title='bbox 930 3570 1061 3609; x_wconf 88' lang='lat' dir='ltr'><strong>vero</strong></span> <span class='ocrx_word' id='word_1_389' title='bbox 1088 3570 1257 3624; x_wconf 85' lang='lat' dir='ltr'><strong>usque</strong></span> <span class='ocrx_word' id='word_1_390' title='bbox 1283 3555 1349 3610; x_wconf 86' lang='lat' dir='ltr'><strong>ad</strong></span> <span class='ocrx_word' id='word_1_391' title='bbox 1375 3564 1603 3613; x_wconf 90' lang='lat' dir='ltr'><strong>mortem</strong></span> <span class='ocrx_word' id='word_1_392' title='bbox 1626 3572 1776 3611; x_wconf 89' lang='lat' dir='ltr'><strong>suam</strong></span> <span class='ocrx_word' id='word_1_393' title='bbox 1810 3572 1911 3611; x_wconf 88' lang='lat' dir='ltr'><strong>nec</strong></span> 
     </span>
    </p>
   </div>
   <div class='ocr_carea' id='block_1_54' title="bbox 331 3645 1911 3715">
    <p class='ocr_par' dir='ltr' id='par_1_54' title="bbox 331 3645 1911 3715">
     <span class='ocr_line' id='line_1_54' title="bbox 331 3645 1911 3715; baseline 0 -17"><span class='ocrx_word' id='word_1_394' title='bbox 331 3651 627 3714; x_wconf 66' lang='lat' dir='ltr'><strong>praesumat</strong></span> <span class='ocrx_word' id='word_1_395' title='bbox 646 3658 745 3699; x_wconf 87' lang='lat' dir='ltr'><strong>nec</strong></span> <span class='ocrx_word' id='word_1_396' title='bbox 766 3645 1111 3714; x_wconf 84' lang='lat' dir='ltr'><strong>permittatur</strong></span> <span class='ocrx_word' id='word_1_397' title='bbox 1130 3645 1197 3699; x_wconf 88' lang='lat' dir='ltr'><strong>de</strong></span> <span class='ocrx_word' id='word_1_398' title='bbox 1221 3645 1549 3700; x_wconf 87' lang='lat' dir='ltr'><strong>monasterio</strong></span> <span class='ocrx_word' id='word_1_399' title='bbox 1574 3646 1756 3715; x_wconf 78' lang='lat' dir='ltr'><strong>egredi</strong></span> <span class='ocrx_word' id='word_1_400' title='bbox 1784 3660 1911 3714; x_wconf 85' lang='lat' dir='ltr'><strong>prn-</strong></span> 
     </span>
    </p>
   </div>
   <div class='ocr_carea' id='block_1_55' title="bbox 334 3732 1909 3806">
    <p class='ocr_par' dir='ltr' id='par_1_55' title="bbox 334 3732 1909 3806">
     <span class='ocr_line' id='line_1_55' title="bbox 334 3732 1909 3806; baseline 0.001 -19"><span class='ocrx_word' id='word_1_401' title='bbox 334 3741 458 3803; x_wconf 84' lang='lat' dir='ltr'><strong>pter</strong></span> <span class='ocrx_word' id='word_1_402' title='bbox 494 3733 624 3788; x_wconf 87' lang='lat' dir='ltr'><strong>illud</strong></span> <span class='ocrx_word' id='word_1_403' title='bbox 655 3734 1031 3806; x_wconf 79' lang='lat' dir='ltr'><strong>prepbeticum</strong></span> <span class='ocrx_word' id='word_1_404' title='bbox 1058 3752 1069 3787; x_wconf 91' lang='lat'>:</span> <span class='ocrx_word' id='word_1_405' title='bbox 1098 3732 1268 3787; x_wconf 84' lang='lat' dir='ltr'><strong>Unam</strong></span> <span class='ocrx_word' id='word_1_406' title='bbox 1288 3734 1414 3803; x_wconf 80' lang='lat' dir='ltr'><strong>petii</strong></span> <span class='ocrx_word' id='word_1_407' title='bbox 1453 3751 1486 3787; x_wconf 88' lang='lat' dir='ltr'><strong>a</strong></span> <span class='ocrx_word' id='word_1_408' title='bbox 1508 3733 1748 3799; x_wconf 86' lang='lat' dir='ltr'><strong>Domino,</strong></span> <span class='ocrx_word' id='word_1_409' title='bbox 1776 3735 1909 3789; x_wconf 84' lang='lat' dir='ltr'><strong>hanc</strong></span> 
     </span>
    </p>
   </div>
   <div class='ocr_carea' id='block_1_56' title="bbox 334 3823 1911 3896">
    <p class='ocr_par' dir='ltr' id='par_1_56' title="bbox 334 3823 1911 3896">
     <span class='ocr_line' id='line_1_56' title="bbox 334 3823 1911 3896; baseline 0.001 -19"><span class='ocrx_word' id='word_1_410' title='bbox 334 3825 618 3896; x_wconf 78' lang='lat' dir='ltr'><strong>requiram,</strong></span> <span class='ocrx_word' id='word_1_411' title='bbox 642 3834 698 3879; x_wconf 86' lang='lat' dir='ltr'><strong>ut</strong></span> <span class='ocrx_word' id='word_1_412' title='bbox 726 3824 1005 3879; x_wconf 73' lang='lat' dir='ltr'><strong>inbabitem</strong></span> <span class='ocrx_word' id='word_1_413' title='bbox 1043 3825 1099 3877; x_wconf 87' lang='lat' dir='ltr'><strong>in</strong></span> <span class='ocrx_word' id='word_1_414' title='bbox 1126 3827 1284 3879; x_wconf 86' lang='lat' dir='ltr'><strong>domo</strong></span> <span class='ocrx_word' id='word_1_415' title='bbox 1306 3823 1518 3878; x_wconf 88' lang='lat' dir='ltr'><strong>Domini</strong></span> <span class='ocrx_word' id='word_1_416' title='bbox 1539 3824 1775 3878; x_wconf 81' lang='lat' dir='ltr'><strong>omnibus</strong></span> <span class='ocrx_word' id='word_1_417' title='bbox 1801 3824 1911 3878; x_wconf 86' lang='lat' dir='ltr'><strong>die-</strong></span> 
     </span>
    </p>
   </div>
   <div class='ocr_carea' id='block_1_57' title="bbox 334 3913 1130 3987">
    <p class='ocr_par' dir='ltr' id='par_1_57' title="bbox 334 3913 1130 3987">
     <span class='ocr_line' id='line_1_57' title="bbox 334 3913 1130 3987; baseline -0.003 -17"><span class='ocrx_word' id='word_1_418' title='bbox 334 3916 431 3970; x_wconf 84' lang='lat' dir='ltr'><strong>bus</strong></span> <span class='ocrx_word' id='word_1_419' title='bbox 454 3915 573 3970; x_wconf 69' lang='lat' dir='ltr'><strong>siue</strong></span> <span class='ocrx_word' id='word_1_420' title='bbox 593 3930 722 3969; x_wconf 70' lang='lat' dir='ltr'><strong>meae</strong></span> <span class='ocrx_word' id='word_1_421' title='bbox 754 3913 926 3987; x_wconf 73' lang='lat' dir='ltr'><strong>(Paul.</strong></span> <span class='ocrx_word' id='word_1_422' title='bbox 960 3917 1130 3985; x_wconf 76' lang='lat' dir='ltr'><strong>xxvi).</strong></span> 
     </span>
    </p>
   </div>
   <div class='ocr_carea' id='block_1_58' title="bbox 372 4004 1909 4077">
    <p class='ocr_par' dir='ltr' id='par_1_58' title="bbox 372 4004 1909 4077">
     <span class='ocr_line' id='line_1_58' title="bbox 372 4004 1909 4077; baseline -0.002 -16"><span class='ocrx_word' id='word_1_423' title='bbox 372 4004 786 4077; x_wconf 70' lang='lat' dir='ltr'><strong>‘Suscipiendus</strong></span> <span class='ocrx_word' id='word_1_424' title='bbox 836 4015 1012 4060; x_wconf 79' lang='lat' dir='ltr'><strong>autem</strong></span> <span class='ocrx_word' id='word_1_425' title='bbox 1056 4007 1116 4059; x_wconf 82' lang='lat' dir='ltr'><strong>in</strong></span> <span class='ocrx_word' id='word_1_426' title='bbox 1159 4005 1390 4059; x_wconf 84' lang='lat' dir='ltr'><strong>oratorio</strong></span> <span class='ocrx_word' id='word_1_427' title='bbox 1447 4019 1624 4058; x_wconf 88' lang='lat' dir='ltr'><strong>coram</strong></span> <span class='ocrx_word' id='word_1_428' title='bbox 1673 4004 1909 4059; x_wconf 82' lang='lat' dir='ltr'><strong>omnibus</strong></span> 
     </span>
    </p>
   </div>
   <div class='ocr_carea' id='block_1_59' title="bbox 328 4095 1908 4167">
    <p class='ocr_par' dir='ltr' id='par_1_59' title="bbox 328 4095 1908 4167">
     <span class='ocr_line' id='line_1_59' title="bbox 328 4095 1908 4167; baseline -0.001 -17"><span class='ocrx_word' id='word_1_429' title='bbox 328 4096 607 4167; x_wconf 74' lang='lat' dir='ltr'><strong>promittat</strong></span> <span class='ocrx_word' id='word_1_430' title='bbox 642 4097 707 4151; x_wconf 82' lang='lat' dir='ltr'><strong>de</strong></span> <span class='ocrx_word' id='word_1_431' title='bbox 743 4095 1029 4151; x_wconf 77' lang='lat' dir='ltr'><strong>stabilitate</strong></span> <span class='ocrx_word' id='word_1_432' title='bbox 1064 4113 1162 4150; x_wconf 83' lang='lat' dir='ltr'><strong>sua</strong></span> <span class='ocrx_word' id='word_1_433' title='bbox 1182 4135 1198 4163; x_wconf 98' lang='lat'><strong>,</strong></span> <span class='ocrx_word' id='word_1_434' title='bbox 1245 4107 1293 4150; x_wconf 85' lang='lat' dir='ltr'><strong>et</strong></span> <span class='ocrx_word' id='word_1_435' title='bbox 1333 4097 1664 4150; x_wconf 80' lang='lat' dir='ltr'><strong>conversione</strong></span> <span class='ocrx_word' id='word_1_436' title='bbox 1702 4112 1908 4151; x_wconf 85' lang='lat' dir='ltr'><strong>morum</strong></span> 
     </span>
    </p>
   </div>
   <div class='ocr_carea' id='block_1_60' title="bbox 334 4188 1909 4257">
    <p class='ocr_par' dir='ltr' id='par_1_60' title="bbox 334 4188 1909 4257">
     <span class='ocr_line' id='line_1_60' title="bbox 334 4188 1909 4257; baseline 0.001 -15"><span class='ocrx_word' id='word_1_437' title='bbox 334 4203 576 4255; x_wconf 81' lang='lat' dir='ltr'><strong>suorum,</strong></span> <span class='ocrx_word' id='word_1_438' title='bbox 611 4194 663 4243; x_wconf 83' lang='lat' dir='ltr'><strong>et</strong></span> <span class='ocrx_word' id='word_1_439' title='bbox 695 4188 986 4244; x_wconf 80' lang='lat' dir='ltr'><strong>obedientia</strong></span> <span class='ocrx_word' id='word_1_440' title='bbox 1024 4204 1203 4243; x_wconf 87' lang='lat' dir='ltr'><strong>coram</strong></span> <span class='ocrx_word' id='word_1_441' title='bbox 1224 4188 1336 4242; x_wconf 83' lang='lat' dir='ltr'><strong>Deo</strong></span> <span class='ocrx_word' id='word_1_442' title='bbox 1374 4197 1425 4242; x_wconf 83' lang='lat' dir='ltr'><strong>et</strong></span> <span class='ocrx_word' id='word_1_443' title='bbox 1459 4190 1655 4243; x_wconf 71' lang='lat' dir='ltr'><strong>sanctis</strong></span> <span class='ocrx_word' id='word_1_444' title='bbox 1687 4188 1821 4257; x_wconf 86' lang='lat' dir='ltr'><strong>ejus,</strong></span> <span class='ocrx_word' id='word_1_445' title='bbox 1853 4198 1909 4243; x_wconf 90' lang='lat' dir='ltr'><strong>ut</strong></span> 
     </span>
    </p>
   </div>
   <div class='ocr_carea' id='block_1_61' title="bbox 335 4276 1910 4349">
    <p class='ocr_par' dir='ltr' id='par_1_61' title="bbox 335 4276 1910 4349">
     <span class='ocr_line' id='line_1_61' title="bbox 335 4276 1910 4349; baseline 0 -17"><span class='ocrx_word' id='word_1_446' title='bbox 335 4276 401 4332; x_wconf 68' lang='lat' dir='ltr'><strong>si</strong></span> <span class='ocrx_word' id='word_1_447' title='bbox 419 4276 705 4349; x_wconf 77' lang='lat' dir='ltr'><strong>aliquando</strong></span> <span class='ocrx_word' id='word_1_448' title='bbox 728 4279 882 4337; x_wconf 84' lang='lat' dir='ltr'><strong>aliter</strong></span> <span class='ocrx_word' id='word_1_449' title='bbox 901 4279 1100 4349; x_wconf 76' lang='lat' dir='ltr'><strong>fecerit,</strong></span> <span class='ocrx_word' id='word_1_450' title='bbox 1123 4279 1189 4333; x_wconf 88' lang='lat' dir='ltr'><strong>ab</strong></span> <span class='ocrx_word' id='word_1_451' title='bbox 1214 4294 1274 4333; x_wconf 85' lang='lat' dir='ltr'><strong>eo</strong></span> <span class='ocrx_word' id='word_1_452' title='bbox 1295 4295 1349 4333; x_wconf 83' lang='lat' dir='ltr'><strong>se</strong></span> <span class='ocrx_word' id='word_1_453' title='bbox 1378 4277 1739 4332; x_wconf 78' lang='lat' dir='ltr'><strong>damnandum</strong></span> <span class='ocrx_word' id='word_1_454' title='bbox 1780 4279 1910 4334; x_wconf 87' lang='lat' dir='ltr'><strong>sciat</strong></span> 
     </span>
    </p>
   </div>
   <div class='ocr_carea' id='block_1_62' title="bbox 2018 1822 3598 1895">
    <p class='ocr_par' dir='ltr' id='par_1_62' title="bbox 2018 1822 3598 1895">
     <span class='ocr_line' id='line_1_62' title="bbox 2018 1822 3598 1895; baseline 0.008 -20"><span class='ocrx_word' id='word_1_455' title='bbox 2018 1822 2071 1876; x_wconf 89' lang='lat' dir='ltr'><strong>in</strong></span> <span class='ocrx_word' id='word_1_456' title='bbox 2097 1830 2356 1892; x_wconf 88' lang='lat' dir='ltr'><strong>perpetuo</strong></span> <span class='ocrx_word' id='word_1_457' title='bbox 2384 1826 2726 1879; x_wconf 86' lang='lat' dir='ltr'><strong>servandum.</strong></span> <span class='ocrx_word' id='word_1_458' title='bbox 2758 1826 2870 1895; x_wconf 84' lang='lat' dir='ltr'><strong>Ego</strong></span> <span class='ocrx_word' id='word_1_459' title='bbox 2896 1836 3079 1882; x_wconf 90' lang='lat' dir='ltr'><strong>autem</strong></span> <span class='ocrx_word' id='word_1_460' title='bbox 3104 1828 3359 1886; x_wconf 76' lang='lat' dir='ltr'><strong>Davidico</strong></span> <span class='ocrx_word' id='word_1_461' title='bbox 3388 1833 3598 1887; x_wconf 76' lang='lat' dir='ltr'><strong>confor-</strong></span> 
     </span>
    </p>
   </div>
   <div class='ocr_carea' id='block_1_63' title="bbox 2014 1905 3597 1995">
    <p class='ocr_par' dir='ltr' id='par_1_63' title="bbox 2014 1905 3597 1995">
     <span class='ocr_line' id='line_1_63' title="bbox 2014 1905 3597 1995; baseline 0.008 -30"><span class='ocrx_word' id='word_1_462' title='bbox 2014 1905 2160 1968; x_wconf 86' lang='lat' dir='ltr'><strong>tatus</strong></span> <span class='ocrx_word' id='word_1_463' title='bbox 2201 1914 2451 1983; x_wconf 85' lang='lat' dir='ltr'><strong>exemplo</strong></span> <span class='ocrx_word' id='word_1_464' title='bbox 2496 1914 2726 1972; x_wconf 89' lang='lat' dir='ltr'><strong>Domino</strong></span> <span class='ocrx_word' id='word_1_465' title='bbox 2776 1918 3018 1973; x_wconf 86' lang='lat' dir='ltr'><strong>clamans</strong></span> <span class='ocrx_word' id='word_1_466' title='bbox 3070 1921 3281 1975; x_wconf 87' lang='lat' dir='ltr'><strong>aiebam</strong></span> <span class='ocrx_word' id='word_1_467' title='bbox 3315 1940 3329 1976; x_wconf 90' lang='lat'><strong>:</strong></span> <span class='ocrx_word' id='word_1_468' title='bbox 3372 1921 3597 1995; x_wconf 83' lang='lat' dir='ltr'><strong>Propter</strong></span> 
     </span>
    </p>
   </div>
   <div class='ocr_carea' id='block_1_64' title="bbox 2012 2008 3602 2083">
    <p class='ocr_par' dir='ltr' id='par_1_64' title="bbox 2012 2008 3602 2083">
     <span class='ocr_line' id='line_1_64' title="bbox 2012 2008 3602 2083; baseline 0.008 -20"><span class='ocrx_word' id='word_1_469' title='bbox 2012 2008 2167 2063; x_wconf 74' lang='lat' dir='ltr'><strong>verba</strong></span> <span class='ocrx_word' id='word_1_470' title='bbox 2227 2008 2489 2065; x_wconf 83' lang='lat' dir='ltr'><strong>labiorum</strong></span> <span class='ocrx_word' id='word_1_471' title='bbox 2542 2020 2753 2066; x_wconf 89' lang='lat' dir='ltr'><strong>tuorum</strong></span> <span class='ocrx_word' id='word_1_472' title='bbox 2813 2030 2907 2083; x_wconf 84' lang='lat' dir='ltr'><strong>ego</strong></span> <span class='ocrx_word' id='word_1_473' title='bbox 2956 2016 3210 2070; x_wconf 81' lang='lat' dir='ltr'><strong>custodiri</strong></span> <span class='ocrx_word' id='word_1_474' title='bbox 3264 2018 3375 2072; x_wconf 81' lang='lat' dir='ltr'><strong>rios</strong></span> <span class='ocrx_word' id='word_1_475' title='bbox 3429 2020 3602 2075; x_wconf 86' lang='lat' dir='ltr'><strong>duras.</strong></span> 
     </span>
    </p>
   </div>
   <div class='ocr_carea' id='block_1_65' title="bbox 2012 2100 3594 2185">
    <p class='ocr_par' dir='ltr' id='par_1_65' title="bbox 2012 2100 3594 2185">
     <span class='ocr_line' id='line_1_65' title="bbox 2012 2100 3594 2185; baseline 0.011 -31"><span class='ocrx_word' id='word_1_476' title='bbox 2012 2100 2185 2170; x_wconf 83' lang='lat' dir='ltr'><strong>(Psal.</strong></span> <span class='ocrx_word' id='word_1_477' title='bbox 2215 2102 2353 2174; x_wconf 68' lang='grc' dir='ltr'><strong>ιη),</strong></span> <span class='ocrx_word' id='word_1_478' title='bbox 2381 2106 2684 2162; x_wconf 88' lang='lat' dir='ltr'><strong>certissime</strong></span> <span class='ocrx_word' id='word_1_479' title='bbox 2709 2107 2888 2163; x_wconf 87' lang='lat' dir='ltr'><strong>sciens</strong></span> <span class='ocrx_word' id='word_1_480' title='bbox 2914 2111 3042 2178; x_wconf 89' lang='lat' dir='ltr'><strong>quia</strong></span> <span class='ocrx_word' id='word_1_481' title='bbox 3067 2115 3113 2167; x_wconf 82' lang='lat' dir='ltr'><strong>si</strong></span> <span class='ocrx_word' id='word_1_482' title='bbox 3138 2114 3410 2185; x_wconf 78' lang='lat' dir='ltr'><strong>particeps</strong></span> <span class='ocrx_word' id='word_1_483' title='bbox 3434 2115 3594 2171; x_wconf 80' lang='lat' dir='ltr'><strong>Cbri-</strong></span> 
     </span>
    </p>
   </div>
   <div class='ocr_carea' id='block_1_66' title="bbox 2012 2192 3592 2263">
    <p class='ocr_par' dir='ltr' id='par_1_66' title="bbox 2012 2192 3592 2263">
     <span class='ocr_line' id='line_1_66' title="bbox 2012 2192 3592 2263; baseline 0.009 -14"><span class='ocrx_word' id='word_1_484' title='bbox 2012 2192 2081 2249; x_wconf 89' lang='lat' dir='ltr'><strong>sti</strong></span> <span class='ocrx_word' id='word_1_485' title='bbox 2110 2193 2379 2262; x_wconf 88' lang='lat' dir='ltr'><strong>passionis</strong></span> <span class='ocrx_word' id='word_1_486' title='bbox 2407 2194 2579 2260; x_wconf 89' lang='lat' dir='ltr'><strong>fuero,</strong></span> <span class='ocrx_word' id='word_1_487' title='bbox 2616 2204 2671 2251; x_wconf 90' lang='lat' dir='ltr'><strong>et</strong></span> <span class='ocrx_word' id='word_1_488' title='bbox 2710 2200 3126 2256; x_wconf 88' lang='lat' dir='ltr'><strong>resurrectionis</strong></span> <span class='ocrx_word' id='word_1_489' title='bbox 3153 2217 3267 2257; x_wconf 88' lang='lat' dir='ltr'><strong>ero.</strong></span> <span class='ocrx_word' id='word_1_490' title='bbox 3310 2204 3404 2259; x_wconf 86' lang='lat' dir='ltr'><strong>llis</strong></span> <span class='ocrx_word' id='word_1_491' title='bbox 3430 2215 3485 2260; x_wconf 89' lang='lat' dir='ltr'><strong>ct</strong></span> <span class='ocrx_word' id='word_1_492' title='bbox 3519 2209 3592 2263; x_wconf 72' lang='grc' dir='ltr'><strong>εἰ·</strong></span> 
     </span>
    </p>
   </div>
   <div class='ocr_carea' id='block_1_67' title="bbox 2009 2282 3592 2359">
    <p class='ocr_par' dir='ltr' id='par_1_67' title="bbox 2009 2282 3592 2359">
     <span class='ocr_line' id='line_1_67' title="bbox 2009 2282 3592 2359; baseline 0.009 -22"><span class='ocrx_word' id='word_1_493' title='bbox 2009 2282 2234 2338; x_wconf 82' lang='lat' dir='ltr'><strong>milibus</strong></span> <span class='ocrx_word' id='word_1_494' title='bbox 2267 2284 2465 2341; x_wconf 87' lang='lat' dir='ltr'><strong>divinis</strong></span> <span class='ocrx_word' id='word_1_495' title='bbox 2504 2285 2841 2343; x_wconf 79' lang='lat' dir='ltr'><strong>confortatus</strong></span> <span class='ocrx_word' id='word_1_496' title='bbox 2880 2289 3077 2344; x_wconf 86' lang='lat' dir='ltr'><strong>divinis</strong></span> <span class='ocrx_word' id='word_1_497' title='bbox 3122 2295 3379 2359; x_wconf 83' lang='lat' dir='ltr'><strong>oraculis,</strong></span> <span class='ocrx_word' id='word_1_498' title='bbox 3410 2300 3592 2352; x_wconf 75' lang='lat' dir='ltr'><strong>omnia</strong></span> 
     </span>
    </p>
   </div>
   <div class='ocr_carea' id='block_1_68' title="bbox 2010 2378 3589 2450">
    <p class='ocr_par' dir='ltr' id='par_1_68' title="bbox 2010 2378 3589 2450">
     <span class='ocr_line' id='line_1_68' title="bbox 2010 2378 3589 2450; baseline 0.009 -23"><span class='ocrx_word' id='word_1_499' title='bbox 2010 2388 2099 2428; x_wconf 85' lang='lat' dir='ltr'><strong>me</strong></span> <span class='ocrx_word' id='word_1_500' title='bbox 2126 2382 2443 2430; x_wconf 84' lang='lat' dir='ltr'><strong>constanter</strong></span> <span class='ocrx_word' id='word_1_501' title='bbox 2470 2378 2677 2446; x_wconf 87' lang='lat' dir='ltr'><strong>perpeti</strong></span> <span class='ocrx_word' id='word_1_502' title='bbox 2702 2393 2801 2448; x_wconf 87' lang='lat' dir='ltr'><strong>pro</strong></span> <span class='ocrx_word' id='word_1_503' title='bbox 2826 2379 2934 2434; x_wconf 89' lang='lat' dir='ltr'><strong>vita</strong></span> <span class='ocrx_word' id='word_1_504' title='bbox 2974 2381 3329 2450; x_wconf 84' lang='lat' dir='ltr'><strong>proﬁtebatur</strong></span> <span class='ocrx_word' id='word_1_505' title='bbox 3365 2396 3589 2442; x_wconf 70' lang='lat' dir='ltr'><strong>teterna.</strong></span> 
     </span>
    </p>
   </div>
   <div class='ocr_carea' id='block_1_69' title="bbox 2011 2463 3592 2543">
    <p class='ocr_par' dir='ltr' id='par_1_69' title="bbox 2011 2463 3592 2543">
     <span class='ocr_line' id='line_1_69' title="bbox 2011 2463 3592 2543; baseline 0.008 -22"><span class='ocrx_word' id='word_1_506' title='bbox 2011 2463 2162 2522; x_wconf 82' lang='lat' dir='ltr'><strong>Hauc</strong></span> <span class='ocrx_word' id='word_1_507' title='bbox 2194 2476 2438 2523; x_wconf 85' lang='lat' dir='ltr'><strong>nostram</strong></span> <span class='ocrx_word' id='word_1_508' title='bbox 2466 2484 2695 2524; x_wconf 89' lang='lat' dir='ltr'><strong>cernens</strong></span> <span class='ocrx_word' id='word_1_509' title='bbox 2718 2470 2880 2526; x_wconf 78' lang='lat' dir='ltr'><strong>Pater</strong></span> <span class='ocrx_word' id='word_1_510' title='bbox 2907 2474 3287 2538; x_wconf 87' lang='lat' dir='ltr'><strong>constantiam,</strong></span> <span class='ocrx_word' id='word_1_511' title='bbox 3316 2484 3400 2531; x_wconf 84' lang='lat' dir='ltr'><strong>ter</strong></span> <span class='ocrx_word' id='word_1_512' title='bbox 3427 2477 3592 2543; x_wconf 88' lang='lat' dir='ltr'><strong>juss&#39;t</strong></span> 
     </span>
    </p>
   </div>
   <div class='ocr_carea' id='block_1_70' title="bbox 2011 2554 3590 2634">
    <p class='ocr_par' dir='ltr' id='par_1_70' title="bbox 2011 2554 3590 2634">
     <span class='ocr_line' id='line_1_70' title="bbox 2011 2554 3590 2634; baseline 0.007 -26"><span class='ocrx_word' id='word_1_513' title='bbox 2011 2554 2066 2609; x_wconf 89' lang='lat' dir='ltr'><strong>in</strong></span> <span class='ocrx_word' id='word_1_514' title='bbox 2093 2570 2241 2611; x_wconf 86' lang='lat' dir='ltr'><strong>anno</strong></span> <span class='ocrx_word' id='word_1_515' title='bbox 2275 2571 2372 2625; x_wconf 88' lang='lat' dir='ltr'><strong>per</strong></span> <span class='ocrx_word' id='word_1_516' title='bbox 2406 2558 2653 2613; x_wconf 82' lang='lat' dir='ltr'><strong>ordinem</strong></span> <span class='ocrx_word' id='word_1_517' title='bbox 2694 2559 2850 2614; x_wconf 77' lang='lat' dir='ltr'><strong>nobis</strong></span> <span class='ocrx_word' id='word_1_518' title='bbox 2894 2559 3093 2631; x_wconf 79' lang='lat' dir='ltr'><strong>legere,</strong></span> <span class='ocrx_word' id='word_1_519' title='bbox 3125 2565 3436 2634; x_wconf 86' lang='lat' dir='ltr'><strong>pariterque</strong></span> <span class='ocrx_word' id='word_1_520' title='bbox 3479 2576 3590 2622; x_wconf 69' lang='lat' dir='ltr'><strong>tm-</strong></span> 
     </span>
    </p>
   </div>
   <div class='ocr_carea' id='block_1_71' title="bbox 2008 2644 3593 2727">
    <p class='ocr_par' dir='ltr' id='par_1_71' title="bbox 2008 2644 3593 2727">
     <span class='ocr_line' id='line_1_71' title="bbox 2008 2644 3593 2727; baseline 0.01 -28"><span class='ocrx_word' id='word_1_521' title='bbox 2008 2644 2138 2701; x_wconf 88' lang='lat' dir='ltr'><strong>dere</strong></span> <span class='ocrx_word' id='word_1_522' title='bbox 2171 2647 2410 2716; x_wconf 81' lang='lat' dir='ltr'><strong>rcgnlam</strong></span> <span class='ocrx_word' id='word_1_523' title='bbox 2447 2663 2569 2703; x_wconf 89' lang='lat' dir='ltr'><strong>cum</strong></span> <span class='ocrx_word' id='word_1_524' title='bbox 2597 2652 2986 2720; x_wconf 85' lang='lat' dir='ltr'><strong>protestatione</strong></span> <span class='ocrx_word' id='word_1_525' title='bbox 3025 2654 3293 2710; x_wconf 88' lang='lat' dir='ltr'><strong>monentis</strong></span> <span class='ocrx_word' id='word_1_526' title='bbox 3321 2666 3483 2727; x_wconf 85' lang='lat' dir='ltr'><strong>atque</strong></span> <span class='ocrx_word' id='word_1_527' title='bbox 3509 2661 3593 2715; x_wconf 40' lang='lat' dir='ltr'><strong>dii</strong></span> 
     </span>
    </p>
   </div>
   <div class='ocr_carea' id='block_1_72' title="bbox 2008 2740 3586 2821">
    <p class='ocr_par' dir='ltr' id='par_1_72' title="bbox 2008 2740 3586 2821">
     <span class='ocr_line' id='line_1_72' title="bbox 2008 2740 3586 2821; baseline 0.009 -28"><span class='ocrx_word' id='word_1_528' title='bbox 2008 2740 2180 2794; x_wconf 89' lang='lat' dir='ltr'><strong>centis</strong></span> <span class='ocrx_word' id='word_1_529' title='bbox 2206 2757 2218 2793; x_wconf 90' lang='lat'><strong>:</strong></span> <span class='ocrx_word' id='word_1_530' title='bbox 2248 2741 2388 2797; x_wconf 85' lang='lat' dir='ltr'><strong>Ecce</strong></span> <span class='ocrx_word' id='word_1_531' title='bbox 2427 2742 2509 2797; x_wconf 78' lang='lat' dir='ltr'><strong>lex</strong></span> <span class='ocrx_word' id='word_1_532' title='bbox 2538 2745 2638 2798; x_wconf 77' lang='lat' dir='ltr'><strong>sub</strong></span> <span class='ocrx_word' id='word_1_533' title='bbox 2664 2760 2767 2813; x_wconf 83' lang='lat' dir='ltr'><strong>qua</strong></span> <span class='ocrx_word' id='word_1_534' title='bbox 2797 2746 3031 2803; x_wconf 88' lang='lat' dir='ltr'><strong>militare</strong></span> <span class='ocrx_word' id='word_1_535' title='bbox 3058 2749 3159 2802; x_wconf 89' lang='lat' dir='ltr'><strong>vis.</strong></span> <span class='ocrx_word' id='word_1_536' title='bbox 3214 2749 3270 2805; x_wconf 89' lang='lat' dir='ltr'><strong>Si</strong></span> <span class='ocrx_word' id='word_1_537' title='bbox 3298 2761 3453 2821; x_wconf 85' lang='lat' dir='ltr'><strong>potes</strong></span> <span class='ocrx_word' id='word_1_538' title='bbox 3483 2755 3586 2807; x_wconf 47' lang='lat' dir='ltr'><strong>obw</strong></span> 
     </span>
    </p>
   </div>
   <div class='ocr_carea' id='block_1_73' title="bbox 2008 2834 3581 2907">
    <p class='ocr_par' dir='ltr' id='par_1_73' title="bbox 2008 2834 3581 2907">
     <span class='ocr_line' id='line_1_73' title="bbox 2008 2834 3581 2907; baseline 0.009 -20"><span class='ocrx_word' id='word_1_539' title='bbox 2008 2847 2253 2893; x_wconf 86' lang='lat' dir='ltr'><strong>servare,</strong></span> <span class='ocrx_word' id='word_1_540' title='bbox 2310 2834 2629 2903; x_wconf 74' lang='lat' dir='ltr'><strong>ingredere;</strong></span> <span class='ocrx_word' id='word_1_541' title='bbox 2683 2837 2726 2893; x_wconf 91' lang='lat' dir='ltr'><strong>si</strong></span> <span class='ocrx_word' id='word_1_542' title='bbox 2781 2853 2888 2893; x_wconf 92' lang='lat' dir='ltr'><strong>non</strong></span> <span class='ocrx_word' id='word_1_543' title='bbox 2934 2848 3119 2907; x_wconf 89' lang='lat' dir='ltr'><strong>potes,</strong></span> <span class='ocrx_word' id='word_1_544' title='bbox 3167 2841 3305 2898; x_wconf 87' lang='lat' dir='ltr'><strong>iiber</strong></span> <span class='ocrx_word' id='word_1_545' title='bbox 3347 2844 3581 2901; x_wconf 62' lang='lat' dir='ltr'><strong>discede.</strong></span> 
     </span>
    </p>
   </div>
   <div class='ocr_carea' id='block_1_74' title="bbox 2009 2920 3587 3000">
    <p class='ocr_par' dir='ltr' id='par_1_74' title="bbox 2009 2920 3587 3000">
     <span class='ocr_line' id='line_1_74' title="bbox 2009 2920 3587 3000; baseline 0.009 -24"><span class='ocrx_word' id='word_1_546' title='bbox 2009 2920 2123 2977; x_wconf 85' lang='lat' dir='ltr'><strong>lioe</strong></span> <span class='ocrx_word' id='word_1_547' title='bbox 2169 2937 2300 2993; x_wconf 77' lang='lat' dir='ltr'><strong>ergo</strong></span> <span class='ocrx_word' id='word_1_548' title='bbox 2342 2925 2533 2980; x_wconf 83' lang='lat' dir='ltr'><strong>videns</strong></span> <span class='ocrx_word' id='word_1_549' title='bbox 2576 2927 3041 2985; x_wconf 84' lang='lat' dir='ltr'><strong>ordinatissimum</strong></span> <span class='ocrx_word' id='word_1_550' title='bbox 3095 2938 3259 3000; x_wconf 86' lang='lat' dir='ltr'><strong>atque</strong></span> <span class='ocrx_word' id='word_1_551' title='bbox 3310 2949 3587 2991; x_wconf 83' lang='lat' dir='ltr'><strong>morosum</strong></span> 
     </span>
    </p>
   </div>
   <div class='ocr_carea' id='block_1_75' title="bbox 2012 3011 3590 3092">
    <p class='ocr_par' dir='ltr' id='par_1_75' title="bbox 2012 3011 3590 3092">
     <span class='ocr_line' id='line_1_75' title="bbox 2012 3011 3590 3092; baseline 0.01 -27"><span class='ocrx_word' id='word_1_552' title='bbox 2012 3011 2148 3066; x_wconf 80' lang='lat' dir='ltr'><strong>mihi</strong></span> <span class='ocrx_word' id='word_1_553' title='bbox 2172 3012 2404 3081; x_wconf 87' lang='lat' dir='ltr'><strong>spatium</strong></span> <span class='ocrx_word' id='word_1_554' title='bbox 2432 3015 2769 3079; x_wconf 86' lang='lat' dir='ltr'><strong>attributum,</strong></span> <span class='ocrx_word' id='word_1_555' title='bbox 2805 3014 3173 3075; x_wconf 83' lang='lat' dir='ltr'><strong>dubitationis</strong></span> <span class='ocrx_word' id='word_1_556' title='bbox 3190 3022 3340 3076; x_wconf 88' lang='lat' dir='ltr'><strong>aditu</strong></span> <span class='ocrx_word' id='word_1_557' title='bbox 3368 3033 3590 3092; x_wconf 59' lang='lat' dir='ltr'><strong>prseter-</strong></span> 
     </span>
    </p>
   </div>
   <div class='ocr_carea' id='block_1_76' title="bbox 2012 3102 3588 3183">
    <p class='ocr_par' dir='ltr' id='par_1_76' title="bbox 2012 3102 3588 3183">
     <span class='ocr_line' id='line_1_76' title="bbox 2012 3102 3588 3183; baseline 0.008 -26"><span class='ocrx_word' id='word_1_558' title='bbox 2012 3102 2202 3166; x_wconf 75' lang='lat' dir='ltr'><strong>misso,</strong></span> <span class='ocrx_word' id='word_1_559' title='bbox 2232 3109 2293 3157; x_wconf 90' lang='lat' dir='ltr'><strong>ut</strong></span> <span class='ocrx_word' id='word_1_560' title='bbox 2320 3118 2407 3157; x_wconf 89' lang='lat' dir='ltr'><strong>me</strong></span> <span class='ocrx_word' id='word_1_561' title='bbox 2432 3113 2613 3160; x_wconf 86' lang='lat' dir='ltr'><strong>vestro</strong></span> <span class='ocrx_word' id='word_1_562' title='bbox 2636 3106 2747 3176; x_wconf 84' lang='lat' dir='ltr'><strong>jam</strong></span> <span class='ocrx_word' id='word_1_563' title='bbox 2780 3110 2993 3179; x_wconf 88' lang='lat' dir='ltr'><strong>corpori</strong></span> <span class='ocrx_word' id='word_1_564' title='bbox 3030 3111 3239 3166; x_wconf 80' lang='lat' dir='ltr'><strong>sociare</strong></span> <span class='ocrx_word' id='word_1_565' title='bbox 3269 3114 3588 3183; x_wconf 77' lang='lat' dir='ltr'><strong>dignemini,</strong></span> 
     </span>
    </p>
   </div>
   <div class='ocr_carea' id='block_1_77' title="bbox 2011 3190 3590 3271">
    <p class='ocr_par' dir='ltr' id='par_1_77' title="bbox 2011 3190 3590 3271">
     <span class='ocr_line' id='line_1_77' title="bbox 2011 3190 3590 3271; baseline 0.011 -27"><span class='ocrx_word' id='word_1_566' title='bbox 2011 3190 2438 3262; x_wconf 70' lang='lat' dir='ltr'><strong>lacrymabiliter</strong></span> <span class='ocrx_word' id='word_1_567' title='bbox 2482 3196 2722 3265; x_wconf 83' lang='lat' dir='ltr'><strong>rogitans</strong></span> <span class='ocrx_word' id='word_1_568' title='bbox 2764 3199 3019 3267; x_wconf 82' lang='lat' dir='ltr'><strong>deposco.</strong></span> <span class='ocrx_word' id='word_1_569' title='bbox 3069 3201 3181 3271; x_wconf 78' lang='lat' dir='ltr'><strong>Ego</strong></span> <span class='ocrx_word' id='word_1_570' title='bbox 3209 3218 3337 3258; x_wconf 84' lang='lat' dir='ltr'><strong>vero</strong></span> <span class='ocrx_word' id='word_1_571' title='bbox 3374 3222 3590 3262; x_wconf 86' lang='lat' dir='ltr'><strong>meeum</strong></span> 
     </span>
    </p>
   </div>
   <div class='ocr_carea' id='block_1_78' title="bbox 2004 3280 3590 3370">
    <p class='ocr_par' dir='ltr' id='par_1_78' title="bbox 2004 3280 3590 3370">
     <span class='ocr_line' id='line_1_78' title="bbox 2004 3280 3590 3370; baseline 0.011 -35"><span class='ocrx_word' id='word_1_572' title='bbox 2004 3280 2118 3349; x_wconf 88' lang='lat' dir='ltr'><strong>jam</strong></span> <span class='ocrx_word' id='word_1_573' title='bbox 2175 3283 2491 3339; x_wconf 76' lang='lat' dir='ltr'><strong>salvationis</strong></span> <span class='ocrx_word' id='word_1_574' title='bbox 2540 3286 2930 3370; x_wconf 66' lang='lat' dir='ltr'><strong>deliberatione</strong></span> <span class='ocrx_word' id='word_1_575' title='bbox 2992 3290 3284 3347; x_wconf 83' lang='lat' dir='ltr'><strong>salubriter</strong></span> <span class='ocrx_word' id='word_1_576' title='bbox 3329 3295 3590 3364; x_wconf 79' lang='lat' dir='ltr'><strong>adhibita,</strong></span> 
     </span>
    </p>
   </div>
   <div class='ocr_carea' id='block_1_79' title="bbox 2010 3372 3592 3447">
    <p class='ocr_par' dir='ltr' id='par_1_79' title="bbox 2010 3372 3592 3447">
     <span class='ocr_line' id='line_1_79' title="bbox 2010 3372 3592 3447; baseline 0.011 -22"><span class='ocrx_word' id='word_1_577' title='bbox 2010 3372 2269 3441; x_wconf 64' lang='lat' dir='ltr'><strong>promitto</strong></span> <span class='ocrx_word' id='word_1_578' title='bbox 2299 3388 2385 3427; x_wconf 89' lang='lat' dir='ltr'><strong>me</strong></span> <span class='ocrx_word' id='word_1_579' title='bbox 2420 3373 2472 3427; x_wconf 90' lang='lat' dir='ltr'><strong>in</strong></span> <span class='ocrx_word' id='word_1_580' title='bbox 2505 3375 2756 3430; x_wconf 88' lang='lat' dir='ltr'><strong>omnibus</strong></span> <span class='ocrx_word' id='word_1_581' title='bbox 2796 3378 2994 3447; x_wconf 74' lang='lat' dir='ltr'><strong>regula:</strong></span> <span class='ocrx_word' id='word_1_582' title='bbox 3036 3383 3331 3447; x_wconf 83' lang='lat' dir='ltr'><strong>custodire,</strong></span> <span class='ocrx_word' id='word_1_583' title='bbox 3363 3386 3592 3443; x_wconf 89' lang='lat' dir='ltr'><strong>Domino</strong></span> 
     </span>
    </p>
   </div>
   <div class='ocr_carea' id='block_1_80' title="bbox 2002 3457 3590 3532">
    <p class='ocr_par' dir='ltr' id='par_1_80' title="bbox 2002 3457 3590 3532">
     <span class='ocr_line' id='line_1_80' title="bbox 2002 3457 3590 3532; baseline 0.011 -18"><span class='ocrx_word' id='word_1_584' title='bbox 2002 3457 2254 3527; x_wconf 74' lang='lat' dir='ltr'><strong>iuvante,</strong></span> <span class='ocrx_word' id='word_1_585' title='bbox 2296 3462 2573 3525; x_wconf 85' lang='lat' dir='ltr'><strong>instituta,</strong></span> <span class='ocrx_word' id='word_1_586' title='bbox 2621 3462 2956 3532; x_wconf 84' lang='lat' dir='ltr'><strong>libenterque</strong></span> <span class='ocrx_word' id='word_1_587' title='bbox 2984 3467 3193 3523; x_wconf 81' lang='lat' dir='ltr'><strong>abbatis</strong></span> <span class='ocrx_word' id='word_1_588' title='bbox 3233 3474 3335 3527; x_wconf 83' lang='lat' dir='ltr'><strong>mei</strong></span> <span class='ocrx_word' id='word_1_589' title='bbox 3373 3490 3590 3532; x_wconf 82' lang='lat' dir='ltr'><strong>servare</strong></span> 
     </span>
    </p>
   </div>
   <div class='ocr_carea' id='block_1_81' title="bbox 2008 3550 3589 3623">
    <p class='ocr_par' dir='ltr' id='par_1_81' title="bbox 2008 3550 3589 3623">
     <span class='ocr_line' id='line_1_81' title="bbox 2008 3550 3589 3623; baseline 0.011 -17"><span class='ocrx_word' id='word_1_590' title='bbox 2008 3559 2302 3621; x_wconf 66' lang='lat' dir='ltr'><strong>praecepta,</strong></span> <span class='ocrx_word' id='word_1_591' title='bbox 2334 3550 2671 3622; x_wconf 87' lang='lat' dir='ltr'><strong>fratrumque</strong></span> <span class='ocrx_word' id='word_1_592' title='bbox 2715 3553 2979 3622; x_wconf 79' lang='lat' dir='ltr'><strong>majorum</strong></span> <span class='ocrx_word' id='word_1_593' title='bbox 3017 3562 3225 3616; x_wconf 82' lang='lat' dir='ltr'><strong>cunctis</strong></span> <span class='ocrx_word' id='word_1_594' title='bbox 3246 3563 3473 3621; x_wconf 89' lang='lat' dir='ltr'><strong>Domino</strong></span> <span class='ocrx_word' id='word_1_595' title='bbox 3511 3570 3589 3623; x_wconf 86' lang='lat' dir='ltr'><strong>fa-</strong></span> 
     </span>
    </p>
   </div>
   <div class='ocr_carea' id='block_1_82' title="bbox 2007 3639 3585 3718">
    <p class='ocr_par' dir='ltr' id='par_1_82' title="bbox 2007 3639 3585 3718">
     <span class='ocr_line' id='line_1_82' title="bbox 2007 3639 3585 3718; baseline 0.013 -25"><span class='ocrx_word' id='word_1_596' title='bbox 2007 3648 2166 3694; x_wconf 90' lang='lat' dir='ltr'><strong>vente</strong></span> <span class='ocrx_word' id='word_1_597' title='bbox 2212 3639 2591 3710; x_wconf 79' lang='lat' dir='ltr'><strong>obtemperare</strong></span> <span class='ocrx_word' id='word_1_598' title='bbox 2637 3644 2928 3707; x_wconf 85' lang='lat' dir='ltr'><strong>mandatis,</strong></span> <span class='ocrx_word' id='word_1_599' title='bbox 2965 3654 3023 3701; x_wconf 90' lang='lat' dir='ltr'><strong>et</strong></span> <span class='ocrx_word' id='word_1_600' title='bbox 3066 3659 3289 3718; x_wconf 80' lang='lat' dir='ltr'><strong>propter</strong></span> <span class='ocrx_word' id='word_1_601' title='bbox 3326 3663 3585 3713; x_wconf 76' lang='lat' dir='ltr'><strong>mternam</strong></span> 
     </span>
    </p>
   </div>
   <div class='ocr_carea' id='block_1_83' title="bbox 2009 3732 3590 3817">
    <p class='ocr_par' dir='ltr' id='par_1_83' title="bbox 2009 3732 3590 3817">
     <span class='ocr_line' id='line_1_83' title="bbox 2009 3732 3590 3817; baseline 0.012 -32"><span class='ocrx_word' id='word_1_602' title='bbox 2009 3732 2316 3787; x_wconf 88' lang='lat' dir='ltr'><strong>libertatem</strong></span> <span class='ocrx_word' id='word_1_603' title='bbox 2356 3732 2564 3801; x_wconf 80' lang='lat' dir='ltr'><strong>legibus</strong></span> <span class='ocrx_word' id='word_1_604' title='bbox 2604 3732 2764 3802; x_wconf 90' lang='lat' dir='ltr'><strong>bujus</strong></span> <span class='ocrx_word' id='word_1_605' title='bbox 2814 3736 3013 3807; x_wconf 75' lang='lat' dir='ltr'><strong>regula:</strong></span> <span class='ocrx_word' id='word_1_606' title='bbox 3041 3739 3293 3812; x_wconf 86' lang='lat' dir='ltr'><strong>deinceps</strong></span> <span class='ocrx_word' id='word_1_607' title='bbox 3323 3761 3408 3800; x_wconf 89' lang='lat' dir='ltr'><strong>me</strong></span> <span class='ocrx_word' id='word_1_608' title='bbox 3432 3750 3590 3817; x_wconf 86' lang='lat' dir='ltr'><strong>polli-</strong></span> 
     </span>
    </p>
   </div>
   <div class='ocr_carea' id='block_1_84' title="bbox 2009 3822 3591 3899">
    <p class='ocr_par' dir='ltr' id='par_1_84' title="bbox 2009 3822 3591 3899">
     <span class='ocr_line' id='line_1_84' title="bbox 2009 3822 3591 3899; baseline 0.011 -22"><span class='ocrx_word' id='word_1_609' title='bbox 2009 3838 2135 3878; x_wconf 73' lang='lat' dir='ltr'><strong>ceor</strong></span> <span class='ocrx_word' id='word_1_610' title='bbox 2166 3822 2393 3877; x_wconf 86' lang='lat' dir='ltr'><strong>ﬁdeliter</strong></span> <span class='ocrx_word' id='word_1_611' title='bbox 2420 3824 2738 3893; x_wconf 84' lang='lat' dir='ltr'><strong>mancipari,</strong></span> <span class='ocrx_word' id='word_1_612' title='bbox 2774 3825 2848 3880; x_wconf 89' lang='lat' dir='ltr'><strong>ita</strong></span> <span class='ocrx_word' id='word_1_613' title='bbox 2880 3835 2940 3882; x_wconf 90' lang='lat' dir='ltr'><strong>ut</strong></span> <span class='ocrx_word' id='word_1_614' title='bbox 2965 3843 3072 3884; x_wconf 88' lang='lat' dir='ltr'><strong>non</strong></span> <span class='ocrx_word' id='word_1_615' title='bbox 3096 3828 3209 3899; x_wconf 87' lang='lat' dir='ltr'><strong>jam</strong></span> <span class='ocrx_word' id='word_1_616' title='bbox 3239 3835 3368 3893; x_wconf 89' lang='lat' dir='ltr'><strong>mibi</strong></span> <span class='ocrx_word' id='word_1_617' title='bbox 3395 3853 3460 3892; x_wconf 77' lang='lat' dir='ltr'><strong>ex</strong></span> <span class='ocrx_word' id='word_1_618' title='bbox 3487 3840 3591 3895; x_wconf 86' lang='lat' dir='ltr'><strong>bac</strong></span> 
     </span>
    </p>
   </div>
   <div class='ocr_carea' id='block_1_85' title="bbox 2008 3914 3592 3995">
    <p class='ocr_par' dir='ltr' id='par_1_85' title="bbox 2008 3914 3592 3995">
     <span class='ocr_line' id='line_1_85' title="bbox 2008 3914 3592 3995; baseline 0.011 -26"><span class='ocrx_word' id='word_1_619' title='bbox 2008 3914 2096 3969; x_wconf 89' lang='lat' dir='ltr'><strong>die</strong></span> <span class='ocrx_word' id='word_1_620' title='bbox 2134 3914 2294 3969; x_wconf 86' lang='lat' dir='ltr'><strong>liceat</strong></span> <span class='ocrx_word' id='word_1_621' title='bbox 2324 3915 2508 3985; x_wconf 73' lang='lat' dir='ltr'><strong>egredi</strong></span> <span class='ocrx_word' id='word_1_622' title='bbox 2552 3917 2621 3970; x_wconf 89' lang='lat' dir='ltr'><strong>de</strong></span> <span class='ocrx_word' id='word_1_623' title='bbox 2655 3921 3010 3984; x_wconf 85' lang='lat' dir='ltr'><strong>monasterio,</strong></span> <span class='ocrx_word' id='word_1_624' title='bbox 3052 3924 3358 3995; x_wconf 81' lang='lat' dir='ltr'><strong>collumque</strong></span> <span class='ocrx_word' id='word_1_625' title='bbox 3394 3931 3460 3984; x_wconf 82' lang='lat' dir='ltr'><strong>de</strong></span> <span class='ocrx_word' id='word_1_626' title='bbox 3489 3934 3592 3986; x_wconf 89' lang='lat' dir='ltr'><strong>sub</strong></span> 
     </span>
    </p>
   </div>
   <div class='ocr_carea' id='block_1_86' title="bbox 2010 4003 3591 4084">
    <p class='ocr_par' dir='ltr' id='par_1_86' title="bbox 2010 4003 3591 4084">
     <span class='ocr_line' id='line_1_86' title="bbox 2010 4003 3591 4084; baseline 0.012 -27"><span class='ocrx_word' id='word_1_627' title='bbox 2010 4004 2206 4075; x_wconf 70' lang='lat' dir='ltr'><strong>regula:</strong></span> <span class='ocrx_word' id='word_1_628' title='bbox 2242 4012 2499 4059; x_wconf 75' lang='lat' dir='ltr'><strong>excutere</strong></span> <span class='ocrx_word' id='word_1_629' title='bbox 2528 4003 2691 4075; x_wconf 79' lang='lat' dir='ltr'><strong>jugo,</strong></span> <span class='ocrx_word' id='word_1_630' title='bbox 2728 4009 2872 4076; x_wconf 87' lang='lat' dir='ltr'><strong>quod</strong></span> <span class='ocrx_word' id='word_1_631' title='bbox 2911 4010 3014 4065; x_wconf 88' lang='lat' dir='ltr'><strong>sub</strong></span> <span class='ocrx_word' id='word_1_632' title='bbox 3037 4015 3216 4068; x_wconf 87' lang='lat' dir='ltr'><strong>annali</strong></span> <span class='ocrx_word' id='word_1_633' title='bbox 3251 4018 3470 4084; x_wconf 90' lang='lat' dir='ltr'><strong>optione</strong></span> <span class='ocrx_word' id='word_1_634' title='bbox 3494 4032 3591 4078; x_wconf 86' lang='lat' dir='ltr'><strong>aut</strong></span> 
     </span>
    </p>
   </div>
   <div class='ocr_carea' id='block_1_87' title="bbox 2008 4093 3588 4176">
    <p class='ocr_par' dir='ltr' id='par_1_87' title="bbox 2008 4093 3588 4176">
     <span class='ocr_line' id='line_1_87' title="bbox 2008 4093 3588 4176; baseline 0.012 -29"><span class='ocrx_word' id='word_1_635' title='bbox 2008 4109 2273 4150; x_wconf 81' lang='lat' dir='ltr'><strong>excusare</strong></span> <span class='ocrx_word' id='word_1_636' title='bbox 2292 4093 2465 4159; x_wconf 86' lang='lat' dir='ltr'><strong>licuit,</strong></span> <span class='ocrx_word' id='word_1_637' title='bbox 2494 4103 2588 4149; x_wconf 91' lang='lat' dir='ltr'><strong>aut</strong></span> <span class='ocrx_word' id='word_1_638' title='bbox 2616 4098 2924 4168; x_wconf 87' lang='lat' dir='ltr'><strong>suscipere;</strong></span> <span class='ocrx_word' id='word_1_639' title='bbox 2956 4101 3051 4156; x_wconf 88' lang='lat' dir='ltr'><strong>sed</strong></span> <span class='ocrx_word' id='word_1_640' title='bbox 3076 4111 3137 4156; x_wconf 83' lang='lat' dir='ltr'><strong>ut</strong></span> <span class='ocrx_word' id='word_1_641' title='bbox 3163 4104 3417 4172; x_wconf 63' lang='lat' dir='ltr'><strong>prtefatus</strong></span> <span class='ocrx_word' id='word_1_642' title='bbox 3443 4124 3588 4176; x_wconf 87' lang='lat' dir='ltr'><strong>sum,</strong></span> 
     </span>
    </p>
   </div>
   <div class='ocr_carea' id='block_1_88' title="bbox 2008 4186 3585 4261">
    <p class='ocr_par' dir='ltr' id='par_1_88' title="bbox 2008 4186 3585 4261">
     <span class='ocr_line' id='line_1_88' title="bbox 2008 4186 3585 4261; baseline 0.013 -23"><span class='ocrx_word' id='word_1_643' title='bbox 2008 4186 2154 4239; x_wconf 89' lang='lat' dir='ltr'><strong>omni</strong></span> <span class='ocrx_word' id='word_1_644' title='bbox 2196 4187 2544 4243; x_wconf 77' lang='lat' dir='ltr'><strong>excusatione</strong></span> <span class='ocrx_word' id='word_1_645' title='bbox 2579 4190 2900 4260; x_wconf 78' lang='lat' dir='ltr'><strong>postposita,</strong></span> <span class='ocrx_word' id='word_1_646' title='bbox 2931 4193 3194 4261; x_wconf 82' lang='lat' dir='ltr'><strong>promitto</strong></span> <span class='ocrx_word' id='word_1_647' title='bbox 3231 4198 3585 4258; x_wconf 79' lang='lat' dir='ltr'><strong>stabilitatem</strong></span> 
     </span>
    </p>
   </div>
   <div class='ocr_carea' id='block_1_89' title="bbox 2010 4276 3587 4357">
    <p class='ocr_par' dir='ltr' id='par_1_89' title="bbox 2010 4276 3587 4357">
     <span class='ocr_line' id='line_1_89' title="bbox 2010 4276 3587 4357; baseline 0.013 -30"><span class='ocrx_word' id='word_1_648' title='bbox 2010 4276 2344 4341; x_wconf 89' lang='lat' dir='ltr'><strong>monasterii,</strong></span> <span class='ocrx_word' id='word_1_649' title='bbox 2402 4292 2721 4347; x_wconf 88' lang='lat' dir='ltr'><strong>morumque</strong></span> <span class='ocrx_word' id='word_1_650' title='bbox 2768 4294 3011 4335; x_wconf 88' lang='lat' dir='ltr'><strong>meorum</strong></span> <span class='ocrx_word' id='word_1_651' title='bbox 3056 4288 3484 4357; x_wconf 83' lang='lat' dir='ltr'><strong>conversionem,</strong></span> <span class='ocrx_word' id='word_1_652' title='bbox 3530 4303 3587 4348; x_wconf 90' lang='lat' dir='ltr'><strong>et</strong></span> 
     </span>
    </p>
   </div>
   <div class='ocr_carea' id='block_1_90' title="bbox 335 4365 3591 4464">
    <p class='ocr_par' dir='ltr' id='par_1_90' title="bbox 335 4365 3591 4464">
     <span class='ocr_line' id='line_1_90' title="bbox 335 4365 3591 4464; baseline 0.009 -53"><span class='ocrx_word' id='word_1_653' title='bbox 335 4385 491 4441; x_wconf 63' lang='grc' dir='ltr'><strong>ςαεπι</strong></span> <span class='ocrx_word' id='word_1_654' title='bbox 514 4370 717 4425; x_wconf 72' lang='grc' dir='ltr'><strong>ίηίάεε,</strong></span> <span class='ocrx_word' id='word_1_655' title='bbox 765 4367 1060 4426; x_wconf 60' lang='lat' dir='ltr'><strong>promum;</strong></span> <span class='ocrx_word' id='word_1_656' title='bbox 1095 4379 1272 4426; x_wconf 59' lang='lat' dir='ltr'><strong>autem</strong></span> <span class='ocrx_word' id='word_1_657' title='bbox 1302 4379 1358 4425; x_wconf 73' lang='grc' dir='ltr'><strong>οι</strong></span> <span class='ocrx_word' id='word_1_658' title='bbox 1393 4371 1538 4425; x_wconf 65' lang='lat' dir='ltr'><strong>dicar</strong></span> <span class='ocrx_word' id='word_1_659' title='bbox 1578 4371 1683 4426; x_wconf 73' lang='lat' dir='ltr'><strong>hoc</strong></span> <span class='ocrx_word' id='word_1_660' title='bbox 1711 4372 1901 4426; x_wconf 71' lang='lat' dir='ltr'><strong>modo:</strong></span> <span class='ocrx_word' id='word_1_661' title='bbox 1931 4406 1983 4464; x_wconf 71' lang='grc' dir='ltr'><strong>Β</strong></span> <span class='ocrx_word' id='word_1_662' title='bbox 2011 4373 2231 4434; x_wconf 88' lang='lat' dir='ltr'><strong>propter</strong></span> <span class='ocrx_word' id='word_1_663' title='bbox 2265 4365 2616 4436; x_wconf 82' lang='lat' dir='ltr'><strong>professionis</strong></span> <span class='ocrx_word' id='word_1_664' title='bbox 2646 4384 2785 4445; x_wconf 66' lang='lat' dir='ltr'><strong>mete</strong></span> <span class='ocrx_word' id='word_1_665' title='bbox 2810 4373 3111 4440; x_wconf 84' lang='lat' dir='ltr'><strong>servitium,</strong></span> <span class='ocrx_word' id='word_1_666' title='bbox 3138 4385 3195 4431; x_wconf 89' lang='lat' dir='ltr'><strong>et</strong></span> <span class='ocrx_word' id='word_1_667' title='bbox 3219 4378 3343 4434; x_wconf 74' lang='lat' dir='ltr'><strong>vitae</strong></span> <span class='ocrx_word' id='word_1_668' title='bbox 3369 4390 3591 4439; x_wconf 60' lang='lat' dir='ltr'><strong>interna:</strong></span> 
     </span>
    </p>
   </div>
   <div class='ocr_carea' id='block_1_91' title="bbox 337 4460 1907 4534">
    <p class='ocr_par' dir='ltr' id='par_1_91' title="bbox 337 4460 1907 4534">
     <span class='ocr_line' id='line_1_91' title="bbox 337 4460 1907 4534; baseline 0.001 -19"><span class='ocrx_word' id='word_1_669' title='bbox 337 4460 453 4534; x_wconf 72' lang='lat' dir='ltr'><strong>Ego</strong></span> <span class='ocrx_word' id='word_1_670' title='bbox 474 4461 566 4517; x_wconf 91' lang='lat' dir='ltr'><strong>ille</strong></span> <span class='ocrx_word' id='word_1_671' title='bbox 594 4462 648 4517; x_wconf 86' lang='lat' dir='ltr'><strong>in</strong></span> <span class='ocrx_word' id='word_1_672' title='bbox 673 4464 775 4518; x_wconf 84' lang='lat' dir='ltr'><strong>hoc</strong></span> <span class='ocrx_word' id='word_1_673' title='bbox 797 4462 1131 4518; x_wconf 85' lang='lat' dir='ltr'><strong>monasterio</strong></span> <span class='ocrx_word' id='word_1_674' title='bbox 1154 4462 1326 4518; x_wconf 86' lang='lat' dir='ltr'><strong>sancti</strong></span> <span class='ocrx_word' id='word_1_675' title='bbox 1356 4461 1497 4516; x_wconf 90' lang='lat' dir='ltr'><strong>illius</strong></span> <span class='ocrx_word' id='word_1_676' title='bbox 1520 4461 1777 4530; x_wconf 88' lang='lat' dir='ltr'><strong>promitto</strong></span> <span class='ocrx_word' id='word_1_677' title='bbox 1798 4470 1907 4517; x_wconf 87' lang='lat' dir='ltr'><strong>sta-</strong></span> 
     </span>
    </p>
   </div>
   <div class='ocr_carea' id='block_1_92' title="bbox 334 4553 1905 4621">
    <p class='ocr_par' dir='ltr' id='par_1_92' title="bbox 334 4553 1905 4621">
     <span class='ocr_line' id='line_1_92' title="bbox 334 4553 1905 4621; baseline -0.001 -10"><span class='ocrx_word' id='word_1_678' title='bbox 334 4553 603 4611; x_wconf 79' lang='lat' dir='ltr'><strong>bilitatem</strong></span> <span class='ocrx_word' id='word_1_679' title='bbox 642 4569 848 4620; x_wconf 88' lang='lat' dir='ltr'><strong>meam,</strong></span> <span class='ocrx_word' id='word_1_680' title='bbox 878 4563 935 4611; x_wconf 90' lang='lat' dir='ltr'><strong>et</strong></span> <span class='ocrx_word' id='word_1_681' title='bbox 960 4555 1368 4611; x_wconf 84' lang='lat' dir='ltr'><strong>conversionem</strong></span> <span class='ocrx_word' id='word_1_682' title='bbox 1403 4570 1615 4612; x_wconf 82' lang='lat' dir='ltr'><strong>morum</strong></span> <span class='ocrx_word' id='word_1_683' title='bbox 1641 4570 1905 4621; x_wconf 86' lang='lat' dir='ltr'><strong>meorum,</strong></span> 
     </span>
    </p>
   </div>
   <div class='ocr_carea' id='block_1_93' title="bbox 337 4643 1908 4714">
    <p class='ocr_par' dir='ltr' id='par_1_93' title="bbox 337 4643 1908 4714">
     <span class='ocr_line' id='line_1_93' title="bbox 337 4643 1908 4714; baseline 0 -16"><span class='ocrx_word' id='word_1_684' title='bbox 337 4653 396 4699; x_wconf 87' lang='lat' dir='ltr'><strong>et</strong></span> <span class='ocrx_word' id='word_1_685' title='bbox 423 4643 786 4699; x_wconf 87' lang='lat' dir='ltr'><strong>obedientiam</strong></span> <span class='ocrx_word' id='word_1_686' title='bbox 833 4644 1127 4699; x_wconf 88' lang='lat' dir='ltr'><strong>secundum</strong></span> <span class='ocrx_word' id='word_1_687' title='bbox 1169 4644 1410 4714; x_wconf 78' lang='lat' dir='ltr'><strong>regulam</strong></span> <span class='ocrx_word' id='word_1_688' title='bbox 1452 4644 1599 4699; x_wconf 90' lang='lat' dir='ltr'><strong>beati</strong></span> <span class='ocrx_word' id='word_1_689' title='bbox 1632 4643 1908 4699; x_wconf 89' lang='lat' dir='ltr'><strong>Benedicti</strong></span> 
     </span>
    </p>
   </div>
   <div class='ocr_carea' id='block_1_94' title="bbox 337 4731 1907 4806">
    <p class='ocr_par' dir='ltr' id='par_1_94' title="bbox 337 4731 1907 4806">
     <span class='ocr_line' id='line_1_94' title="bbox 337 4731 1907 4806; baseline 0.001 -18"><span class='ocrx_word' id='word_1_690' title='bbox 337 4745 525 4806; x_wconf 82' lang='lat' dir='ltr'><strong>coram</strong></span> <span class='ocrx_word' id='word_1_691' title='bbox 554 4731 666 4787; x_wconf 89' lang='lat' dir='ltr'><strong>Deo</strong></span> <span class='ocrx_word' id='word_1_692' title='bbox 692 4739 747 4787; x_wconf 91' lang='lat' dir='ltr'><strong>et</strong></span> <span class='ocrx_word' id='word_1_693' title='bbox 780 4733 982 4787; x_wconf 88' lang='lat' dir='ltr'><strong>sanctis</strong></span> <span class='ocrx_word' id='word_1_694' title='bbox 1009 4732 1145 4803; x_wconf 85' lang='lat' dir='ltr'><strong>ejus.</strong></span> <span class='ocrx_word' id='word_1_695' title='bbox 1193 4732 1435 4802; x_wconf 86' lang='lat' dir='ltr'><strong>Cumque</strong></span> <span class='ocrx_word' id='word_1_696' title='bbox 1464 4733 1567 4788; x_wconf 90' lang='lat' dir='ltr'><strong>bac</strong></span> <span class='ocrx_word' id='word_1_697' title='bbox 1592 4748 1652 4788; x_wconf 88' lang='lat' dir='ltr'><strong>se</strong></span> <span class='ocrx_word' id='word_1_698' title='bbox 1676 4735 1907 4804; x_wconf 89' lang='lat' dir='ltr'><strong>promis-</strong></span> 
     </span>
    </p>
   </div>
   <div class='ocr_carea' id='block_1_95' title="bbox 335 4823 1908 4905">
    <p class='ocr_par' dir='ltr' id='par_1_95' title="bbox 335 4823 1908 4905">
     <span class='ocr_line' id='line_1_95' title="bbox 335 4823 1908 4905; baseline 0.002 -26"><span class='ocrx_word' id='word_1_699' title='bbox 335 4823 491 4879; x_wconf 87' lang='lat' dir='ltr'><strong>sione</strong></span> <span class='ocrx_word' id='word_1_700' title='bbox 524 4825 870 4905; x_wconf 80' lang='lat' dir='ltr'><strong>astrinxerit,</strong></span> <span class='ocrx_word' id='word_1_701' title='bbox 912 4824 1227 4896; x_wconf 86' lang='lat' dir='ltr'><strong>subjiciatur</strong></span> <span class='ocrx_word' id='word_1_702' title='bbox 1261 4825 1460 4894; x_wconf 76' lang='lat' dir='ltr'><strong>regulis</strong></span> <span class='ocrx_word' id='word_1_703' title='bbox 1505 4827 1908 4896; x_wconf 83' lang='lat' dir='ltr'><strong>suprascriptis,</strong></span> 
     </span>
    </p>
   </div>
   <div class='ocr_carea' id='block_1_96' title="bbox 336 4918 1914 4990">
    <p class='ocr_par' dir='ltr' id='par_1_96' title="bbox 336 4918 1914 4990">
     <span class='ocr_line' id='line_1_96' title="bbox 336 4918 1914 4990; baseline 0.003 -18"><span class='ocrx_word' id='word_1_704' title='bbox 336 4932 438 4990; x_wconf 87' lang='lat' dir='ltr'><strong>per</strong></span> <span class='ocrx_word' id='word_1_705' title='bbox 484 4918 747 4974; x_wconf 89' lang='lat' dir='ltr'><strong>bonorum</strong></span> <span class='ocrx_word' id='word_1_706' title='bbox 795 4933 1025 4989; x_wconf 87' lang='lat' dir='ltr'><strong>operum</strong></span> <span class='ocrx_word' id='word_1_707' title='bbox 1069 4919 1386 4974; x_wconf 87' lang='lat' dir='ltr'><strong>industriam</strong></span> <span class='ocrx_word' id='word_1_708' title='bbox 1443 4920 1765 4990; x_wconf 77' lang='lat' dir='ltr'><strong>quandbque</strong></span> <span class='ocrx_word' id='word_1_709' title='bbox 1810 4922 1914 4975; x_wconf 83' lang='lat' dir='ltr'><strong>Do-</strong></span> 
     </span>
    </p>
   </div>
   <div class='ocr_carea' id='block_1_97' title="bbox 338 5008 1906 5080">
    <p class='ocr_par' dir='ltr' id='par_1_97' title="bbox 338 5008 1906 5080">
     <span class='ocr_line' id='line_1_97' title="bbox 338 5008 1906 5080; baseline 0.001 -14"><span class='ocrx_word' id='word_1_710' title='bbox 338 5008 489 5066; x_wconf 84' lang='lat' dir='ltr'><strong>mine</strong></span> <span class='ocrx_word' id='word_1_711' title='bbox 531 5009 846 5080; x_wconf 90' lang='lat' dir='ltr'><strong>placiturus.</strong></span> <span class='ocrx_word' id='word_1_712' title='bbox 896 5009 1049 5076; x_wconf 86' lang='lat' dir='ltr'><strong>Quod</strong></span> <span class='ocrx_word' id='word_1_713' title='bbox 1094 5010 1140 5065; x_wconf 91' lang='lat' dir='ltr'><strong>si</strong></span> <span class='ocrx_word' id='word_1_714' title='bbox 1190 5009 1476 5078; x_wconf 83' lang='lat' dir='ltr'><strong>aliquando</strong></span> <span class='ocrx_word' id='word_1_715' title='bbox 1505 5008 1663 5064; x_wconf 88' lang='lat' dir='ltr'><strong>aliter</strong></span> <span class='ocrx_word' id='word_1_716' title='bbox 1701 5010 1906 5079; x_wconf 75' lang='lat' dir='ltr'><strong>fecerit,</strong></span> 
     </span>
    </p>
   </div>
   <div class='ocr_carea' id='block_1_98' title="bbox 340 5097 1912 5171">
    <p class='ocr_par' dir='ltr' id='par_1_98' title="bbox 340 5097 1912 5171">
     <span class='ocr_line' id='line_1_98' title="bbox 340 5097 1912 5171; baseline 0.001 -16"><span class='ocrx_word' id='word_1_717' title='bbox 340 5099 400 5157; x_wconf 86' lang='lat' dir='ltr'><strong>id</strong></span> <span class='ocrx_word' id='word_1_718' title='bbox 435 5107 550 5166; x_wconf 89' lang='lat' dir='ltr'><strong>est,</strong></span> <span class='ocrx_word' id='word_1_719' title='bbox 589 5114 622 5154; x_wconf 92' lang='lat' dir='ltr'><strong>a</strong></span> <span class='ocrx_word' id='word_1_720' title='bbox 654 5099 885 5171; x_wconf 76' lang='lat' dir='ltr'><strong>regulari</strong></span> <span class='ocrx_word' id='word_1_721' title='bbox 914 5100 1024 5154; x_wconf 86' lang='lat' dir='ltr'><strong>vita</strong></span> <span class='ocrx_word' id='word_1_722' title='bbox 1054 5098 1237 5155; x_wconf 84' lang='lat' dir='ltr'><strong>volens</strong></span> <span class='ocrx_word' id='word_1_723' title='bbox 1269 5097 1608 5165; x_wconf 86' lang='lat' dir='ltr'><strong>discesserit,</strong></span> <span class='ocrx_word' id='word_1_724' title='bbox 1646 5111 1681 5154; x_wconf 82' lang='lat' dir='ltr'><strong>a</strong></span> <span class='ocrx_word' id='word_1_725' title='bbox 1705 5098 1819 5155; x_wconf 90' lang='lat' dir='ltr'><strong>Deo</strong></span> <span class='ocrx_word' id='word_1_726' title='bbox 1854 5117 1912 5156; x_wconf 90' lang='lat' dir='ltr'><strong>se</strong></span> 
     </span>
    </p>
   </div>
   <div class='ocr_carea' id='block_1_99' title="bbox 340 5190 1342 5261">
    <p class='ocr_par' dir='ltr' id='par_1_99' title="bbox 340 5190 1342 5261">
     <span class='ocr_line' id='line_1_99' title="bbox 340 5190 1342 5261; baseline -0.002 -15"><span class='ocrx_word' id='word_1_727' title='bbox 340 5191 727 5258; x_wconf 86' lang='lat' dir='ltr'><strong>damnandum,</strong></span> <span class='ocrx_word' id='word_1_728' title='bbox 758 5206 917 5261; x_wconf 90' lang='lat' dir='ltr'><strong>quem</strong></span> <span class='ocrx_word' id='word_1_729' title='bbox 948 5191 1155 5257; x_wconf 88' lang='lat' dir='ltr'><strong>irridet,</strong></span> <span class='ocrx_word' id='word_1_730' title='bbox 1187 5190 1342 5245; x_wconf 81' lang='lat' dir='ltr'><strong>sciat.</strong></span> 
     </span>
    </p>
   </div>
   <div class='ocr_carea' id='block_1_100' title="bbox 352 5280 1911 5354">
    <p class='ocr_par' dir='ltr' id='par_1_100' title="bbox 352 5280 1911 5354">
     <span class='ocr_line' id='line_1_100' title="bbox 352 5280 1911 5354; baseline 0.001 -18"><span class='ocrx_word' id='word_1_731' title='bbox 352 5280 357 5289; x_wconf 88' lang='grc'><em>’</em></span> <span class='ocrx_word' id='word_1_732' title='bbox 415 5280 491 5336; x_wconf 87' lang='lat' dir='ltr'><strong>De</strong></span> <span class='ocrx_word' id='word_1_733' title='bbox 508 5299 611 5352; x_wconf 87' lang='lat' dir='ltr'><strong>qua</strong></span> <span class='ocrx_word' id='word_1_734' title='bbox 634 5282 975 5354; x_wconf 79' lang='lat' dir='ltr'><strong>promissione</strong></span> <span class='ocrx_word' id='word_1_735' title='bbox 1002 5298 1100 5337; x_wconf 85' lang='lat' dir='ltr'><strong>sua</strong></span> <span class='ocrx_word' id='word_1_736' title='bbox 1125 5280 1289 5351; x_wconf 77' lang='lat' dir='ltr'><strong>faciat</strong></span> <span class='ocrx_word' id='word_1_737' title='bbox 1311 5281 1606 5352; x_wconf 77' lang='lat' dir='ltr'><strong>petitionem</strong></span> <span class='ocrx_word' id='word_1_738' title='bbox 1635 5282 1705 5338; x_wconf 86' lang='lat' dir='ltr'><strong>ad</strong></span> <span class='ocrx_word' id='word_1_739' title='bbox 1727 5299 1911 5339; x_wconf 79' lang='lat' dir='ltr'><strong>nomen</strong></span> 
     </span>
    </p>
   </div>
   <div class='ocr_carea' id='block_1_101' title="bbox 339 5371 1916 5446">
    <p class='ocr_par' dir='ltr' id='par_1_101' title="bbox 339 5371 1916 5446">
     <span class='ocr_line' id='line_1_101' title="bbox 339 5371 1916 5446; baseline -0.001 -17"><span class='ocrx_word' id='word_1_740' title='bbox 339 5382 645 5430; x_wconf 72' lang='lat' dir='ltr'><strong>sanctorum</strong></span> <span class='ocrx_word' id='word_1_741' title='bbox 680 5390 903 5446; x_wconf 84' lang='lat' dir='ltr'><strong>quorum</strong></span> <span class='ocrx_word' id='word_1_742' title='bbox 936 5371 1168 5443; x_wconf 73' lang='lat' dir='ltr'><strong>reliquie:</strong></span> <span class='ocrx_word' id='word_1_743' title='bbox 1194 5371 1265 5426; x_wconf 89' lang='lat' dir='ltr'><strong>ibi</strong></span> <span class='ocrx_word' id='word_1_744' title='bbox 1296 5380 1440 5438; x_wconf 85' lang='lat' dir='ltr'><strong>sunt,</strong></span> <span class='ocrx_word' id='word_1_745' title='bbox 1472 5381 1520 5426; x_wconf 87' lang='lat' dir='ltr'><strong>et</strong></span> <span class='ocrx_word' id='word_1_746' title='bbox 1550 5372 1750 5428; x_wconf 84' lang='lat' dir='ltr'><strong>abbatis</strong></span> <span class='ocrx_word' id='word_1_747' title='bbox 1781 5390 1916 5444; x_wconf 74' lang='lat' dir='ltr'><strong>prce-</strong></span> 
     </span>
    </p>
   </div>
   <div class='ocr_carea' id='block_1_102' title="bbox 340 5463 1910 5537">
    <p class='ocr_par' dir='ltr' id='par_1_102' title="bbox 340 5463 1910 5537">
     <span class='ocr_line' id='line_1_102' title="bbox 340 5463 1910 5537; baseline -0.004 -14"><span class='ocrx_word' id='word_1_748' title='bbox 340 5468 527 5523; x_wconf 78' lang='lat' dir='ltr'><strong>seutis.</strong></span> <span class='ocrx_word' id='word_1_749' title='bbox 578 5466 709 5537; x_wconf 62' lang='lat' dir='ltr'><strong>Quae</strong></span> <span class='ocrx_word' id='word_1_750' title='bbox 758 5465 949 5536; x_wconf 91' lang='lat' dir='ltr'><strong>petitio</strong></span> <span class='ocrx_word' id='word_1_751' title='bbox 985 5464 1087 5519; x_wconf 84' lang='lat' dir='ltr'><strong>hoc</strong></span> <span class='ocrx_word' id='word_1_752' title='bbox 1125 5471 1313 5518; x_wconf 87' lang='lat' dir='ltr'><strong>tenore</strong></span> <span class='ocrx_word' id='word_1_753' title='bbox 1363 5463 1573 5518; x_wconf 87' lang='lat' dir='ltr'><strong>dicatur</strong></span> <span class='ocrx_word' id='word_1_754' title='bbox 1610 5479 1640 5518; x_wconf 90' lang='lat' dir='ltr'><strong>a</strong></span> <span class='ocrx_word' id='word_1_755' title='bbox 1678 5465 1910 5520; x_wconf 86' lang='lat' dir='ltr'><strong>novitio:</strong></span> 
     </span>
    </p>
   </div>
   <div class='ocr_carea' id='block_1_103' title="bbox 345 5554 1918 5624">
    <p class='ocr_par' dir='ltr' id='par_1_103' title="bbox 345 5554 1918 5624">
     <span class='ocr_line' id='line_1_103' title="bbox 345 5554 1918 5624; baseline -0.004 -9"><span class='ocrx_word' id='word_1_756' title='bbox 345 5558 699 5615; x_wconf 75' lang='lat' dir='ltr'><strong>Monacitatus</strong></span> <span class='ocrx_word' id='word_1_757' title='bbox 756 5559 861 5613; x_wconf 90' lang='lat' dir='ltr'><strong>mei</strong></span> <span class='ocrx_word' id='word_1_758' title='bbox 910 5556 1213 5611; x_wconf 89' lang='lat' dir='ltr'><strong>tirocinium</strong></span> <span class='ocrx_word' id='word_1_759' title='bbox 1276 5554 1563 5624; x_wconf 86' lang='lat' dir='ltr'><strong>diligenter</strong></span> <span class='ocrx_word' id='word_1_760' title='bbox 1607 5554 1918 5619; x_wconf 82' lang='lat' dir='ltr'><strong>attendens,</strong></span> 
     </span>
    </p>
   </div>
   <div class='ocr_carea' id='block_1_104' title="bbox 340 5646 1917 5723">
    <p class='ocr_par' dir='ltr' id='par_1_104' title="bbox 340 5646 1917 5723">
     <span class='ocr_line' id='line_1_104' title="bbox 340 5646 1917 5723; baseline -0.004 -15"><span class='ocrx_word' id='word_1_761' title='bbox 340 5653 629 5709; x_wconf 77' lang='lat' dir='ltr'><strong>considero</strong></span> <span class='ocrx_word' id='word_1_762' title='bbox 670 5652 812 5723; x_wconf 88' lang='lat' dir='ltr'><strong>quod</strong></span> <span class='ocrx_word' id='word_1_763' title='bbox 848 5649 1095 5721; x_wconf 86' lang='lat' dir='ltr'><strong>petitioni</strong></span> <span class='ocrx_word' id='word_1_764' title='bbox 1139 5661 1274 5702; x_wconf 74' lang='lat' dir='ltr'><strong>meae</strong></span> <span class='ocrx_word' id='word_1_765' title='bbox 1313 5646 1545 5716; x_wconf 89' lang='lat' dir='ltr'><strong>primum</strong></span> <span class='ocrx_word' id='word_1_766' title='bbox 1591 5662 1698 5702; x_wconf 87' lang='lat' dir='ltr'><strong>non</strong></span> <span class='ocrx_word' id='word_1_767' title='bbox 1745 5646 1917 5702; x_wconf 82' lang='lat' dir='ltr'><strong>facilis</strong></span> 
     </span>
    </p>
   </div>
   <div class='ocr_carea' id='block_1_105' title="bbox 2011 4458 3588 4531">
    <p class='ocr_par' dir='ltr' id='par_1_105' title="bbox 2011 4458 3588 4531">
     <span class='ocr_line' id='line_1_105' title="bbox 2011 4458 3588 4531; baseline 0.013 -22"><span class='ocrx_word' id='word_1_768' title='bbox 2011 4458 2308 4526; x_wconf 76' lang='lat' dir='ltr'><strong>praemium,</strong></span> <span class='ocrx_word' id='word_1_769' title='bbox 2339 4467 2651 4530; x_wconf 83' lang='lat' dir='ltr'><strong>metumque</strong></span> <span class='ocrx_word' id='word_1_770' title='bbox 2684 4461 2945 4531; x_wconf 63' lang='lat' dir='ltr'><strong>gehennae</strong></span> <span class='ocrx_word' id='word_1_771' title='bbox 2965 4473 3165 4521; x_wconf 70' lang='lat' dir='ltr'><strong>sanctas</strong></span> <span class='ocrx_word' id='word_1_772' title='bbox 3204 4483 3291 4523; x_wconf 81' lang='lat' dir='ltr'><strong>me</strong></span> <span class='ocrx_word' id='word_1_773' title='bbox 3325 4470 3588 4529; x_wconf 87' lang='lat' dir='ltr'><strong>obedien-</strong></span> 
     </span>
    </p>
   </div>
   <div class='ocr_carea' id='block_1_106' title="bbox 2012 4551 3588 4624">
    <p class='ocr_par' dir='ltr' id='par_1_106' title="bbox 2012 4551 3588 4624">
     <span class='ocr_line' id='line_1_106' title="bbox 2012 4551 3588 4624; baseline 0.009 -20"><span class='ocrx_word' id='word_1_774' title='bbox 2012 4552 2097 4605; x_wconf 80' lang='lat' dir='ltr'><strong>tiae</strong></span> <span class='ocrx_word' id='word_1_775' title='bbox 2123 4565 2308 4605; x_wconf 85' lang='lat' dir='ltr'><strong>coram</strong></span> <span class='ocrx_word' id='word_1_776' title='bbox 2334 4551 2447 4605; x_wconf 86' lang='lat' dir='ltr'><strong>Deo</strong></span> <span class='ocrx_word' id='word_1_777' title='bbox 2472 4561 2530 4607; x_wconf 86' lang='lat' dir='ltr'><strong>et</strong></span> <span class='ocrx_word' id='word_1_778' title='bbox 2554 4553 2765 4624; x_wconf 75' lang='lat' dir='ltr'><strong>angelis</strong></span> <span class='ocrx_word' id='word_1_779' title='bbox 2783 4551 2899 4621; x_wconf 88' lang='lat' dir='ltr'><strong>ejus</strong></span> <span class='ocrx_word' id='word_1_780' title='bbox 2927 4553 3203 4612; x_wconf 83' lang='lat' dir='ltr'><strong>humiliter</strong></span> <span class='ocrx_word' id='word_1_781' title='bbox 3228 4559 3588 4618; x_wconf 70' lang='lat' dir='ltr'><strong>militaturum</strong></span> 
     </span>
    </p>
   </div>
   <div class='ocr_carea' id='block_1_107' title="bbox 2011 4641 3591 4720">
    <p class='ocr_par' dir='ltr' id='par_1_107' title="bbox 2011 4641 3591 4720">
     <span class='ocr_line' id='line_1_107' title="bbox 2011 4641 3591 4720; baseline 0.009 -23"><span class='ocrx_word' id='word_1_782' title='bbox 2011 4641 2260 4710; x_wconf 85' lang='lat' dir='ltr'><strong>subjicio.</strong></span> <span class='ocrx_word' id='word_1_783' title='bbox 2294 4642 2364 4696; x_wconf 83' lang='lat' dir='ltr'><strong>Et</strong></span> <span class='ocrx_word' id='word_1_784' title='bbox 2387 4651 2445 4696; x_wconf 92' lang='lat' dir='ltr'><strong>ut</strong></span> <span class='ocrx_word' id='word_1_785' title='bbox 2466 4644 2581 4699; x_wconf 62' lang='lat' dir='ltr'><strong>hac</strong></span> <span class='ocrx_word' id='word_1_786' title='bbox 2600 4646 2975 4714; x_wconf 85' lang='lat' dir='ltr'><strong>promissionis</strong></span> <span class='ocrx_word' id='word_1_787' title='bbox 2998 4663 3131 4703; x_wconf 67' lang='lat' dir='ltr'><strong>mea:</strong></span> <span class='ocrx_word' id='word_1_788' title='bbox 3160 4650 3348 4720; x_wconf 87' lang='lat' dir='ltr'><strong>petitio</strong></span> <span class='ocrx_word' id='word_1_789' title='bbox 3376 4669 3407 4707; x_wconf 87' lang='lat' dir='ltr'><strong>a</strong></span> <span class='ocrx_word' id='word_1_790' title='bbox 3432 4657 3591 4711; x_wconf 83' lang='lat' dir='ltr'><strong>vobis</strong></span> 
     </span>
    </p>
   </div>
   <div class='ocr_carea' id='block_1_108' title="bbox 2014 4731 3591 4810">
    <p class='ocr_par' dir='ltr' id='par_1_108' title="bbox 2014 4731 3591 4810">
     <span class='ocr_line' id='line_1_108' title="bbox 2014 4731 3591 4810; baseline 0.011 -24"><span class='ocrx_word' id='word_1_791' title='bbox 2014 4731 2243 4787; x_wconf 90' lang='lat' dir='ltr'><strong>ﬁrmiter</strong></span> <span class='ocrx_word' id='word_1_792' title='bbox 2278 4739 2543 4798; x_wconf 85' lang='lat' dir='ltr'><strong>teneatur,</strong></span> <span class='ocrx_word' id='word_1_793' title='bbox 2577 4734 2644 4788; x_wconf 87' lang='lat' dir='ltr'><strong>ad</strong></span> <span class='ocrx_word' id='word_1_794' title='bbox 2671 4750 2865 4791; x_wconf 90' lang='lat' dir='ltr'><strong>nomen</strong></span> <span class='ocrx_word' id='word_1_795' title='bbox 2902 4745 3210 4793; x_wconf 88' lang='lat' dir='ltr'><strong>sanctorum</strong></span> <span class='ocrx_word' id='word_1_796' title='bbox 3237 4757 3467 4810; x_wconf 83' lang='lat' dir='ltr'><strong>quorum</strong></span> <span class='ocrx_word' id='word_1_797' title='bbox 3496 4746 3591 4803; x_wconf 86' lang='lat' dir='ltr'><strong>hic</strong></span> 
     </span>
    </p>
   </div>
   <div class='ocr_carea' id='block_1_109' title="bbox 2013 4823 3591 4901">
    <p class='ocr_par' dir='ltr' id='par_1_109' title="bbox 2013 4823 3591 4901">
     <span class='ocr_line' id='line_1_109' title="bbox 2013 4823 3591 4901; baseline 0.012 -25"><span class='ocrx_word' id='word_1_798' title='bbox 2013 4823 2254 4893; x_wconf 78' lang='lat' dir='ltr'><strong>reliquiae</strong></span> <span class='ocrx_word' id='word_1_799' title='bbox 2298 4826 2668 4892; x_wconf 90' lang='lat' dir='ltr'><strong>continentur,</strong></span> <span class='ocrx_word' id='word_1_800' title='bbox 2720 4836 2775 4882; x_wconf 92' lang='lat' dir='ltr'><strong>et</strong></span> <span class='ocrx_word' id='word_1_801' title='bbox 2818 4831 3104 4898; x_wconf 65' lang='lat' dir='ltr'><strong>prtesentis</strong></span> <span class='ocrx_word' id='word_1_802' title='bbox 3153 4831 3398 4901; x_wconf 86' lang='lat' dir='ltr'><strong>abbatis,</strong></span> <span class='ocrx_word' id='word_1_803' title='bbox 3446 4837 3591 4896; x_wconf 89' lang='lat' dir='ltr'><strong>illius</strong></span> 
     </span>
    </p>
   </div>
   <div class='ocr_carea' id='block_1_110' title="bbox 2018 4913 3590 5000">
    <p class='ocr_par' dir='ltr' id='par_1_110' title="bbox 2018 4913 3590 5000">
     <span class='ocr_line' id='line_1_110' title="bbox 2018 4913 3590 5000; baseline 0.009 -33"><span class='ocrx_word' id='word_1_804' title='bbox 2018 4913 2152 4987; x_wconf 78' lang='lat' dir='ltr'><strong>[Al.,</strong></span> <span class='ocrx_word' id='word_1_805' title='bbox 2183 4914 2311 4988; x_wconf 88' lang='lat' dir='ltr'><strong>illis]</strong></span> <span class='ocrx_word' id='word_1_806' title='bbox 2357 4918 2721 4986; x_wconf 85' lang='lat' dir='ltr'><strong>conscriptam</strong></span> <span class='ocrx_word' id='word_1_807' title='bbox 2762 4920 3075 4987; x_wconf 90' lang='lat' dir='ltr'><strong>petitionem</strong></span> <span class='ocrx_word' id='word_1_808' title='bbox 3118 4924 3271 4978; x_wconf 89' lang='lat' dir='ltr'><strong>trado</strong></span> <span class='ocrx_word' id='word_1_809' title='bbox 3312 4925 3366 4980; x_wconf 92' lang='lat' dir='ltr'><strong>in</strong></span> <span class='ocrx_word' id='word_1_810' title='bbox 3394 4942 3590 5000; x_wconf 73' lang='lat' dir='ltr'><strong>perpe-</strong></span> 
     </span>
    </p>
   </div>
   <div class='ocr_carea' id='block_1_111' title="bbox 2016 5004 3589 5086">
    <p class='ocr_par' dir='ltr' id='par_1_111' title="bbox 2016 5004 3589 5086">
     <span class='ocr_line' id='line_1_111' title="bbox 2016 5004 3589 5086; baseline 0.008 -29"><span class='ocrx_word' id='word_1_811' title='bbox 2016 5013 2168 5057; x_wconf 89' lang='lat' dir='ltr'><strong>tuum</strong></span> <span class='ocrx_word' id='word_1_812' title='bbox 2217 5004 2539 5069; x_wconf 83' lang='lat' dir='ltr'><strong>habendam,</strong></span> <span class='ocrx_word' id='word_1_813' title='bbox 2591 5014 2649 5060; x_wconf 90' lang='lat' dir='ltr'><strong>et</strong></span> <span class='ocrx_word' id='word_1_814' title='bbox 2692 5022 2852 5061; x_wconf 88' lang='lat' dir='ltr'><strong>manu</strong></span> <span class='ocrx_word' id='word_1_815' title='bbox 2900 5023 3021 5062; x_wconf 89' lang='lat' dir='ltr'><strong>mea</strong></span> <span class='ocrx_word' id='word_1_816' title='bbox 3066 5010 3378 5068; x_wconf 87' lang='lat' dir='ltr'><strong>roboratam</strong></span> <span class='ocrx_word' id='word_1_817' title='bbox 3423 5031 3589 5086; x_wconf 77' lang='lat' dir='ltr'><strong>super</strong></span> 
     </span>
    </p>
   </div>
   <div class='ocr_carea' id='block_1_112' title="bbox 2016 5095 3585 5169">
    <p class='ocr_par' dir='ltr' id='par_1_112' title="bbox 2016 5095 3585 5169">
     <span class='ocr_line' id='line_1_112' title="bbox 2016 5095 3585 5169; baseline 0.008 -20"><span class='ocrx_word' id='word_1_818' title='bbox 2016 5095 2186 5151; x_wconf 89' lang='lat' dir='ltr'><strong>altare</strong></span> <span class='ocrx_word' id='word_1_819' title='bbox 2214 5111 2378 5166; x_wconf 91' lang='lat' dir='ltr'><strong>pono,</strong></span> <span class='ocrx_word' id='word_1_820' title='bbox 2401 5097 2506 5151; x_wconf 91' lang='lat' dir='ltr'><strong>boc</strong></span> <span class='ocrx_word' id='word_1_821' title='bbox 2533 5097 2587 5151; x_wconf 90' lang='lat' dir='ltr'><strong>in</strong></span> <span class='ocrx_word' id='word_1_822' title='bbox 2612 5097 2940 5153; x_wconf 82' lang='lat' dir='ltr'><strong>monasterio</strong></span> <span class='ocrx_word' id='word_1_823' title='bbox 2962 5101 3270 5169; x_wconf 82' lang='lat' dir='ltr'><strong>perenniter</strong></span> <span class='ocrx_word' id='word_1_824' title='bbox 3291 5102 3585 5160; x_wconf 78' lang='lat' dir='ltr'><strong>observan-</strong></span> 
     </span>
    </p>
   </div>
   <div class='ocr_carea' id='block_1_113' title="bbox 2017 5185 3277 5261">
    <p class='ocr_par' dir='ltr' id='par_1_113' title="bbox 2017 5185 3277 5261">
     <span class='ocr_line' id='line_1_113' title="bbox 2017 5185 3277 5261; baseline 0.005 -22"><span class='ocrx_word' id='word_1_825' title='bbox 2017 5185 2163 5241; x_wconf 82' lang='lat' dir='ltr'><strong>dam.</strong></span> <span class='ocrx_word' id='word_1_826' title='bbox 2197 5185 2351 5241; x_wconf 84' lang='lat' dir='ltr'><strong>Unde</strong></span> <span class='ocrx_word' id='word_1_827' title='bbox 2382 5193 2439 5240; x_wconf 88' lang='lat' dir='ltr'><strong>et</strong></span> <span class='ocrx_word' id='word_1_828' title='bbox 2464 5186 2740 5255; x_wconf 90' lang='lat' dir='ltr'><strong>sequitur:</strong></span> <span class='ocrx_word' id='word_1_829' title='bbox 3275 5259 3277 5261; x_wconf 18' lang='grc' dir='ltr'><strong><em>ι</em></strong></span> 
     </span>
    </p>
   </div>
   <div class='ocr_carea' id='block_1_114' title="bbox 2089 5271 3589 5344">
    <p class='ocr_par' dir='ltr' id='par_1_114' title="bbox 2089 5271 3589 5344">
     <span class='ocr_line' id='line_1_114' title="bbox 2089 5271 3589 5344; baseline 0.006 -18"><span class='ocrx_word' id='word_1_830' title='bbox 2089 5271 2264 5338; x_wconf 76' lang='lat' dir='ltr'><strong>Quam</strong></span> <span class='ocrx_word' id='word_1_831' title='bbox 2283 5274 2579 5344; x_wconf 77' lang='lat' dir='ltr'><strong>petitionem</strong></span> <span class='ocrx_word' id='word_1_832' title='bbox 2603 5291 2765 5330; x_wconf 87' lang='lat' dir='ltr'><strong>manu</strong></span> <span class='ocrx_word' id='word_1_833' title='bbox 2787 5291 2885 5331; x_wconf 87' lang='lat' dir='ltr'><strong>sua</strong></span> <span class='ocrx_word' id='word_1_834' title='bbox 2903 5276 3118 5344; x_wconf 80' lang='lat' dir='ltr'><strong>scribat,</strong></span> <span class='ocrx_word' id='word_1_835' title='bbox 3144 5288 3237 5333; x_wconf 71' lang='lat' dir='ltr'><strong>aut</strong></span> <span class='ocrx_word' id='word_1_836' title='bbox 3262 5289 3397 5335; x_wconf 83' lang='lat' dir='ltr'><strong>certe</strong></span> <span class='ocrx_word' id='word_1_837' title='bbox 3418 5282 3464 5335; x_wconf 89' lang='lat' dir='ltr'><strong>si</strong></span> <span class='ocrx_word' id='word_1_838' title='bbox 3483 5296 3589 5335; x_wconf 83' lang='lat' dir='ltr'><strong>non</strong></span> 
     </span>
    </p>
   </div>
   <div class='ocr_carea' id='block_1_115' title="bbox 2013 5365 3587 5439">
    <p class='ocr_par' dir='ltr' id='par_1_115' title="bbox 2013 5365 3587 5439">
     <span class='ocr_line' id='line_1_115' title="bbox 2013 5365 3587 5439; baseline 0.003 -17"><span class='ocrx_word' id='word_1_839' title='bbox 2013 5367 2112 5422; x_wconf 82' lang='lat' dir='ltr'><strong>scit</strong></span> <span class='ocrx_word' id='word_1_840' title='bbox 2138 5365 2362 5432; x_wconf 84' lang='lat' dir='ltr'><strong>litteras,</strong></span> <span class='ocrx_word' id='word_1_841' title='bbox 2388 5365 2522 5421; x_wconf 87' lang='lat' dir='ltr'><strong>alter</strong></span> <span class='ocrx_word' id='word_1_842' title='bbox 2541 5367 2605 5421; x_wconf 86' lang='lat' dir='ltr'><strong>ab</strong></span> <span class='ocrx_word' id='word_1_843' title='bbox 2627 5384 2687 5423; x_wconf 89' lang='lat' dir='ltr'><strong>eo</strong></span> <span class='ocrx_word' id='word_1_844' title='bbox 2709 5378 2921 5439; x_wconf 82' lang='lat' dir='ltr'><strong>rogatus</strong></span> <span class='ocrx_word' id='word_1_845' title='bbox 2946 5369 3157 5434; x_wconf 82' lang='lat' dir='ltr'><strong>scribat,</strong></span> <span class='ocrx_word' id='word_1_846' title='bbox 3182 5378 3231 5423; x_wconf 86' lang='lat' dir='ltr'><strong>et</strong></span> <span class='ocrx_word' id='word_1_847' title='bbox 3249 5369 3340 5424; x_wconf 86' lang='lat' dir='ltr'><strong>ille</strong></span> <span class='ocrx_word' id='word_1_848' title='bbox 3356 5372 3587 5426; x_wconf 67' lang='lat' dir='ltr'><strong>novitius</strong></span> 
     </span>
    </p>
   </div>
   <div class='ocr_carea' id='block_1_116' title="bbox 2014 5458 3584 5533">
    <p class='ocr_par' dir='ltr' id='par_1_116' title="bbox 2014 5458 3584 5533">
     <span class='ocr_line' id='line_1_116' title="bbox 2014 5458 3584 5533; baseline 0 -16"><span class='ocrx_word' id='word_1_849' title='bbox 2014 5462 2221 5533; x_wconf 82' lang='lat' dir='ltr'><strong>signum</strong></span> <span class='ocrx_word' id='word_1_850' title='bbox 2254 5460 2440 5532; x_wconf 80' lang='lat' dir='ltr'><strong>faciat,</strong></span> <span class='ocrx_word' id='word_1_851' title='bbox 2469 5470 2521 5516; x_wconf 81' lang='lat' dir='ltr'><strong>et</strong></span> <span class='ocrx_word' id='word_1_852' title='bbox 2552 5478 2711 5517; x_wconf 83' lang='lat' dir='ltr'><strong>manu</strong></span> <span class='ocrx_word' id='word_1_853' title='bbox 2744 5479 2842 5519; x_wconf 83' lang='lat' dir='ltr'><strong>sua</strong></span> <span class='ocrx_word' id='word_1_854' title='bbox 2876 5479 2991 5518; x_wconf 86' lang='lat' dir='ltr'><strong>eam</strong></span> <span class='ocrx_word' id='word_1_855' title='bbox 3022 5476 3179 5532; x_wconf 82' lang='lat' dir='ltr'><strong>super</strong></span> <span class='ocrx_word' id='word_1_856' title='bbox 3207 5458 3375 5514; x_wconf 83' lang='lat' dir='ltr'><strong>altare</strong></span> <span class='ocrx_word' id='word_1_857' title='bbox 3401 5471 3584 5531; x_wconf 82' lang='lat' dir='ltr'><strong>ponat.</strong></span> 
     </span>
    </p>
   </div>
   <div class='ocr_carea' id='block_1_117' title="bbox 2016 5550 3591 5624">
    <p class='ocr_par' dir='ltr' id='par_1_117' title="bbox 2016 5550 3591 5624">
     <span class='ocr_line' id='line_1_117' title="bbox 2016 5550 3591 5624; baseline -0.001 -15"><span class='ocrx_word' id='word_1_858' title='bbox 2016 5553 2151 5609; x_wconf 83' lang='lat' dir='ltr'><strong>liinc</strong></span> <span class='ocrx_word' id='word_1_859' title='bbox 2179 5562 2234 5607; x_wconf 88' lang='lat' dir='ltr'><strong>et</strong></span> <span class='ocrx_word' id='word_1_860' title='bbox 2265 5551 2404 5607; x_wconf 81' lang='lat' dir='ltr'><strong>alibi</strong></span> <span class='ocrx_word' id='word_1_861' title='bbox 2429 5555 2688 5623; x_wconf 82' lang='lat' dir='ltr'><strong>scriptum</strong></span> <span class='ocrx_word' id='word_1_862' title='bbox 2733 5554 2981 5624; x_wconf 66' lang='lat' dir='ltr'><strong>legimus.</strong></span> <span class='ocrx_word' id='word_1_863' title='bbox 3029 5550 3089 5605; x_wconf 86' lang='lat' dir='ltr'><strong>Si</strong></span> <span class='ocrx_word' id='word_1_864' title='bbox 3125 5565 3248 5604; x_wconf 86' lang='lat' dir='ltr'><strong>eum</strong></span> <span class='ocrx_word' id='word_1_865' title='bbox 3284 5551 3447 5607; x_wconf 84' lang='lat' dir='ltr'><strong>rebus</strong></span> <span class='ocrx_word' id='word_1_866' title='bbox 3474 5554 3591 5609; x_wconf 89' lang='lat' dir='ltr'><strong>suis</strong></span> 
     </span>
    </p>
   </div>
   <div class='ocr_carea' id='block_1_118' title="bbox 2017 5639 3587 5709">
    <p class='ocr_par' dir='ltr' id='par_1_118' title="bbox 2017 5639 3587 5709">
     <span class='ocr_line' id='line_1_118' title="bbox 2017 5639 3587 5709; baseline -0.001 -8"><span class='ocrx_word' id='word_1_867' title='bbox 2017 5643 2285 5701; x_wconf 81' lang='lat' dir='ltr'><strong>introierit</strong></span> <span class='ocrx_word' id='word_1_868' title='bbox 2310 5646 2564 5709; x_wconf 81' lang='lat' dir='ltr'><strong>novitius,</strong></span> <span class='ocrx_word' id='word_1_869' title='bbox 2594 5656 2719 5698; x_wconf 81' lang='lat' dir='ltr'><strong>tunc</strong></span> <span class='ocrx_word' id='word_1_870' title='bbox 2744 5645 2830 5697; x_wconf 84' lang='lat' dir='ltr'><strong>ille</strong></span> <span class='ocrx_word' id='word_1_871' title='bbox 2856 5642 3033 5695; x_wconf 83' lang='lat' dir='ltr'><strong>brevis</strong></span> <span class='ocrx_word' id='word_1_872' title='bbox 3055 5639 3137 5694; x_wconf 86' lang='lat' dir='ltr'><strong>vel</strong></span> <span class='ocrx_word' id='word_1_873' title='bbox 3165 5640 3382 5695; x_wconf 84' lang='lat' dir='ltr'><strong>donatio</strong></span> <span class='ocrx_word' id='word_1_874' title='bbox 3404 5657 3587 5700; x_wconf 73' lang='lat' dir='ltr'><strong>rerum</strong></span> 
     </span>
    </p>
   </div>
  </div>
