3992 6206
433 297 536 354 905

1712 282 2064 340 SMARAGDI
2102 278 2386 338 ABBATlS

3581 273 3683 329 901

433 421 654 464 suarum
685 404 815 471 Deo,
848 399 929 457 vel
957 397 1282 455 mnasterio
1320 396 1481 459 facta,
1524 395 1690 465 ipsius
1727 393 2006 448 donatoris
2034 394 2086 456 Α
2112 395 2204 458 rit,
2247 395 2364 449 sine
2400 392 2559 448 rebus
2599 390 2710 449 suis
2748 389 2816 448 de
2851 388 3184 446 monasterio
3225 382 3310 443 vel
3350 385 3470 444 sine
3514 387 3687 444 indul-

435 513 628 556 manus
671 510 835 566 super
879 491 1050 547 altare
1090 498 1344 558 ponatur,
1390 487 1602 541 dicente
1647 485 1766 554 ipso
1806 484 2008 540 fratre:

436 592 590 652 Ecce,
618 587 862 644 Domine.
904 596 1029 638 cum
1073 579 1250 633 anima
1289 593 1407 631 mea
1447 584 1504 631 et
1542 582 1859 645 paupertate
1893 589 2012 627 mea

435 679 695 750 quidquid
739 674 870 730 mihi
901 667 1131 732 donasti,
1165 668 1262 722 tibi
1304 666 1622 735 reconsigno
1651 671 1704 718 et
1740 662 1928 727 offero,
1959 669 2014 716 et

437 769 509 823 ibi
550 767 670 820 volo
707 773 767 818 ut
802 764 908 817 sint
950 777 1040 816 res
1074 769 1235 825 mete,
1280 758 1371 812 ubi
1413 758 1576 813 fuerit
1613 773 1709 812 cor
1753 772 1931 811 meum
1959 763 2016 809 et

438 860 643 922 anima,
672 857 772 910 sub
799 861 1062 924 potestate
1111 859 1286 905 tamen
1335 847 1646 902 monasterii
1687 855 1744 901 et
1780 846 2008 906 abbatis,

436 963 598 1019 quem
634 946 788 1008 mihi,
821 944 1064 1006 Domine,
1105 945 1158 996 in
1194 942 1310 995 vice
1338 949 1428 994 tua
1470 939 1762 993 timendum
1800 952 2013 1006 praepo-

437 1042 545 1104 nis,
573 1053 694 1092 cum
724 1038 773 1092 ei
802 1036 937 1090 dicis
964 1052 975 1086 :
1005 1033 1108 1099 Qui
1132 1049 1218 1086 vos
1249 1031 1419 1096 audit,
1443 1047 1526 1084 me
1550 1029 1716 1094 audit,
1741 1035 1789 1081 et
1811 1027 1901 1096 qui
1927 1042 2016 1081 uos

442 1131 656 1204 spernit,
689 1146 769 1182 me
789 1127 982 1199 spernit
1013 1124 1163 1197 (Luc.
1189 1122 1267 1192 Χ).

514 1221 684 1286 Quam
706 1219 828 1271 dum
852 1216 1104 1286 posuerit,
1125 1213 1339 1283 incipiat
1360 1225 1468 1280 ipse
1489 1210 1713 1264 novitius
1737 1225 1858 1263 mox
1879 1209 2016 1262 hunc

435 1325 663 1367 uersum:
681 1309 892 1379 Suscipe
904 1325 1005 1372 me,
1016 1307 1252 1370 Domine,
1267 1305 1553 1359 secundum
1566 1303 1827 1380 eloquium
1845 1312 2013 1364 tuum,

435 1414 484 1457 et
511 1389 713 1464 rivum,
739 1410 786 1452 et
821 1415 920 1452 non
954 1396 1248 1464 confundas
1286 1412 1368 1449 me
1404 1395 1468 1448 ab
1491 1395 1868 1464 exspectatione
1901 1408 2016 1444 mea

440 1491 612 1566 (Psal.
643 1489 851 1554 cxvtu).
898 1487 1062 1553 Quem
1093 1503 1296 1550 versum
1321 1487 1488 1539 omnis
1511 1485 1841 1554 congregatio
1865 1483 2016 1536 tertio

439 1581 770 1653 respondeat,
797 1580 1160 1649 adjungentes,
1185 1571 1367 1631 Gloria
1395 1578 1568 1633 Patri.
1597 1576 1742 1630 Tunc
1773 1577 1879 1648 ipse
1906 1576 2017 1645 {ra-

439 1683 520 1727 ter
545 1672 769 1725 novitius
794 1679 1152 1739 prosternatur
1182 1666 1507 1737 singulorum
1527 1667 1762 1737 pedibus,
1791 1675 1848 1719 ut
1871 1672 2016 1719 orent

2111 485 2288 556 gentia
2315 492 2659 554 peccatorum
2692 497 2722 536 a
2746 481 2857 536 Deo
2883 479 3145 536 discedat.

2184 577 2311 632 Mox
2334 591 2453 645 ergo
2482 576 2537 628 in
2559 575 2792 628 oratorio
2813 582 3037 626 exuatur
3060 572 3212 625 rebus
3236 572 3483 642 propriis,
3500 570 3682 642 quibus

2111 667 2326 721 uestitus
2347 675 2439 727 est,
2467 673 2514 719 et
2534 663 2786 716 induatur
2807 661 2957 715 rebus
2981 663 3302 716 monasterii.
3349 663 3448 716 llic
3487 672 3685 728 autem,

2113 766 2174 810 ut
2195 755 2327 810 mihi
2351 754 2580 817 videtur,
2608 754 2654 808 si
2679 753 2732 807 in
2757 751 2933 805 laicali
2955 752 3142 805 habitu
3166 759 3264 814 est,
3292 752 3446 820 prius
3470 753 3688 806 tondea-

2115 856 2222 912 tur,
2245 855 2298 901 et
2321 846 2398 900 sic
2421 844 2660 898 vestibus
2683 841 3000 897 monasterii
3032 840 3309 894 induatur.
3338 841 3477 896 Hinc
3497 851 3553 897 et
3571 843 3696 911 qui-

2116 938 2238 992 dam
2259 936 2512 1005 antiquus
2545 934 2931 987 monachorum
2973 932 3234 1000 magister
3261 933 3334 985 ait
3362 947 3377 985 :
3406 933 3543 988 Cum
3565 950 3688 1004 ergo

2115 1046 2237 1087 cum
2283 1029 2493 1084 caneris
2527 1025 2786 1080 fratribus
2825 1022 3224 1093 inculpabilitcr
3271 1024 3325 1078 in
3366 1025 3690 1080 monasterio

2116 1125 2382 1194 integrum
2403 1133 2602 1174 annum
2633 1115 2954 1185 impleverit,
2979 1123 3108 1169 tunc
3133 1114 3349 1168 demum
3371 1114 3487 1168 sine
3512 1116 3688 1184 aliqua

2117 1214 2450 1271 dubitatione
2486 1211 2793 1274 tondeatur,
2820 1207 2906 1261 vel
2930 1207 2979 1262 ei
3022 1206 3195 1261 sancti
3225 1207 3484 1276 propositi
3516 1217 3694 1264 vestes

2118 1309 2413 1358 mutentur.
2453 1300 2591 1354 Hinc
2619 1308 2675 1353 et
2702 1298 2998 1353 Cassianus
3024 1297 3157 1351 dicit
3181 1314 3196 1350 :
3225 1295 3359 1352 Cum
3387 1314 3517 1353 vero
3548 1314 3693 1355 rece-

2115 1402 2241 1464 ptus
2278 1391 2400 1461 quis
2439 1390 2493 1445 in
2539 1389 2866 1444 monasterio
2914 1386 3094 1452 fuerit,
3147 1388 3224 1442 ita
3269 1387 3500 1444 ﬁdeliter
3546 1391 3692 1445 omni

2116 1483 2344 1554 pristina
2375 1479 2630 1535 facultate
2655 1480 2906 1544 nudetur,
2934 1485 2994 1532 ut
3020 1492 3089 1533 ne
3117 1478 3291 1547 ipsum
3318 1479 3690 1534 indumentum

2117 1589 2227 1644 quo
2255 1588 2286 1626 a
2315 1570 2512 1626 saeculo
2535 1570 2682 1624 venit
2711 1569 2950 1634 indutus,
2975 1567 3177 1624 habere
3211 1568 3442 1639 amplius
3467 1571 3692 1640 permit-

2119 1675 2296 1733 tatur;
2335 1666 2428 1721 sed
2465 1667 2518 1720 in
2554 1664 2732 1719 medio
2757 1663 3049 1734 productus
3083 1672 3315 1717 exuatur
3343 1663 3598 1732 propriis,
3631 1679 3694 1720 ac

438 1779 532 1831 pro
564 1776 624 1813 eo
648 1779 666 1817 :
692 1769 740 1812 et
753 1760 870 1828 jam
897 1775 962 1811 ex
993 1756 1086 1810 illa
1113 1757 1198 1811 die
1227 1759 1282 1810 in
1311 1757 1706 1827 congregatione
1728 1763 2012 1824 reputat".
2045 1749 2093 1808 Β
2120 1776 2215 1832 per
2242 1773 2436 1814 manus
2463 1755 2676 1812 abbatis
2709 1755 2966 1809 induatur
2991 1754 3306 1809 monasterii
3336 1755 3692 1810 vestimentis.

439 1853 553 1907 Vox
591 1850 904 1922 pcenitentis
936 1857 990 1903 et
1030 1849 1098 1902 ad
1125 1849 1293 1902 Deum
1343 1847 1708 1903 convertentis
1755 1853 1860 1909 est,
1894 1860 2015 1914 qua:

438 1944 610 1998 dicit:
637 1941 850 2011 Suscipe
887 1957 985 2005 me,
1033 1940 1268 2004 Domine,
1311 1939 1597 1993 secundum
1642 1937 1928 2009 eloquium,
1969 1947 2018 1991 et

436 2036 627 2098 vivam,
649 2040 752 2086 etc.
782 2029 884 2097 Qui
910 2031 1052 2085 enim
1081 2030 1354 2101 peccando
1381 2029 1535 2100 longe
1573 2045 1603 2084 a
1626 2029 1737 2084 Deo
1767 2029 2016 2094 recessit,

437 2134 493 2180 et
518 2124 660 2178 velut
691 2133 936 2178 mortuus
974 2138 1003 2177 a
1037 2123 1342 2193 cognitione
1366 2122 1459 2176 Dei
1489 2123 1646 2192 longo
1673 2138 1774 2177 usu
1811 2122 1863 2176 in
1899 2137 2018 2192 pec-

438 2216 543 2269 cati
591 2214 841 2284 sepulcro
882 2214 1062 2279 latuit,
1105 2214 1416 2282 pmnitendo
1453 2213 1650 2268 iterum
1683 2213 2013 2278 humiliatur,

439 2312 495 2357 et
522 2313 580 2357 ut
609 2311 856 2373 receptus
887 2303 940 2356 in
967 2312 1226 2358 azternum
1253 2303 1420 2368 vivat,
1448 2301 1702 2357 ﬂebiliter
1727 2302 2018 2357 Dominum

441 2395 775 2463 deprecatur.
845 2393 998 2448 Unde
1042 2402 1098 2448 et
1141 2392 1372 2447 fratrum
1422 2393 1663 2447 omnium
1714 2401 2011 2462 prostratut

439 2483 683 2553 pedibus,
724 2497 824 2552 pro
863 2497 920 2536 se
961 2497 1118 2536 orare
1161 2498 1254 2537 cos
1300 2482 1534 2553 rogitare
1572 2483 1730 2537 debet
1770 2483 2019 2538 assiduus

441 2573 605 2628 etiam
637 2573 690 2626 in
719 2573 1135 2643 congregatione
1173 2574 1447 2642 deceptus.
1487 2573 1622 2628 llinc
1649 2573 1867 2642 quidam
1904 2591 2020 2630 mo—-

441 2664 736 2718 nachorum
777 2664 1034 2734 magister
1072 2665 1151 2718 ait
1179 2681 1190 2718 :
1215 2664 1342 2720 Post
1381 2665 1497 2720 hinc
1534 2665 1675 2719 dicta
1720 2666 1863 2720 dicat
1906 2667 2020 2736 ipse

445 2753 678 2808 novitius
713 2743 884 2808 frater
925 2755 1326 2823 responsorium
1365 2756 1506 2810 hoc:
1545 2753 1759 2826 Suscipe
1781 2772 1880 2820 me,
1917 2756 2022 2811 Do—

447 2847 606 2912 mine,
634 2845 916 2900 secundum
938 2845 1145 2901 uerbum
1169 2856 1337 2911 tuum,
1355 2857 1402 2901 et
1423 2848 1614 2911 vivam,
1635 2855 1739 2902 etc.
1756 2846 1885 2903 Post
1917 2849 2021 2904 hoc

444 2935 849 3004 responsorium
897 2936 1028 2990 dicit
1057 2937 1224 2990 abbas
1252 2937 1395 2992 hunc
1421 2952 1636 2992 versum
1679 2955 1694 2989 :
1751 2935 2019 3007 Con/ima

440 3024 562 3089 hoc,
586 3023 747 3089 Deus,
777 3025 915 3096 quod
955 3035 1198 3095 operatus
1239 3043 1293 3080 es
1331 3027 1387 3080 in
1429 3027 1575 3081 nobis
1617 3024 1790 3096 (Psal.
1822 3028 2013 3098 uvn).

441 3115 574 3169 Post
598 3129 758 3182 quem
784 3130 1000 3169 versum
1027 3117 1252 3181 dictum,
1281 3133 1406 3171 mox
1434 3118 1557 3172 data
1594 3119 1644 3172 ei
1673 3119 1742 3173 ab
1766 3096 2018 3174 omnibus
2044 3096 2089 3159 (ἶ

444 3215 600 3270 pace,
624 3202 900 3269 compleat
922 3202 1109 3256 abbas.
1145 3204 1281 3258 Hinc
1305 3205 1464 3259 datur
1494 3205 1718 3275 intelligi
1747 3207 1873 3276 quia
1897 3216 2022 3276 post

442 3289 592 3342 illam
621 3287 857 3344 Gloriam
902 3291 972 3345 ab
1011 3293 1262 3347 omnibus
1310 3294 1558 3364 superius
1599 3295 1797 3350 dictam
1831 3311 2019 3352 omnes

441 3384 641 3438 iterum
664 3398 790 3437 cum
818 3383 909 3438 illo
938 3385 1161 3448 novitio,
1187 3385 1422 3450 silentio,
1457 3394 1517 3441 ut
1547 3402 1663 3442 mos
1687 3397 1791 3454 est,
1823 3389 2022 3443 debent

443 3473 629 3531 dicere
665 3475 965 3530 orationem
993 3474 1348 3544 Dominicam,
1389 3485 1448 3532 et
1483 3477 1676 3538 abbate
1710 3480 1942 3544 dicente,
1972 3489 2020 3533 et

446 3582 512 3618 ne
545 3582 638 3619 nos
661 3565 882 3620 inaucas
919 3566 972 3618 in
1006 3567 1360 3632 tentationem,
1405 3582 1554 3622 more
1599 3567 1757 3623 solito
1801 3584 2022 3639 respon-

441 3655 611 3708 deant
631 3669 845 3718 omnes,
883 3655 973 3708 sed
1005 3653 1169 3708 libera
1205 3673 1299 3710 nos
1335 3675 1366 3710 a
1401 3657 1541 3711 malo
1565 3671 1584 3708 :
1614 3666 1669 3713 et
1705 3667 1831 3713 tunc
1858 3674 2021 3713 orans

448 3745 618 3798 abbas
662 3759 822 3812 super
867 3746 1129 3799 novitium
1173 3748 1312 3801 hanc
1343 3749 1644 3803 orationem
1676 3751 1860 3806 dicat:
1892 3750 2022 3804 Sus-

444 3835 588 3904 cipe,
621 3849 946 3901 quaesumus,
996 3835 1237 3898 Domine,
1271 3837 1414 3892 hunc
1462 3837 1717 3892 famulum
1756 3849 1906 3894 tuum
1954 3841 2027 3894 ad-

449 3934 503 3980 tc
548 3923 781 3994 procella
815 3925 996 3980 smculi
1033 3925 1191 3995 hujus
1225 3927 1538 3997 laqueisque
1572 3928 1770 3982 diaboli
1817 3930 2021 4000 fugien-

446 4025 576 4080 tem,
608 4023 726 4069 uta
758 4023 809 4070 te
835 4025 1116 4086 susceptus
1151 4027 1208 4072 et
1261 4018 1484 4072 instanti
1527 4019 1723 4074 stceulo
1760 4019 2019 4085 salvatus,

445 4116 501 4160 et
539 4107 595 4160 in
633 4104 814 4160 futuro
846 4121 905 4160 se
943 4107 1172 4176 gaudeat
1213 4123 1244 4162 a
1288 4116 1341 4162 te
1379 4107 1609 4163 feliciter
1656 4117 2016 4164 muneratam.

446 4198 569 4253 Per.
617 4199 685 4252 Et
715 4206 840 4254 tunc
863 4198 1048 4255 osculo
1073 4200 1321 4255 omnibus
1354 4201 1482 4255 dato
1508 4202 1673 4256 etiam
1705 4201 1760 4256 in
1797 4216 2021 4272 congre-

444 4289 662 4357 gatione
689 4297 984 4358 reputetur.

524 4379 642 4445 Res,
667 4381 713 4433 si
735 4397 867 4451 quas
890 4381 1064 4445 habet,
1087 4391 1177 4433 aut
1201 4389 1370 4450 eroget
1397 4383 1542 4451 prius
1564 4382 1897 4452 pauperibus,
1924 4393 2017 4436 aut

449 4470 588 4540 facta
611 4469 910 4524 solemniter
935 4469 1242 4535 donatione,
1263 4471 1492 4540 conferat
1524 4473 1864 4536 monasterio,
1889 4472 2020 4526 nihil
2045 4451 2098 4509 D

446 4559 547 4613 sibi
580 4575 845 4613 reseruans
877 4575 942 4612 ea:
973 4560 1210 4614 omnibus
1231 4560 1454 4631 :quippe
1473 4563 1563 4631 qui
1596 4577 1660 4614 ex
1693 4560 1784 4614 illo
1813 4561 1897 4614 die
1925 4578 2016 4614 nec

448 4651 646 4720 proprii
684 4651 917 4722 corporis
952 4661 1254 4720 potestatem
1278 4669 1332 4705 se
1355 4653 1654 4706 habiturum
1679 4653 1830 4706 sciat.
1863 4653 2016 4719 Quod

450 4744 612 4807 dicit,
656 4743 796 4811 facta
831 4742 1132 4797 solemniter
1178 4743 1486 4808 donatione,
1529 4744 1844 4812 intelligitur
1893 4744 2017 4797 reli-

375 4850 382 4857 ·
450 4832 600 4903 giose
641 4845 820 4886 coram
860 4834 1088 4887 testibus
1135 4840 1191 4886 et
1244 4833 1493 4886 universa
1531 4833 1840 4887 monasterii
1886 4848 2015 4887 con-

452 4923 784 4991 gregatione.
841 4922 992 4977 Unde
1017 4931 1072 4977 et
1099 4923 1225 4976 alibi
1257 4923 1639 4976 monachorum
1663 4918 1853 4976 Patres
1874 4923 2022 4976 dixe-

453 5015 582 5061 runt
608 5026 622 5060 :
647 5007 706 5062 Si
742 5009 976 5079 aliquam
1021 5011 1256 5065 novitius
1303 5011 1357 5064 in
1395 5009 1638 5064 cellulam
1678 5009 1908 5064 voluerit
1941 5012 2022 5064 in-

452 5099 598 5154 ferre
632 5100 1018 5166 substantiam,
1054 5102 1321 5156 in'mensa
1363 5110 1595 5170 ponatur
1627 5115 1809 5154 coram
1847 5102 2021 5155 omni-

451 5188 554 5242 bus
581 5185 856 5240 frstribus.
883 5188 1018 5241 Hinc
1041 5197 1095 5242 et
1119 5190 1334 5258 quidam
1361 5191 1744 5244 monachorum
1769 5190 2021 5258 magister

451 5277 565 5332 ait:
594 5275 712 5332 Una
742 5291 863 5330 cum
894 5277 1069 5330 anima
1101 5293 1196 5331 sua
1226 5280 1336 5334 Deo
1360 5288 1415 5334 et
1439 5280 1679 5334 oratorio
1700 5280 2017 5333 monasterii

450 5381 551 5435 per
577 5366 922 5421 donationem
949 5364 1139 5418 oll'crat
1177 5375 1368 5432 totum,
1400 5368 1862 5423 subscribentibus
1893 5366 2017 5421 reli-

450 5456 617 5526 giosis
665 5455 921 5521 testibus,
969 5455 1250 5524 episcopo,
1294 5458 1608 5527 presbytero
1663 5467 1734 5520 et.
1767 5457 2013 5521 diacono,

450 5544 537 5599 vel
568 5546 736 5614 ipsius
761 5545 1019 5600 territorii
1053 5544 1217 5610 clero,
1251 5553 1306 5600 et
1330 5545 1382 5597 in
1417 5546 1528 5614 ipsa
1553 5547 1801 5602 cautione
1831 5555 2018 5599 laxans

452 5635 575 5702 hoc,
600 5638 742 5697 quod
770 5637 816 5692 si
851 5637 1135 5707 aliquando
1172 5638 1501 5693 monasterio
1539 5639 1814 5693 discedere
1839 5638 2018 5693 voluc-

2120 1847 2410 1904 Tondendo
2437 1855 2616 1902 autem
2645 1845 2869 1910 novitio,
2900 1845 3213 1914 priusquam
3245 1844 3553 1909 tondeatur,
3583 1846 3694 1901 ba-c

2119 1942 2292 1998 oratio
2345 1956 2377 1994 a
2425 1938 2708 1995 sacerdote
2763 1938 2974 1992 dicatur
3018 1951 3034 1990 :
3082 1936 3318 2003 Praesta,
3364 1953 3692 2007 quaasumus,

2118 2033 2458 2104 omnipotens
2484 2031 2647 2094 Deus,
2677 2037 2738 2082 ut
2771 2029 2910 2082 sicut
2939 2028 3031 2082 hic
3059 2027 3292 2081 famulus
3331 2035 3457 2081 tuus
3484 2043 3693 2082 comam

2119 2125 2322 2181 amittit
2349 2123 2566 2193 capitis,
2595 2121 2724 2175 vitia
2759 2119 2938 2174 cordis
2977 2118 3136 2172 simul
3181 2118 3398 2172 amittat
3425 2126 3480 2173 et
3507 2133 3696 2187 oorpo-

2122 2216 2218 2280 ris,
2246 2223 2309 2268 ut
2345 2226 2574 2283 corpore
2612 2210 2814 2280 pariter
2857 2208 3144 2262 innovatus
3181 2214 3236 2261 et
3271 2213 3476 2274 mente,
3517 2216 3694 2262 tecum

2119 2303 2346 2358 feliciter
2373 2302 2550 2356 valeat
2570 2300 2625 2354 in
2651 2307 2911 2354 teter-num
2942 2310 3190 2366 regnare.
3215 2295 3339 2351 Per.

2189 2392 2297 2448 Illa
2334 2403 2510 2447 autem
2538 2391 2838 2446 vestimenta
2866 2387 3051 2459 quibus
3089 2397 3274 2441 exutus
3303 2395 3379 2440 est
3426 2402 3687 2457 reponan-

2119 2495 2207 2539 tur
2225 2484 2280 2538 in
2307 2482 2548 2537 vestiario
2576 2477 2952 2541 conservanda,
2969 2486 3046 2542 ut,
3070 2477 3116 2530 si
3143 2475 3428 2547 aliquando
3445 2475 3697 2530 suadente

2119 2573 2328 2628 diabolo
2347 2571 2662 2626 consenserit
2694 2579 2750 2622 ut
2772 2567 3073 2638 egrediatur
3111 2567 3176 2620 de
3201 2567 3544 2630 monasterio,
3562 2566 3698 2636 quod

2119 2663 2275 2726 absit,
2307 2671 2430 2715 tunc
2457 2670 2643 2714 exutus
2667 2659 2818 2712 rebus
2853 2657 3157 2712 monasterii
3196 2657 3530 2727 projiciatur.
3567 2656 3697 2711 llinc

2120 2753 2409 2810 Cassianus
2458 2752 2534 2806 ait
2569 2750 2698 2805 :llla
2730 2763 2862 2804 vero
2914 2763 3034 2817 qua:
3081 2747 3328 2817 deposuit
3371 2748 3697 2802 vestimenta

2118 2843 2408 2914 praeposito
2441 2842 2744 2906 tradantur,
2799 2855 2920 2909 quae
2950 2839 3135 2893 tandiu
3176 2839 3243 2894 ab
3277 2854 3342 2894 eo
3393 2848 3696 2902 serventur,

2119 2935 2290 2991 donec
2327 2932 2602 3004 profectus
2647 2931 3077 2988 conversationis
3111 2931 3226 3001 ejus
3257 2931 3485 2987 diversis
3515 2939 3695 2986 tenta-

2121 3025 2357 3082 tionibus
2386 3041 2451 3081 ac
2470 3023 2878 3096 probationibus
2904 3022 3206 3078 evidentius
3247 3031 3599 3092 agnoscatur.
3643 3023 3700 3078 Si

2121 3133 2249 3173 vero
2293 3117 2472 3186 aliqua
2502 3114 2861 3171 murmuratio
2885 3121 2978 3168 aut
3006 3113 3368 3169 inobedientia
3392 3115 3449 3169 in
3485 3131 3554 3171 eo
3583 3115 3694 3171 fue-

2119 3207 2194 3260 rit
2221 3207 2583 3276 deprehensa,
2624 3212 2858 3260 exuatur
2897 3203 3210 3259 monasterii
3235 3204 3484 3259 vestibus
3509 3205 3702 3276 quibus

2119 3298 2338 3353 indutus
2366 3297 2565 3364 fuerat,
2588 3306 2645 3352 et
2663 3296 2948 3352 revestitus
2977 3296 3090 3351 suis
3118 3296 3354 3366 antiquis
3373 3312 3498 3366 qua:
3526 3314 3557 3351 a
3574 3314 3702 3368 pm-

2119 3390 2295 3460 posito
2327 3396 2738 3453 conservantur,
2777 3386 2923 3442 foras
2957 3386 3278 3456 expellatur,
3330 3389 3461 3457 quia
3489 3404 3599 3443 non
3624 3397 3705 3442 est

2120 3483 2202 3536 fas
2229 3497 2350 3537 cum
2377 3479 2717 3534 vestimentis
2743 3478 3057 3534 monasterii
3085 3494 3205 3549 qua:
3245 3479 3462 3548 accepit
3509 3481 3700 3534 absce-

2120 3572 2267 3626 dere.
2307 3570 2442 3624 llinc
2466 3569 2688 3639 quidam
2722 3568 3110 3623 monachorum
3140 3568 3397 3638 magister
3421 3570 3504 3624 ait
3545 3589 3559 3624 :
3605 3570 3704 3624 Ve-

2120 3675 2230 3718 stes
2264 3677 2391 3716 vero
2423 3660 2728 3723 srcculares,
2784 3674 2922 3728 quas
2965 3658 3090 3713 dum
3133 3667 3307 3714 mutat
3337 3671 3544 3716 exutus
3593 3660 3702 3714 fue-

2121 3755 2214 3818 rit,
2264 3768 2387 3807 cum
2428 3751 2702 3820 diligentia
2750 3751 2998 3819 repositae
3031 3759 3446 3817 conserventur,
3481 3761 3594 3807 tam
3637 3754 3698 3806 de

2121 3845 2273 3900 laicis
2293 3859 2454 3914 quam
2480 3844 2642 3898 etiam
2670 3843 2736 3898 de
2758 3841 2970 3899 ﬁrmato
2993 3859 3272 3910 converso,
3298 3859 3367 3900 ne
3399 3845 3548 3902 forte
3567 3847 3701 3916 quod

2120 3953 2226 3992 non
2256 3938 2310 3990 in
2351 3935 2624 3990 conversis
2644 3936 2944 4006 contingat,
2992 3951 3116 3990 cum
3144 3938 3210 3991 ad
3245 3953 3372 3992 suos
3392 3939 3577 3995 denuo
3614 3955 3704 3994 vo-

2121 4026 2285 4080 mitus
2307 4023 2483 4079 redire
2511 4025 2762 4090 voluerit,
2797 4033 2852 4080 et
2879 4026 3063 4081 saaculi
3102 4025 3328 4097 elegerit
3364 4029 3570 4084 iterato
3615 4047 3698 4085 re-

2119 4114 2317 4186 pedare
2352 4114 2570 4179 itinera,
2595 4121 2650 4170 et
2679 4115 2837 4170 nullis
2873 4114 3274 4184 Scripturarum
3318 4117 3405 4172 vel
3441 4103 3702 4174 monitio-

2120 4219 2248 4259 num
2286 4205 2486 4273 poterit
2526 4203 2753 4259 vinculis
2797 4205 3039 4269 retineri,
3081 4204 3271 4260 reddat
3292 4205 3518 4262 Christo
3563 4208 3702 4277 quod

2121 4311 2276 4349 suum
2308 4302 2422 4359 est,
2461 4294 2514 4348 id
2554 4302 2658 4359 est,
2707 4303 2905 4349 exutus
2937 4296 3142 4350 sanctis
3182 4297 3444 4362 vestibus,
3483 4297 3572 4353 vel
3609 4299 3705 4353 ba-

2123 4384 2237 4438 bitu
2260 4399 2435 4450 sacro,
2485 4384 2599 4439 suis
2621 4385 2818 4454 quibus
2842 4393 3066 4440 venerat
3093 4386 3320 4441 vestitus
3347 4387 3603 4442 vestibus
3625 4402 3705 4442 re-

2123 4474 2366 4529 similans
2408 4474 2663 4529 saeculum
2700 4474 2769 4529 ad
2800 4489 3077 4528 suasorem
3115 4473 3318 4528 diaboli
3369 4483 3698 4537 revertatur,

2118 4573 2172 4619 et
2199 4580 2304 4619 non
2321 4563 2523 4620 Christi
2549 4564 2818 4633 praedatus
2841 4562 3057 4618 habitus
3077 4562 3348 4632 polluatur
3367 4562 3422 4617 in
3449 4564 3651 4619 saeculo
3667 4578 3700 4616 a

2117 4653 2318 4724 fugaci.

2189 4745 2346 4799 Illam
2378 4755 2550 4799 tamen
2592 4745 2885 4814 petitionem
2910 4743 3044 4811 ejus,
3094 4759 3249 4813 quam
3284 4744 3514 4814 desuper
3537 4744 3699 4798 altare

2117 4838 2276 4891 abbas
2315 4837 2455 4901 tulit,
2494 4852 2596 4889 non
2634 4835 2869 4904 recipiat,
2911 4833 3003 4887 sed
3033 4834 3086 4887 in
3119 4836 3435 4888 monasterio
3478 4851 3698 4889 resem-

2125 4937 2228 4980 tur.
2261 4927 2385 4981 ldeo
2432 4926 2575 4980 illam
2610 4926 2920 4994 petitionem
2964 4924 3118 4993 jubet
3159 4925 3446 4990 reservari,
3500 4935 3563 4978 ut
3608 4939 3698 4994 per

2125 5029 2242 5069 eam
2291 5015 2456 5068 etiam
2497 5013 2587 5068 illo
2639 5013 2872 5078 nolente,
2929 5014 2974 5066 si
3031 5013 3257 5067 voluerit
3291 5014 3484 5080 abbas,
3533 5014 3695 5084 possit

2122 5120 2245 5158 eum
2289 5105 2484 5158 iterum
2514 5104 2568 5157 in
2599 5103 2926 5158 monasterio
2967 5102 3244 5168 reducere,
3291 5103 3478 5174 ibique
3527 5104 3701 5172 subje-

2122 5204 2264 5247 ctum
2292 5201 2498 5248 tenere.
2529 5194 2634 5247 Aut
2662 5193 2705 5248 si
2732 5192 2870 5246 forte
2897 5208 2957 5246 se
2985 5193 3182 5246 dixerit
3208 5207 3328 5246 esse
3356 5207 3467 5246 non
3503 5207 3690 5246 mona-

2121 5283 2303 5347 chum,
2325 5285 2392 5338 ab
2407 5283 2493 5336 illa
2517 5283 2772 5351 petitione
2796 5283 2991 5346 victus,
3021 5281 3076 5335 in
3099 5283 3454 5337 monacbatus
3482 5283 3690 5352 rediga-

2119 5379 2207 5426 tur
2225 5373 2524 5427 servitium.

2704 5439 2931 5496 CAPUT
2967 5440 3102 5495 LIX.

2185 5529 2263 5585 De
2285 5530 2410 5599 ﬁliis
2445 5529 2694 5585 nobilium
2741 5528 2818 5584 uel
2847 5547 3134 5601 pauperum
3173 5532 3264 5601 qui
3297 5532 3619 5601 oﬂ'ersurtur.

2189 5638 2250 5694 Si
2278 5640 2391 5710 quis
2414 5639 2550 5710 forte
2586 5639 2650 5692 de
2694 5638 2949 5694 nobilibus
2975 5641 3124 5710 oiert
3166 5642 3334 5710 ﬁlium
3384 5658 3548 5696 suum
3585 5637 3690 5693 Ded
