3992 6206
334 320 439 377 905

1361 317 1715 381 COMMENT.
1755 323 1820 379 IN
1860 319 2020 378 REG.
2061 318 2119 376 S.
2162 313 2545 378 BENEDICTI.

3485 323 3589 380 900

331 436 387 489 in
423 431 763 496 monasterio,
791 433 833 485 si
859 433 966 502 ipse
1002 448 1130 504 puer
1159 433 1347 488 minori
1371 443 1522 488 (etate
1539 443 1634 499 est,
1673 444 1910 504 parentes
1940 435 1985 493 Λ
2013 440 2132 502 pter
2160 430 2255 486 Dei
2289 433 2572 487 servitium
2604 433 2658 489 in
2695 432 3081 489 monasterium
3121 433 3352 489 voluerit
3389 452 3595 492 convo-

304 523 446 594 ,εἰπε
483 521 683 592 faciant
704 523 1003 593 petitionem
1033 538 1189 594 quam
1209 540 1368 593 supra
1401 524 1650 578 diximus.
1704 514 1912 578 Etcum

328 613 595 668 oblatione
633 611 799 682 ipsam
840 613 1137 683 petitionem
1169 625 1215 667 et
1242 631 1452 667 manum
1475 614 1624 684 pueri
1654 613 1913 668 involvunt

331 703 387 756 in
429 699 572 772 palla
624 699 835 767 altaris,
870 711 916 755 et
939 703 1014 756 sic
1038 719 1154 756 eum
1203 692 1447 772 olferant.
1496 702 1635 757 Hinc
1683 697 1916 758 Basilius

331 795 409 848 ait
439 811 452 847 :
483 791 708 863 Oportet
733 801 912 848 tamen
961 790 1212 858 infantes,
1261 792 1538 848 voluntate
1563 803 1618 848 et
1643 810 1912 849 consensu

331 894 640 955 parentum,
673 883 783 940 imo
809 885 878 940 ab
907 883 1038 955 ipsis
1059 884 1372 956 parentibus
1416 882 1648 951 oblatos,
1683 887 1782 941 sub
1808 895 1914 941 tes-

331 975 558 1031 timonio
578 974 935 1045 plurimorum
958 975 1178 1047 suscipi,
1217 985 1276 1030 ut
1301 972 1478 1032 omnis
1511 972 1724 1031 ocrasio
1753 974 1918 1030 male-

328 1067 463 1122 dicti
491 1065 665 1140 gratia
694 1065 1013 1123 excludatur
1061 1064 1339 1122 hominum
1376 1063 1757 1138 pessimorum.
1781 1067 1914 1123 Cum

329 1168 512 1212 autem
557 1155 760 1228 fuerint
811 1153 1072 1228 suscepti,
1114 1157 1160 1213 si
1191 1153 1331 1213 forte
1373 1155 1709 1229 propositum
1758 1173 1916 1214 suum

331 1247 658 1318 transgressi
683 1245 908 1312 fuerint,
960 1262 1061 1302 nec
1087 1243 1257 1302 videri
1292 1262 1387 1302 eos
1415 1256 1628 1317 oportet
1667 1247 1917 1319 amplius,

333 1348 591 1408 tanquam
625 1355 724 1395 eos
751 1339 842 1408 qui
869 1339 923 1394 in
955 1337 1185 1394 Domino
1223 1339 1594 1411 deliquerunt,
1639 1356 1748 1410 quo
1785 1347 1920 1396 teste

331 1426 692 1482 confessionis
738 1443 848 1483 sua:
871 1413 1104 1499 pactum
1143 1430 1467 1500 transgressi
1498 1435 1642 1484 sunt.
1699 1429 1853 1495 Quod
1875 1430 1922 1484 si

328 1518 638 1585 peccaverit,
695 1518 891 1590 inquit,
941 1518 1095 1573 homo
1118 1518 1174 1574 in
1225 1517 1508 1586 hominem,
1551 1520 1774 1576 orabunt
1827 1539 1922 1592 pro

329 1607 442 1675 ipso
469 1605 540 1659 ad
565 1605 884 1673 Dominum;
915 1609 961 1663 si
992 1619 1169 1662 autem
1203 1605 1257 1662 in
1284 1607 1450 1662 Deum
1470 1611 1780 1680 peccaverit,
1806 1612 1922 1681 quis

328 1695 502 1749 orabit
543 1712 638 1766 pro
675 1714 736 1751 eo
759 1698 786 1751 .’
813 1697 949 1754 Hinc
979 1698 1217 1754 lsidorus
1252 1700 1330 1753 ait
1361 1715 1374 1753 :
1411 1700 1726 1770 Quicunque
1756 1717 1786 1756 a
1827 1718 1922 1772 pa-

2017 518 2146 580 lare,
2200 535 2307 574 non
2345 521 2494 591 prius
2523 521 2868 591 suscipiatur,
2921 520 3045 586 nisi,
3087 531 3144 576 ut
3168 523 3416 592 superius
3455 525 3596 579 dixi-

2017 622 2158 673 mus,
2186 623 2400 662 omnem
2427 625 2456 662 a
2481 625 2539 663 se
2562 609 2928 665 obedientiam
2959 611 3267 680 promiserit
3297 613 3596 684 adimplen-

2017 697 2160 750 dam.
2211 697 2410 752 Deinde
2455 697 2778 756 conveniant
2815 709 2870 754 et
2897 705 3170 770 parentes,
3226 711 3287 757 ut
3321 711 3596 760 eteorqu

2016 785 2175 858 quale
2223 787 2294 842 sit
2324 796 2528 854 votum,
2579 799 2908 860 agnoscatur
2945 791 3012 847 de
3041 810 3126 849 co.
3159 792 3311 862 Quod
3349 792 3396 850 si
3425 798 3598 869 magis

2019 877 2218 933 iuerint
2245 880 2644 935 consentientes
2671 877 2788 951 ejus
2835 880 2976 937 votis
3020 895 3290 954 parentes,
3332 902 3598 943 convoca-

2019 966 2088 1021 tis
2112 967 2193 1020 eis
2227 967 2295 1022 ab
2323 969 2518 1023 abbate
2563 968 2618 1024 in
2653 969 3064 1038 monasterium,
3127 982 3312 1029 votum
3345 973 3439 1030 ﬁlii
3466 992 3600 1033 con-

2019 1056 2281 1112 vcrteutis
2305 1054 2626 1128 exquiratur
2651 1056 2720 1114 ab
2740 1057 2839 1124 eis,
2867 1068 2928 1114 ut
2951 1061 3020 1115 ab
3049 1056 3180 1132 ipsis
3208 1062 3389 1132 potius
3418 1062 3590 1118 vidca-

2022 1157 2111 1202 tur
2147 1145 2421 1213 devoveri,
2447 1147 2530 1205 vel
2559 1147 2765 1216 oll'erri,
2812 1147 2904 1222 qui
2930 1167 3054 1208 eum
3090 1160 3414 1224 genuerunt.
3462 1154 3596 1210 Cum

2019 1253 2150 1308 ergo
2178 1239 2348 1309 magis
2370 1240 2746 1309 responderint
2765 1253 3040 1312 parentes,
3071 1250 3352 1314 gratanter
3373 1261 3432 1301 se
3464 1244 3601 1301 velle

2021 1327 2314 1398 adimplere
2339 1344 2458 1398 qua:
2492 1331 2658 1400 cupit,
2688 1338 2817 1387 tunc
2853 1332 2996 1388 dicat
3018 1333 3097 1389 eis
3121 1334 3289 1390 abbas
3313 1351 3325 1388 ε
3350 1333 3427 1390 Ita
3450 1335 3598 1391 enim

2022 1437 2120 1475 nos
2148 1422 2582 1488 considerantes,
2610 1438 2643 1478 ο
2671 1430 2948 1494 parentes,
3007 1424 3156 1494 iuste
3207 1425 3363 1485 vobis
3406 1445 3603 1485 secun-

2021 1514 2146 1567 dum
2188 1509 2356 1568 Deum
2393 1531 2493 1584 pro
2532 1521 2714 1571 vestro
2763 1515 2872 1569 ﬁlio
2912 1518 3227 1585 suademus,
3269 1529 3328 1574 ut
3356 1517 3401 1575 si
3433 1517 3601 1576 lilium

2021 1617 2260 1662 vestrum
2309 1609 2470 1678 digne
2516 1604 2628 1663 Deo
2671 1604 2868 1679 cupitis
2913 1606 3131 1676 oﬁ'erre,
3166 1626 3197 1666 a
3241 1611 3437 1667 smculo
3477 1626 3602 1667 eum

2021 1697 2171 1765 prius
2215 1694 2416 1752 exuite.
2472 1697 2626 1765 Quod
2665 1697 2709 1753 si
2739 1697 2943 1769 aliquid
2980 1699 3118 1770 apud
3156 1715 3254 1755 vos
3289 1697 3370 1756 eis
3408 1699 3604 1756 seculo

330 1786 576 1841 rentibus
621 1787 860 1858 propriis
908 1789 962 1844 in
1017 1788 1346 1844 monasterio
1399 1788 1562 1844 fuerit
1609 1790 1907 1862 delegatus,
1939 1787 1986 1849 B
2015 1790 2338 1844 remanserit
2386 1791 2840 1855 conservandum.
2877 1789 3100 1846 habebit
3129 1787 3422 1861 aliquando
3474 1789 3604 1846 titil-

330 1877 543 1931 noverit
590 1890 650 1931 se
679 1878 781 1932 sibi
824 1888 1085 1950 perpetuo
1119 1894 1554 1948 permausmum.
1589 1877 1722 1935 Nam
1756 1882 1910 1937 Anna

329 1965 547 2022 Samuel
598 1982 825 2037 puerum
857 1978 1064 2034 natum,
1097 1979 1152 2025 et
1200 1971 1534 2026 abstractum
1564 1972 1674 2026 Deo
1710 1973 1911 2041 pietate

325 2058 544 2127 obtulit,
572 2062 771 2131 quique
799 2070 855 2117 et
880 2063 931 2116 in
963 2061 1266 2118 ministerio
1302 2063 1512 2132 templi,
1538 2078 1644 2133 quo
1671 2079 1702 2118 a
1739 2076 1910 2120 matre

327 2145 508 2203 fuerat
557 2150 794 2216 functus,
838 2152 1158 2222 permansit,
1208 2160 1263 2207 et
1306 2151 1396 2206 ubi
1459 2153 1789 2208 constitutus
1827 2161 1912 2209 est

326 2240 640 2294 deservivit.
676 2240 813 2296 [line
852 2241 1013 2296 datur
1043 2242 1266 2314 intelligi
1306 2243 1432 2311 quia
1477 2252 1751 2312 parentes,
1803 2255 1911 2298 non

326 2331 466 2389 alios
493 2349 656 2402 quam
684 2341 895 2404 patrem
923 2343 1019 2389 aut
1046 2344 1276 2390 matrem
1321 2335 1413 2406 qui
1436 2350 1560 2390 eum
1585 2345 1910 2407 genuerunt,

326 2421 461 2478 dicit
497 2438 512 2476 :
544 2424 672 2492 quia
733 2423 888 2479 Anna
943 2424 1252 2481 Samuelem
1307 2439 1469 2496 quem
1533 2425 1750 2496 genuit,
1796 2425 1912 2496 ipsa

326 2521 384 2568 et
431 2529 538 2569 non
593 2513 733 2571 alius
783 2529 909 2571 eum
963 2514 1294 2572 serviturum
1346 2517 1400 2572 in
1451 2513 1651 2587 templo
1699 2514 1911 2572 Domini

327 2605 544 2660 obtulit.

401 2695 479 2750 De
505 2697 655 2751 rebus
675 2708 849 2753 autem
871 2699 1005 2765 suis,
1036 2710 1127 2754 aut
1165 2699 1217 2755 in
1248 2701 1490 2772 prwsentl
1515 2701 1763 2772 petitione
1789 2715 1912 2772 pro-

330 2789 540 2844 mittant
570 2791 676 2845 ‘sub
693 2793 1073 2862 jurejurando.
1125 2793 1238 2848 Sub
1260 2791 1613 2862 jurejurando
1651 2793 1808 2859 dicit,
1857 2793 1914 2850 id

329 2889 434 2944 est,
493 2895 614 2934 cum
649 2879 982 2950 iuramento.
1037 2879 1226 2937 Omnis
1265 2882 1411 2936 enim
1449 2896 1546 2951 per
1576 2879 1909 2951 superiorem

331 2984 487 3022 suum
512 2969 680 3036 iurat.
709 2970 776 3024 Et
803 2970 925 3025 ideo
947 2970 1079 3025 dicit
1102 2988 1114 3023 :
1139 2962 1626 3042 subjurcjurand'o,
1656 2971 1786 3042 quia
1811 2971 1914 3027 sub

323 3059 600 3130 iuratione
626 3075 729 3130 qua
752 3060 918 3131 iurat,
963 3067 1018 3116 et
1061 3062 1160 3116 sub
1189 3061 1280 3116 illo
1313 3069 1397 3116 est
1425 3075 1523 3132 per
1570 3075 1730 3132 quem
1760 3060 1911 3132 iurat

333 3150 452 3220 ipse
474 3151 566 3220 qui
598 3151 764 3221 iurat.

404 3241 542 3307 Quia
560 3258 824 3313 nunquam
848 3259 1028 3314 pcrsc,
1055 3259 1322 3316 nunquam
1336 3261 1429 3314 per
1449 3245 1722 3315 suﬂ'ectam
1743 3257 1912 3316 perso-

332 3349 477 3398 nam,
495 3349 586 3386 nec
606 3333 832 3405 quolibet
859 3334 1034 3399 modo,
1057 3335 1107 3388 ei
1129 3333 1416 3406 aliquando
1436 3334 1639 3407 aliquid
1652 3336 1795 3402 dent,
1821 3345 1915 3390 aut

331 3423 565 3477 tribuant
583 3424 904 3479 occasionem
922 3425 1168 3479 habendi.
1194 3425 1428 3481 Suﬁ‘ecta
1455 3441 1688 3496 persona
1715 3425 1916 3482 dicitur

333 3515 632 3584 supposita,
660 3515 742 3571 vel
765 3515 1076 3587 subrogata.
1103 3513 1373 3571 Suffectus
1394 3517 1592 3572 dicitur
1617 3517 1670 3570 in
1693 3515 1812 3572 loco
1838 3516 1916 3571 al-

333 3606 502 3661 terius
526 3607 854 3676 suppositus,
886 3610 1041 3678 quasi
1067 3605 1376 3662 suffractus.
1403 3607 1554 3662 Unde
1574 3613 1628 3661 et
1650 3606 1915 3661 consulem

329 3699 607 3767 ssi/fectum
635 3699 866 3754 dicimus
879 3713 1001 3754 eum
1029 3698 1122 3769 qui
1159 3713 1259 3769 pro
1293 3697 1400 3752 alio
1429 3697 1796 3752 substituitur.

411 3788 507 3843 Vel
547 3801 682 3844 certe
707 3790 751 3843 si
772 3791 870 3844 hoc
898 3790 1070 3860 facere
1091 3789 1378 3854 noluerint,
1417 3799 1466 3843 et
1496 3787 1697 3860 aliquid
1728 3790 1919 3860 oﬂ'crre

333 3877 586 3933 coluerint
617 3880 672 3933 in
699 3878 1077 3950 eleemosynam
1092 3879 1410 3933 monasterio
1422 3892 1517 3948 pro
1540 3877 1774 3931 mercede
1796 3894 1916 3944 sua,

329 3971 536 4040 faciant
574 3987 642 4024 ex
681 3971 834 4024 rebus
873 3987 1006 4042 quas
1036 3969 1165 4023 dare
1192 3967 1368 4023 colunt
1407 3969 1723 4022 monasterio
1760 3967 1919 4022 dona-

330 4063 547 4125 tionem,
608 4072 868 4114 resereato
911 4059 1010 4115 sibi
1058 4059 1125 4132 (si
1163 4060 1239 4112 ita
1282 4056 1562 4129 voluerint)
1616 4058 1916 4129 usufructu.

335 4153 742 4213 Usumfructum
772 4155 922 4218 dicit,
951 4155 1092 4225 quod
1131 4168 1229 4208 nos
1263 4152 1496 4208 dicimus
1523 4150 1922 4205 usumfructua-

335 4247 496 4308 rium.
539 4247 594 4302 id
621 4255 723 4312 est,
758 4247 876 4303 illas
905 4264 991 4303 res
1027 4247 1229 4303 donent
1251 4246 1580 4302 monasterio
1625 4260 1724 4316 per
1750 4253 1920 4301 testa-

335 4346 580 4395 mentum
632 4337 734 4394 sibi
787 4339 1190 4393 usufructuario
1250 4346 1548 4403 reservato,
1604 4337 1672 4393 de
1724 4338 1921 4407 quibus

336 4429 500 4484 rebus
537 4429 753 4484 solvant
782 4430 931 4485 omni
961 4445 1104 4485 anno
1133 4430 1234 4484 sibi
1279 4430 1538 4484 indictum
1565 4443 1809 4484 censum.

2013 1879 2269 1936 lationem
2305 1881 2554 1936 diabolici
2580 1878 2858 1945 desiderii,
2915 1882 3056 1937 sicut
3101 1884 3252 1937 canis
3302 1883 3605 1939 delectatur

2010 1967 2079 2024 ad
2109 1985 2264 2024 suum
2295 1967 2470 2024 redire
2503 1969 2784 2036 vomitum,
2815 1979 2870 2026 et
2898 1973 3074 2043 posita
3100 1988 3261 2026 manu
3285 1989 3452 2044 super
3483 1990 3603 2028 ara-

2013 2067 2155 2113 trum
2195 2055 2492 2129 respiciens
2532 2068 2698 2125 retro,
2731 2055 2846 2131 iam
2871 2077 2977 2116 non
3007 2057 3078 2116 sit
3107 2066 3266 2132 aptus
3296 2078 3460 2134 regno
3485 2078 3600 2118 cu:-

2013 2148 2212 2215 lorum,
2263 2150 2453 2205 relicto
2500 2151 2821 2222 quandoque
2873 2152 3226 2218 monasterio,
3277 2167 3500 2210 securus
3537 2153 3606 2210 de

2011 2239 2261 2312 portione
2287 2256 2382 2295 sua
2413 2248 2470 2295 et
2511 2249 2726 2296 servata
2763 2256 2794 2295 a
2823 2237 2998 2306 vobis,
3035 2240 3260 2312 cupiens
3298 2243 3350 2297 in
3380 2243 3605 2299 szeeula-

2011 2343 2128 2384 rem
2156 2330 2375 2384 domum
2420 2340 2658 2386 vestram
2691 2327 2914 2397 reverti,
2960 2331 3219 2387 fratribus
3256 2332 3369 2389 suis
3417 2333 3607 2390 volens

2010 2427 2130 2474 esse
2158 2418 2418 2483 coharres,
2473 2419 2526 2474 in
2559 2435 2777 2476 suarum
2820 2421 2997 2476 redire
3020 2422 3248 2492 incipiat
3279 2439 3508 2493 sponsus
3549 2434 3607 2480 et

2013 2509 2264 2566 dominus
2310 2507 2646 2576 facultatum,
2683 2520 2740 2565 et
2775 2507 3024 2582 pristinis
3069 2513 3355 2568 restitutus
3392 2512 3606 2569 deliciis

2011 2608 2080 2680 et.
2120 2600 2333 2672 pompis
2376 2617 2482 2656 non
2519 2601 2664 2657 aliud
2711 2600 3117 2658 desideraturus
3158 2620 3321 2676 quam
3365 2607 3604 2677 nuptias.

2013 2688 2176 2762 Ergo,
2222 2693 2366 2746 sicut
2397 2693 2648 2763 superius
2695 2689 2952 2758 uiximus,
2984 2691 3033 2749 si
3064 2691 3226 2764 digne
3270 2709 3394 2750 eum
3442 2696 3608 2754 vultis

2014 2782 2124 2837 Deo
2156 2781 2376 2847 offerre,
2420 2783 2488 2836 de
2534 2783 2782 2852 portione
2821 2781 2937 2852 eius
2979 2791 3092 2838 tres
3150 2783 3283 2840 ﬁant
3327 2787 3608 2855 mqualiter

2011 2882 2238 2944 partes:
2275 2889 2379 2928 una
2409 2869 2702 2928 distributa
2729 2872 2943 2929 abbatis
2966 2876 3216 2931 manibus
3254 2879 3606 2948 pauperibus.

2012 2964 2095 3019 vel
2118 2963 2482 3036 indigentibus
2506 2969 2798 3036 erogetur;
2826 2963 2989 3021 aliam
3021 2967 3196 3032 vobis,
3227 2968 3312 3023 vel
3340 2968 3605 3026 fratribus

2013 3058 2128 3114 suis
2162 3072 2392 3129 pergens
2417 3055 2506 3112 ille
2543 3056 2611 3111 ad
2649 3053 2966 3112 comitatum
3008 3067 3320 3114 sanctorum
3357 3061 3599 3131 exagita-

1937 3141 1983 3204 C
2017 3149 2098 3202 rio
2127 3164 2322 3202 munus
2365 3147 2520 3202 titulo
2559 3143 2930 3218 derelinquat;
2966 3149 3184 3203 tertiam
3217 3165 3348 3205 vero
3390 3161 3601 3221 partem

2016 3236 2199 3293 viatici
2257 3237 2342 3294 sui
2393 3236 2626 3294 utilitate
2654 3239 2864 3294 deferat
2909 3256 3094 3295 secum
3141 3244 3456 3299 monasterii
3481 3260 3610 3300 san-

2016 3339 2228 3384 ctorum
2269 3329 2457 3385 usibus
2494 3329 2854 3400 profuturam.
2907 3330 3061 3398 Quod
3100 3332 3147 3388 si
3184 3340 3427 3404 utraeque
3456 3335 3612 3391 vobis

2016 3434 2210 3490 graves
2233 3419 2343 3474 sint
2361 3434 2542 3484 voces,
2594 3428 2654 3473 ut
2683 3434 2782 3474 nec
2808 3419 2976 3475 Deum
3012 3421 3250 3477 audiatis
3280 3425 3612 3494 pauperibus

2015 3509 2309 3580 eroganda,
2346 3517 2402 3565 et
2443 3509 2538 3563 ﬁlii
2580 3509 2816 3564 animam
2850 3510 3184 3576 redimendo,
3229 3529 3330 3568 nec
3359 3521 3609 3570 nostrum

2017 3599 2302 3655 consilium
2343 3599 2587 3670 partibus
2623 3599 2930 3664 dividendo,
2985 3609 3041 3655 et
3084 3600 3383 3659 auferendo
3423 3605 3492 3659 ab
3540 3619 3610 3660 eo

2017 3691 2332 3748 smeularem
2374 3693 2754 3759 substantiam,
2782 3693 2865 3749 vel
2911 3694 3117 3749 nudum
3156 3704 3212 3750 et
3232 3696 3406 3752 solum
3439 3697 3608 3752 ﬁlium

2019 3785 2131 3841 Deo
2157 3783 2484 3857 largiamini.
2518 3787 2593 3841 Ita
2648 3795 2708 3840 ut
2746 3786 3104 3858 jurejurando
3137 3805 3233 3859 per
3257 3799 3610 3846 sacrosancta

2019 3874 2309 3948 Evangelia
2342 3878 2676 3948 promittatis
2723 3879 2805 3943 ei,
2856 3879 3083 3935 ulterius
3137 3897 3260 3936 eum
3313 3883 3380 3938 de
3427 3891 3611 3939 vestra

2017 3970 2329 4038 patrimonii
2359 3971 2660 4026 subs'antia
2689 3969 2825 4026 nihil
2854 3971 3088 4036 habere;
3134 3980 3194 4026 ut
3221 3973 3452 4028 ﬁrmiter
3494 3973 3612 4042 iam

2021 4075 2378 4129 perseverans
2420 4061 2474 4114 in
2531 4061 2779 4124 Domino,
2828 4059 2961 4115 sciat
3004 4077 3062 4116 se
3103 4062 3170 4116 de
3225 4063 3424 4118 szeculo
3472 4063 3610 4118 nihil

2021 4166 2264 4221 sperare,
2317 4167 2439 4204 cum
2479 4165 2537 4204 se
2566 4167 2596 4205 a
2647 4151 2799 4206 vobis
2827 4159 2882 4205 et
2914 4149 2982 4205 ab
3012 4167 3078 4206 eo
3107 4151 3306 4207 viderit
3348 4153 3608 4220 alienum,

2020 4240 2358 4295 solummodo
2387 4256 2620 4309 superna
2649 4241 2938 4296 desideret.
2989 4241 3221 4296 Tantum
3269 4251 3349 4298 est
3385 4252 3443 4298 ut
3474 4244 3611 4300 nihil

2022 4331 2218 4386 habeat
2245 4331 2311 4385 de
2345 4331 2565 4396 smculo,
2615 4331 2760 4404 quod
2784 4331 2919 4388 vivis
2967 4331 3120 4387 vobis
3152 4340 3247 4386 aut
3276 4333 3506 4388 mortuis
3540 4333 3609 4388 de

2022 4425 2219 4480 vestris
2251 4423 2599 4482 facultatibus
2624 4425 2738 4496 jam
2767 4436 2979 4498 speret;
3012 4429 3138 4499 quia
3167 4430 3254 4484 cui
3291 4429 3458 4484 semel
3485 4445 3611 4483 cru-

405 4523 574 4594 Atque
612 4525 688 4577 ita
714 4525 890 4578 omnia
917 4524 1278 4577 obstruantur.
1319 4521 1379 4577 ιιι
1412 4531 1514 4588 est,
1549 4522 1726 4577 omnis
1759 4537 1917 4576 occa-
1943 4491 1996 4551 D
2021 4518 2214 4572 ciﬁxus
2231 4527 2317 4574 est
2337 4520 2591 4586 mundus,
2634 4521 2811 4576 denuo
2843 4523 2912 4577 ab
2945 4537 3011 4578 eo
3033 4521 3352 4578 redclectari
3380 4539 3487 4580 non
3516 4524 3611 4580 de-

333 4613 419 4669 sio
462 4613 765 4679 claudatur,
817 4597 1104 4670 obturetur
1129 4621 1187 4668 et
1234 4615 1549 4684 abnegctur,
1599 4612 1740 4666 unde
1785 4628 1918 4683 puer

335 4704 566 4760 ulterius
620 4721 728 4761 non
783 4706 1138 4775 periclitetur.
1189 4705 1352 4762 Nefas
1403 4714 1487 4761 est
1531 4705 1675 4759 enim
1720 4715 1778 4759 ut
1825 4705 1917 4776 qui

332 4797 640 4868 decipulum
688 4797 849 4866 huius
895 4799 1079 4854 szeculi
1136 4797 1369 4853 intendit
1427 4797 1681 4862 evadere,
1741 4810 1916 4851 reser-

331 4901 427 4948 vet
463 4893 606 4948 unde
642 4910 764 4950 eum
795 4894 1068 4950 infestatio
1088 4895 1353 4951 diabolica
1387 4893 1568 4949 valeat
1593 4894 1828 4950 irretire.

408 4979 476 5036 Ut
512 4983 658 5038 nulla
687 4985 912 5055 suspicio
949 4993 1211 5038 remaneat
1239 5000 1417 5054 puero,
1449 5001 1544 5054 per
1584 5001 1741 5055 quam
1764 4983 1914 5038 decc-

330 5082 454 5142 ptus
465 5075 634 5143 perire
645 5074 805 5144 possit
829 5074 988 5146 (quod
1003 5073 1183 5145 absit).
1207 5074 1345 5148 quod
1358 5073 1711 5146 experimento
1732 5074 1919 5128 didici-

329 5180 472 5219 mus.
501 5163 722 5220 Viderat
748 5166 893 5221 enim
925 5165 1015 5220 ille
1051 5164 1142 5219 tali
1173 5165 1458 5220 occasione
1489 5165 1556 5220 de
1584 5165 1918 5221 monasterio

323 5256 556 5326 juvenes
573 5255 721 5314 foras
757 5258 928 5320 exire,
961 5265 1018 5312 et
1055 5272 1154 5328 pro
1186 5258 1345 5311 rebus
1372 5259 1606 5313 terrenis
1632 5257 1915 5313 servitium

330 5351 431 5405 Dei
464 5350 790 5421 relinquere,
835 5350 1200 5420 szeculumquc
1235 5347 1497 5420 diligere;
1543 5359 1598 5406 et
1646 5351 1768 5406 ideo
1819 5349 1924 5407 ait.

326 5441 474 5511 quod
506 5442 856 5512 experimento
898 5441 1197 5495 didicimus.
1247 5439 1401 5508 Quod
1429 5441 1474 5494 si
1511 5449 1638 5496 tunc
1669 5457 1791 5496 raro
1821 5441 1918 5497 ﬁe-

330 5533 448 5596 bat,
481 5549 624 5587 nunc
651 5546 780 5586 vero
824 5531 1026 5586 factum
1069 5548 1168 5586 nos
1206 5529 1643 5600 frequentissime
1675 5547 1795 5586 esse
1821 5546 1916 5586 co-

332 5625 664 5695 gnoscimus.
695 5622 772 5678 De
797 5624 900 5678 hoc
939 5624 1084 5677 enim
1105 5622 1342 5692 capitulo
1367 5622 1586 5692 quidam
1617 5624 1917 5677 monacho-

337 5729 459 5770 rum
510 5714 768 5788 magister
800 5715 879 5768 ait
906 5731 918 5766 :
949 5712 1085 5768 Cum
1123 5713 1348 5785 alicujus
1377 5713 1574 5772 nobilis
1613 5713 1757 5771 ﬁlius
1793 5732 1920 5788 pro-

742 5809 1021 5870 PATIOL.
1069 5806 1202 5870 Cll.

2017 4608 2127 4663 bet.
2154 4609 2412 4681 Sequitur
2451 4629 2464 4665 :

2092 4709 2347 4766 Similiter
2371 4721 2544 4766 autem
2569 4720 2619 4767 et
2637 4714 2976 4785 pauperiores
3003 4713 3223 4785 faciant.
3254 4713 3360 4780 Qui
3388 4732 3508 4770 vero
3544 4732 3612 4772 ex

2021 4811 2130 4857 toto
2154 4803 2286 4858 nihil
2305 4804 2516 4870 habent,
2556 4804 2864 4876 simpliciter
2883 4806 3183 4878 petitionem
3217 4805 3442 4877 faciant,
3490 4825 3614 4864 cum

2023 4894 2282 4950 oblatione
2319 4897 2542 4967 offerant
2581 4897 2754 4967 ﬁlium
2798 4915 2952 4953 suum
2991 4915 3172 4952 coram
3209 4899 3446 4956 testibus.
3480 4899 3613 4970 Quae

2021 4987 2242 5043 traditio
2271 4985 2504 5043 ﬁliorum
2535 4988 2650 5042 sive
2677 4987 2961 5052 nobilium,
2995 4987 3110 5042 sive
3136 4987 3476 5060 ignobilium,
3497 4990 3615 5045 sivo

2020 5079 2275 5145 divitum,
2306 5080 2423 5135 sive
2475 5091 2795 5150 pauperum,
2845 5093 2969 5132 cum
3025 5086 3236 5148 agatur,
3289 5078 3393 5135 hoc
3423 5088 3615 5136 tenore

2023 5171 2130 5226 dici
2179 5171 2484 5226 insinuetur
2511 5188 2524 5224 :
2551 5169 2690 5224 Dum
2732 5169 2981 5240 legaliter
3033 5170 3322 5238 sancitum,
3373 5171 3614 5242 atiqui-

2026 5271 2223 5331 tusqne
2246 5269 2516 5326 teneatur,
2556 5269 2613 5315 et
2636 5268 2847 5316 tantum
2883 5277 3006 5318 cum
3036 5261 3405 5319 oblationibus
3428 5262 3611 5317 Domi-

2031 5370 2101 5410 no
2140 5361 2393 5423 parentes
2438 5367 2564 5408 suos
2616 5353 2833 5409 tradere
2881 5352 3023 5410 ﬁlios
3075 5353 3130 5408 in
3163 5352 3364 5422 templo
3397 5349 3612 5406 Domini

2028 5445 2254 5500 Domino
2283 5442 2514 5498 feliciter
2533 5443 2857 5508 servituros,
2897 5443 3086 5514 procul
3114 5441 3278 5497 dubio
3302 5441 3407 5496 hoc
3429 5440 3494 5496 de
3514 5453 3611 5494 no-

2026 5537 2156 5592 stris
2203 5535 2328 5589 ﬁliis
2381 5533 2688 5591 faciendum
2755 5536 2914 5592 nobis
2975 5534 3264 5607 salubriter
3335 5531 3612 5603 praebetur

2024 5627 2347 5698 exemplum.
2405 5625 2644 5697 Equum
2683 5629 2890 5682 etenim
2931 5634 3034 5680 est
3059 5624 3322 5695 iudicium
3357 5624 3610 5684 Creatori

2028 5727 2214 5773 nostro
2236 5718 2302 5772 de
2327 5717 2482 5775 nobis
2502 5718 2727 5774 reddere
2755 5716 3020 5771 frma
3034 5709 3241 5771 Idcirco
3271 5716 3416 5774 hunc
3439 5716 3611 5777 lilium

3133 5809 3214 5871 29
