  <div class='ocr_page' id='page_1' title='image "/cluster/home/n/w/nwhite01/storage/ocr_20150623/102/hvd.32044052820032/459.png"; bbox 0 0 3992 6206; ppageno 0'>
   <div class='ocr_carea' id='block_1_1' title="bbox 404 287 525 346">
    <p class='ocr_par' dir='ltr' id='par_1_1' title="bbox 404 287 525 346">
     <span class='ocr_line' id='line_1_1' title="bbox 404 287 525 346; baseline -0.033 0"><span class='ocrx_word' id='word_1_1' title='bbox 404 287 525 346; x_wconf 75' lang='lat'><strong>&#39;907</strong></span> 
     </span>
    </p>
   </div>
   <div class='ocr_carea' id='block_1_2' title="bbox 1703 272 2378 359">
    <p class='ocr_par' dir='ltr' id='par_1_2' title="bbox 1703 272 2378 359">
     <span class='ocr_line' id='line_1_2' title="bbox 1703 272 2378 359; baseline -0.006 -27"><span class='ocrx_word' id='word_1_2' title='bbox 1703 273 2055 332; x_wconf 65' lang='lat' dir='ltr'><strong>summa:</strong></span> <span class='ocrx_word' id='word_1_3' title='bbox 2088 272 2378 359; x_wconf 66' lang='lat' dir='ltr'><strong>annuis</strong></span> 
     </span>
    </p>
   </div>
   <div class='ocr_carea' id='block_1_3' title="bbox 3570 264 3678 320">
    <p class='ocr_par' dir='ltr' id='par_1_3' title="bbox 3570 264 3678 320">
     <span class='ocr_line' id='line_1_3' title="bbox 3570 264 3678 320; baseline 0 0"><span class='ocrx_word' id='word_1_4' title='bbox 3570 264 3678 320; x_wconf 81' lang='lat'><strong>908</strong></span> 
     </span>
    </p>
   </div>
   <div class='ocr_carea' id='block_1_4' title="bbox 420 354 3682 461">
    <p class='ocr_par' dir='ltr' id='par_1_4' title="bbox 420 354 3682 461">
     <span class='ocr_line' id='line_1_4' title="bbox 420 354 3682 461; baseline -0.008 0"><span class='ocrx_word' id='word_1_5' title='bbox 420 412 665 461; x_wconf 88' lang='lat' dir='ltr'><strong>nostrum</strong></span> <span class='ocrx_word' id='word_1_6' title='bbox 690 402 915 456; x_wconf 78' lang='lat' dir='ltr'><strong>nomine</strong></span> <span class='ocrx_word' id='word_1_7' title='bbox 944 400 1034 453; x_wconf 90' lang='lat' dir='ltr'><strong>illo</strong></span> <span class='ocrx_word' id='word_1_8' title='bbox 1070 413 1193 454; x_wconf 90' lang='lat' dir='ltr'><strong>cum</strong></span> <span class='ocrx_word' id='word_1_9' title='bbox 1230 374 1584 451; x_wconf 27' lang='lat' dir='ltr'><strong>oblationedin</strong></span> <span class='ocrx_word' id='word_1_10' title='bbox 1622 372 1785 446; x_wconf 83' lang='lat' dir='ltr'><strong>manu</strong></span> <span class='ocrx_word' id='word_1_11' title='bbox 1836 398 1998 457; x_wconf 88' lang='lat' dir='ltr'><strong>atque</strong></span> <span class='ocrx_word' id='word_1_12' title='bbox 2027 392 2073 450; x_wconf 77' lang='grc' dir='ltr'><strong>Α</strong></span> <span class='ocrx_word' id='word_1_13' title='bbox 2101 387 2259 458; x_wconf 80' lang='lat' dir='ltr'><strong>ptime</strong></span> <span class='ocrx_word' id='word_1_14' title='bbox 2284 366 2513 457; x_wconf 77' lang='lat' dir='ltr'><strong>regulari</strong></span> <span class='ocrx_word' id='word_1_15' title='bbox 2539 385 2822 447; x_wconf 81' lang='lat' dir='ltr'><strong>subditum,</strong></span> <span class='ocrx_word' id='word_1_16' title='bbox 2852 392 2898 436; x_wconf 87' lang='lat' dir='ltr'><strong>et</strong></span> <span class='ocrx_word' id='word_1_17' title='bbox 2918 382 3085 451; x_wconf 83' lang='lat' dir='ltr'><strong>magis</strong></span> <span class='ocrx_word' id='word_1_18' title='bbox 3109 377 3420 433; x_wconf 80' lang='lat' dir='ltr'><strong>humilitatis</strong></span> <span class='ocrx_word' id='word_1_19' title='bbox 3442 354 3682 448; x_wconf 66' lang='lat' dir='ltr'><strong>exempta</strong></span> 
     </span>
    </p>
   </div>
   <div class='ocr_carea' id='block_1_5' title="bbox 417 484 1996 573">
    <p class='ocr_par' dir='ltr' id='par_1_5' title="bbox 417 484 1996 573">
     <span class='ocr_line' id='line_1_5' title="bbox 417 484 1996 573; baseline -0.013 -19"><span class='ocrx_word' id='word_1_20' title='bbox 417 498 682 573; x_wconf 91' lang='lat' dir='ltr'><strong>petitione</strong></span> <span class='ocrx_word' id='word_1_21' title='bbox 710 493 898 549; x_wconf 87' lang='lat' dir='ltr'><strong>altaris</strong></span> <span class='ocrx_word' id='word_1_22' title='bbox 924 491 1064 561; x_wconf 81' lang='lat' dir='ltr'><strong>palla</strong></span> <span class='ocrx_word' id='word_1_23' title='bbox 1085 489 1265 545; x_wconf 88' lang='lat' dir='ltr'><strong>omnia</strong></span> <span class='ocrx_word' id='word_1_24' title='bbox 1290 487 1527 543; x_wconf 86' lang='lat' dir='ltr'><strong>involuta</strong></span> <span class='ocrx_word' id='word_1_25' title='bbox 1556 484 1623 539; x_wconf 84' lang='lat' dir='ltr'><strong>ad</strong></span> <span class='ocrx_word' id='word_1_26' title='bbox 1649 498 1845 537; x_wconf 91' lang='lat' dir='ltr'><strong>nomen</strong></span> <span class='ocrx_word' id='word_1_27' title='bbox 1872 496 1996 536; x_wconf 86' lang='lat' dir='ltr'><strong>san—</strong></span> 
     </span>
    </p>
   </div>
   <div class='ocr_carea' id='block_1_6' title="bbox 419 570 1994 654">
    <p class='ocr_par' dir='ltr' id='par_1_6' title="bbox 419 570 1994 654">
     <span class='ocr_line' id='line_1_6' title="bbox 419 570 1994 654; baseline -0.012 -11"><span class='ocrx_word' id='word_1_28' title='bbox 419 570 654 650; x_wconf 86' lang='lat' dir='ltr'><strong>ctorum,</strong></span> <span class='ocrx_word' id='word_1_29' title='bbox 710 596 938 654; x_wconf 82' lang='lat' dir='ltr'><strong>quantm</strong></span> <span class='ocrx_word' id='word_1_30' title='bbox 979 580 1070 635; x_wconf 88' lang='lat' dir='ltr'><strong>hic</strong></span> <span class='ocrx_word' id='word_1_31' title='bbox 1106 577 1345 649; x_wconf 64' lang='lat' dir='ltr'><strong>reliquiae</strong></span> <span class='ocrx_word' id='word_1_32' title='bbox 1386 576 1750 637; x_wconf 75' lang='lat' dir='ltr'><strong>continentur,</strong></span> <span class='ocrx_word' id='word_1_33' title='bbox 1788 580 1844 627; x_wconf 85' lang='lat' dir='ltr'><strong>et</strong></span> <span class='ocrx_word' id='word_1_34' title='bbox 1896 570 1994 625; x_wconf 89' lang='lat' dir='ltr'><strong>ab-</strong></span> 
     </span>
    </p>
   </div>
   <div class='ocr_carea' id='block_1_7' title="bbox 383 660 1997 748">
    <p class='ocr_par' dir='ltr' id='par_1_7' title="bbox 383 660 1997 748">
     <span class='ocr_line' id='line_1_7' title="bbox 383 660 1997 748; baseline -0.013 -13"><span class='ocrx_word' id='word_1_35' title='bbox 383 660 565 734; x_wconf 45' lang='lat' dir='ltr'><strong>&#39;batis</strong></span> <span class='ocrx_word' id='word_1_36' title='bbox 621 673 925 748; x_wconf 69' lang='lat' dir='ltr'><strong>pmsentis,</strong></span> <span class='ocrx_word' id='word_1_37' title='bbox 965 671 1122 727; x_wconf 84' lang='lat' dir='ltr'><strong>trado</strong></span> <span class='ocrx_word' id='word_1_38' title='bbox 1164 684 1351 726; x_wconf 88' lang='lat' dir='ltr'><strong>coram</strong></span> <span class='ocrx_word' id='word_1_39' title='bbox 1400 667 1626 723; x_wconf 76' lang='lat' dir='ltr'><strong>testibus</strong></span> <span class='ocrx_word' id='word_1_40' title='bbox 1673 661 1997 736; x_wconf 77' lang='lat' dir='ltr'><strong>regulariter</strong></span> 
     </span>
    </p>
   </div>
   <div class='ocr_carea' id='block_1_8' title="bbox 419 750 1996 841">
    <p class='ocr_par' dir='ltr' id='par_1_8' title="bbox 419 750 1996 841">
     <span class='ocr_line' id='line_1_8' title="bbox 419 750 1996 841; baseline -0.011 -18"><span class='ocrx_word' id='word_1_41' title='bbox 419 778 856 841; x_wconf 86' lang='lat' dir='ltr'><strong>permansurum,</strong></span> <span class='ocrx_word' id='word_1_42' title='bbox 900 761 974 816; x_wconf 91' lang='lat' dir='ltr'><strong>ita</strong></span> <span class='ocrx_word' id='word_1_43' title='bbox 1019 768 1082 816; x_wconf 91' lang='lat' dir='ltr'><strong>ut</strong></span> <span class='ocrx_word' id='word_1_44' title='bbox 1118 760 1186 815; x_wconf 91' lang='lat' dir='ltr'><strong>ab</strong></span> <span class='ocrx_word' id='word_1_45' title='bbox 1210 760 1314 815; x_wconf 88' lang='lat' dir='ltr'><strong>hac</strong></span> <span class='ocrx_word' id='word_1_46' title='bbox 1342 757 1431 813; x_wconf 89' lang='lat' dir='ltr'><strong>die</strong></span> <span class='ocrx_word' id='word_1_47' title='bbox 1449 755 1564 827; x_wconf 81' lang='lat' dir='ltr'><strong>jam</strong></span> <span class='ocrx_word' id='word_1_48' title='bbox 1586 770 1694 811; x_wconf 90' lang='lat' dir='ltr'><strong>non</strong></span> <span class='ocrx_word' id='word_1_49' title='bbox 1742 753 1902 809; x_wconf 91' lang='lat' dir='ltr'><strong>liceat</strong></span> <span class='ocrx_word' id='word_1_50' title='bbox 1920 750 1996 806; x_wconf 89' lang='lat' dir='ltr'><strong>illi</strong></span> 
     </span>
    </p>
   </div>
   <div class='ocr_carea' id='block_1_9' title="bbox 417 840 1997 919">
    <p class='ocr_par' dir='ltr' id='par_1_9' title="bbox 417 840 1997 919">
     <span class='ocr_line' id='line_1_9' title="bbox 417 840 1997 919; baseline -0.008 -10"><span class='ocrx_word' id='word_1_51' title='bbox 417 854 619 910; x_wconf 91' lang='lat' dir='ltr'><strong>collum</strong></span> <span class='ocrx_word' id='word_1_52' title='bbox 670 851 737 907; x_wconf 90' lang='lat' dir='ltr'><strong>de</strong></span> <span class='ocrx_word' id='word_1_53' title='bbox 782 851 883 905; x_wconf 87' lang='lat' dir='ltr'><strong>sub</strong></span> <span class='ocrx_word' id='word_1_54' title='bbox 941 849 1138 919; x_wconf 63' lang='lat' dir='ltr'><strong>regulae</strong></span> <span class='ocrx_word' id='word_1_55' title='bbox 1176 858 1434 904; x_wconf 83' lang='lat' dir='ltr'><strong>excutere</strong></span> <span class='ocrx_word' id='word_1_56' title='bbox 1488 846 1638 916; x_wconf 86' lang='lat' dir='ltr'><strong>jugo,</strong></span> <span class='ocrx_word' id='word_1_57' title='bbox 1690 842 1786 897; x_wconf 88' lang='lat' dir='ltr'><strong>sed</strong></span> <span class='ocrx_word' id='word_1_58' title='bbox 1823 840 1997 911; x_wconf 85' lang='lat' dir='ltr'><strong>magis</strong></span> 
     </span>
    </p>
   </div>
   <div class='ocr_carea' id='block_1_10' title="bbox 417 934 1997 1017">
    <p class='ocr_par' dir='ltr' id='par_1_10' title="bbox 417 934 1997 1017">
     <span class='ocr_line' id='line_1_10' title="bbox 417 934 1997 1017; baseline -0.01 -15"><span class='ocrx_word' id='word_1_59' title='bbox 417 946 659 1017; x_wconf 77' lang='lat' dir='ltr'><strong>ejusdem</strong></span> <span class='ocrx_word' id='word_1_60' title='bbox 686 943 883 1016; x_wconf 56' lang='lat' dir='ltr'><strong>regulae</strong></span> <span class='ocrx_word' id='word_1_61' title='bbox 930 941 1160 998; x_wconf 83' lang='lat' dir='ltr'><strong>ﬁdeliter</strong></span> <span class='ocrx_word' id='word_1_62' title='bbox 1184 957 1243 996; x_wconf 88' lang='lat' dir='ltr'><strong>se</strong></span> <span class='ocrx_word' id='word_1_63' title='bbox 1269 945 1565 1011; x_wconf 80' lang='lat' dir='ltr'><strong>cognoscat</strong></span> <span class='ocrx_word' id='word_1_64' title='bbox 1597 934 1845 993; x_wconf 87' lang='lat' dir='ltr'><strong>instituta</strong></span> <span class='ocrx_word' id='word_1_65' title='bbox 1879 948 1997 988; x_wconf 85' lang='lat' dir='ltr'><strong>ser-</strong></span> 
     </span>
    </p>
   </div>
   <div class='ocr_carea' id='block_1_11' title="bbox 418 1021 1997 1102">
    <p class='ocr_par' dir='ltr' id='par_1_11' title="bbox 418 1021 1997 1102">
     <span class='ocr_line' id='line_1_11' title="bbox 418 1021 1997 1102; baseline -0.009 -10"><span class='ocrx_word' id='word_1_66' title='bbox 418 1036 569 1102; x_wconf 79' lang='lat' dir='ltr'><strong>v&#39;arc,</strong></span> <span class='ocrx_word' id='word_1_67' title='bbox 618 1044 674 1092; x_wconf 90' lang='lat' dir='ltr'><strong>et</strong></span> <span class='ocrx_word' id='word_1_68' title='bbox 692 1033 922 1090; x_wconf 91' lang='lat' dir='ltr'><strong>Domino</strong></span> <span class='ocrx_word' id='word_1_69' title='bbox 949 1048 1070 1088; x_wconf 89' lang='lat' dir='ltr'><strong>cum</strong></span> <span class='ocrx_word' id='word_1_70' title='bbox 1097 1030 1311 1087; x_wconf 66' lang='lat' dir='ltr'><strong>caeteris</strong></span> <span class='ocrx_word' id='word_1_71' title='bbox 1355 1027 1592 1101; x_wconf 87' lang='lat' dir='ltr'><strong>gratanti</strong></span> <span class='ocrx_word' id='word_1_72' title='bbox 1636 1025 1818 1081; x_wconf 88' lang='lat' dir='ltr'><strong>animo</strong></span> <span class='ocrx_word' id='word_1_73' title='bbox 1856 1021 1997 1079; x_wconf 89' lang='lat' dir='ltr'><strong>mili-</strong></span> 
     </span>
    </p>
   </div>
   <div class='ocr_carea' id='block_1_12' title="bbox 418 1115 1997 1199">
    <p class='ocr_par' dir='ltr' id='par_1_12' title="bbox 418 1115 1997 1199">
     <span class='ocr_line' id='line_1_12' title="bbox 418 1115 1997 1199; baseline -0.009 -18"><span class='ocrx_word' id='word_1_74' title='bbox 418 1138 554 1199; x_wconf 76' lang='lat' dir='ltr'><strong>tare.</strong></span> <span class='ocrx_word' id='word_1_75' title='bbox 588 1127 656 1181; x_wconf 86' lang='lat' dir='ltr'><strong>Et</strong></span> <span class='ocrx_word' id='word_1_76' title='bbox 688 1132 748 1180; x_wconf 93' lang='lat' dir='ltr'><strong>ut</strong></span> <span class='ocrx_word' id='word_1_77' title='bbox 783 1125 903 1180; x_wconf 76' lang='lat' dir='ltr'><strong>lucc</strong></span> <span class='ocrx_word' id='word_1_78' title='bbox 941 1131 1126 1177; x_wconf 90' lang='lat' dir='ltr'><strong>nostra</strong></span> <span class='ocrx_word' id='word_1_79' title='bbox 1174 1119 1392 1175; x_wconf 84' lang='lat' dir='ltr'><strong>traditio</strong></span> <span class='ocrx_word' id='word_1_80' title='bbox 1434 1115 1745 1177; x_wconf 86' lang='lat' dir='ltr'><strong>inconvulsa</strong></span> <span class='ocrx_word' id='word_1_81' title='bbox 1784 1126 1997 1185; x_wconf 85' lang='lat' dir='ltr'><strong>perma-</strong></span> 
     </span>
    </p>
   </div>
   <div class='ocr_carea' id='block_1_13' title="bbox 420 1206 1997 1288">
    <p class='ocr_par' dir='ltr' id='par_1_13' title="bbox 420 1206 1997 1288">
     <span class='ocr_line' id='line_1_13' title="bbox 420 1206 1997 1288; baseline -0.01 -15"><span class='ocrx_word' id='word_1_82' title='bbox 420 1227 567 1283; x_wconf 87' lang='lat' dir='ltr'><strong>neat,</strong></span> <span class='ocrx_word' id='word_1_83' title='bbox 618 1215 875 1288; x_wconf 83' lang='lat' dir='ltr'><strong>promitto</strong></span> <span class='ocrx_word' id='word_1_84' title='bbox 904 1229 1027 1270; x_wconf 91' lang='lat' dir='ltr'><strong>cum</strong></span> <span class='ocrx_word' id='word_1_85' title='bbox 1065 1211 1418 1286; x_wconf 83' lang='lat' dir='ltr'><strong>jurejurando</strong></span> <span class='ocrx_word' id='word_1_86' title='bbox 1459 1225 1646 1265; x_wconf 91' lang='lat' dir='ltr'><strong>coram</strong></span> <span class='ocrx_word' id='word_1_87' title='bbox 1695 1206 1922 1261; x_wconf 91' lang='lat' dir='ltr'><strong>Domino</strong></span> <span class='ocrx_word' id='word_1_88' title='bbox 1941 1212 1997 1260; x_wconf 90' lang='lat' dir='ltr'><strong>et</strong></span> 
     </span>
    </p>
   </div>
   <div class='ocr_carea' id='block_1_14' title="bbox 415 1305 1997 1381">
    <p class='ocr_par' dir='ltr' id='par_1_14' title="bbox 415 1305 1997 1381">
     <span class='ocr_line' id='line_1_14' title="bbox 415 1305 1997 1381; baseline -0.011 -16"><span class='ocrx_word' id='word_1_89' title='bbox 415 1310 627 1381; x_wconf 69' lang='lat' dir='ltr'><strong>angelis</strong></span> <span class='ocrx_word' id='word_1_90' title='bbox 651 1307 787 1377; x_wconf 86' lang='lat' dir='ltr'><strong>ejus,</strong></span> <span class='ocrx_word' id='word_1_91' title='bbox 834 1305 959 1379; x_wconf 84' lang='lat' dir='ltr'><strong>quia</strong></span> <span class='ocrx_word' id='word_1_92' title='bbox 989 1318 1262 1375; x_wconf 86' lang='lat' dir='ltr'><strong>nunquam</strong></span> <span class='ocrx_word' id='word_1_93' title='bbox 1286 1317 1384 1372; x_wconf 87' lang='lat' dir='ltr'><strong>per</strong></span> <span class='ocrx_word' id='word_1_94' title='bbox 1430 1316 1538 1363; x_wconf 88' lang='lat' dir='ltr'><strong>me,</strong></span> <span class='ocrx_word' id='word_1_95' title='bbox 1581 1311 1854 1368; x_wconf 88' lang='lat' dir='ltr'><strong>nunquam</strong></span> <span class='ocrx_word' id='word_1_96' title='bbox 1899 1309 1997 1367; x_wconf 89' lang='lat' dir='ltr'><strong>per</strong></span> 
     </span>
    </p>
   </div>
   <div class='ocr_carea' id='block_1_15' title="bbox 415 1382 1995 1466">
    <p class='ocr_par' dir='ltr' id='par_1_15' title="bbox 415 1382 1995 1466">
     <span class='ocr_line' id='line_1_15' title="bbox 415 1382 1995 1466; baseline -0.01 -13"><span class='ocrx_word' id='word_1_97' title='bbox 415 1382 697 1453; x_wconf 70' lang='lat' dir='ltr'><strong>suffectum</strong></span> <span class='ocrx_word' id='word_1_98' title='bbox 747 1409 1055 1466; x_wconf 81' lang='lat' dir='ltr'><strong>personam,</strong></span> <span class='ocrx_word' id='word_1_99' title='bbox 1079 1408 1179 1448; x_wconf 89' lang='lat' dir='ltr'><strong>nec</strong></span> <span class='ocrx_word' id='word_1_100' title='bbox 1198 1386 1442 1464; x_wconf 84' lang='lat' dir='ltr'><strong>quolibet</strong></span> <span class='ocrx_word' id='word_1_101' title='bbox 1486 1387 1647 1444; x_wconf 90' lang='lat' dir='ltr'><strong>modo</strong></span> <span class='ocrx_word' id='word_1_102' title='bbox 1678 1403 1777 1457; x_wconf 90' lang='lat' dir='ltr'><strong>per</strong></span> <span class='ocrx_word' id='word_1_103' title='bbox 1811 1399 1995 1440; x_wconf 89' lang='lat' dir='ltr'><strong>rerum</strong></span> 
     </span>
    </p>
   </div>
   <div class='ocr_carea' id='block_1_16' title="bbox 419 1468 1997 1553">
    <p class='ocr_par' dir='ltr' id='par_1_16' title="bbox 419 1468 1997 1553">
     <span class='ocr_line' id='line_1_16' title="bbox 419 1468 1997 1553; baseline -0.009 -10"><span class='ocrx_word' id='word_1_104' title='bbox 419 1488 663 1546; x_wconf 85' lang='lat' dir='ltr'><strong>mearum</strong></span> <span class='ocrx_word' id='word_1_105' title='bbox 695 1468 1295 1553; x_wconf 47' lang='lat' dir='ltr'><strong>facultates’aliquando</strong></span> <span class='ocrx_word' id='word_1_106' title='bbox 1329 1478 1643 1553; x_wconf 88' lang='lat' dir='ltr'><strong>egrediendi</strong></span> <span class='ocrx_word' id='word_1_107' title='bbox 1693 1478 1744 1533; x_wconf 88' lang='lat' dir='ltr'><strong>ei</strong></span> <span class='ocrx_word' id='word_1_108' title='bbox 1786 1476 1852 1532; x_wconf 89' lang='lat' dir='ltr'><strong>de</strong></span> <span class='ocrx_word' id='word_1_109' title='bbox 1888 1491 1997 1530; x_wconf 85' lang='lat' dir='ltr'><strong>mo-</strong></span> 
     </span>
    </p>
   </div>
   <div class='ocr_carea' id='block_1_17' title="bbox 418 1565 1995 1639">
    <p class='ocr_par' dir='ltr' id='par_1_17' title="bbox 418 1565 1995 1639">
     <span class='ocr_line' id='line_1_17' title="bbox 418 1565 1995 1639; baseline -0.011 -5"><span class='ocrx_word' id='word_1_110' title='bbox 418 1579 658 1639; x_wconf 72' lang='lat' dir='ltr'><strong>naSZerio</strong></span> <span class='ocrx_word' id='word_1_111' title='bbox 693 1576 870 1631; x_wconf 87' lang='lat' dir='ltr'><strong>tribuo</strong></span> <span class='ocrx_word' id='word_1_112' title='bbox 895 1573 1230 1638; x_wconf 86' lang='lat' dir='ltr'><strong>occasiones,</strong></span> <span class='ocrx_word' id='word_1_113' title='bbox 1276 1579 1334 1626; x_wconf 92' lang='lat' dir='ltr'><strong>et</strong></span> <span class='ocrx_word' id='word_1_114' title='bbox 1382 1579 1443 1624; x_wconf 91' lang='lat' dir='ltr'><strong>ut</strong></span> <span class='ocrx_word' id='word_1_115' title='bbox 1466 1571 1582 1627; x_wconf 60' lang='lat' dir='ltr'><strong>haec</strong></span> <span class='ocrx_word' id='word_1_116' title='bbox 1604 1566 1805 1638; x_wconf 82' lang='lat' dir='ltr'><strong>petitio</strong></span> <span class='ocrx_word' id='word_1_117' title='bbox 1841 1565 1995 1619; x_wconf 83' lang='lat' dir='ltr'><strong>ﬁrma</strong></span> 
     </span>
    </p>
   </div>
   <div class='ocr_carea' id='block_1_18' title="bbox 417 1657 1996 1741">
    <p class='ocr_par' dir='ltr' id='par_1_18' title="bbox 417 1657 1996 1741">
     <span class='ocr_line' id='line_1_18' title="bbox 417 1657 1996 1741; baseline -0.008 -19"><span class='ocrx_word' id='word_1_118' title='bbox 417 1675 755 1741; x_wconf 86' lang='lat' dir='ltr'><strong>permaneat,</strong></span> <span class='ocrx_word' id='word_1_119' title='bbox 799 1678 960 1725; x_wconf 86' lang='lat' dir='ltr'><strong>manu</strong></span> <span class='ocrx_word' id='word_1_120' title='bbox 992 1679 1111 1718; x_wconf 88' lang='lat' dir='ltr'><strong>mea</strong></span> <span class='ocrx_word' id='word_1_121' title='bbox 1140 1678 1260 1719; x_wconf 86' lang='lat' dir='ltr'><strong>eam</strong></span> <span class='ocrx_word' id='word_1_122' title='bbox 1290 1662 1503 1716; x_wconf 82' lang='lat' dir='ltr'><strong>ﬁrmam</strong></span> <span class='ocrx_word' id='word_1_123' title='bbox 1529 1667 1586 1715; x_wconf 88' lang='lat' dir='ltr'><strong>et</strong></span> <span class='ocrx_word' id='word_1_124' title='bbox 1615 1657 1842 1715; x_wconf 87' lang='lat' dir='ltr'><strong>testibus</strong></span> <span class='ocrx_word' id='word_1_125' title='bbox 1887 1664 1996 1711; x_wconf 84' lang='lat' dir='ltr'><strong>tra-</strong></span> 
     </span>
    </p>
   </div>
   <div class='ocr_carea' id='block_1_19' title="bbox 417 1750 946 1823">
    <p class='ocr_par' dir='ltr' id='par_1_19' title="bbox 417 1750 946 1823">
     <span class='ocr_line' id='line_1_19' title="bbox 417 1750 946 1823; baseline -0.006 -7"><span class='ocrx_word' id='word_1_126' title='bbox 417 1750 527 1823; x_wconf 78' lang='lat' dir='ltr'><strong>didi</strong></span> <span class='ocrx_word' id='word_1_127' title='bbox 567 1754 946 1817; x_wconf 78' lang='lat' dir='ltr'><strong>roborandam.</strong></span> 
     </span>
    </p>
   </div>
   <div class='ocr_carea' id='block_1_20' title="bbox 1016 1842 1396 1901">
    <p class='ocr_par' dir='ltr' id='par_1_20' title="bbox 1016 1842 1396 1901">
     <span class='ocr_line' id='line_1_20' title="bbox 1016 1842 1396 1901; baseline -0.005 0"><span class='ocrx_word' id='word_1_128' title='bbox 1016 1842 1246 1901; x_wconf 74' lang='lat' dir='ltr'><strong>CAPUT</strong></span> <span class='ocrx_word' id='word_1_129' title='bbox 1280 1843 1396 1901; x_wconf 78' lang='lat' dir='ltr'><strong>LX.</strong></span> 
     </span>
    </p>
   </div>
   <div class='ocr_carea' id='block_1_21' title="bbox 406 1932 1990 2011">
    <p class='ocr_par' dir='ltr' id='par_1_21' title="bbox 406 1932 1990 2011">
     <span class='ocr_line' id='line_1_21' title="bbox 406 1932 1990 2011; baseline -0.006 -13"><span class='ocrx_word' id='word_1_130' title='bbox 406 1943 492 1998; x_wconf 63' lang='lat' dir='ltr'><strong>{De</strong></span> <span class='ocrx_word' id='word_1_131' title='bbox 514 1939 869 1997; x_wconf 71' lang='lat' dir='ltr'><strong>sacerdotibus</strong></span> <span class='ocrx_word' id='word_1_132' title='bbox 891 1938 984 2011; x_wconf 89' lang='lat' dir='ltr'><strong>qui</strong></span> <span class='ocrx_word' id='word_1_133' title='bbox 1012 1936 1267 1997; x_wconf 70' lang='lat' dir='ltr'><strong>voluerint</strong></span> <span class='ocrx_word' id='word_1_134' title='bbox 1289 1937 1344 1990; x_wconf 89' lang='lat' dir='ltr'><strong>in</strong></span> <span class='ocrx_word' id='word_1_135' title='bbox 1381 1933 1700 1990; x_wconf 83' lang='lat' dir='ltr'><strong>monasterio</strong></span> <span class='ocrx_word' id='word_1_136' title='bbox 1729 1932 1990 1991; x_wconf 76' lang='lat' dir='ltr'><strong>habitare.</strong></span> 
     </span>
    </p>
   </div>
   <div class='ocr_carea' id='block_1_22' title="bbox 487 2023 1996 2103">
    <p class='ocr_par' dir='ltr' id='par_1_22' title="bbox 487 2023 1996 2103">
     <span class='ocr_line' id='line_1_22' title="bbox 487 2023 1996 2103; baseline -0.005 -15"><span class='ocrx_word' id='word_1_137' title='bbox 487 2030 549 2089; x_wconf 85' lang='lat' dir='ltr'><strong>Si</strong></span> <span class='ocrx_word' id='word_1_138' title='bbox 573 2030 690 2103; x_wconf 84' lang='lat' dir='ltr'><strong>quis</strong></span> <span class='ocrx_word' id='word_1_139' title='bbox 710 2029 776 2083; x_wconf 85' lang='lat' dir='ltr'><strong>de</strong></span> <span class='ocrx_word' id='word_1_140' title='bbox 802 2029 986 2085; x_wconf 79' lang='lat' dir='ltr'><strong>ordine</strong></span> <span class='ocrx_word' id='word_1_141' title='bbox 1005 2027 1335 2082; x_wconf 76' lang='lat' dir='ltr'><strong>sacerdotum</strong></span> <span class='ocrx_word' id='word_1_142' title='bbox 1363 2027 1418 2081; x_wconf 88' lang='lat' dir='ltr'><strong>in</strong></span> <span class='ocrx_word' id='word_1_143' title='bbox 1432 2023 1753 2081; x_wconf 87' lang='lat' dir='ltr'><strong>monasterio</strong></span> <span class='ocrx_word' id='word_1_144' title='bbox 1798 2042 1853 2080; x_wconf 88' lang='lat' dir='ltr'><strong>se</strong></span> <span class='ocrx_word' id='word_1_145' title='bbox 1876 2042 1996 2081; x_wconf 86' lang='lat' dir='ltr'><strong>sus-</strong></span> 
     </span>
    </p>
   </div>
   <div class='ocr_carea' id='block_1_23' title="bbox 404 2117 2000 2200">
    <p class='ocr_par' dir='ltr' id='par_1_23' title="bbox 404 2117 2000 2200">
     <span class='ocr_line' id='line_1_23' title="bbox 404 2117 2000 2200; baseline -0.003 -20"><span class='ocrx_word' id='word_1_146' title='bbox 556 2122 840 2196; x_wconf 70' lang='lat' dir='ltr'><strong>rogat&#39;erit,</strong></span> <span class='ocrx_word' id='word_1_147' title='bbox 862 2137 985 2176; x_wconf 78' lang='lat' dir='ltr'><strong>non</strong></span> <span class='ocrx_word' id='word_1_148' title='bbox 1005 2121 1215 2194; x_wconf 80' lang='lat' dir='ltr'><strong>quidem</strong></span> <span class='ocrx_word' id='word_1_149' title='bbox 1238 2120 1285 2174; x_wconf 87' lang='lat' dir='ltr'><strong>ei</strong></span> <span class='ocrx_word' id='word_1_150' title='bbox 1310 2119 1465 2174; x_wconf 87' lang='lat' dir='ltr'><strong>citius</strong></span> <span class='ocrx_word' id='word_1_151' title='bbox 1508 2119 1849 2175; x_wconf 86' lang='lat' dir='ltr'><strong>assentiatur.</strong></span> <span class='ocrx_word' id='word_1_152' title='bbox 1872 2117 2000 2176; x_wconf 85' lang='lat' dir='ltr'><strong>ideo</strong></span> 
     </span>
    </p>
   </div>
   <div class='ocr_carea' id='block_1_24' title="bbox 400 2204 2000 2283">
    <p class='ocr_par' dir='ltr' id='par_1_24' title="bbox 400 2204 2000 2283">
     <span class='ocr_line' id='line_1_24' title="bbox 400 2204 2000 2283; baseline -0.005 -11"><span class='ocrx_word' id='word_1_153' title='bbox 400 2214 547 2272; x_wconf 75' lang='lat' dir='ltr'><strong>dicit</strong></span> <span class='ocrx_word' id='word_1_154' title='bbox 594 2229 698 2268; x_wconf 84' lang='lat' dir='ltr'><strong>non</strong></span> <span class='ocrx_word' id='word_1_155' title='bbox 749 2211 799 2267; x_wconf 83' lang='lat' dir='ltr'><strong>ei</strong></span> <span class='ocrx_word' id='word_1_156' title='bbox 841 2211 996 2265; x_wconf 88' lang='lat' dir='ltr'><strong>citius</strong></span> <span class='ocrx_word' id='word_1_157' title='bbox 1036 2209 1377 2277; x_wconf 83' lang='lat' dir='ltr'><strong>assentiatur,</strong></span> <span class='ocrx_word' id='word_1_158' title='bbox 1423 2219 1486 2266; x_wconf 89' lang='lat' dir='ltr'><strong>ut</strong></span> <span class='ocrx_word' id='word_1_159' title='bbox 1519 2208 1638 2283; x_wconf 82' lang='lat' dir='ltr'><strong>ejus</strong></span> <span class='ocrx_word' id='word_1_160' title='bbox 1678 2204 2000 2280; x_wconf 88' lang='lat' dir='ltr'><strong>inquirendo</strong></span> 
     </span>
    </p>
   </div>
   <div class='ocr_carea' id='block_1_25' title="bbox 406 2296 1999 2373">
    <p class='ocr_par' dir='ltr' id='par_1_25' title="bbox 406 2296 1999 2373">
     <span class='ocr_line' id='line_1_25' title="bbox 406 2296 1999 2373; baseline -0.007 -11"><span class='ocrx_word' id='word_1_161' title='bbox 406 2302 725 2362; x_wconf 76' lang='lat' dir='ltr'><strong>constantia</strong></span> <span class='ocrx_word' id='word_1_162' title='bbox 749 2299 1096 2373; x_wconf 89' lang='lat' dir='ltr'><strong>approbctur,</strong></span> <span class='ocrx_word' id='word_1_163' title='bbox 1125 2307 1180 2356; x_wconf 92' lang='lat' dir='ltr'><strong>et</strong></span> <span class='ocrx_word' id='word_1_164' title='bbox 1208 2300 1265 2354; x_wconf 90' lang='lat' dir='ltr'><strong>in</strong></span> <span class='ocrx_word' id='word_1_165' title='bbox 1292 2298 1558 2372; x_wconf 82' lang='lat' dir='ltr'><strong>pulsando</strong></span> <span class='ocrx_word' id='word_1_166' title='bbox 1594 2296 1999 2369; x_wconf 75' lang='lat' dir='ltr'><strong>perseverantia</strong></span> 
     </span>
    </p>
   </div>
   <div class='ocr_carea' id='block_1_26' title="bbox 414 2388 2003 2467">
    <p class='ocr_par' dir='ltr' id='par_1_26' title="bbox 414 2388 2003 2467">
     <span class='ocr_line' id='line_1_26' title="bbox 414 2388 2003 2467; baseline -0.008 -14"><span class='ocrx_word' id='word_1_167' title='bbox 414 2401 792 2467; x_wconf 80' lang='lat' dir='ltr'><strong>cognoscatur,</strong></span> <span class='ocrx_word' id='word_1_168' title='bbox 810 2391 936 2463; x_wconf 87' lang='lat' dir='ltr'><strong>quia</strong></span> <span class='ocrx_word' id='word_1_169' title='bbox 949 2390 1210 2462; x_wconf 89' lang='lat' dir='ltr'><strong>scriptum</strong></span> <span class='ocrx_word' id='word_1_170' title='bbox 1232 2398 1346 2445; x_wconf 89' lang='lat' dir='ltr'><strong>est:</strong></span> <span class='ocrx_word' id='word_1_171' title='bbox 1373 2388 1604 2456; x_wconf 75' lang='lat' dir='ltr'><strong>Quwrite</strong></span> <span class='ocrx_word' id='word_1_172' title='bbox 1631 2399 1679 2444; x_wconf 88' lang='lat' dir='ltr'><strong>et</strong></span> <span class='ocrx_word' id='word_1_173' title='bbox 1703 2389 2003 2465; x_wconf 50' lang='lat' dir='ltr'><strong>invenietis,</strong></span> 
     </span>
    </p>
   </div>
   <div class='ocr_carea' id='block_1_27' title="bbox 409 2470 2001 2560">
    <p class='ocr_par' dir='ltr' id='par_1_27' title="bbox 409 2470 2001 2560">
     <span class='ocr_line' id='line_1_27' title="bbox 409 2470 2001 2560; baseline -0.008 -15"><span class='ocrx_word' id='word_1_174' title='bbox 409 2480 618 2560; x_wconf 75' lang='lat' dir='ltr'><strong>pulsate</strong></span> <span class='ocrx_word' id='word_1_175' title='bbox 642 2492 691 2539; x_wconf 91' lang='lat' dir='ltr'><strong>et</strong></span> <span class='ocrx_word' id='word_1_176' title='bbox 735 2482 1003 2555; x_wconf 81' lang='lat' dir='ltr'><strong>aperietur</strong></span> <span class='ocrx_word' id='word_1_177' title='bbox 1025 2481 1164 2537; x_wconf 82' lang='lat' dir='ltr'><strong>vobis</strong></span> <span class='ocrx_word' id='word_1_178' title='bbox 1192 2478 1408 2555; x_wconf 65' lang='lat' dir='ltr'><strong>(Matth.</strong></span> <span class='ocrx_word' id='word_1_179' title='bbox 1452 2470 1564 2547; x_wconf 76' lang='lat' dir='ltr'><strong>vn;</strong></span> <span class='ocrx_word' id='word_1_180' title='bbox 1595 2474 1726 2533; x_wconf 86' lang='lat' dir='ltr'><strong>Luc.</strong></span> <span class='ocrx_word' id='word_1_181' title='bbox 1751 2478 1858 2550; x_wconf 79' lang='lat' dir='ltr'><strong>xi).</strong></span> <span class='ocrx_word' id='word_1_182' title='bbox 1901 2476 2001 2535; x_wconf 78' lang='lat' dir='ltr'><strong>Vel</strong></span> 
     </span>
    </p>
   </div>
   <div class='ocr_carea' id='block_1_28' title="bbox 412 2566 2001 2645">
    <p class='ocr_par' dir='ltr' id='par_1_28' title="bbox 412 2566 2001 2645">
     <span class='ocr_line' id='line_1_28' title="bbox 412 2566 2001 2645; baseline -0.006 -9"><span class='ocrx_word' id='word_1_183' title='bbox 412 2566 564 2636; x_wconf 76' lang='lat' dir='ltr'><strong>certe</strong></span> <span class='ocrx_word' id='word_1_184' title='bbox 599 2572 721 2633; x_wconf 90' lang='lat' dir='ltr'><strong>idco</strong></span> <span class='ocrx_word' id='word_1_185' title='bbox 758 2584 820 2630; x_wconf 90' lang='lat' dir='ltr'><strong>ut</strong></span> <span class='ocrx_word' id='word_1_186' title='bbox 873 2574 1133 2645; x_wconf 82' lang='lat' dir='ltr'><strong>probetur</strong></span> <span class='ocrx_word' id='word_1_187' title='bbox 1178 2581 1365 2631; x_wconf 88' lang='lat' dir='ltr'><strong>utrum</strong></span> <span class='ocrx_word' id='word_1_188' title='bbox 1407 2569 1612 2645; x_wconf 88' lang='lat' dir='ltr'><strong>Spiritu</strong></span> <span class='ocrx_word' id='word_1_189' title='bbox 1672 2580 1861 2627; x_wconf 87' lang='lat' dir='ltr'><strong>sancto</strong></span> <span class='ocrx_word' id='word_1_190' title='bbox 1920 2569 2001 2627; x_wconf 77' lang='lat' dir='ltr'><strong>af-</strong></span> 
     </span>
    </p>
   </div>
   <div class='ocr_carea' id='block_1_29' title="bbox 413 2662 2002 2737">
    <p class='ocr_par' dir='ltr' id='par_1_29' title="bbox 413 2662 2002 2737">
     <span class='ocr_line' id='line_1_29' title="bbox 413 2662 2002 2737; baseline -0.007 -12"><span class='ocrx_word' id='word_1_191' title='bbox 413 2668 595 2734; x_wconf 78' lang='lat' dir='ltr'><strong>ﬂatus,</strong></span> <span class='ocrx_word' id='word_1_192' title='bbox 626 2672 721 2722; x_wconf 87' lang='lat' dir='ltr'><strong>aut</strong></span> <span class='ocrx_word' id='word_1_193' title='bbox 762 2662 870 2721; x_wconf 87' lang='lat' dir='ltr'><strong>alio</strong></span> <span class='ocrx_word' id='word_1_194' title='bbox 896 2663 1079 2720; x_wconf 80' lang='lat' dir='ltr'><strong>veniat</strong></span> <span class='ocrx_word' id='word_1_195' title='bbox 1124 2663 1318 2737; x_wconf 88' lang='lat' dir='ltr'><strong>spiritu</strong></span> <span class='ocrx_word' id='word_1_196' title='bbox 1365 2670 1665 2720; x_wconf 89' lang='lat' dir='ltr'><strong>commotus</strong></span> <span class='ocrx_word' id='word_1_197' title='bbox 1691 2669 1853 2732; x_wconf 87' lang='lat' dir='ltr'><strong>atque</strong></span> <span class='ocrx_word' id='word_1_198' title='bbox 1884 2668 2002 2715; x_wconf 74' lang='lat' dir='ltr'><strong>trn-</strong></span> 
     </span>
    </p>
   </div>
   <div class='ocr_carea' id='block_1_30' title="bbox 415 2754 585 2819">
    <p class='ocr_par' dir='ltr' id='par_1_30' title="bbox 415 2754 585 2819">
     <span class='ocr_line' id='line_1_30' title="bbox 415 2754 585 2819; baseline -0.006 0"><span class='ocrx_word' id='word_1_199' title='bbox 415 2754 585 2819; x_wconf 72' lang='lat' dir='ltr'><strong>tatus.</strong></span> 
     </span>
    </p>
   </div>
   <div class='ocr_carea' id='block_1_31' title="bbox 490 2838 2000 2923">
    <p class='ocr_par' dir='ltr' id='par_1_31' title="bbox 490 2838 2000 2923">
     <span class='ocr_line' id='line_1_31' title="bbox 490 2838 2000 2923; baseline -0.008 -15"><span class='ocrx_word' id='word_1_200' title='bbox 490 2853 685 2911; x_wconf 85' lang='lat' dir='ltr'><strong>Tamen</strong></span> <span class='ocrx_word' id='word_1_201' title='bbox 714 2842 769 2912; x_wconf 87' lang='lat' dir='ltr'><strong>si</strong></span> <span class='ocrx_word' id='word_1_202' title='bbox 788 2853 1004 2911; x_wconf 86' lang='lat' dir='ltr'><strong>omnino</strong></span> <span class='ocrx_word' id='word_1_203' title='bbox 1031 2838 1314 2923; x_wconf 75' lang='lat' dir='ltr'><strong>perstiterit</strong></span> <span class='ocrx_word' id='word_1_204' title='bbox 1335 2844 1390 2903; x_wconf 84' lang='lat' dir='ltr'><strong>in</strong></span> <span class='ocrx_word' id='word_1_205' title='bbox 1419 2845 1519 2902; x_wconf 84' lang='lat' dir='ltr'><strong>hac</strong></span> <span class='ocrx_word' id='word_1_206' title='bbox 1562 2843 1830 2916; x_wconf 86' lang='lat' dir='ltr'><strong>petitione,</strong></span> <span class='ocrx_word' id='word_1_207' title='bbox 1868 2842 2000 2897; x_wconf 87' lang='lat' dir='ltr'><strong>sciat</strong></span> 
     </span>
    </p>
   </div>
   <div class='ocr_carea' id='block_1_32' title="bbox 416 2931 2003 3021">
    <p class='ocr_par' dir='ltr' id='par_1_32' title="bbox 416 2931 2003 3021">
     <span class='ocr_line' id='line_1_32' title="bbox 416 2931 2003 3021; baseline -0.009 -21"><span class='ocrx_word' id='word_1_208' title='bbox 416 2964 471 3000; x_wconf 88' lang='lat' dir='ltr'><strong>se</strong></span> <span class='ocrx_word' id='word_1_209' title='bbox 517 2963 720 3021; x_wconf 83' lang='lat' dir='ltr'><strong>omnem</strong></span> <span class='ocrx_word' id='word_1_210' title='bbox 767 2942 962 3015; x_wconf 80' lang='lat' dir='ltr'><strong>regula:</strong></span> <span class='ocrx_word' id='word_1_211' title='bbox 1010 2936 1343 3019; x_wconf 82' lang='lat' dir='ltr'><strong>disciplinam</strong></span> <span class='ocrx_word' id='word_1_212' title='bbox 1380 2944 1729 3009; x_wconf 68' lang='lat' dir='ltr'><strong>seruaturum.</strong></span> <span class='ocrx_word' id='word_1_213' title='bbox 1786 2931 2003 3013; x_wconf 67' lang='lat' dir='ltr'><strong>Regulae</strong></span> 
     </span>
    </p>
   </div>
   <div class='ocr_carea' id='block_1_33' title="bbox 414 3010 1994 3107">
    <p class='ocr_par' dir='ltr' id='par_1_33' title="bbox 414 3010 1994 3107">
     <span class='ocr_line' id='line_1_33' title="bbox 414 3010 1994 3107; baseline -0.008 -18"><span class='ocrx_word' id='word_1_214' title='bbox 414 3016 750 3107; x_wconf 80' lang='lat' dir='ltr'><strong>disciplinam</strong></span> <span class='ocrx_word' id='word_1_215' title='bbox 778 3010 927 3101; x_wconf 78' lang='lat' dir='ltr'><strong>dicit,</strong></span> <span class='ocrx_word' id='word_1_216' title='bbox 966 3010 1271 3100; x_wconf 82' lang='lat' dir='ltr'><strong>regularem</strong></span> <span class='ocrx_word' id='word_1_217' title='bbox 1296 3014 1352 3080; x_wconf 87' lang='lat' dir='ltr'><strong>in</strong></span> <span class='ocrx_word' id='word_1_218' title='bbox 1377 3022 1630 3083; x_wconf 84' lang='lat' dir='ltr'><strong>omnibus</strong></span> <span class='ocrx_word' id='word_1_219' title='bbox 1661 3010 1994 3087; x_wconf 22' lang='lat' dir='ltr'><strong>doctrin-am,</strong></span> 
     </span>
    </p>
   </div>
   <div class='ocr_carea' id='block_1_34' title="bbox 414 3095 2073 3188">
    <p class='ocr_par' dir='ltr' id='par_1_34' title="bbox 414 3095 2073 3188">
     <span class='ocr_line' id='line_1_34' title="bbox 414 3095 2073 3188; baseline -0.01 -8"><span class='ocrx_word' id='word_1_220' title='bbox 414 3130 472 3181; x_wconf 84' lang='lat' dir='ltr'><strong>et</strong></span> <span class='ocrx_word' id='word_1_221' title='bbox 518 3095 840 3180; x_wconf 70' lang='lat' dir='ltr'><strong>eruditionis</strong></span> <span class='ocrx_word' id='word_1_222' title='bbox 882 3095 1087 3178; x_wconf 64' lang='lat' dir='ltr'><strong>sancta:</strong></span> <span class='ocrx_word' id='word_1_223' title='bbox 1112 3125 1402 3188; x_wconf 77' lang='lat' dir='ltr'><strong>praecepta.</strong></span> <span class='ocrx_word' id='word_1_224' title='bbox 1449 3110 1744 3185; x_wconf 85' lang='lat' dir='ltr'><strong>Disciplina</strong></span> <span class='ocrx_word' id='word_1_225' title='bbox 1781 3110 1929 3167; x_wconf 73' lang='lat' dir='ltr'><strong>enim</strong></span> <span class='ocrx_word' id='word_1_226' title='bbox 1968 3128 2000 3167; x_wconf 91' lang='lat' dir='ltr'><strong>a</strong></span> <span class='ocrx_word' id='word_1_227' title='bbox 2028 3095 2073 3163; x_wconf 83' lang='lat' dir='ltr'>C</span> 
     </span>
    </p>
   </div>
   <div class='ocr_carea' id='block_1_35' title="bbox 416 3188 2001 3279">
    <p class='ocr_par' dir='ltr' id='par_1_35' title="bbox 416 3188 2001 3279">
     <span class='ocr_line' id='line_1_35' title="bbox 416 3188 2001 3279; baseline -0.007 -11"><span class='ocrx_word' id='word_1_228' title='bbox 416 3204 668 3271; x_wconf 70' lang='lat' dir='ltr'><strong>discendo</strong></span> <span class='ocrx_word' id='word_1_229' title='bbox 706 3228 902 3268; x_wconf 87' lang='lat' dir='ltr'><strong>nomen</strong></span> <span class='ocrx_word' id='word_1_230' title='bbox 948 3208 1180 3279; x_wconf 75' lang='lat' dir='ltr'><strong>accepit,</strong></span> <span class='ocrx_word' id='word_1_231' title='bbox 1222 3200 1494 3277; x_wconf 84' lang='lat' dir='ltr'><strong>Quidquid</strong></span> <span class='ocrx_word' id='word_1_232' title='bbox 1534 3205 1679 3259; x_wconf 87' lang='lat' dir='ltr'><strong>enim</strong></span> <span class='ocrx_word' id='word_1_233' title='bbox 1721 3204 1776 3259; x_wconf 90' lang='lat' dir='ltr'><strong>in</strong></span> <span class='ocrx_word' id='word_1_234' title='bbox 1816 3188 2001 3259; x_wconf 82' lang='lat' dir='ltr'><strong>schola</strong></span> 
     </span>
    </p>
   </div>
   <div class='ocr_carea' id='block_1_36' title="bbox 419 3294 2004 3383">
    <p class='ocr_par' dir='ltr' id='par_1_36' title="bbox 419 3294 2004 3383">
     <span class='ocr_line' id='line_1_36' title="bbox 419 3294 2004 3383; baseline -0.007 -17"><span class='ocrx_word' id='word_1_235' title='bbox 419 3299 654 3383; x_wconf 78' lang='lat' dir='ltr'><strong>regulari</strong></span> <span class='ocrx_word' id='word_1_236' title='bbox 699 3317 890 3366; x_wconf 86' lang='lat' dir='ltr'><strong>sancte</strong></span> <span class='ocrx_word' id='word_1_237' title='bbox 935 3294 1182 3377; x_wconf 78' lang='lat' dir='ltr'><strong>discitur,</strong></span> <span class='ocrx_word' id='word_1_238' title='bbox 1227 3319 1334 3360; x_wconf 93' lang='lat' dir='ltr'><strong>non</strong></span> <span class='ocrx_word' id='word_1_239' title='bbox 1371 3298 2004 3379; x_wconf 79' lang='lat' dir='ltr'><strong>incongruedisciplina</strong></span> 
     </span>
    </p>
   </div>
   <div class='ocr_carea' id='block_1_37' title="bbox 417 3386 2002 3475">
    <p class='ocr_par' dir='ltr' id='par_1_37' title="bbox 417 3386 2002 3475">
     <span class='ocr_line' id='line_1_37' title="bbox 417 3386 2002 3475; baseline -0.004 -18"><span class='ocrx_word' id='word_1_240' title='bbox 417 3386 665 3475; x_wconf 74' lang='lat' dir='ltr'><strong>vocatur.</strong></span> <span class='ocrx_word' id='word_1_241' title='bbox 708 3397 952 3458; x_wconf 86' lang='lat' dir='ltr'><strong>Eruditio</strong></span> <span class='ocrx_word' id='word_1_242' title='bbox 986 3392 1132 3475; x_wconf 87' lang='lat' dir='ltr'><strong>enim</strong></span> <span class='ocrx_word' id='word_1_243' title='bbox 1159 3393 1427 3466; x_wconf 82' lang='lat' dir='ltr'><strong>regularis</strong></span> <span class='ocrx_word' id='word_1_244' title='bbox 1446 3393 1743 3467; x_wconf 72' lang='lat' dir='ltr'><strong>disciplina:</strong></span> <span class='ocrx_word' id='word_1_245' title='bbox 1771 3392 1824 3448; x_wconf 89' lang='lat' dir='ltr'><strong>in</strong></span> <span class='ocrx_word' id='word_1_246' title='bbox 1862 3406 2002 3463; x_wconf 81' lang='lat' dir='ltr'><strong>prac-</strong></span> 
     </span>
    </p>
   </div>
   <div class='ocr_carea' id='block_1_38' title="bbox 419 3483 2006 3568">
    <p class='ocr_par' dir='ltr' id='par_1_38' title="bbox 419 3483 2006 3568">
     <span class='ocr_line' id='line_1_38' title="bbox 419 3483 2006 3568; baseline -0.008 -19"><span class='ocrx_word' id='word_1_247' title='bbox 419 3493 591 3566; x_wconf 81' lang='lat' dir='ltr'><strong>ceptis</strong></span> <span class='ocrx_word' id='word_1_248' title='bbox 632 3490 874 3568; x_wconf 84' lang='lat' dir='ltr'><strong>ejusdem</strong></span> <span class='ocrx_word' id='word_1_249' title='bbox 923 3487 1121 3559; x_wconf 76' lang='lat' dir='ltr'><strong>regula:</strong></span> <span class='ocrx_word' id='word_1_250' title='bbox 1174 3484 1588 3549; x_wconf 84' lang='lat' dir='ltr'><strong>custodiendis.</strong></span> <span class='ocrx_word' id='word_1_251' title='bbox 1645 3492 1698 3540; x_wconf 90' lang='lat' dir='ltr'><strong>et</strong></span> <span class='ocrx_word' id='word_1_252' title='bbox 1743 3483 1796 3541; x_wconf 88' lang='lat' dir='ltr'><strong>iu</strong></span> <span class='ocrx_word' id='word_1_253' title='bbox 1841 3483 2006 3547; x_wconf 77' lang='lat' dir='ltr'><strong>casti-</strong></span> 
     </span>
    </p>
   </div>
   <div class='ocr_carea' id='block_1_39' title="bbox 418 3564 2007 3667">
    <p class='ocr_par' dir='ltr' id='par_1_39' title="bbox 418 3564 2007 3667">
     <span class='ocr_line' id='line_1_39' title="bbox 418 3564 2007 3667; baseline -0.006 -27"><span class='ocrx_word' id='word_1_254' title='bbox 418 3564 748 3667; x_wconf 73' lang='lat' dir='ltr'><strong>gationibus,</strong></span> <span class='ocrx_word' id='word_1_255' title='bbox 799 3564 866 3637; x_wconf 86' lang='lat' dir='ltr'><strong>et</strong></span> <span class='ocrx_word' id='word_1_256' title='bbox 889 3577 1371 3661; x_wconf 80' lang='lat' dir='ltr'><strong>increpationibus,</strong></span> <span class='ocrx_word' id='word_1_257' title='bbox 1409 3575 1550 3631; x_wconf 91' lang='lat' dir='ltr'><strong>etin</strong></span> <span class='ocrx_word' id='word_1_258' title='bbox 1590 3572 1754 3631; x_wconf 85' lang='lat' dir='ltr'><strong>variis</strong></span> <span class='ocrx_word' id='word_1_259' title='bbox 1786 3564 2007 3643; x_wconf 75' lang='lat' dir='ltr'><strong>iudiciis</strong></span> 
     </span>
    </p>
   </div>
   <div class='ocr_carea' id='block_1_40' title="bbox 336 3662 2002 3744">
    <p class='ocr_par' dir='ltr' id='par_1_40' title="bbox 336 3662 2002 3744">
     <span class='ocr_line' id='line_1_40' title="bbox 336 3662 2002 3744; baseline -0.01 -9"><span class='ocrx_word' id='word_1_260' title='bbox 336 3698 339 3701; x_wconf 92' lang='grc'><strong>·</strong></span> <span class='ocrx_word' id='word_1_261' title='bbox 418 3662 651 3734; x_wconf 74' lang='lat' dir='ltr'><strong>constat.</strong></span> <span class='ocrx_word' id='word_1_262' title='bbox 684 3674 745 3731; x_wconf 83' lang='lat' dir='ltr'><strong>in</strong></span> <span class='ocrx_word' id='word_1_263' title='bbox 773 3673 968 3744; x_wconf 89' lang='lat' dir='ltr'><strong>quibus</strong></span> <span class='ocrx_word' id='word_1_264' title='bbox 987 3671 1076 3742; x_wconf 86' lang='lat' dir='ltr'><strong>qui</strong></span> <span class='ocrx_word' id='word_1_265' title='bbox 1098 3662 1500 3741; x_wconf 77' lang='lat' dir='ltr'><strong>perseveraverit</strong></span> <span class='ocrx_word' id='word_1_266' title='bbox 1537 3682 1700 3737; x_wconf 85' lang='lat' dir='ltr'><strong>usque</strong></span> <span class='ocrx_word' id='word_1_267' title='bbox 1738 3664 1793 3720; x_wconf 86' lang='lat' dir='ltr'><strong>in</strong></span> <span class='ocrx_word' id='word_1_268' title='bbox 1821 3666 2002 3736; x_wconf 79' lang='lat' dir='ltr'><strong>finem,</strong></span> 
     </span>
    </p>
   </div>
   <div class='ocr_carea' id='block_1_41' title="bbox 420 3766 866 3828">
    <p class='ocr_par' dir='ltr' id='par_1_41' title="bbox 420 3766 866 3828">
     <span class='ocr_line' id='line_1_41' title="bbox 420 3766 866 3828; baseline -0.016 -4"><span class='ocrx_word' id='word_1_269' title='bbox 420 3772 502 3828; x_wconf 79' lang='lat' dir='ltr'><strong>hic</strong></span> <span class='ocrx_word' id='word_1_270' title='bbox 542 3766 716 3822; x_wconf 82' lang='lat' dir='ltr'><strong>salvus</strong></span> <span class='ocrx_word' id='word_1_271' title='bbox 749 3766 866 3819; x_wconf 85' lang='lat' dir='ltr'><strong>erit.</strong></span> 
     </span>
    </p>
   </div>
   <div class='ocr_carea' id='block_1_42' title="bbox 425 3836 2005 3928">
    <p class='ocr_par' dir='ltr' id='par_1_42' title="bbox 425 3836 2005 3928">
     <span class='ocr_line' id='line_1_42' title="bbox 425 3836 2005 3928; baseline -0.008 -13"><span class='ocrx_word' id='word_1_272' title='bbox 425 3836 431 3853; x_wconf 54' lang='grc'><em>’</em></span> <span class='ocrx_word' id='word_1_273' title='bbox 494 3856 607 3915; x_wconf 84' lang='lat' dir='ltr'><strong>Nec</strong></span> <span class='ocrx_word' id='word_1_274' title='bbox 652 3855 851 3928; x_wconf 86' lang='lat' dir='ltr'><strong>aliquid</strong></span> <span class='ocrx_word' id='word_1_275' title='bbox 903 3853 951 3909; x_wconf 83' lang='lat' dir='ltr'><strong>ei</strong></span> <span class='ocrx_word' id='word_1_276' title='bbox 993 3851 1340 3915; x_wconf 75' lang='lat' dir='ltr'><strong>relaxabitur,</strong></span> <span class='ocrx_word' id='word_1_277' title='bbox 1381 3861 1436 3905; x_wconf 88' lang='lat' dir='ltr'><strong>ut</strong></span> <span class='ocrx_word' id='word_1_278' title='bbox 1465 3849 1532 3907; x_wconf 88' lang='lat' dir='ltr'><strong>sit</strong></span> <span class='ocrx_word' id='word_1_279' title='bbox 1572 3849 1706 3905; x_wconf 80' lang='lat' dir='ltr'><strong>sicut</strong></span> <span class='ocrx_word' id='word_1_280' title='bbox 1755 3838 2005 3921; x_wconf 84' lang='lat' dir='ltr'><strong>scriptum</strong></span> 
     </span>
    </p>
   </div>
   <div class='ocr_carea' id='block_1_43' title="bbox 419 3940 2007 4018">
    <p class='ocr_par' dir='ltr' id='par_1_43' title="bbox 419 3940 2007 4018">
     <span class='ocr_line' id='line_1_43' title="bbox 419 3940 2007 4018; baseline -0.004 -13"><span class='ocrx_word' id='word_1_281' title='bbox 419 3961 494 4007; x_wconf 75' lang='lat' dir='ltr'><strong>est</strong></span> <span class='ocrx_word' id='word_1_282' title='bbox 515 3967 535 4006; x_wconf 88' lang='lat'><strong><em>:</em></strong></span> <span class='ocrx_word' id='word_1_283' title='bbox 559 3947 761 4015; x_wconf 72' lang='lat' dir='ltr'><strong>Amice,</strong></span> <span class='ocrx_word' id='word_1_284' title='bbox 805 3949 875 4002; x_wconf 85' lang='lat' dir='ltr'><strong>ad</strong></span> <span class='ocrx_word' id='word_1_285' title='bbox 903 3944 1029 4018; x_wconf 84' lang='lat' dir='ltr'><strong>quid</strong></span> <span class='ocrx_word' id='word_1_286' title='bbox 1053 3940 1238 4000; x_wconf 80' lang='lat' dir='ltr'><strong>venisti</strong></span> <span class='ocrx_word' id='word_1_287' title='bbox 1270 3941 1485 4016; x_wconf 75' lang='lat' dir='ltr'><strong>(Matth.</strong></span> <span class='ocrx_word' id='word_1_288' title='bbox 1531 3942 1719 4014; x_wconf 77' lang='lat' dir='ltr'><strong>xxvi)?</strong></span> <span class='ocrx_word' id='word_1_289' title='bbox 1767 3942 2007 3999; x_wconf 83' lang='lat' dir='ltr'><strong>Tradere</strong></span> 
     </span>
    </p>
   </div>
   <div class='ocr_carea' id='block_1_44' title="bbox 419 4032 2006 4123">
    <p class='ocr_par' dir='ltr' id='par_1_44' title="bbox 419 4032 2006 4123">
     <span class='ocr_line' id='line_1_44' title="bbox 419 4032 2006 4123; baseline -0.004 -27"><span class='ocrx_word' id='word_1_290' title='bbox 419 4042 563 4123; x_wconf 68' lang='lat' dir='ltr'><strong>enim</strong></span> <span class='ocrx_word' id='word_1_291' title='bbox 619 4037 786 4094; x_wconf 74' lang='lat' dir='ltr'><strong>ludas</strong></span> <span class='ocrx_word' id='word_1_292' title='bbox 831 4045 1058 4093; x_wconf 90' lang='lat' dir='ltr'><strong>venerat</strong></span> <span class='ocrx_word' id='word_1_293' title='bbox 1122 4032 1455 4101; x_wconf 88' lang='lat' dir='ltr'><strong>Dominum,</strong></span> <span class='ocrx_word' id='word_1_294' title='bbox 1521 4041 1577 4088; x_wconf 92' lang='lat' dir='ltr'><strong>et</strong></span> <span class='ocrx_word' id='word_1_295' title='bbox 1640 4032 2006 4090; x_wconf 82' lang='lat' dir='ltr'><strong>excusationis</strong></span> 
     </span>
    </p>
   </div>
   <div class='ocr_carea' id='block_1_45' title="bbox 420 4110 2007 4211">
    <p class='ocr_par' dir='ltr' id='par_1_45' title="bbox 420 4110 2007 4211">
     <span class='ocr_line' id='line_1_45' title="bbox 420 4110 2007 4211; baseline -0.005 -23"><span class='ocrx_word' id='word_1_296' title='bbox 420 4110 582 4189; x_wconf 70' lang='lat' dir='ltr'><strong>causa</strong></span> <span class='ocrx_word' id='word_1_297' title='bbox 620 4131 814 4189; x_wconf 76' lang='lat' dir='ltr'><strong>falsum</strong></span> <span class='ocrx_word' id='word_1_298' title='bbox 848 4130 924 4185; x_wconf 90' lang='lat' dir='ltr'><strong>illi</strong></span> <span class='ocrx_word' id='word_1_299' title='bbox 960 4128 1271 4211; x_wconf 81' lang='lat' dir='ltr'><strong>pot-rigebat</strong></span> <span class='ocrx_word' id='word_1_300' title='bbox 1305 4125 1574 4181; x_wconf 86' lang='lat' dir='ltr'><strong>osculum.</strong></span> <span class='ocrx_word' id='word_1_301' title='bbox 1605 4125 1706 4194; x_wconf 89' lang='lat' dir='ltr'><strong>Qui</strong></span> <span class='ocrx_word' id='word_1_302' title='bbox 1748 4110 2007 4180; x_wconf 84' lang='lat' dir='ltr'><strong>Dominus</strong></span> 
     </span>
    </p>
   </div>
   <div class='ocr_carea' id='block_1_46' title="bbox 420 4214 2006 4294">
    <p class='ocr_par' dir='ltr' id='par_1_46' title="bbox 420 4214 2006 4294">
     <span class='ocr_line' id='line_1_46' title="bbox 420 4214 2006 4294; baseline -0.008 -7"><span class='ocrx_word' id='word_1_303' title='bbox 420 4230 498 4287; x_wconf 78' lang='lat' dir='ltr'><strong>ait</strong></span> <span class='ocrx_word' id='word_1_304' title='bbox 527 4224 764 4288; x_wconf 75' lang='lat' dir='ltr'><strong>:Amice,</strong></span> <span class='ocrx_word' id='word_1_305' title='bbox 805 4222 876 4278; x_wconf 85' lang='lat' dir='ltr'><strong>ad</strong></span> <span class='ocrx_word' id='word_1_306' title='bbox 907 4222 1033 4294; x_wconf 81' lang='lat' dir='ltr'><strong>quid</strong></span> <span class='ocrx_word' id='word_1_307' title='bbox 1066 4219 1287 4275; x_wconf 69' lang='lat' dir='ltr'><strong>venisti?</strong></span> <span class='ocrx_word' id='word_1_308' title='bbox 1321 4218 1433 4273; x_wconf 90' lang='lat' dir='ltr'><strong>Sub</strong></span> <span class='ocrx_word' id='word_1_309' title='bbox 1487 4219 1591 4275; x_wconf 82' lang='lat' dir='ltr'><strong>hoc</strong></span> <span class='ocrx_word' id='word_1_310' title='bbox 1631 4233 1750 4291; x_wconf 84' lang='lat' dir='ltr'><strong>age,</strong></span> <span class='ocrx_word' id='word_1_311' title='bbox 1811 4214 2006 4275; x_wconf 82' lang='lat' dir='ltr'><strong>venisti</strong></span> 
     </span>
    </p>
   </div>
   <div class='ocr_carea' id='block_1_47' title="bbox 418 4307 2007 4381">
    <p class='ocr_par' dir='ltr' id='par_1_47' title="bbox 418 4307 2007 4381">
     <span class='ocr_line' id='line_1_47' title="bbox 418 4307 2007 4381; baseline -0.006 -7"><span class='ocrx_word' id='word_1_312' title='bbox 418 4317 566 4375; x_wconf 86' lang='lat' dir='ltr'><strong>enim</strong></span> <span class='ocrx_word' id='word_1_313' title='bbox 593 4330 680 4371; x_wconf 88' lang='lat' dir='ltr'><strong>me</strong></span> <span class='ocrx_word' id='word_1_314' title='bbox 702 4312 938 4379; x_wconf 88' lang='lat' dir='ltr'><strong>tradere,</strong></span> <span class='ocrx_word' id='word_1_315' title='bbox 964 4327 1075 4366; x_wconf 90' lang='lat' dir='ltr'><strong>non</strong></span> <span class='ocrx_word' id='word_1_316' title='bbox 1104 4308 1372 4374; x_wconf 85' lang='lat' dir='ltr'><strong>osculari,</strong></span> <span class='ocrx_word' id='word_1_317' title='bbox 1422 4307 1635 4363; x_wconf 87' lang='lat' dir='ltr'><strong>dimitte</strong></span> <span class='ocrx_word' id='word_1_318' title='bbox 1679 4322 1816 4381; x_wconf 79' lang='lat' dir='ltr'><strong>ergo</strong></span> <span class='ocrx_word' id='word_1_319' title='bbox 1845 4322 2007 4364; x_wconf 86' lang='lat' dir='ltr'><strong>oscu-</strong></span> 
     </span>
    </p>
   </div>
   <div class='ocr_carea' id='block_1_48' title="bbox 418 4392 2007 4467">
    <p class='ocr_par' dir='ltr' id='par_1_48' title="bbox 418 4392 2007 4467">
     <span class='ocr_line' id='line_1_48' title="bbox 418 4392 2007 4467; baseline -0.006 -7"><span class='ocrx_word' id='word_1_320' title='bbox 418 4404 534 4460; x_wconf 87' lang='lat' dir='ltr'><strong>lum</strong></span> <span class='ocrx_word' id='word_1_321' title='bbox 580 4392 974 4467; x_wconf 43' lang='lat' dir='ltr'><strong>l&#39;alsum&#39;dare,</strong></span> <span class='ocrx_word' id='word_1_322' title='bbox 1008 4408 1065 4454; x_wconf 90' lang='lat' dir='ltr'><strong>et</strong></span> <span class='ocrx_word' id='word_1_323' title='bbox 1113 4397 1314 4454; x_wconf 81' lang='lat' dir='ltr'><strong>festina</strong></span> <span class='ocrx_word' id='word_1_324' title='bbox 1364 4396 1685 4467; x_wconf 87' lang='lat' dir='ltr'><strong>magistrum</strong></span> <span class='ocrx_word' id='word_1_325' title='bbox 1722 4406 1777 4453; x_wconf 90' lang='lat' dir='ltr'><strong>et</strong></span> <span class='ocrx_word' id='word_1_326' title='bbox 1828 4396 2007 4452; x_wconf 86' lang='lat' dir='ltr'><strong>Domi-</strong></span> 
     </span>
    </p>
   </div>
   <div class='ocr_carea' id='block_1_49' title="bbox 421 4484 2004 4552">
    <p class='ocr_par' dir='ltr' id='par_1_49' title="bbox 421 4484 2004 4552">
     <span class='ocr_line' id='line_1_49' title="bbox 421 4484 2004 4552; baseline -0.005 -1"><span class='ocrx_word' id='word_1_327' title='bbox 421 4512 547 4552; x_wconf 87' lang='lat' dir='ltr'><strong>nam</strong></span> <span class='ocrx_word' id='word_1_328' title='bbox 596 4502 749 4550; x_wconf 89' lang='lat' dir='ltr'><strong>tuum</strong></span> <span class='ocrx_word' id='word_1_329' title='bbox 781 4490 1017 4549; x_wconf 83' lang='lat' dir='ltr'><strong>tradere.</strong></span> <span class='ocrx_word' id='word_1_330' title='bbox 1072 4488 1187 4544; x_wconf 77' lang='lat' dir='ltr'><strong>Hoc</strong></span> <span class='ocrx_word' id='word_1_331' title='bbox 1219 4484 1366 4544; x_wconf 88' lang='lat' dir='ltr'><strong>enim</strong></span> <span class='ocrx_word' id='word_1_332' title='bbox 1414 4488 1576 4545; x_wconf 91' lang='lat' dir='ltr'><strong>modo</strong></span> <span class='ocrx_word' id='word_1_333' title='bbox 1607 4487 1895 4543; x_wconf 89' lang='lat' dir='ltr'><strong>dicendum</strong></span> <span class='ocrx_word' id='word_1_334' title='bbox 1919 4497 2004 4544; x_wconf 88' lang='lat' dir='ltr'><strong>est</strong></span> 
     </span>
    </p>
   </div>
   <div class='ocr_carea' id='block_1_50' title="bbox 419 4579 2004 4657">
    <p class='ocr_par' dir='ltr' id='par_1_50' title="bbox 419 4579 2004 4657">
     <span class='ocr_line' id='line_1_50' title="bbox 419 4579 2004 4657; baseline -0.003 -16"><span class='ocrx_word' id='word_1_335' title='bbox 419 4585 816 4650; x_wconf 76' lang='lat' dir='ltr'><strong>sacerdotibus,</strong></span> <span class='ocrx_word' id='word_1_336' title='bbox 860 4590 916 4638; x_wconf 89' lang='lat' dir='ltr'><strong>et</strong></span> <span class='ocrx_word' id='word_1_337' title='bbox 955 4582 1207 4638; x_wconf 91' lang='lat' dir='ltr'><strong>omnibus</strong></span> <span class='ocrx_word' id='word_1_338' title='bbox 1248 4579 1304 4636; x_wconf 92' lang='lat' dir='ltr'><strong>in</strong></span> <span class='ocrx_word' id='word_1_339' title='bbox 1349 4579 1584 4651; x_wconf 77' lang='lat' dir='ltr'><strong>regulari</strong></span> <span class='ocrx_word' id='word_1_340' title='bbox 1614 4580 1724 4636; x_wconf 88' lang='lat' dir='ltr'><strong>vita</strong></span> <span class='ocrx_word' id='word_1_341' title='bbox 1758 4580 2004 4657; x_wconf 81' lang='lat' dir='ltr'><strong>degenti-</strong></span> 
     </span>
    </p>
   </div>
   <div class='ocr_carea' id='block_1_51' title="bbox 421 4668 2006 4757">
    <p class='ocr_par' dir='ltr' id='par_1_51' title="bbox 421 4668 2006 4757">
     <span class='ocr_line' id='line_1_51' title="bbox 421 4668 2006 4757; baseline -0.003 -25"><span class='ocrx_word' id='word_1_342' title='bbox 421 4679 545 4742; x_wconf 88' lang='lat' dir='ltr'><strong>bus,</strong></span> <span class='ocrx_word' id='word_1_343' title='bbox 587 4675 681 4746; x_wconf 87' lang='lat' dir='ltr'><strong>qui</strong></span> <span class='ocrx_word' id='word_1_344' title='bbox 707 4673 826 4757; x_wconf 74' lang='lat' dir='ltr'><strong>ejus</strong></span> <span class='ocrx_word' id='word_1_345' title='bbox 854 4673 909 4729; x_wconf 86' lang='lat' dir='ltr'><strong>in</strong></span> <span class='ocrx_word' id='word_1_346' title='bbox 931 4671 1182 4729; x_wconf 91' lang='lat' dir='ltr'><strong>omnibus</strong></span> <span class='ocrx_word' id='word_1_347' title='bbox 1228 4668 1452 4727; x_wconf 84' lang='lat' dir='ltr'><strong>obedire</strong></span> <span class='ocrx_word' id='word_1_348' title='bbox 1484 4686 1590 4725; x_wconf 91' lang='lat' dir='ltr'><strong>non</strong></span> <span class='ocrx_word' id='word_1_349' title='bbox 1634 4670 1835 4725; x_wconf 82' lang='lat' dir='ltr'><strong>curant</strong></span> <span class='ocrx_word' id='word_1_350' title='bbox 1871 4685 2006 4740; x_wconf 67' lang='lat' dir='ltr'><strong>prte—</strong></span> 
     </span>
    </p>
   </div>
   <div class='ocr_carea' id='block_1_52' title="bbox 421 4754 2006 4837">
    <p class='ocr_par' dir='ltr' id='par_1_52' title="bbox 421 4754 2006 4837">
     <span class='ocr_line' id='line_1_52' title="bbox 421 4754 2006 4837; baseline -0.004 -15"><span class='ocrx_word' id='word_1_351' title='bbox 421 4767 612 4837; x_wconf 78' lang='lat' dir='ltr'><strong>ceptis.</strong></span> <span class='ocrx_word' id='word_1_352' title='bbox 657 4754 884 4822; x_wconf 78' lang='lat' dir='ltr'><strong>Dicatur</strong></span> <span class='ocrx_word' id='word_1_353' title='bbox 908 4764 1055 4821; x_wconf 89' lang='lat' dir='ltr'><strong>enim</strong></span> <span class='ocrx_word' id='word_1_354' title='bbox 1089 4781 1103 4819; x_wconf 90' lang='lat'><strong>:</strong></span> <span class='ocrx_word' id='word_1_355' title='bbox 1131 4761 1341 4830; x_wconf 78' lang='lat' dir='ltr'><strong>Amice,</strong></span> <span class='ocrx_word' id='word_1_356' title='bbox 1370 4762 1438 4818; x_wconf 91' lang='lat' dir='ltr'><strong>ad</strong></span> <span class='ocrx_word' id='word_1_357' title='bbox 1463 4762 1850 4835; x_wconf 76' lang='lat' dir='ltr'><strong>quid&#39;venisti,</strong></span> <span class='ocrx_word' id='word_1_358' title='bbox 1901 4763 2006 4829; x_wconf 82' lang='lat' dir='ltr'><strong>hoc</strong></span> 
     </span>
    </p>
   </div>
   <div class='ocr_carea' id='block_1_53' title="bbox 422 4852 2003 4928">
    <p class='ocr_par' dir='ltr' id='par_1_53' title="bbox 422 4852 2003 4928">
     <span class='ocr_line' id='line_1_53' title="bbox 422 4852 2003 4928; baseline 0 -17"><span class='ocrx_word' id='word_1_359' title='bbox 422 4866 551 4928; x_wconf 84' lang='lat' dir='ltr'><strong>age;</strong></span> <span class='ocrx_word' id='word_1_360' title='bbox 603 4857 800 4915; x_wconf 74' lang='lat' dir='ltr'><strong>venisti</strong></span> <span class='ocrx_word' id='word_1_361' title='bbox 846 4854 990 4913; x_wconf 85' lang='lat' dir='ltr'><strong>enim</strong></span> <span class='ocrx_word' id='word_1_362' title='bbox 1011 4854 1256 4921; x_wconf 86' lang='lat' dir='ltr'><strong>obedire,</strong></span> <span class='ocrx_word' id='word_1_363' title='bbox 1297 4870 1406 4910; x_wconf 89' lang='lat' dir='ltr'><strong>non</strong></span> <span class='ocrx_word' id='word_1_364' title='bbox 1430 4852 1729 4927; x_wconf 86' lang='lat' dir='ltr'><strong>imperare;</strong></span> <span class='ocrx_word' id='word_1_365' title='bbox 1764 4855 2003 4927; x_wconf 90' lang='lat' dir='ltr'><strong>operari,</strong></span> 
     </span>
    </p>
   </div>
   <div class='ocr_carea' id='block_1_54' title="bbox 425 4944 2007 5018">
    <p class='ocr_par' dir='ltr' id='par_1_54' title="bbox 425 4944 2007 5018">
     <span class='ocr_line' id='line_1_54' title="bbox 425 4944 2007 5018; baseline -0.002 -16"><span class='ocrx_word' id='word_1_366' title='bbox 425 4960 529 5002; x_wconf 88' lang='lat' dir='ltr'><strong>non</strong></span> <span class='ocrx_word' id='word_1_367' title='bbox 559 4944 752 5014; x_wconf 85' lang='lat' dir='ltr'><strong>otlari;</strong></span> <span class='ocrx_word' id='word_1_368' title='bbox 792 4948 1047 5018; x_wconf 75' lang='lat' dir='ltr'><strong>cperibus</strong></span> <span class='ocrx_word' id='word_1_369' title='bbox 1073 4944 1344 5010; x_wconf 78' lang='lat' dir='ltr'><strong>exerceri,</strong></span> <span class='ocrx_word' id='word_1_370' title='bbox 1395 4956 1503 4999; x_wconf 86' lang='lat' dir='ltr'><strong>non</strong></span> <span class='ocrx_word' id='word_1_371' title='bbox 1538 4944 1738 5001; x_wconf 82' lang='lat' dir='ltr'><strong>fabulis</strong></span> <span class='ocrx_word' id='word_1_372' title='bbox 1775 4961 2007 5013; x_wconf 81' lang='lat' dir='ltr'><strong>vacare;</strong></span> 
     </span>
    </p>
   </div>
   <div class='ocr_carea' id='block_1_55' title="bbox 424 5022 2011 5108">
    <p class='ocr_par' dir='ltr' id='par_1_55' title="bbox 424 5022 2011 5108">
     <span class='ocr_line' id='line_1_55' title="bbox 424 5022 2011 5108; baseline 0 -16"><span class='ocrx_word' id='word_1_373' title='bbox 424 5030 747 5107; x_wconf 82' lang='lat' dir='ltr'><strong>bumlllare,</strong></span> <span class='ocrx_word' id='word_1_374' title='bbox 790 5048 899 5093; x_wconf 87' lang='lat' dir='ltr'><strong>non</strong></span> <span class='ocrx_word' id='word_1_375' title='bbox 942 5034 1246 5108; x_wconf 83' lang='lat' dir='ltr'><strong>superbire.</strong></span> <span class='ocrx_word' id='word_1_376' title='bbox 1306 5030 1482 5106; x_wconf 82' lang='lat' dir='ltr'><strong>Ergo,</strong></span> <span class='ocrx_word' id='word_1_377' title='bbox 1521 5034 1728 5099; x_wconf 88' lang='lat' dir='ltr'><strong>amice,</strong></span> <span class='ocrx_word' id='word_1_378' title='bbox 1767 5033 1835 5089; x_wconf 89' lang='lat' dir='ltr'><strong>ad</strong></span> <span class='ocrx_word' id='word_1_379' title='bbox 1876 5022 2011 5105; x_wconf 77' lang='lat' dir='ltr'><strong>quid</strong></span> 
     </span>
    </p>
   </div>
   <div class='ocr_carea' id='block_1_56' title="bbox 424 5122 2008 5198">
    <p class='ocr_par' dir='ltr' id='par_1_56' title="bbox 424 5122 2008 5198">
     <span class='ocr_line' id='line_1_56' title="bbox 424 5122 2008 5198; baseline -0.002 -18"><span class='ocrx_word' id='word_1_380' title='bbox 424 5127 644 5191; x_wconf 84' lang='lat' dir='ltr'><strong>venisti,</strong></span> <span class='ocrx_word' id='word_1_381' title='bbox 694 5128 799 5182; x_wconf 86' lang='lat' dir='ltr'><strong>hoc</strong></span> <span class='ocrx_word' id='word_1_382' title='bbox 826 5142 943 5197; x_wconf 82' lang='lat' dir='ltr'><strong>age.</strong></span> <span class='ocrx_word' id='word_1_383' title='bbox 979 5126 1271 5198; x_wconf 74' lang='lat' dir='ltr'><strong>Regularia</strong></span> <span class='ocrx_word' id='word_1_384' title='bbox 1292 5122 1493 5180; x_wconf 87' lang='lat' dir='ltr'><strong>venisti</strong></span> <span class='ocrx_word' id='word_1_385' title='bbox 1546 5124 1843 5179; x_wconf 85' lang='lat' dir='ltr'><strong>observare</strong></span> <span class='ocrx_word' id='word_1_386' title='bbox 1868 5138 2008 5193; x_wconf 67' lang='lat' dir='ltr'><strong>pra:-</strong></span> 
     </span>
    </p>
   </div>
   <div class='ocr_carea' id='block_1_57' title="bbox 426 5204 2005 5288">
    <p class='ocr_par' dir='ltr' id='par_1_57' title="bbox 426 5204 2005 5288">
     <span class='ocr_line' id='line_1_57' title="bbox 426 5204 2005 5288; baseline -0.003 -15"><span class='ocrx_word' id='word_1_387' title='bbox 426 5222 580 5288; x_wconf 79' lang='lat' dir='ltr'><strong>‘cepta</strong></span> <span class='ocrx_word' id='word_1_388' title='bbox 606 5235 620 5271; x_wconf 88' lang='lat'><strong>:</strong></span> <span class='ocrx_word' id='word_1_389' title='bbox 644 5216 703 5271; x_wconf 84' lang='lat' dir='ltr'><strong>in</strong></span> <span class='ocrx_word' id='word_1_390' title='bbox 723 5223 986 5287; x_wconf 83' lang='lat' dir='ltr'><strong>quantum</strong></span> <span class='ocrx_word' id='word_1_391' title='bbox 1000 5213 1170 5279; x_wconf 88' lang='lat' dir='ltr'><strong>vales,</strong></span> <span class='ocrx_word' id='word_1_392' title='bbox 1192 5213 1422 5270; x_wconf 70' lang='lat' dir='ltr'><strong>Domino</strong></span> <span class='ocrx_word' id='word_1_393' title='bbox 1445 5204 1753 5283; x_wconf 74' lang='lat' dir='ltr'><strong>adiuvante,</strong></span> <span class='ocrx_word' id='word_1_394' title='bbox 1776 5212 2005 5269; x_wconf 76' lang='lat' dir='ltr'><strong>Observa</strong></span> 
     </span>
    </p>
   </div>
   <div class='ocr_carea' id='block_1_58' title="bbox 429 5304 2005 5380">
    <p class='ocr_par' dir='ltr' id='par_1_58' title="bbox 429 5304 2005 5380">
     <span class='ocr_line' id='line_1_58' title="bbox 429 5304 2005 5380; baseline -0.002 -14"><span class='ocrx_word' id='word_1_395' title='bbox 429 5311 538 5373; x_wconf 65' lang='lat' dir='ltr'><strong>illa,</strong></span> <span class='ocrx_word' id='word_1_396' title='bbox 554 5318 612 5365; x_wconf 88' lang='lat' dir='ltr'><strong>ut</strong></span> <span class='ocrx_word' id='word_1_397' title='bbox 628 5305 944 5380; x_wconf 74' lang='lat' dir='ltr'><strong>justillceri’s</strong></span> <span class='ocrx_word' id='word_1_398' title='bbox 965 5304 1055 5360; x_wconf 79' lang='lat' dir='ltr'><strong>illa</strong></span> <span class='ocrx_word' id='word_1_399' title='bbox 1080 5305 1437 5375; x_wconf 84' lang='lat' dir='ltr'><strong>observando,</strong></span> <span class='ocrx_word' id='word_1_400' title='bbox 1462 5322 1572 5363; x_wconf 90' lang='lat' dir='ltr'><strong>non</strong></span> <span class='ocrx_word' id='word_1_401' title='bbox 1595 5306 1922 5379; x_wconf 86' lang='lat' dir='ltr'><strong>pericliteris</strong></span> <span class='ocrx_word' id='word_1_402' title='bbox 1940 5322 2005 5363; x_wconf 88' lang='lat' dir='ltr'><strong>ea</strong></span> 
     </span>
    </p>
   </div>
   <div class='ocr_carea' id='block_1_59' title="bbox 426 5397 871 5456">
    <p class='ocr_par' dir='ltr' id='par_1_59' title="bbox 426 5397 871 5456">
     <span class='ocr_line' id='line_1_59' title="bbox 426 5397 871 5456; baseline -0.013 0"><span class='ocrx_word' id='word_1_403' title='bbox 426 5397 840 5456; x_wconf 77' lang='lat' dir='ltr'><strong>contemnendo.</strong></span> <span class='ocrx_word' id='word_1_404' title='bbox 866 5398 871 5403; x_wconf 77' lang='grc'><em>’</em></span> 
     </span>
    </p>
   </div>
   <div class='ocr_carea' id='block_1_60' title="bbox 498 5484 2006 5559">
    <p class='ocr_par' dir='ltr' id='par_1_60' title="bbox 498 5484 2006 5559">
     <span class='ocr_line' id='line_1_60' title="bbox 498 5484 2006 5559; baseline 0.001 -14"><span class='ocrx_word' id='word_1_405' title='bbox 498 5488 829 5545; x_wconf 83' lang='lat' dir='ltr'><strong>Concedamr</strong></span> <span class='ocrx_word' id='word_1_406' title='bbox 857 5487 1102 5544; x_wconf 85' lang='lat' dir='ltr'><strong>eitamen</strong></span> <span class='ocrx_word' id='word_1_407' title='bbox 1122 5495 1238 5559; x_wconf 80' lang='lat' dir='ltr'><strong>post</strong></span> <span class='ocrx_word' id='word_1_408' title='bbox 1274 5484 1513 5543; x_wconf 81' lang='lat' dir='ltr'><strong>abbatem</strong></span> <span class='ocrx_word' id='word_1_409' title='bbox 1553 5496 1718 5555; x_wconf 88' lang='lat' dir='ltr'><strong>stare,</strong></span> <span class='ocrx_word' id='word_1_410' title='bbox 1778 5499 1829 5546; x_wconf 87' lang='lat' dir='ltr'><strong>et</strong></span> <span class='ocrx_word' id='word_1_411' title='bbox 1850 5486 2006 5546; x_wconf 83' lang='lat' dir='ltr'><strong>bene-</strong></span> 
     </span>
    </p>
   </div>
   <div class='ocr_carea' id='block_1_61' title="bbox 430 5576 2006 5653">
    <p class='ocr_par' dir='ltr' id='par_1_61' title="bbox 430 5576 2006 5653">
     <span class='ocr_line' id='line_1_61' title="bbox 430 5576 2006 5653; baseline 0.002 -20"><span class='ocrx_word' id='word_1_412' title='bbox 430 5576 618 5646; x_wconf 70' lang='lat' dir='ltr'><strong>dicere,</strong></span> <span class='ocrx_word' id='word_1_413' title='bbox 667 5588 757 5634; x_wconf 75' lang='lat' dir='ltr'><strong>aut</strong></span> <span class='ocrx_word' id='word_1_414' title='bbox 791 5576 979 5635; x_wconf 83' lang='lat' dir='ltr'><strong>missas</strong></span> <span class='ocrx_word' id='word_1_415' title='bbox 1008 5586 1200 5645; x_wconf 84' lang='lat' dir='ltr'><strong>tenere,</strong></span> <span class='ocrx_word' id='word_1_416' title='bbox 1230 5577 1279 5633; x_wconf 88' lang='lat' dir='ltr'><strong>si</strong></span> <span class='ocrx_word' id='word_1_417' title='bbox 1301 5586 1478 5633; x_wconf 86' lang='lat' dir='ltr'><strong>tamen</strong></span> <span class='ocrx_word' id='word_1_418' title='bbox 1492 5579 1719 5653; x_wconf 85' lang='lat' dir='ltr'><strong>jusserit</strong></span> <span class='ocrx_word' id='word_1_419' title='bbox 1743 5582 1794 5636; x_wconf 87' lang='lat' dir='ltr'><strong>ei</strong></span> <span class='ocrx_word' id='word_1_420' title='bbox 1816 5580 2006 5647; x_wconf 72' lang='lat' dir='ltr'><strong>abbas;</strong></span> 
     </span>
    </p>
   </div>
   <div class='ocr_carea' id='block_1_62' title="bbox 435 5654 2007 5741">
    <p class='ocr_par' dir='ltr' id='par_1_62' title="bbox 435 5654 2007 5741">
     <span class='ocr_line' id='line_1_62' title="bbox 435 5654 2007 5741; baseline 0.004 -20"><span class='ocrx_word' id='word_1_421' title='bbox 435 5667 515 5723; x_wconf 82' lang='lat' dir='ltr'><strong>sin</strong></span> <span class='ocrx_word' id='word_1_422' title='bbox 535 5670 691 5730; x_wconf 80' lang='lat' dir='ltr'><strong>alios.</strong></span> <span class='ocrx_word' id='word_1_423' title='bbox 717 5668 1014 5726; x_wconf 72' lang='lat' dir='ltr'><strong>nullatenus</strong></span> <span class='ocrx_word' id='word_1_424' title='bbox 1034 5668 1213 5727; x_wconf 78' lang='lat' dir='ltr'><strong>aliqua</strong></span> <span class='ocrx_word' id='word_1_425' title='bbox 1236 5654 1545 5741; x_wconf 73' lang='lat' dir='ltr'><strong>pra’snmat,</strong></span> <span class='ocrx_word' id='word_1_426' title='bbox 1580 5673 1746 5726; x_wconf 86' lang='lat' dir='ltr'><strong>sciens</strong></span> <span class='ocrx_word' id='word_1_427' title='bbox 1771 5690 1822 5727; x_wconf 85' lang='lat' dir='ltr'><strong>se</strong></span> <span class='ocrx_word' id='word_1_428' title='bbox 1849 5672 2007 5728; x_wconf 84' lang='lat' dir='ltr'><strong>disci-</strong></span> 
     </span>
    </p>
   </div>
   <div class='ocr_carea' id='block_1_63' title="bbox 2103 469 3684 544">
    <p class='ocr_par' dir='ltr' id='par_1_63' title="bbox 2103 469 3684 544">
     <span class='ocr_line' id='line_1_63' title="bbox 2103 469 3684 544; baseline -0.004 -13"><span class='ocrx_word' id='word_1_429' title='bbox 2103 479 2341 533; x_wconf 86' lang='lat' dir='ltr'><strong>omnibus</strong></span> <span class='ocrx_word' id='word_1_430' title='bbox 2380 476 2484 531; x_wconf 90' lang='lat' dir='ltr'><strong>det.</strong></span> <span class='ocrx_word' id='word_1_431' title='bbox 2521 474 2788 531; x_wconf 85' lang='lat' dir='ltr'><strong>Sacerdos</strong></span> <span class='ocrx_word' id='word_1_432' title='bbox 2824 473 2916 544; x_wconf 89' lang='lat' dir='ltr'><strong>qui</strong></span> <span class='ocrx_word' id='word_1_433' title='bbox 2951 473 3090 527; x_wconf 92' lang='lat' dir='ltr'><strong>bene</strong></span> <span class='ocrx_word' id='word_1_434' title='bbox 3125 470 3179 529; x_wconf 92' lang='lat' dir='ltr'><strong>in</strong></span> <span class='ocrx_word' id='word_1_435' title='bbox 3212 469 3413 524; x_wconf 61' lang='lat' dir='ltr'><strong>saeculo</strong></span> <span class='ocrx_word' id='word_1_436' title='bbox 3442 469 3684 525; x_wconf 79' lang='lat' dir='ltr'><strong>custodi-</strong></span> 
     </span>
    </p>
   </div>
   <div class='ocr_carea' id='block_1_64' title="bbox 2105 559 3683 633">
    <p class='ocr_par' dir='ltr' id='par_1_64' title="bbox 2105 559 3683 633">
     <span class='ocr_line' id='line_1_64' title="bbox 2105 559 3683 633; baseline -0.004 -11"><span class='ocrx_word' id='word_1_437' title='bbox 2105 576 2191 624; x_wconf 88' lang='lat' dir='ltr'><strong>tus</strong></span> <span class='ocrx_word' id='word_1_438' title='bbox 2225 568 2294 623; x_wconf 90' lang='lat' dir='ltr'><strong>ob</strong></span> <span class='ocrx_word' id='word_1_439' title='bbox 2346 582 2587 624; x_wconf 89' lang='lat' dir='ltr'><strong>amorem</strong></span> <span class='ocrx_word' id='word_1_440' title='bbox 2635 563 2753 631; x_wconf 88' lang='lat' dir='ltr'><strong>Dei,</strong></span> <span class='ocrx_word' id='word_1_441' title='bbox 2797 577 3116 633; x_wconf 84' lang='lat' dir='ltr'><strong>morumque</strong></span> <span class='ocrx_word' id='word_1_442' title='bbox 3161 575 3384 617; x_wconf 89' lang='lat' dir='ltr'><strong>suorum</strong></span> <span class='ocrx_word' id='word_1_443' title='bbox 3426 559 3683 616; x_wconf 78' lang='lat' dir='ltr'><strong>honesta-</strong></span> 
     </span>
    </p>
   </div>
   <div class='ocr_carea' id='block_1_65' title="bbox 2105 646 3684 728">
    <p class='ocr_par' dir='ltr' id='par_1_65' title="bbox 2105 646 3684 728">
     <span class='ocr_line' id='line_1_65' title="bbox 2105 646 3684 728; baseline -0.007 -15"><span class='ocrx_word' id='word_1_444' title='bbox 2105 667 2235 725; x_wconf 90' lang='lat' dir='ltr'><strong>tem,</strong></span> <span class='ocrx_word' id='word_1_445' title='bbox 2282 657 2514 728; x_wconf 81' lang='lat' dir='ltr'><strong>vitaeque</strong></span> <span class='ocrx_word' id='word_1_446' title='bbox 2556 654 2822 727; x_wconf 78' lang='lat' dir='ltr'><strong>regularis</strong></span> <span class='ocrx_word' id='word_1_447' title='bbox 2869 656 3357 721; x_wconf 86' lang='lat' dir='ltr'><strong>temperamentum</strong></span> <span class='ocrx_word' id='word_1_448' title='bbox 3412 648 3563 704; x_wconf 81' lang='lat' dir='ltr'><strong>venit</strong></span> <span class='ocrx_word' id='word_1_449' title='bbox 3612 646 3684 703; x_wconf 87' lang='lat' dir='ltr'><strong>ad</strong></span> 
     </span>
    </p>
   </div>
   <div class='ocr_carea' id='block_1_66' title="bbox 2102 736 3683 814">
    <p class='ocr_par' dir='ltr' id='par_1_66' title="bbox 2102 736 3683 814">
     <span class='ocr_line' id='line_1_66' title="bbox 2102 736 3683 814; baseline -0.008 -9"><span class='ocrx_word' id='word_1_450' title='bbox 2102 748 2514 814; x_wconf 86' lang='lat' dir='ltr'><strong>monasterium,</strong></span> <span class='ocrx_word' id='word_1_451' title='bbox 2562 752 2620 802; x_wconf 90' lang='lat' dir='ltr'><strong>et</strong></span> <span class='ocrx_word' id='word_1_452' title='bbox 2651 752 2714 801; x_wconf 91' lang='lat' dir='ltr'><strong>ut</strong></span> <span class='ocrx_word' id='word_1_453' title='bbox 2749 744 2965 814; x_wconf 87' lang='lat' dir='ltr'><strong>quietus</strong></span> <span class='ocrx_word' id='word_1_454' title='bbox 2986 738 3059 796; x_wconf 88' lang='lat' dir='ltr'><strong>ibi</strong></span> <span class='ocrx_word' id='word_1_455' title='bbox 3090 738 3321 795; x_wconf 87' lang='lat' dir='ltr'><strong>Domino</strong></span> <span class='ocrx_word' id='word_1_456' title='bbox 3359 736 3585 802; x_wconf 87' lang='lat' dir='ltr'><strong>serviat,</strong></span> <span class='ocrx_word' id='word_1_457' title='bbox 3627 745 3683 793; x_wconf 88' lang='lat' dir='ltr'><strong>et</strong></span> 
     </span>
    </p>
   </div>
   <div class='ocr_carea' id='block_1_67' title="bbox 2103 828 3684 913">
    <p class='ocr_par' dir='ltr' id='par_1_67' title="bbox 2103 828 3684 913">
     <span class='ocr_line' id='line_1_67' title="bbox 2103 828 3684 913; baseline -0.007 -18"><span class='ocrx_word' id='word_1_458' title='bbox 2103 839 2333 911; x_wconf 89' lang='lat' dir='ltr'><strong>amplius</strong></span> <span class='ocrx_word' id='word_1_459' title='bbox 2360 838 2696 913; x_wconf 88' lang='lat' dir='ltr'><strong>ampliusque</strong></span> <span class='ocrx_word' id='word_1_460' title='bbox 2721 832 2777 893; x_wconf 92' lang='lat' dir='ltr'><strong>in</strong></span> <span class='ocrx_word' id='word_1_461' title='bbox 2803 828 3093 891; x_wconf 83' lang='lat' dir='ltr'><strong>virtutibus</strong></span> <span class='ocrx_word' id='word_1_462' title='bbox 3127 840 3361 897; x_wconf 86' lang='lat' dir='ltr'><strong>crescat,</strong></span> <span class='ocrx_word' id='word_1_463' title='bbox 3393 840 3449 888; x_wconf 87' lang='lat' dir='ltr'><strong>et</strong></span> <span class='ocrx_word' id='word_1_464' title='bbox 3482 842 3546 886; x_wconf 87' lang='lat' dir='ltr'><strong>nt</strong></span> <span class='ocrx_word' id='word_1_465' title='bbox 3576 831 3684 886; x_wconf 85' lang='lat' dir='ltr'><strong>Pa-</strong></span> 
     </span>
    </p>
   </div>
   <div class='ocr_carea' id='block_1_68' title="bbox 2106 922 3685 1018">
    <p class='ocr_par' dir='ltr' id='par_1_68' title="bbox 2106 922 3685 1018">
     <span class='ocr_line' id='line_1_68' title="bbox 2106 922 3685 1018; baseline -0.008 -30"><span class='ocrx_word' id='word_1_466' title='bbox 2106 943 2186 988; x_wconf 86' lang='lat' dir='ltr'><strong>ter</strong></span> <span class='ocrx_word' id='word_1_467' title='bbox 2222 932 2617 1018; x_wconf 59' lang='lat' dir='ltr'><strong>monachorum</strong></span> <span class='ocrx_word' id='word_1_468' title='bbox 2661 928 2717 984; x_wconf 91' lang='lat' dir='ltr'><strong>in</strong></span> <span class='ocrx_word' id='word_1_469' title='bbox 2738 923 3075 983; x_wconf 85' lang='lat' dir='ltr'><strong>monasterio</strong></span> <span class='ocrx_word' id='word_1_470' title='bbox 3096 922 3252 989; x_wconf 87' lang='lat' dir='ltr'><strong>vivit,</strong></span> <span class='ocrx_word' id='word_1_471' title='bbox 3281 930 3338 982; x_wconf 86' lang='lat' dir='ltr'><strong>et</strong></span> <span class='ocrx_word' id='word_1_472' title='bbox 3373 923 3685 983; x_wconf 73' lang='lat' dir='ltr'><strong>sanctitatis</strong></span> 
     </span>
    </p>
   </div>
   <div class='ocr_carea' id='block_1_69' title="bbox 2101 1013 3684 1092">
    <p class='ocr_par' dir='ltr' id='par_1_69' title="bbox 2101 1013 3684 1092">
     <span class='ocr_line' id='line_1_69' title="bbox 2101 1013 3684 1092; baseline -0.007 -14"><span class='ocrx_word' id='word_1_473' title='bbox 2101 1022 2408 1092; x_wconf 81' lang='lat' dir='ltr'><strong>exemplum</strong></span> <span class='ocrx_word' id='word_1_474' title='bbox 2449 1013 2741 1078; x_wconf 65' lang='lat' dir='ltr'><strong>osténdens</strong></span> <span class='ocrx_word' id='word_1_475' title='bbox 2780 1017 2839 1077; x_wconf 91' lang='lat' dir='ltr'><strong>in</strong></span> <span class='ocrx_word' id='word_1_476' title='bbox 2888 1015 3182 1073; x_wconf 87' lang='lat' dir='ltr'><strong>virtutibus</strong></span> <span class='ocrx_word' id='word_1_477' title='bbox 3217 1013 3422 1071; x_wconf 84' lang='lat' dir='ltr'><strong>sanctis</strong></span> <span class='ocrx_word' id='word_1_478' title='bbox 3469 1013 3684 1069; x_wconf 64' lang='lat' dir='ltr'><strong>caeteris</strong></span> 
     </span>
    </p>
   </div>
   <div class='ocr_carea' id='block_1_70' title="bbox 2100 1105 3687 1187">
    <p class='ocr_par' dir='ltr' id='par_1_70' title="bbox 2100 1105 3687 1187">
     <span class='ocr_line' id='line_1_70' title="bbox 2100 1105 3687 1187; baseline -0.008 -17"><span class='ocrx_word' id='word_1_479' title='bbox 2100 1113 2358 1187; x_wconf 84' lang='lat' dir='ltr'><strong>praecellit</strong></span> <span class='ocrx_word' id='word_1_480' title='bbox 2382 1133 2396 1169; x_wconf 87' lang='lat'><strong>:</strong></span> <span class='ocrx_word' id='word_1_481' title='bbox 2420 1112 2548 1169; x_wconf 85' lang='lat' dir='ltr'><strong>huic</strong></span> <span class='ocrx_word' id='word_1_482' title='bbox 2578 1111 2683 1167; x_wconf 89' lang='lat' dir='ltr'><strong>rite</strong></span> <span class='ocrx_word' id='word_1_483' title='bbox 2710 1108 3040 1167; x_wconf 79' lang='lat' dir='ltr'><strong>concedatur</strong></span> <span class='ocrx_word' id='word_1_484' title='bbox 3066 1113 3121 1161; x_wconf 89' lang='lat' dir='ltr'><strong>et</strong></span> <span class='ocrx_word' id='word_1_485' title='bbox 3138 1113 3263 1179; x_wconf 85' lang='lat' dir='ltr'><strong>post</strong></span> <span class='ocrx_word' id='word_1_486' title='bbox 3284 1105 3534 1160; x_wconf 85' lang='lat' dir='ltr'><strong>abbatem</strong></span> <span class='ocrx_word' id='word_1_487' title='bbox 3574 1113 3687 1158; x_wconf 88' lang='lat' dir='ltr'><strong>sta-</strong></span> 
     </span>
    </p>
   </div>
   <div class='ocr_carea' id='block_1_71' title="bbox 2103 1192 3683 1271">
    <p class='ocr_par' dir='ltr' id='par_1_71' title="bbox 2103 1192 3683 1271">
     <span class='ocr_line' id='line_1_71' title="bbox 2103 1192 3683 1271; baseline -0.009 -8"><span class='ocrx_word' id='word_1_488' title='bbox 2103 1223 2186 1270; x_wconf 87' lang='lat' dir='ltr'><strong>re.</strong></span> <span class='ocrx_word' id='word_1_489' title='bbox 2225 1216 2282 1262; x_wconf 89' lang='lat' dir='ltr'><strong>et</strong></span> <span class='ocrx_word' id='word_1_490' title='bbox 2306 1204 2653 1271; x_wconf 86' lang='lat' dir='ltr'><strong>benedicere,</strong></span> <span class='ocrx_word' id='word_1_491' title='bbox 2707 1208 2764 1259; x_wconf 89' lang='lat' dir='ltr'><strong>et</strong></span> <span class='ocrx_word' id='word_1_492' title='bbox 2803 1198 3002 1257; x_wconf 89' lang='lat' dir='ltr'><strong>missas</strong></span> <span class='ocrx_word' id='word_1_493' title='bbox 3032 1206 3240 1254; x_wconf 86' lang='lat' dir='ltr'><strong>tenere.</strong></span> <span class='ocrx_word' id='word_1_494' title='bbox 3270 1192 3481 1253; x_wconf 49' lang='lat' dir='ltr'><strong>Et&#39;boc</strong></span> <span class='ocrx_word' id='word_1_495' title='bbox 3503 1196 3683 1267; x_wconf 84' lang='lat' dir='ltr'><strong>ipsum</strong></span> 
     </span>
    </p>
   </div>
   <div class='ocr_carea' id='block_1_72' title="bbox 2103 1289 3688 1366">
    <p class='ocr_par' dir='ltr' id='par_1_72' title="bbox 2103 1289 3688 1366">
     <span class='ocr_line' id='line_1_72' title="bbox 2103 1289 3688 1366; baseline -0.01 -8"><span class='ocrx_word' id='word_1_496' title='bbox 2103 1317 2211 1360; x_wconf 91' lang='lat' dir='ltr'><strong>non</strong></span> <span class='ocrx_word' id='word_1_497' title='bbox 2258 1317 2353 1355; x_wconf 88' lang='lat' dir='ltr'><strong>sua</strong></span> <span class='ocrx_word' id='word_1_498' title='bbox 2377 1297 2707 1363; x_wconf 87' lang='lat' dir='ltr'><strong>temeritate,</strong></span> <span class='ocrx_word' id='word_1_499' title='bbox 2734 1295 2831 1351; x_wconf 87' lang='lat' dir='ltr'><strong>sed</strong></span> <span class='ocrx_word' id='word_1_500' title='bbox 2847 1292 3054 1366; x_wconf 75' lang='lat' dir='ltr'><strong>jussus,</strong></span> <span class='ocrx_word' id='word_1_501' title='bbox 3094 1300 3151 1347; x_wconf 90' lang='lat' dir='ltr'><strong>et</strong></span> <span class='ocrx_word' id='word_1_502' title='bbox 3176 1290 3483 1354; x_wconf 84' lang='lat' dir='ltr'><strong>ordinante,</strong></span> <span class='ocrx_word' id='word_1_503' title='bbox 3524 1289 3688 1345; x_wconf 81' lang='lat' dir='ltr'><strong>debet</strong></span> 
     </span>
    </p>
   </div>
   <div class='ocr_carea' id='block_1_73' title="bbox 2102 1380 3685 1465">
    <p class='ocr_par' dir='ltr' id='par_1_73' title="bbox 2102 1380 3685 1465">
     <span class='ocr_line' id='line_1_73' title="bbox 2102 1380 3685 1465; baseline -0.009 -16"><span class='ocrx_word' id='word_1_504' title='bbox 2102 1408 2264 1465; x_wconf 85' lang='lat' dir='ltr'><strong>agere</strong></span> <span class='ocrx_word' id='word_1_505' title='bbox 2288 1391 2500 1449; x_wconf 83' lang='lat' dir='ltr'><strong>abbate.</strong></span> <span class='ocrx_word' id='word_1_506' title='bbox 2550 1389 2653 1459; x_wconf 85' lang='lat' dir='ltr'><strong>Qui</strong></span> <span class='ocrx_word' id='word_1_507' title='bbox 2684 1383 2823 1444; x_wconf 82' lang='lat' dir='ltr'><strong>&#39;vero</strong></span> <span class='ocrx_word' id='word_1_508' title='bbox 2862 1385 3072 1458; x_wconf 81' lang='lat' dir='ltr'><strong>peccati</strong></span> <span class='ocrx_word' id='word_1_509' title='bbox 3111 1384 3351 1457; x_wconf 88' lang='lat' dir='ltr'><strong>pondere</strong></span> <span class='ocrx_word' id='word_1_510' title='bbox 3378 1397 3603 1454; x_wconf 84' lang='lat' dir='ltr'><strong>pressus</strong></span> <span class='ocrx_word' id='word_1_511' title='bbox 3631 1380 3685 1435; x_wconf 89' lang='lat' dir='ltr'><strong>in</strong></span> 
     </span>
    </p>
   </div>
   <div class='ocr_carea' id='block_1_74' title="bbox 2102 1472 3681 1558">
    <p class='ocr_par' dir='ltr' id='par_1_74' title="bbox 2102 1472 3681 1558">
     <span class='ocr_line' id='line_1_74' title="bbox 2102 1472 3681 1558; baseline -0.011 -15"><span class='ocrx_word' id='word_1_512' title='bbox 2102 1494 2396 1558; x_wconf 88' lang='lat' dir='ltr'><strong>conspectu</strong></span> <span class='ocrx_word' id='word_1_513' title='bbox 2425 1483 2521 1540; x_wconf 88' lang='lat' dir='ltr'><strong>Dei</strong></span> <span class='ocrx_word' id='word_1_514' title='bbox 2545 1499 2577 1539; x_wconf 88' lang='lat' dir='ltr'><strong>a</strong></span> <span class='ocrx_word' id='word_1_515' title='bbox 2605 1479 2929 1540; x_wconf 85' lang='lat' dir='ltr'><strong>sacerdotali</strong></span> <span class='ocrx_word' id='word_1_516' title='bbox 2962 1485 3049 1534; x_wconf 90' lang='lat' dir='ltr'><strong>est</strong></span> <span class='ocrx_word' id='word_1_517' title='bbox 3069 1472 3277 1533; x_wconf 81' lang='lat' dir='ltr'><strong>honore</strong></span> <span class='ocrx_word' id='word_1_518' title='bbox 3297 1473 3596 1544; x_wconf 89' lang='lat' dir='ltr'><strong>depositus,</strong></span> <span class='ocrx_word' id='word_1_519' title='bbox 3625 1481 3681 1527; x_wconf 83' lang='lat' dir='ltr'><strong>et</strong></span> 
     </span>
    </p>
   </div>
   <div class='ocr_carea' id='block_1_75' title="bbox 2103 1564 3662 1650">
    <p class='ocr_par' dir='ltr' id='par_1_75' title="bbox 2103 1564 3662 1650">
     <span class='ocr_line' id='line_1_75' title="bbox 2103 1564 3662 1650; baseline -0.01 -18"><span class='ocrx_word' id='word_1_520' title='bbox 2103 1588 2164 1632; x_wconf 94' lang='lat' dir='ltr'><strong>ut</strong></span> <span class='ocrx_word' id='word_1_521' title='bbox 2202 1576 2461 1639; x_wconf 85' lang='lat' dir='ltr'><strong>salvetur,</strong></span> <span class='ocrx_word' id='word_1_522' title='bbox 2486 1574 2741 1650; x_wconf 48' lang='lat' dir='ltr'><strong>.claustra</strong></span> <span class='ocrx_word' id='word_1_523' title='bbox 2770 1570 2900 1645; x_wconf 87' lang='lat' dir='ltr'><strong>petit</strong></span> <span class='ocrx_word' id='word_1_524' title='bbox 2940 1565 3281 1634; x_wconf 84' lang='lat' dir='ltr'><strong>monasterii,</strong></span> <span class='ocrx_word' id='word_1_525' title='bbox 3320 1572 3382 1619; x_wconf 92' lang='lat' dir='ltr'><strong>ut</strong></span> <span class='ocrx_word' id='word_1_526' title='bbox 3407 1564 3662 1649; x_wconf 79' lang='lat' dir='ltr'><strong>ibipami</strong></span> 
     </span>
    </p>
   </div>
   <div class='ocr_carea' id='block_1_76' title="bbox 2106 1644 3688 1735">
    <p class='ocr_par' dir='ltr' id='par_1_76' title="bbox 2106 1644 3688 1735">
     <span class='ocr_line' id='line_1_76' title="bbox 2106 1644 3688 1735; baseline -0.012 -8"><span class='ocrx_word' id='word_1_527' title='bbox 2106 1670 2289 1727; x_wconf 65' lang='lat' dir='ltr'><strong>tentia:</strong></span> <span class='ocrx_word' id='word_1_528' title='bbox 2311 1644 2571 1726; x_wconf 78' lang='lat' dir='ltr'><strong>subactus</strong></span> <span class='ocrx_word' id='word_1_529' title='bbox 2590 1666 2962 1735; x_wconf 88' lang='lat' dir='ltr'><strong>vivatsemper</strong></span> <span class='ocrx_word' id='word_1_530' title='bbox 2975 1656 3317 1731; x_wconf 80' lang='lat' dir='ltr'><strong>humiliatus,</strong></span> <span class='ocrx_word' id='word_1_531' title='bbox 3358 1672 3466 1712; x_wconf 90' lang='lat' dir='ltr'><strong>non</strong></span> <span class='ocrx_word' id='word_1_532' title='bbox 3485 1644 3537 1715; x_wconf 88' lang='lat' dir='ltr'><strong>ci</strong></span> <span class='ocrx_word' id='word_1_533' title='bbox 3561 1654 3688 1711; x_wconf 86' lang='lat' dir='ltr'><strong>talis</strong></span> 
     </span>
    </p>
   </div>
   <div class='ocr_carea' id='block_1_77' title="bbox 1984 1746 3685 1837">
    <p class='ocr_par' dir='ltr' id='par_1_77' title="bbox 1984 1746 3685 1837">
     <span class='ocr_line' id='line_1_77' title="bbox 1984 1746 3685 1837; baseline -0.008 -23"><span class='ocrx_word' id='word_1_534' title='bbox 1984 1818 1987 1827; x_wconf 31' lang='grc' dir='ltr'><strong>η</strong></span> <span class='ocrx_word' id='word_1_535' title='bbox 2027 1750 2075 1813; x_wconf 83' lang='grc' dir='ltr'><strong>Β</strong></span> <span class='ocrx_word' id='word_1_536' title='bbox 2100 1770 2185 1818; x_wconf 88' lang='lat' dir='ltr'><strong>est</strong></span> <span class='ocrx_word' id='word_1_537' title='bbox 2208 1762 2358 1816; x_wconf 91' lang='lat' dir='ltr'><strong>locus</strong></span> <span class='ocrx_word' id='word_1_538' title='bbox 2393 1757 2740 1837; x_wconf 72' lang='lat' dir='ltr'><strong>quzerendus,</strong></span> <span class='ocrx_word' id='word_1_539' title='bbox 2773 1756 2870 1813; x_wconf 89' lang='lat' dir='ltr'><strong>sed</strong></span> <span class='ocrx_word' id='word_1_540' title='bbox 2896 1752 2981 1821; x_wconf 80' lang='lat' dir='ltr'><strong>sui</strong></span> <span class='ocrx_word' id='word_1_541' title='bbox 3016 1750 3223 1811; x_wconf 89' lang='lat' dir='ltr'><strong>ordinis</strong></span> <span class='ocrx_word' id='word_1_542' title='bbox 3266 1748 3541 1810; x_wconf 79' lang='lat' dir='ltr'><strong>humiliter</strong></span> <span class='ocrx_word' id='word_1_543' title='bbox 3565 1746 3685 1807; x_wconf 80' lang='lat' dir='ltr'><strong>loco</strong></span> 
     </span>
    </p>
   </div>
   <div class='ocr_carea' id='block_1_78' title="bbox 2096 1853 3327 1921">
    <p class='ocr_par' dir='ltr' id='par_1_78' title="bbox 2096 1853 3327 1921">
     <span class='ocr_line' id='line_1_78' title="bbox 2096 1853 3327 1921; baseline -0.01 -10"><span class='ocrx_word' id='word_1_544' title='bbox 2096 1853 2256 1911; x_wconf 85' lang='lat' dir='ltr'><strong>debet</strong></span> <span class='ocrx_word' id='word_1_545' title='bbox 2278 1866 2402 1921; x_wconf 84' lang='lat' dir='ltr'><strong>esse</strong></span> <span class='ocrx_word' id='word_1_546' title='bbox 2428 1856 2739 1905; x_wconf 85' lang='lat' dir='ltr'><strong>contentus.</strong></span> <span class='ocrx_word' id='word_1_547' title='bbox 3105 1904 3111 1911; x_wconf 58' lang='grc'><em>,</em></span> <span class='ocrx_word' id='word_1_548' title='bbox 3322 1910 3327 1913; x_wconf 90' lang='lat'><em>_</em></span> 
     </span>
    </p>
   </div>
   <div class='ocr_carea' id='block_1_79' title="bbox 2168 1931 3685 2014">
    <p class='ocr_par' dir='ltr' id='par_1_79' title="bbox 2168 1931 3685 2014">
     <span class='ocr_line' id='line_1_79' title="bbox 2168 1931 3685 2014; baseline -0.007 -17"><span class='ocrx_word' id='word_1_549' title='bbox 2168 1943 2228 1997; x_wconf 90' lang='lat' dir='ltr'><strong>Si</strong></span> <span class='ocrx_word' id='word_1_550' title='bbox 2266 1943 2402 2014; x_wconf 76' lang='lat' dir='ltr'><strong>forte</strong></span> <span class='ocrx_word' id='word_1_551' title='bbox 2446 1939 2798 1995; x_wconf 83' lang='lat' dir='ltr'><strong>ordinationis</strong></span> <span class='ocrx_word' id='word_1_552' title='bbox 2819 1945 2915 1993; x_wconf 85' lang='lat' dir='ltr'><strong>aut</strong></span> <span class='ocrx_word' id='word_1_553' title='bbox 2961 1935 3195 2006; x_wconf 82' lang='lat' dir='ltr'><strong>alicujus</strong></span> <span class='ocrx_word' id='word_1_554' title='bbox 3225 1933 3301 1991; x_wconf 81' lang='lat' dir='ltr'><strong>rei</strong></span> <span class='ocrx_word' id='word_1_555' title='bbox 3331 1948 3494 1991; x_wconf 77' lang='lat' dir='ltr'><strong>causa</strong></span> <span class='ocrx_word' id='word_1_556' title='bbox 3521 1931 3685 2001; x_wconf 64' lang='lat' dir='ltr'><strong>[utris</strong></span> 
     </span>
    </p>
   </div>
   <div class='ocr_carea' id='block_1_80' title="bbox 2096 2023 3683 2099">
    <p class='ocr_par' dir='ltr' id='par_1_80' title="bbox 2096 2023 3683 2099">
     <span class='ocr_line' id='line_1_80' title="bbox 2096 2023 3683 2099; baseline -0.007 -11"><span class='ocrx_word' id='word_1_557' title='bbox 2096 2034 2151 2088; x_wconf 86' lang='lat' dir='ltr'><strong>in</strong></span> <span class='ocrx_word' id='word_1_558' title='bbox 2187 2033 2532 2098; x_wconf 86' lang='lat' dir='ltr'><strong>monasterio,</strong></span> <span class='ocrx_word' id='word_1_559' title='bbox 2563 2029 2715 2089; x_wconf 84' lang='lat' dir='ltr'><strong>illum</strong></span> <span class='ocrx_word' id='word_1_560' title='bbox 2746 2028 2921 2085; x_wconf 81' lang='lat' dir='ltr'><strong>locum</strong></span> <span class='ocrx_word' id='word_1_561' title='bbox 2942 2026 3207 2093; x_wconf 83' lang='lat' dir='ltr'><strong>attendat,</strong></span> <span class='ocrx_word' id='word_1_562' title='bbox 3249 2024 3463 2098; x_wconf 84' lang='lat' dir='ltr'><strong>quando</strong></span> <span class='ocrx_word' id='word_1_563' title='bbox 3485 2023 3683 2099; x_wconf 26' lang='lat' dir='ltr'><strong>ingres.</strong></span> 
     </span>
    </p>
   </div>
   <div class='ocr_carea' id='block_1_81' title="bbox 2096 2116 3687 2192">
    <p class='ocr_par' dir='ltr' id='par_1_81' title="bbox 2096 2116 3687 2192">
     <span class='ocr_line' id='line_1_81' title="bbox 2096 2116 3687 2192; baseline -0.011 -6"><span class='ocrx_word' id='word_1_564' title='bbox 2096 2144 2186 2187; x_wconf 79' lang='lat' dir='ltr'><strong>sus</strong></span> <span class='ocrx_word' id='word_1_565' title='bbox 2212 2136 2288 2183; x_wconf 80' lang='lat' dir='ltr'><strong>est</strong></span> <span class='ocrx_word' id='word_1_566' title='bbox 2308 2123 2708 2192; x_wconf 80' lang='lat' dir='ltr'><strong>monasterium,</strong></span> <span class='ocrx_word' id='word_1_567' title='bbox 2744 2138 2850 2187; x_wconf 83' lang='lat' dir='ltr'><strong>non</strong></span> <span class='ocrx_word' id='word_1_568' title='bbox 2876 2120 3029 2176; x_wconf 88' lang='lat' dir='ltr'><strong>illum</strong></span> <span class='ocrx_word' id='word_1_569' title='bbox 3066 2119 3155 2191; x_wconf 83' lang='lat' dir='ltr'><strong>qui</strong></span> <span class='ocrx_word' id='word_1_570' title='bbox 3195 2119 3242 2173; x_wconf 89' lang='lat' dir='ltr'><strong>ei</strong></span> <span class='ocrx_word' id='word_1_571' title='bbox 3272 2135 3367 2189; x_wconf 87' lang='lat' dir='ltr'><strong>pro</strong></span> <span class='ocrx_word' id='word_1_572' title='bbox 3398 2116 3687 2175; x_wconf 71' lang='lat' dir='ltr'><strong>reveretuia</strong></span> 
     </span>
    </p>
   </div>
   <div class='ocr_carea' id='block_1_82' title="bbox 2097 2202 3665 2289">
    <p class='ocr_par' dir='ltr' id='par_1_82' title="bbox 2097 2202 3665 2289">
     <span class='ocr_line' id='line_1_82' title="bbox 2097 2202 3665 2289; baseline -0.01 -12"><span class='ocrx_word' id='word_1_573' title='bbox 2097 2202 2376 2283; x_wconf 53' lang='lat' dir='ltr'><strong>iaccrdotii</strong></span> <span class='ocrx_word' id='word_1_574' title='bbox 2434 2232 2707 2274; x_wconf 75' lang='lat' dir='ltr'><strong>canemus</strong></span> <span class='ocrx_word' id='word_1_575' title='bbox 2731 2222 2833 2271; x_wconf 83' lang='lat' dir='ltr'><strong>ost.</strong></span> <span class='ocrx_word' id='word_1_576' title='bbox 2871 2211 3026 2289; x_wconf 86' lang='lat' dir='ltr'><strong>Quod</strong></span> <span class='ocrx_word' id='word_1_577' title='bbox 3047 2211 3199 2276; x_wconf 89' lang='lat' dir='ltr'><strong>dicit,</strong></span> <span class='ocrx_word' id='word_1_578' title='bbox 3237 2210 3283 2267; x_wconf 89' lang='lat' dir='ltr'><strong>si</strong></span> <span class='ocrx_word' id='word_1_579' title='bbox 3305 2209 3440 2287; x_wconf 72' lang='lat' dir='ltr'><strong>{ora</strong></span> <span class='ocrx_word' id='word_1_580' title='bbox 3468 2207 3665 2263; x_wconf 62' lang='grc' dir='ltr'><strong>οηιειιιιρ</strong></span> 
     </span>
    </p>
   </div>
   <div class='ocr_carea' id='block_1_83' title="bbox 2096 2299 3662 2379">
    <p class='ocr_par' dir='ltr' id='par_1_83' title="bbox 2096 2299 3662 2379">
     <span class='ocr_line' id='line_1_83' title="bbox 2096 2299 3662 2379; baseline -0.008 -12"><span class='ocrx_word' id='word_1_581' title='bbox 2096 2311 2274 2377; x_wconf 84' lang='lat' dir='ltr'><strong>tionis,</strong></span> <span class='ocrx_word' id='word_1_582' title='bbox 2301 2317 2398 2364; x_wconf 90' lang='lat' dir='ltr'><strong>aut</strong></span> <span class='ocrx_word' id='word_1_583' title='bbox 2418 2308 2545 2379; x_wconf 88' lang='lat' dir='ltr'><strong>quia</strong></span> <span class='ocrx_word' id='word_1_584' title='bbox 2572 2305 2826 2365; x_wconf 82' lang='lat' dir='ltr'><strong>sacerdos</strong></span> <span class='ocrx_word' id='word_1_585' title='bbox 2845 2312 2932 2363; x_wconf 86' lang='lat' dir='ltr'><strong>est</strong></span> <span class='ocrx_word' id='word_1_586' title='bbox 2974 2302 3279 2367; x_wconf 81' lang='lat' dir='ltr'><strong>ordinatus.</strong></span> <span class='ocrx_word' id='word_1_587' title='bbox 3320 2306 3417 2355; x_wconf 90' lang='lat' dir='ltr'><strong>aut</strong></span> <span class='ocrx_word' id='word_1_588' title='bbox 3444 2299 3572 2370; x_wconf 82' lang='lat' dir='ltr'><strong>quia</strong></span> <span class='ocrx_word' id='word_1_589' title='bbox 3597 2313 3662 2355; x_wconf 87' lang='lat' dir='ltr'><strong>or</strong></span> 
     </span>
    </p>
   </div>
   <div class='ocr_carea' id='block_1_84' title="bbox 2097 2389 3674 2477">
    <p class='ocr_par' dir='ltr' id='par_1_84' title="bbox 2097 2389 3674 2477">
     <span class='ocr_line' id='line_1_84' title="bbox 2097 2389 3674 2477; baseline -0.013 -12"><span class='ocrx_word' id='word_1_590' title='bbox 2097 2401 2388 2465; x_wconf 88' lang='lat' dir='ltr'><strong>dinationis</strong></span> <span class='ocrx_word' id='word_1_591' title='bbox 2432 2398 2815 2477; x_wconf 84' lang='lat' dir='ltr'><strong>ministerium,</strong></span> <span class='ocrx_word' id='word_1_592' title='bbox 2870 2395 2926 2455; x_wconf 90' lang='lat' dir='ltr'><strong>id</strong></span> <span class='ocrx_word' id='word_1_593' title='bbox 2963 2402 3069 2460; x_wconf 84' lang='lat' dir='ltr'><strong>est,</strong></span> <span class='ocrx_word' id='word_1_594' title='bbox 3112 2400 3172 2451; x_wconf 90' lang='lat' dir='ltr'><strong>ut</strong></span> <span class='ocrx_word' id='word_1_595' title='bbox 3215 2391 3421 2461; x_wconf 71' lang='lat' dir='ltr'><strong>aliquid</strong></span> <span class='ocrx_word' id='word_1_596' title='bbox 3451 2389 3674 2445; x_wconf 79' lang='lat' dir='ltr'><strong>ordina-</strong></span> 
     </span>
    </p>
   </div>
   <div class='ocr_carea' id='block_1_85' title="bbox 2099 2481 3683 2573">
    <p class='ocr_par' dir='ltr' id='par_1_85' title="bbox 2099 2481 3683 2573">
     <span class='ocr_line' id='line_1_85' title="bbox 2099 2481 3683 2573; baseline -0.013 -20"><span class='ocrx_word' id='word_1_597' title='bbox 2099 2503 2184 2573; x_wconf 77' lang='lat' dir='ltr'><strong>ret</strong></span> <span class='ocrx_word' id='word_1_598' title='bbox 2227 2501 2550 2571; x_wconf 82' lang='lat' dir='ltr'><strong>potestatem</strong></span> <span class='ocrx_word' id='word_1_599' title='bbox 2596 2489 2805 2561; x_wconf 88' lang='lat' dir='ltr'><strong>accepit</strong></span> <span class='ocrx_word' id='word_1_600' title='bbox 2852 2486 2923 2543; x_wconf 89' lang='lat' dir='ltr'><strong>ab</strong></span> <span class='ocrx_word' id='word_1_601' title='bbox 2965 2486 3162 2542; x_wconf 86' lang='lat' dir='ltr'><strong>abbate</strong></span> <span class='ocrx_word' id='word_1_602' title='bbox 3212 2484 3267 2542; x_wconf 90' lang='lat' dir='ltr'><strong>in</strong></span> <span class='ocrx_word' id='word_1_603' title='bbox 3324 2481 3683 2538; x_wconf 80' lang='lat' dir='ltr'><strong>monasterio.</strong></span> 
     </span>
    </p>
   </div>
   <div class='ocr_carea' id='block_1_86' title="bbox 2097 2572 3689 2655">
    <p class='ocr_par' dir='ltr' id='par_1_86' title="bbox 2097 2572 3689 2655">
     <span class='ocr_line' id='line_1_86' title="bbox 2097 2572 3689 2655; baseline -0.008 -14"><span class='ocrx_word' id='word_1_604' title='bbox 2097 2572 2201 2642; x_wconf 78' lang='lat' dir='ltr'><strong>Aut</strong></span> <span class='ocrx_word' id='word_1_605' title='bbox 2232 2585 2463 2655; x_wconf 85' lang='lat' dir='ltr'><strong>alicujus</strong></span> <span class='ocrx_word' id='word_1_606' title='bbox 2489 2584 2566 2637; x_wconf 89' lang='lat' dir='ltr'><strong>rei</strong></span> <span class='ocrx_word' id='word_1_607' title='bbox 2601 2598 2784 2646; x_wconf 87' lang='lat' dir='ltr'><strong>causa,</strong></span> <span class='ocrx_word' id='word_1_608' title='bbox 2842 2577 3166 2635; x_wconf 87' lang='lat' dir='ltr'><strong>subauditur</strong></span> <span class='ocrx_word' id='word_1_609' title='bbox 3211 2574 3374 2630; x_wconf 82' lang='lat' dir='ltr'><strong>fuerit</strong></span> <span class='ocrx_word' id='word_1_610' title='bbox 3414 2572 3689 2629; x_wconf 77' lang='lat' dir='ltr'><strong>exaltatus</strong></span> 
     </span>
    </p>
   </div>
   <div class='ocr_carea' id='block_1_87' title="bbox 2099 2664 3691 2740">
    <p class='ocr_par' dir='ltr' id='par_1_87' title="bbox 2099 2664 3691 2740">
     <span class='ocr_line' id='line_1_87' title="bbox 2099 2664 3691 2740; baseline -0.009 -8"><span class='ocrx_word' id='word_1_611' title='bbox 2099 2675 2155 2732; x_wconf 91' lang='lat' dir='ltr'><strong>in</strong></span> <span class='ocrx_word' id='word_1_612' title='bbox 2191 2674 2545 2740; x_wconf 86' lang='lat' dir='ltr'><strong>monasterio,</strong></span> <span class='ocrx_word' id='word_1_613' title='bbox 2601 2671 2751 2729; x_wconf 87' lang='lat' dir='ltr'><strong>illum</strong></span> <span class='ocrx_word' id='word_1_614' title='bbox 2773 2669 2954 2727; x_wconf 79' lang='lat' dir='ltr'><strong>locum</strong></span> <span class='ocrx_word' id='word_1_615' title='bbox 2998 2666 3264 2732; x_wconf 84' lang='lat' dir='ltr'><strong>attendat,</strong></span> <span class='ocrx_word' id='word_1_616' title='bbox 3304 2672 3413 2722; x_wconf 86' lang='lat' dir='ltr'><strong>etc.</strong></span> <span class='ocrx_word' id='word_1_617' title='bbox 3460 2665 3537 2720; x_wconf 90' lang='lat' dir='ltr'><strong>De</strong></span> <span class='ocrx_word' id='word_1_618' title='bbox 3584 2664 3691 2719; x_wconf 78' lang='lat' dir='ltr'><strong>hoc</strong></span> 
     </span>
    </p>
   </div>
   <div class='ocr_carea' id='block_1_88' title="bbox 2099 2752 3687 2836">
    <p class='ocr_par' dir='ltr' id='par_1_88' title="bbox 2099 2752 3687 2836">
     <span class='ocr_line' id='line_1_88' title="bbox 2099 2752 3687 2836; baseline -0.008 -16"><span class='ocrx_word' id='word_1_619' title='bbox 2099 2764 2334 2836; x_wconf 82' lang='lat' dir='ltr'><strong>capitulo</strong></span> <span class='ocrx_word' id='word_1_620' title='bbox 2391 2772 2449 2819; x_wconf 88' lang='lat' dir='ltr'><strong>et</strong></span> <span class='ocrx_word' id='word_1_621' title='bbox 2474 2761 2694 2834; x_wconf 90' lang='lat' dir='ltr'><strong>quidam</strong></span> <span class='ocrx_word' id='word_1_622' title='bbox 2714 2759 3109 2817; x_wconf 79' lang='lat' dir='ltr'><strong>monachorum</strong></span> <span class='ocrx_word' id='word_1_623' title='bbox 3152 2755 3416 2827; x_wconf 83' lang='lat' dir='ltr'><strong>magister</strong></span> <span class='ocrx_word' id='word_1_624' title='bbox 3443 2755 3521 2809; x_wconf 89' lang='lat' dir='ltr'><strong>ait</strong></span> <span class='ocrx_word' id='word_1_625' title='bbox 3545 2772 3559 2810; x_wconf 89' lang='lat'><strong>:</strong></span> <span class='ocrx_word' id='word_1_626' title='bbox 3594 2752 3687 2808; x_wconf 82' lang='lat' dir='ltr'><strong>Sa-</strong></span> 
     </span>
    </p>
   </div>
   <div class='ocr_carea' id='block_1_89' title="bbox 2099 2844 3693 2924">
    <p class='ocr_par' dir='ltr' id='par_1_89' title="bbox 2099 2844 3693 2924">
     <span class='ocr_line' id='line_1_89' title="bbox 2099 2844 3693 2924; baseline -0.011 -9"><span class='ocrx_word' id='word_1_627' title='bbox 2099 2852 2346 2915; x_wconf 75' lang='lat' dir='ltr'><strong>cerdotes</strong></span> <span class='ocrx_word' id='word_1_628' title='bbox 2376 2854 2421 2911; x_wconf 91' lang='lat' dir='ltr'><strong>si</strong></span> <span class='ocrx_word' id='word_1_629' title='bbox 2446 2854 2551 2911; x_wconf 88' lang='lat' dir='ltr'><strong>hoc</strong></span> <span class='ocrx_word' id='word_1_630' title='bbox 2576 2851 2828 2924; x_wconf 84' lang='lat' dir='ltr'><strong>eligerint</strong></span> <span class='ocrx_word' id='word_1_631' title='bbox 2858 2857 2921 2906; x_wconf 92' lang='lat' dir='ltr'><strong>ut</strong></span> <span class='ocrx_word' id='word_1_632' title='bbox 2955 2864 3055 2920; x_wconf 81' lang='lat' dir='ltr'><strong>pro</strong></span> <span class='ocrx_word' id='word_1_633' title='bbox 3076 2861 3263 2905; x_wconf 89' lang='lat' dir='ltr'><strong>amore</strong></span> <span class='ocrx_word' id='word_1_634' title='bbox 3289 2846 3409 2912; x_wconf 90' lang='lat' dir='ltr'><strong>Dei,</strong></span> <span class='ocrx_word' id='word_1_635' title='bbox 3447 2844 3533 2901; x_wconf 87' lang='lat' dir='ltr'><strong>vel</strong></span> <span class='ocrx_word' id='word_1_636' title='bbox 3561 2858 3693 2916; x_wconf 88' lang='lat' dir='ltr'><strong>pro-</strong></span> 
     </span>
    </p>
   </div>
   <div class='ocr_carea' id='block_1_90' title="bbox 2099 2928 3695 3023">
    <p class='ocr_par' dir='ltr' id='par_1_90' title="bbox 2099 2928 3695 3023">
     <span class='ocr_line' id='line_1_90' title="bbox 2099 2928 3695 3023; baseline -0.009 -21"><span class='ocrx_word' id='word_1_637' title='bbox 2099 2954 2221 3023; x_wconf 83' lang='lat' dir='ltr'><strong>pter</strong></span> <span class='ocrx_word' id='word_1_638' title='bbox 2249 2942 2609 3016; x_wconf 87' lang='lat' dir='ltr'><strong>disciplinam,</strong></span> <span class='ocrx_word' id='word_1_639' title='bbox 2655 2941 2742 2999; x_wconf 86' lang='lat' dir='ltr'><strong>vel</strong></span> <span class='ocrx_word' id='word_1_640' title='bbox 2768 2928 3079 3009; x_wconf 83' lang='lat' dir='ltr'><strong>mensuram</strong></span> <span class='ocrx_word' id='word_1_641' title='bbox 3109 2945 3314 2995; x_wconf 61' lang='lat' dir='ltr'><strong>sancte</strong></span> <span class='ocrx_word' id='word_1_642' title='bbox 3334 2928 3462 2992; x_wconf 69' lang='lat' dir='ltr'><strong>vitm</strong></span> <span class='ocrx_word' id='word_1_643' title='bbox 3501 2949 3695 2989; x_wconf 87' lang='lat' dir='ltr'><strong>mona—</strong></span> 
     </span>
    </p>
   </div>
   <div class='ocr_carea' id='block_1_91' title="bbox 2104 3026 3697 3101">
    <p class='ocr_par' dir='ltr' id='par_1_91' title="bbox 2104 3026 3697 3101">
     <span class='ocr_line' id='line_1_91' title="bbox 2104 3026 3697 3101; baseline -0.005 -8"><span class='ocrx_word' id='word_1_644' title='bbox 2104 3035 2286 3093; x_wconf 87' lang='lat' dir='ltr'><strong>steriis</strong></span> <span class='ocrx_word' id='word_1_645' title='bbox 2320 3034 2589 3101; x_wconf 88' lang='lat' dir='ltr'><strong>habitent,</strong></span> <span class='ocrx_word' id='word_1_646' title='bbox 2636 3032 2697 3091; x_wconf 88' lang='lat' dir='ltr'><strong>in</strong></span> <span class='ocrx_word' id='word_1_647' title='bbox 2725 3032 2841 3089; x_wconf 84' lang='lat' dir='ltr'><strong>solo</strong></span> <span class='ocrx_word' id='word_1_648' title='bbox 2874 3030 3092 3091; x_wconf 87' lang='lat' dir='ltr'><strong>nomine</strong></span> <span class='ocrx_word' id='word_1_649' title='bbox 3122 3027 3315 3085; x_wconf 86' lang='lat' dir='ltr'><strong>Patres</strong></span> <span class='ocrx_word' id='word_1_650' title='bbox 3369 3026 3697 3085; x_wconf 80' lang='lat' dir='ltr'><strong>monasterii</strong></span> 
     </span>
    </p>
   </div>
   <div class='ocr_carea' id='block_1_92' title="bbox 2104 3119 3694 3200">
    <p class='ocr_par' dir='ltr' id='par_1_92' title="bbox 2104 3119 3694 3200">
     <span class='ocr_line' id='line_1_92' title="bbox 2104 3119 3694 3200; baseline -0.007 -16"><span class='ocrx_word' id='word_1_651' title='bbox 2104 3137 2507 3200; x_wconf 91' lang='lat' dir='ltr'><strong>nuncupentur,</strong></span> <span class='ocrx_word' id='word_1_652' title='bbox 2531 3120 2740 3182; x_wconf 59' lang='lat' dir='ltr'><strong>et&#39;nibil</strong></span> <span class='ocrx_word' id='word_1_653' title='bbox 2770 3124 2916 3180; x_wconf 89' lang='lat' dir='ltr'><strong>aliud</strong></span> <span class='ocrx_word' id='word_1_654' title='bbox 2941 3123 3023 3179; x_wconf 89' lang='lat' dir='ltr'><strong>eis</strong></span> <span class='ocrx_word' id='word_1_655' title='bbox 3051 3123 3107 3178; x_wconf 91' lang='lat' dir='ltr'><strong>in</strong></span> <span class='ocrx_word' id='word_1_656' title='bbox 3130 3120 3478 3185; x_wconf 86' lang='lat' dir='ltr'><strong>monasteriis</strong></span> <span class='ocrx_word' id='word_1_657' title='bbox 3503 3119 3694 3184; x_wconf 86' lang='lat' dir='ltr'><strong>liccat,</strong></span> 
     </span>
    </p>
   </div>
   <div class='ocr_carea' id='block_1_93' title="bbox 2103 3209 3694 3295">
    <p class='ocr_par' dir='ltr' id='par_1_93' title="bbox 2103 3209 3694 3295">
     <span class='ocr_line' id='line_1_93' title="bbox 2103 3209 3694 3295; baseline -0.006 -22"><span class='ocrx_word' id='word_1_658' title='bbox 2103 3218 2209 3275; x_wconf 88' lang='lat' dir='ltr'><strong>nisi</strong></span> <span class='ocrx_word' id='word_1_659' title='bbox 2256 3219 2534 3275; x_wconf 88' lang='lat' dir='ltr'><strong>orationes</strong></span> <span class='ocrx_word' id='word_1_660' title='bbox 2555 3216 2828 3287; x_wconf 81' lang='lat' dir='ltr'><strong>colligere,</strong></span> <span class='ocrx_word' id='word_1_661' title='bbox 2857 3213 3150 3295; x_wconf 81' lang='lat' dir='ltr'><strong>complere,</strong></span> <span class='ocrx_word' id='word_1_662' title='bbox 3178 3220 3234 3269; x_wconf 87' lang='lat' dir='ltr'><strong>et</strong></span> <span class='ocrx_word' id='word_1_663' title='bbox 3259 3212 3496 3283; x_wconf 84' lang='lat' dir='ltr'><strong>signare.</strong></span> <span class='ocrx_word' id='word_1_664' title='bbox 3528 3209 3694 3267; x_wconf 79' lang='lat' dir='ltr'><strong>Aliud</strong></span> 
     </span>
    </p>
   </div>
   <div class='ocr_carea' id='block_1_94' title="bbox 2102 3301 3696 3386">
    <p class='ocr_par' dir='ltr' id='par_1_94' title="bbox 2102 3301 3696 3386">
     <span class='ocr_line' id='line_1_94' title="bbox 2102 3301 3696 3386; baseline -0.007 -16"><span class='ocrx_word' id='word_1_665' title='bbox 2102 3325 2234 3369; x_wconf 85' lang='lat' dir='ltr'><strong>vero</strong></span> <span class='ocrx_word' id='word_1_666' title='bbox 2253 3308 2391 3365; x_wconf 84' lang='lat' dir='ltr'><strong>nihil</strong></span> <span class='ocrx_word' id='word_1_667' title='bbox 2415 3314 2509 3364; x_wconf 86' lang='lat' dir='ltr'><strong>aut</strong></span> <span class='ocrx_word' id='word_1_668' title='bbox 2522 3315 2886 3386; x_wconf 67' lang='lat' dir='ltr'><strong>prmsumant,</strong></span> <span class='ocrx_word' id='word_1_669' title='bbox 2908 3315 3005 3362; x_wconf 88' lang='lat' dir='ltr'><strong>aut</strong></span> <span class='ocrx_word' id='word_1_670' title='bbox 3033 3305 3114 3362; x_wconf 87' lang='lat' dir='ltr'><strong>eis</strong></span> <span class='ocrx_word' id='word_1_671' title='bbox 3140 3302 3321 3368; x_wconf 82' lang='lat' dir='ltr'><strong>hocat,</strong></span> <span class='ocrx_word' id='word_1_672' title='bbox 3350 3302 3457 3358; x_wconf 90' lang='lat' dir='ltr'><strong>nisi</strong></span> <span class='ocrx_word' id='word_1_673' title='bbox 3483 3301 3696 3377; x_wconf 86' lang='lat' dir='ltr'><strong>aliquid</strong></span> 
     </span>
    </p>
   </div>
   <div class='ocr_carea' id='block_1_95' title="bbox 2104 3392 3697 3475">
    <p class='ocr_par' dir='ltr' id='par_1_95' title="bbox 2104 3392 3697 3475">
     <span class='ocr_line' id='line_1_95' title="bbox 2104 3392 3697 3475; baseline -0.007 -16"><span class='ocrx_word' id='word_1_674' title='bbox 2104 3401 2487 3468; x_wconf 83' lang='lat' dir='ltr'><strong>ordinationis,</strong></span> <span class='ocrx_word' id='word_1_675' title='bbox 2524 3409 2643 3473; x_wconf 30' lang='lat' dir='ltr'><strong>aut.</strong></span> <span class='ocrx_word' id='word_1_676' title='bbox 2679 3397 3091 3475; x_wconf 81' lang='lat' dir='ltr'><strong>dominationis,</strong></span> <span class='ocrx_word' id='word_1_677' title='bbox 3127 3405 3227 3473; x_wconf 78' lang='lat' dir='ltr'><strong>aut</strong></span> <span class='ocrx_word' id='word_1_678' title='bbox 3263 3392 3697 3475; x_wconf 82' lang='lat' dir='ltr'><strong>dispensationis</strong></span> 
     </span>
    </p>
   </div>
   <div class='ocr_carea' id='block_1_96' title="bbox 2104 3473 3691 3559">
    <p class='ocr_par' dir='ltr' id='par_1_96' title="bbox 2104 3473 3691 3559">
     <span class='ocr_line' id='line_1_96' title="bbox 2104 3473 3691 3559; baseline -0.003 -11"><span class='ocrx_word' id='word_1_679' title='bbox 2104 3493 2397 3559; x_wconf 86' lang='lat' dir='ltr'><strong>vindicent,</strong></span> <span class='ocrx_word' id='word_1_680' title='bbox 2440 3492 2536 3548; x_wconf 88' lang='lat' dir='ltr'><strong>sed</strong></span> <span class='ocrx_word' id='word_1_681' title='bbox 2576 3506 2791 3547; x_wconf 86' lang='lat' dir='ltr'><strong>omnem</strong></span> <span class='ocrx_word' id='word_1_682' title='bbox 2838 3474 3083 3549; x_wconf 72' lang='lat' dir='ltr'><strong>locutam</strong></span> <span class='ocrx_word' id='word_1_683' title='bbox 3123 3473 3371 3553; x_wconf 53' lang='lat' dir='ltr'><strong>licentia;</strong></span> <span class='ocrx_word' id='word_1_684' title='bbox 3416 3486 3501 3542; x_wconf 82' lang='lat' dir='ltr'><strong>vel</strong></span> <span class='ocrx_word' id='word_1_685' title='bbox 3537 3487 3691 3545; x_wconf 72' lang='lat' dir='ltr'><strong>ordi—</strong></span> 
     </span>
    </p>
   </div>
   <div class='ocr_carea' id='block_1_97' title="bbox 2104 3579 3696 3653">
    <p class='ocr_par' dir='ltr' id='par_1_97' title="bbox 2104 3579 3696 3653">
     <span class='ocr_line' id='line_1_97' title="bbox 2104 3579 3696 3653; baseline -0.006 -11"><span class='ocrx_word' id='word_1_686' title='bbox 2104 3585 2298 3647; x_wconf 73' lang='lat' dir='ltr'><strong>nandae</strong></span> <span class='ocrx_word' id='word_1_687' title='bbox 2346 3584 2731 3653; x_wconf 75' lang='lat' dir='ltr'><strong>dominationis</strong></span> <span class='ocrx_word' id='word_1_688' title='bbox 2782 3580 3100 3648; x_wconf 85' lang='lat' dir='ltr'><strong>monasterii</strong></span> <span class='ocrx_word' id='word_1_689' title='bbox 3149 3579 3344 3645; x_wconf 88' lang='lat' dir='ltr'><strong>abbas,</strong></span> <span class='ocrx_word' id='word_1_690' title='bbox 3386 3579 3479 3650; x_wconf 89' lang='lat' dir='ltr'><strong>qui</strong></span> <span class='ocrx_word' id='word_1_691' title='bbox 3526 3594 3696 3650; x_wconf 82' lang='lat' dir='ltr'><strong>super</strong></span> 
     </span>
    </p>
   </div>
   <div class='ocr_carea' id='block_1_98' title="bbox 2105 3666 3697 3749">
    <p class='ocr_par' dir='ltr' id='par_1_98' title="bbox 2105 3666 3697 3749">
     <span class='ocr_line' id='line_1_98' title="bbox 2105 3666 3697 3749; baseline -0.003 -18"><span class='ocrx_word' id='word_1_692' title='bbox 2105 3692 2324 3749; x_wconf 87' lang='lat' dir='ltr'><strong>gregem</strong></span> <span class='ocrx_word' id='word_1_693' title='bbox 2348 3677 2660 3733; x_wconf 83' lang='lat' dir='ltr'><strong>universum</strong></span> <span class='ocrx_word' id='word_1_694' title='bbox 2693 3683 2781 3731; x_wconf 87' lang='lat' dir='ltr'><strong>est</strong></span> <span class='ocrx_word' id='word_1_695' title='bbox 2808 3666 3117 3749; x_wconf 70' lang='lat' dir='ltr'><strong>ordinatus,</strong></span> <span class='ocrx_word' id='word_1_696' title='bbox 3164 3687 3287 3727; x_wconf 91' lang='lat' dir='ltr'><strong>cum</strong></span> <span class='ocrx_word' id='word_1_697' title='bbox 3324 3671 3509 3741; x_wconf 81' lang='lat' dir='ltr'><strong>regula</strong></span> <span class='ocrx_word' id='word_1_698' title='bbox 3546 3670 3697 3740; x_wconf 81' lang='lat' dir='ltr'><strong>judi-</strong></span> 
     </span>
    </p>
   </div>
   <div class='ocr_carea' id='block_1_99' title="bbox 2105 3764 3693 3838">
    <p class='ocr_par' dir='ltr' id='par_1_99' title="bbox 2105 3764 3693 3838">
     <span class='ocr_line' id='line_1_99' title="bbox 2105 3764 3693 3838; baseline -0.003 -10"><span class='ocrx_word' id='word_1_699' title='bbox 2105 3777 2217 3838; x_wconf 88' lang='lat' dir='ltr'><strong>cet,</strong></span> <span class='ocrx_word' id='word_1_700' title='bbox 2259 3769 2347 3826; x_wconf 88' lang='lat' dir='ltr'><strong>vel</strong></span> <span class='ocrx_word' id='word_1_701' title='bbox 2390 3767 2664 3826; x_wconf 77' lang='lat' dir='ltr'><strong>defendat.</strong></span> <span class='ocrx_word' id='word_1_702' title='bbox 2702 3765 2840 3822; x_wconf 86' lang='lat' dir='ltr'><strong>Nam</strong></span> <span class='ocrx_word' id='word_1_703' title='bbox 2879 3765 2996 3823; x_wconf 83' lang='lat' dir='ltr'><strong>solo</strong></span> <span class='ocrx_word' id='word_1_704' title='bbox 3041 3765 3265 3831; x_wconf 82' lang='lat' dir='ltr'><strong>honoris</strong></span> <span class='ocrx_word' id='word_1_705' title='bbox 3302 3764 3524 3823; x_wconf 85' lang='lat' dir='ltr'><strong>nomine</strong></span> <span class='ocrx_word' id='word_1_706' title='bbox 3567 3764 3693 3823; x_wconf 70' lang='lat' dir='ltr'><strong>ideo</strong></span> 
     </span>
    </p>
   </div>
   <div class='ocr_carea' id='block_1_100' title="bbox 2106 3856 3697 3926">
    <p class='ocr_par' dir='ltr' id='par_1_100' title="bbox 2106 3856 3697 3926">
     <span class='ocr_line' id='line_1_100' title="bbox 2106 3856 3697 3926; baseline -0.005 -8"><span class='ocrx_word' id='word_1_707' title='bbox 2106 3859 2398 3918; x_wconf 84' lang='lat' dir='ltr'><strong>statuimus</strong></span> <span class='ocrx_word' id='word_1_708' title='bbox 2441 3874 2536 3915; x_wconf 87' lang='lat' dir='ltr'><strong>eos</strong></span> <span class='ocrx_word' id='word_1_709' title='bbox 2574 3858 2767 3915; x_wconf 86' lang='lat' dir='ltr'><strong>Patres</strong></span> <span class='ocrx_word' id='word_1_710' title='bbox 2807 3857 3125 3917; x_wconf 83' lang='lat' dir='ltr'><strong>monasterii</strong></span> <span class='ocrx_word' id='word_1_711' title='bbox 3177 3856 3434 3926; x_wconf 82' lang='lat' dir='ltr'><strong>appellari</strong></span> <span class='ocrx_word' id='word_1_712' title='bbox 3470 3865 3697 3926; x_wconf 80' lang='lat' dir='ltr'><strong>propter</strong></span> 
     </span>
    </p>
   </div>
   <div class='ocr_carea' id='block_1_101' title="bbox 2104 3945 3695 4016">
    <p class='ocr_par' dir='ltr' id='par_1_101' title="bbox 2104 3945 3695 4016">
     <span class='ocr_line' id='line_1_101' title="bbox 2104 3945 3695 4016; baseline -0.005 -8"><span class='ocrx_word' id='word_1_713' title='bbox 2104 3951 2467 4008; x_wconf 85' lang='lat' dir='ltr'><strong>sacrationem</strong></span> <span class='ocrx_word' id='word_1_714' title='bbox 2494 3947 2809 4016; x_wconf 83' lang='lat' dir='ltr'><strong>sacerdotii,</strong></span> <span class='ocrx_word' id='word_1_715' title='bbox 2847 3954 2942 4003; x_wconf 91' lang='lat' dir='ltr'><strong>aut</strong></span> <span class='ocrx_word' id='word_1_716' title='bbox 2969 3946 3392 4003; x_wconf 85' lang='lat' dir='ltr'><strong>ordinationem.</strong></span> <span class='ocrx_word' id='word_1_717' title='bbox 3427 3945 3565 4001; x_wconf 77' lang='lat' dir='ltr'><strong>Nam</strong></span> <span class='ocrx_word' id='word_1_718' title='bbox 3586 3945 3695 4015; x_wconf 81' lang='lat' dir='ltr'><strong>ipsi</strong></span> 
     </span>
    </p>
   </div>
   <div class='ocr_carea' id='block_1_102' title="bbox 2106 4039 3699 4108">
    <p class='ocr_par' dir='ltr' id='par_1_102' title="bbox 2106 4039 3699 4108">
     <span class='ocr_line' id='line_1_102' title="bbox 2106 4039 3699 4108; baseline -0.001 -10"><span class='ocrx_word' id='word_1_719' title='bbox 2106 4044 2434 4108; x_wconf 87' lang='lat' dir='ltr'><strong>sacerdotes,</strong></span> <span class='ocrx_word' id='word_1_720' title='bbox 2466 4042 2516 4098; x_wconf 88' lang='lat' dir='ltr'><strong>si</strong></span> <span class='ocrx_word' id='word_1_721' title='bbox 2542 4041 2744 4097; x_wconf 79' lang='lat' dir='ltr'><strong>vietum</strong></span> <span class='ocrx_word' id='word_1_722' title='bbox 2769 4049 2864 4096; x_wconf 85' lang='lat' dir='ltr'><strong>aut</strong></span> <span class='ocrx_word' id='word_1_723' title='bbox 2900 4040 3187 4104; x_wconf 81' lang='lat' dir='ltr'><strong>vestitum,</strong></span> <span class='ocrx_word' id='word_1_724' title='bbox 3231 4047 3328 4097; x_wconf 88' lang='lat' dir='ltr'><strong>aut</strong></span> <span class='ocrx_word' id='word_1_725' title='bbox 3361 4039 3699 4097; x_wconf 80' lang='lat' dir='ltr'><strong>calcearium</strong></span> 
     </span>
    </p>
   </div>
   <div class='ocr_carea' id='block_1_103' title="bbox 2108 4124 3697 4205">
    <p class='ocr_par' dir='ltr' id='par_1_103' title="bbox 2108 4124 3697 4205">
     <span class='ocr_line' id='line_1_103' title="bbox 2108 4124 3697 4205; baseline -0.003 -15"><span class='ocrx_word' id='word_1_726' title='bbox 2108 4124 2443 4203; x_wconf 84' lang='lat' dir='ltr'><strong>monasterii,</strong></span> <span class='ocrx_word' id='word_1_727' title='bbox 2491 4133 2570 4189; x_wconf 91' lang='lat' dir='ltr'><strong>uti</strong></span> <span class='ocrx_word' id='word_1_728' title='bbox 2610 4132 2783 4205; x_wconf 87' lang='lat' dir='ltr'><strong>magis</strong></span> <span class='ocrx_word' id='word_1_729' title='bbox 2819 4131 3062 4204; x_wconf 87' lang='lat' dir='ltr'><strong>quotidie</strong></span> <span class='ocrx_word' id='word_1_730' title='bbox 3103 4132 3427 4203; x_wconf 55' lang='lat' dir='ltr'><strong>eligunget</strong></span> <span class='ocrx_word' id='word_1_731' title='bbox 3470 4133 3697 4201; x_wconf 84' lang='lat' dir='ltr'><strong>operari</strong></span> 
     </span>
    </p>
   </div>
   <div class='ocr_carea' id='block_1_104' title="bbox 2108 4223 3698 4297">
    <p class='ocr_par' dir='ltr' id='par_1_104' title="bbox 2108 4223 3698 4297">
     <span class='ocr_line' id='line_1_104' title="bbox 2108 4223 3698 4297; baseline -0.002 -17"><span class='ocrx_word' id='word_1_732' title='bbox 2108 4226 2468 4283; x_wconf 89' lang='lat' dir='ltr'><strong>communiter</strong></span> <span class='ocrx_word' id='word_1_733' title='bbox 2486 4224 2785 4281; x_wconf 84' lang='lat' dir='ltr'><strong>secundum</strong></span> <span class='ocrx_word' id='word_1_734' title='bbox 2810 4232 3138 4297; x_wconf 69' lang='lat' dir='ltr'><strong>pratceptum</strong></span> <span class='ocrx_word' id='word_1_735' title='bbox 3165 4223 3543 4295; x_wconf 75' lang='lat' dir='ltr'><strong>apostolicum,</strong></span> <span class='ocrx_word' id='word_1_736' title='bbox 3574 4238 3698 4277; x_wconf 85' lang='lat' dir='ltr'><strong>me-</strong></span> 
     </span>
    </p>
   </div>
   <div class='ocr_carea' id='block_1_105' title="bbox 2109 4312 3701 4389">
    <p class='ocr_par' dir='ltr' id='par_1_105' title="bbox 2109 4312 3701 4389">
     <span class='ocr_line' id='line_1_105' title="bbox 2109 4312 3701 4389; baseline -0.001 -18"><span class='ocrx_word' id='word_1_737' title='bbox 2109 4331 2292 4377; x_wconf 84' lang='lat' dir='ltr'><strong>mores</strong></span> <span class='ocrx_word' id='word_1_738' title='bbox 2317 4314 2554 4389; x_wconf 86' lang='lat' dir='ltr'><strong>Spiritus</strong></span> <span class='ocrx_word' id='word_1_739' title='bbox 2583 4315 2781 4381; x_wconf 85' lang='lat' dir='ltr'><strong>sancti,</strong></span> <span class='ocrx_word' id='word_1_740' title='bbox 2807 4313 3062 4385; x_wconf 86' lang='lat' dir='ltr'><strong>apostolis</strong></span> <span class='ocrx_word' id='word_1_741' title='bbox 3098 4312 3331 4383; x_wconf 77' lang='lat' dir='ltr'><strong>formam</strong></span> <span class='ocrx_word' id='word_1_742' title='bbox 3350 4314 3701 4371; x_wconf 79' lang='lat' dir='ltr'><strong>ostendentis</strong></span> 
     </span>
    </p>
   </div>
   <div class='ocr_carea' id='block_1_106' title="bbox 2108 4403 3700 4477">
    <p class='ocr_par' dir='ltr' id='par_1_106' title="bbox 2108 4403 3700 4477">
     <span class='ocr_line' id='line_1_106' title="bbox 2108 4403 3700 4477; baseline -0.002 -15"><span class='ocrx_word' id='word_1_743' title='bbox 2108 4407 2175 4463; x_wconf 91' lang='lat' dir='ltr'><strong>de</strong></span> <span class='ocrx_word' id='word_1_744' title='bbox 2212 4421 2291 4473; x_wconf 85' lang='lat' dir='ltr'><strong>se,</strong></span> <span class='ocrx_word' id='word_1_745' title='bbox 2324 4414 2379 4462; x_wconf 85' lang='lat' dir='ltr'><strong>et</strong></span> <span class='ocrx_word' id='word_1_746' title='bbox 2407 4406 2637 4463; x_wconf 87' lang='lat' dir='ltr'><strong>dicentis</strong></span> <span class='ocrx_word' id='word_1_747' title='bbox 2670 4421 2685 4459; x_wconf 92' lang='lat'><strong>:</strong></span> <span class='ocrx_word' id='word_1_748' title='bbox 2722 4403 2847 4459; x_wconf 84' lang='lat' dir='ltr'><strong>Non</strong></span> <span class='ocrx_word' id='word_1_749' title='bbox 2871 4405 3037 4477; x_wconf 83' lang='lat' dir='ltr'><strong>gratis</strong></span> <span class='ocrx_word' id='word_1_750' title='bbox 3066 4419 3250 4474; x_wconf 86' lang='lat' dir='ltr'><strong>panem</strong></span> <span class='ocrx_word' id='word_1_751' title='bbox 3281 4412 3515 4457; x_wconf 82' lang='lat' dir='ltr'><strong>nostrum</strong></span> <span class='ocrx_word' id='word_1_752' title='bbox 3539 4421 3700 4459; x_wconf 73' lang='grc' dir='ltr'><strong>ωει-</strong></span> 
     </span>
    </p>
   </div>
   <div class='ocr_carea' id='block_1_107' title="bbox 2107 4492 3692 4566">
    <p class='ocr_par' dir='ltr' id='par_1_107' title="bbox 2107 4492 3692 4566">
     <span class='ocr_line' id='line_1_107' title="bbox 2107 4492 3692 4566; baseline -0.002 -15"><span class='ocrx_word' id='word_1_753' title='bbox 2107 4498 2414 4555; x_wconf 77' lang='lat' dir='ltr'><strong>dacavimus</strong></span> <span class='ocrx_word' id='word_1_754' title='bbox 2434 4495 2518 4552; x_wconf 82' lang='lat' dir='ltr'><strong>(II</strong></span> <span class='ocrx_word' id='word_1_755' title='bbox 2565 4494 2746 4553; x_wconf 76' lang='lat' dir='ltr'><strong>Thess.</strong></span> <span class='ocrx_word' id='word_1_756' title='bbox 2788 4492 2897 4566; x_wconf 87' lang='lat' dir='ltr'><strong>lu).</strong></span> <span class='ocrx_word' id='word_1_757' title='bbox 2928 4494 2997 4550; x_wconf 87' lang='lat' dir='ltr'><strong>Et</strong></span> <span class='ocrx_word' id='word_1_758' title='bbox 3021 4494 3219 4551; x_wconf 83' lang='lat' dir='ltr'><strong>iterum</strong></span> <span class='ocrx_word' id='word_1_759' title='bbox 3242 4494 3377 4555; x_wconf 78' lang='lat' dir='ltr'><strong>dicit</strong></span> <span class='ocrx_word' id='word_1_760' title='bbox 3408 4513 3422 4549; x_wconf 86' lang='lat'><strong>:</strong></span> <span class='ocrx_word' id='word_1_761' title='bbox 3453 4494 3692 4549; x_wconf 78' lang='lat' dir='ltr'><strong>Labora-</strong></span> 
     </span>
    </p>
   </div>
   <div class='ocr_carea' id='block_1_108' title="bbox 2105 4583 3701 4655">
    <p class='ocr_par' dir='ltr' id='par_1_108' title="bbox 2105 4583 3701 4655">
     <span class='ocr_line' id='line_1_108' title="bbox 2105 4583 3701 4655; baseline 0.001 -18"><span class='ocrx_word' id='word_1_762' title='bbox 2105 4583 2271 4637; x_wconf 71' lang='lat' dir='ltr'><strong>tvimus</strong></span> <span class='ocrx_word' id='word_1_763' title='bbox 2292 4584 2534 4643; x_wconf 84' lang='lat' dir='ltr'><strong>manibus</strong></span> <span class='ocrx_word' id='word_1_764' title='bbox 2561 4584 2781 4649; x_wconf 56' lang='lat' dir='ltr'><strong>nostris,</strong></span> <span class='ocrx_word' id='word_1_765' title='bbox 2810 4600 2875 4643; x_wconf 80' lang='lat' dir='ltr'><strong>ne</strong></span> <span class='ocrx_word' id='word_1_766' title='bbox 2896 4600 3056 4655; x_wconf 81' lang='lat' dir='ltr'><strong>quem</strong></span> <span class='ocrx_word' id='word_1_767' title='bbox 3093 4595 3320 4639; x_wconf 83' lang='lat' dir='ltr'><strong>vestrum</strong></span> <span class='ocrx_word' id='word_1_768' title='bbox 3345 4599 3701 4651; x_wconf 71' lang='lat' dir='ltr'><strong>grauarenuss</strong></span> 
     </span>
    </p>
   </div>
   <div class='ocr_carea' id='block_1_109' title="bbox 2103 4674 3705 4757">
    <p class='ocr_par' dir='ltr' id='par_1_109' title="bbox 2103 4674 3705 4757">
     <span class='ocr_line' id='line_1_109' title="bbox 2103 4674 3705 4757; baseline 0.002 -29"><span class='ocrx_word' id='word_1_769' title='bbox 2103 4675 2171 4757; x_wconf 82' lang='lat' dir='ltr'><strong>(ll</strong></span> <span class='ocrx_word' id='word_1_770' title='bbox 2191 4674 2365 4730; x_wconf 80' lang='lat' dir='ltr'><strong>Thess.</strong></span> <span class='ocrx_word' id='word_1_771' title='bbox 2408 4692 2491 4744; x_wconf 82' lang='lat' dir='ltr'><strong>nt,</strong></span> <span class='ocrx_word' id='word_1_772' title='bbox 2527 4676 2604 4747; x_wconf 89' lang='lat'><strong>8).</strong></span> <span class='ocrx_word' id='word_1_773' title='bbox 2647 4675 2713 4734; x_wconf 83' lang='lat' dir='ltr'><strong>Et</strong></span> <span class='ocrx_word' id='word_1_774' title='bbox 2757 4677 2887 4735; x_wconf 78' lang='lat' dir='ltr'><strong>item</strong></span> <span class='ocrx_word' id='word_1_775' title='bbox 2914 4676 3029 4749; x_wconf 75' lang='lat' dir='ltr'><strong>ipse</strong></span> <span class='ocrx_word' id='word_1_776' title='bbox 3085 4675 3256 4743; x_wconf 70' lang='lat' dir='ltr'><strong>dicit:</strong></span> <span class='ocrx_word' id='word_1_777' title='bbox 3313 4677 3416 4743; x_wconf 75' lang='grc' dir='ltr'><strong>Ωιιὶ</strong></span> <span class='ocrx_word' id='word_1_778' title='bbox 3460 4692 3564 4730; x_wconf 72' lang='lat' dir='ltr'><strong>nou</strong></span> <span class='ocrx_word' id='word_1_779' title='bbox 3608 4675 3705 4731; x_wconf 71' lang='grc' dir='ltr'><strong>ιι.</strong></span> 
     </span>
    </p>
   </div>
   <div class='ocr_carea' id='block_1_110' title="bbox 2102 4766 3698 4843">
    <p class='ocr_par' dir='ltr' id='par_1_110' title="bbox 2102 4766 3698 4843">
     <span class='ocr_line' id='line_1_110' title="bbox 2102 4766 3698 4843; baseline 0.007 -24"><span class='ocrx_word' id='word_1_780' title='bbox 2102 4766 2253 4822; x_wconf 83' lang='lat' dir='ltr'><strong>borat</strong></span> <span class='ocrx_word' id='word_1_781' title='bbox 2284 4784 2378 4825; x_wconf 82' lang='lat' dir='ltr'><strong>nec</strong></span> <span class='ocrx_word' id='word_1_782' title='bbox 2406 4770 2685 4827; x_wconf 81' lang='lat' dir='ltr'><strong>manducet</strong></span> <span class='ocrx_word' id='word_1_783' title='bbox 2715 4769 2902 4843; x_wconf 84' lang='lat' dir='ltr'><strong>(Ibid.)</strong></span> <span class='ocrx_word' id='word_1_784' title='bbox 2935 4769 3074 4841; x_wconf 73' lang='lat' dir='ltr'><strong>Ergo</strong></span> <span class='ocrx_word' id='word_1_785' title='bbox 3114 4766 3267 4839; x_wconf 82' lang='lat' dir='ltr'><strong>quod</strong></span> <span class='ocrx_word' id='word_1_786' title='bbox 3292 4768 3341 4825; x_wconf 78' lang='lat' dir='ltr'><strong>Si</strong></span> <span class='ocrx_word' id='word_1_787' title='bbox 3372 4766 3698 4830; x_wconf 70' lang='lat' dir='ltr'><strong>diutissime</strong></span> 
     </span>
    </p>
   </div>
   <div class='ocr_carea' id='block_1_111' title="bbox 2106 4856 3696 4927">
    <p class='ocr_par' dir='ltr' id='par_1_111' title="bbox 2106 4856 3696 4927">
     <span class='ocr_line' id='line_1_111' title="bbox 2106 4856 3696 4927; baseline 0 -16"><span class='ocrx_word' id='word_1_788' title='bbox 2106 4857 2268 4912; x_wconf 88' lang='lat' dir='ltr'><strong>otiosi</strong></span> <span class='ocrx_word' id='word_1_789' title='bbox 2308 4856 2492 4915; x_wconf 89' lang='lat' dir='ltr'><strong>labore</strong></span> <span class='ocrx_word' id='word_1_790' title='bbox 2547 4872 2804 4915; x_wconf 90' lang='lat' dir='ltr'><strong>manuum</strong></span> <span class='ocrx_word' id='word_1_791' title='bbox 2828 4871 3046 4912; x_wconf 86' lang='lat' dir='ltr'><strong>suarum</strong></span> <span class='ocrx_word' id='word_1_792' title='bbox 3073 4871 3317 4927; x_wconf 68' lang='lat' dir='ltr'><strong>quaarere</strong></span> <span class='ocrx_word' id='word_1_793' title='bbox 3341 4856 3543 4911; x_wconf 86' lang='lat' dir='ltr'><strong>vietum</strong></span> <span class='ocrx_word' id='word_1_794' title='bbox 3591 4871 3696 4911; x_wconf 76' lang='lat' dir='ltr'><strong>tto-</strong></span> 
     </span>
    </p>
   </div>
   <div class='ocr_carea' id='block_1_112' title="bbox 2110 4938 3695 5019">
    <p class='ocr_par' dir='ltr' id='par_1_112' title="bbox 2110 4938 3695 5019">
     <span class='ocr_line' id='line_1_112' title="bbox 2110 4938 3695 5019; baseline 0.001 -18"><span class='ocrx_word' id='word_1_795' title='bbox 2110 4947 2333 5014; x_wconf 89' lang='lat' dir='ltr'><strong>luerint,</strong></span> <span class='ocrx_word' id='word_1_796' title='bbox 2365 4938 2489 5004; x_wconf 84' lang='lat' dir='ltr'><strong>cum</strong></span> <span class='ocrx_word' id='word_1_797' title='bbox 2529 4940 2832 5005; x_wconf 86' lang='lat' dir='ltr'><strong>reverentia</strong></span> <span class='ocrx_word' id='word_1_798' title='bbox 2868 4961 2968 5017; x_wconf 88' lang='lat' dir='ltr'><strong>per</strong></span> <span class='ocrx_word' id='word_1_799' title='bbox 2994 4944 3287 5002; x_wconf 86' lang='lat' dir='ltr'><strong>multorum</strong></span> <span class='ocrx_word' id='word_1_800' title='bbox 3310 4947 3695 5019; x_wconf 80' lang='lat' dir='ltr'><strong>religioson</strong></span> 
     </span>
    </p>
   </div>
   <div class='ocr_carea' id='block_1_113' title="bbox 2111 5039 3695 5099">
    <p class='ocr_par' dir='ltr' id='par_1_113' title="bbox 2111 5039 3695 5099">
     <span class='ocr_line' id='line_1_113' title="bbox 2111 5039 3695 5099; baseline 0 -4"><span class='ocrx_word' id='word_1_801' title='bbox 2111 5039 2421 5099; x_wconf 88' lang='lat' dir='ltr'><strong>testimonia</strong></span> <span class='ocrx_word' id='word_1_802' title='bbox 2448 5040 2703 5098; x_wconf 92' lang='lat' dir='ltr'><strong>conventi</strong></span> <span class='ocrx_word' id='word_1_803' title='bbox 2728 5041 2797 5096; x_wconf 91' lang='lat' dir='ltr'><strong>ab</strong></span> <span class='ocrx_word' id='word_1_804' title='bbox 2824 5040 3020 5097; x_wconf 88' lang='lat' dir='ltr'><strong>abbate</strong></span> <span class='ocrx_word' id='word_1_805' title='bbox 3045 5039 3291 5099; x_wconf 83' lang='lat' dir='ltr'><strong>ccclesiis</strong></span> <span class='ocrx_word' id='word_1_806' title='bbox 3318 5047 3695 5099; x_wconf 76' lang='lat' dir='ltr'><strong>revertantur.</strong></span> 
     </span>
    </p>
   </div>
   <div class='ocr_carea' id='block_1_114' title="bbox 2110 5112 3701 5210">
    <p class='ocr_par' dir='ltr' id='par_1_114' title="bbox 2110 5112 3701 5210">
     <span class='ocr_line' id='line_1_114' title="bbox 2110 5112 3701 5210; baseline 0.002 -26"><span class='ocrx_word' id='word_1_807' title='bbox 2110 5129 2167 5184; x_wconf 91' lang='lat' dir='ltr'><strong>Si</strong></span> <span class='ocrx_word' id='word_1_808' title='bbox 2218 5145 2350 5186; x_wconf 91' lang='lat' dir='ltr'><strong>vero</strong></span> <span class='ocrx_word' id='word_1_809' title='bbox 2394 5131 2560 5205; x_wconf 86' lang='lat' dir='ltr'><strong>(quod</strong></span> <span class='ocrx_word' id='word_1_810' title='bbox 2604 5132 2768 5203; x_wconf 88' lang='lat' dir='ltr'><strong>absit)</strong></span> <span class='ocrx_word' id='word_1_811' title='bbox 2810 5145 2918 5186; x_wconf 90' lang='lat' dir='ltr'><strong>non</strong></span> <span class='ocrx_word' id='word_1_812' title='bbox 2952 5112 3202 5201; x_wconf 68' lang='lat' dir='ltr'><strong>pacifica,</strong></span> <span class='ocrx_word' id='word_1_813' title='bbox 3255 5131 3355 5189; x_wconf 86' lang='lat' dir='ltr'><strong>sed</strong></span> <span class='ocrx_word' id='word_1_814' title='bbox 3592 5144 3701 5202; x_wconf 79' lang='lat' dir='ltr'><strong>per</strong></span> 
     </span>
    </p>
   </div>
   <div class='ocr_carea' id='block_1_115' title="bbox 2109 5218 3703 5289">
    <p class='ocr_par' dir='ltr' id='par_1_115' title="bbox 2109 5218 3703 5289">
     <span class='ocr_line' id='line_1_115' title="bbox 2109 5218 3703 5289; baseline 0.003 -16"><span class='ocrx_word' id='word_1_815' title='bbox 2109 5218 2425 5275; x_wconf 87' lang='lat' dir='ltr'><strong>scandalum</strong></span> <span class='ocrx_word' id='word_1_816' title='bbox 2481 5221 2633 5289; x_wconf 84' lang='lat' dir='ltr'><strong>exire</strong></span> <span class='ocrx_word' id='word_1_817' title='bbox 2679 5219 2985 5288; x_wconf 87' lang='lat' dir='ltr'><strong>voluerint,</strong></span> <span class='ocrx_word' id='word_1_818' title='bbox 3045 5222 3179 5277; x_wconf 81' lang='lat' dir='ltr'><strong>lenti</strong></span> <span class='ocrx_word' id='word_1_819' title='bbox 3234 5231 3290 5276; x_wconf 86' lang='lat' dir='ltr'><strong>et</strong></span> <span class='ocrx_word' id='word_1_820' title='bbox 3332 5222 3481 5279; x_wconf 75' lang='lat' dir='ltr'><strong>exuti</strong></span> <span class='ocrx_word' id='word_1_821' title='bbox 3532 5221 3703 5277; x_wconf 78' lang='lat' dir='ltr'><strong>rebus</strong></span> 
     </span>
    </p>
   </div>
   <div class='ocr_carea' id='block_1_116' title="bbox 2110 5296 3700 5385">
    <p class='ocr_par' dir='ltr' id='par_1_116' title="bbox 2110 5296 3700 5385">
     <span class='ocr_line' id='line_1_116' title="bbox 2110 5296 3700 5385; baseline 0.002 -23"><span class='ocrx_word' id='word_1_822' title='bbox 2110 5309 2428 5366; x_wconf 88' lang='lat' dir='ltr'><strong>monasterii</strong></span> <span class='ocrx_word' id='word_1_823' title='bbox 2459 5307 2641 5365; x_wconf 88' lang='lat' dir='ltr'><strong>clausa</strong></span> <span class='ocrx_word' id='word_1_824' title='bbox 2662 5310 2813 5382; x_wconf 83' lang='lat' dir='ltr'><strong>regia</strong></span> <span class='ocrx_word' id='word_1_825' title='bbox 2835 5310 3214 5377; x_wconf 81' lang='lat' dir='ltr'><strong>excludantur,</strong></span> <span class='ocrx_word' id='word_1_826' title='bbox 3237 5296 3363 5383; x_wconf 87' lang='lat' dir='ltr'><strong>quia</strong></span> <span class='ocrx_word' id='word_1_827' title='bbox 3390 5312 3563 5385; x_wconf 79' lang='lat' dir='ltr'><strong>magis</strong></span> <span class='ocrx_word' id='word_1_828' title='bbox 3587 5312 3700 5381; x_wconf 81' lang='lat' dir='ltr'><strong>ipsi</strong></span> 
     </span>
    </p>
   </div>
   <div class='ocr_carea' id='block_1_117' title="bbox 2109 5401 3187 5477">
    <p class='ocr_par' dir='ltr' id='par_1_117' title="bbox 2109 5401 3187 5477">
     <span class='ocr_line' id='line_1_117' title="bbox 2109 5401 3187 5477; baseline 0.002 -22"><span class='ocrx_word' id='word_1_829' title='bbox 2109 5415 2274 5475; x_wconf 81' lang='lat' dir='ltr'><strong>agere</strong></span> <span class='ocrx_word' id='word_1_830' title='bbox 2304 5401 2503 5457; x_wconf 89' lang='lat' dir='ltr'><strong>debent</strong></span> <span class='ocrx_word' id='word_1_831' title='bbox 2538 5403 2682 5473; x_wconf 87' lang='lat' dir='ltr'><strong>quod</strong></span> <span class='ocrx_word' id='word_1_832' title='bbox 2723 5403 2847 5463; x_wconf 85' lang='lat' dir='ltr'><strong>aliis</strong></span> <span class='ocrx_word' id='word_1_833' title='bbox 2869 5403 3187 5477; x_wconf 70' lang='lat' dir='ltr'><strong>praedicant.</strong></span> 
     </span>
    </p>
   </div>
   <div class='ocr_carea' id='block_1_118' title="bbox 2181 5482 3713 5571">
    <p class='ocr_par' dir='ltr' id='par_1_118' title="bbox 2181 5482 3713 5571">
     <span class='ocr_line' id='line_1_118' title="bbox 2181 5482 3713 5571; baseline 0.001 -25"><span class='ocrx_word' id='word_1_834' title='bbox 2181 5491 2504 5547; x_wconf 84' lang='lat' dir='ltr'><strong>Clericorum</strong></span> <span class='ocrx_word' id='word_1_835' title='bbox 2533 5504 2707 5549; x_wconf 86' lang='lat' dir='ltr'><strong>autem</strong></span> <span class='ocrx_word' id='word_1_836' title='bbox 2744 5493 2805 5571; x_wconf 84' lang='lat' dir='ltr'><strong>si</strong></span> <span class='ocrx_word' id='word_1_837' title='bbox 2840 5482 2957 5566; x_wconf 86' lang='lat' dir='ltr'><strong>quis</strong></span> <span class='ocrx_word' id='word_1_838' title='bbox 2988 5493 3168 5555; x_wconf 79' lang='lat' dir='ltr'><strong>eodem</strong></span> <span class='ocrx_word' id='word_1_839' title='bbox 3197 5493 3459 5549; x_wconf 85' lang='lat' dir='ltr'><strong>desiderio</strong></span> <span class='ocrx_word' id='word_1_840' title='bbox 3511 5510 3713 5548; x_wconf 76' lang='lat' dir='ltr'><strong>mona-</strong></span> 
     </span>
    </p>
   </div>
   <div class='ocr_carea' id='block_1_119' title="bbox 2109 5574 3710 5651">
    <p class='ocr_par' dir='ltr' id='par_1_119' title="bbox 2109 5574 3710 5651">
     <span class='ocr_line' id='line_1_119' title="bbox 2109 5574 3710 5651; baseline 0.002 -14"><span class='ocrx_word' id='word_1_841' title='bbox 2109 5584 2266 5638; x_wconf 87' lang='lat' dir='ltr'><strong>sterio</strong></span> <span class='ocrx_word' id='word_1_842' title='bbox 2312 5583 2505 5638; x_wconf 83' lang='lat' dir='ltr'><strong>sociari</strong></span> <span class='ocrx_word' id='word_1_843' title='bbox 2550 5584 2795 5651; x_wconf 77' lang='lat' dir='ltr'><strong>voluerit,</strong></span> <span class='ocrx_word' id='word_1_844' title='bbox 2826 5574 2944 5639; x_wconf 76' lang='lat' dir='ltr'><strong>loco</strong></span> <span class='ocrx_word' id='word_1_845' title='bbox 2988 5585 3242 5651; x_wconf 75' lang='lat' dir='ltr'><strong>mediocri</strong></span> <span class='ocrx_word' id='word_1_846' title='bbox 3283 5580 3588 5645; x_wconf 80' lang='lat' dir='ltr'><strong>collocetur.</strong></span> <span class='ocrx_word' id='word_1_847' title='bbox 3630 5583 3710 5641; x_wconf 76' lang='lat' dir='ltr'><strong>Et</strong></span> 
     </span>
    </p>
   </div>
   <div class='ocr_carea' id='block_1_120' title="bbox 2107 5675 3716 5755">
    <p class='ocr_par' dir='ltr' id='par_1_120' title="bbox 2107 5675 3716 5755">
     <span class='ocr_line' id='line_1_120' title="bbox 2107 5675 3716 5755; baseline 0.003 -25"><span class='ocrx_word' id='word_1_848' title='bbox 2107 5676 2214 5747; x_wconf 87' lang='lat' dir='ltr'><strong>ipse</strong></span> <span class='ocrx_word' id='word_1_849' title='bbox 2259 5686 2431 5732; x_wconf 79' lang='lat' dir='ltr'><strong>tamen</strong></span> <span class='ocrx_word' id='word_1_850' title='bbox 2474 5679 2519 5733; x_wconf 88' lang='lat' dir='ltr'><strong>si</strong></span> <span class='ocrx_word' id='word_1_851' title='bbox 2559 5678 2811 5742; x_wconf 79' lang='lat' dir='ltr'><strong>promittit</strong></span> <span class='ocrx_word' id='word_1_852' title='bbox 2838 5679 2921 5755; x_wconf 9' lang='lat' dir='ltr'><strong>ide</strong></span> <span class='ocrx_word' id='word_1_853' title='bbox 2965 5678 3321 5735; x_wconf 68' lang='lat' dir='ltr'><strong>observatione</strong></span> <span class='ocrx_word' id='word_1_854' title='bbox 3368 5676 3582 5748; x_wconf 63' lang='lat' dir='ltr'><strong>regula,</strong></span> <span class='ocrx_word' id='word_1_855' title='bbox 3622 5675 3716 5735; x_wconf 64' lang='lat' dir='ltr'><strong>vel</strong></span> 
     </span>
    </p>
   </div>
  </div>
