3968 6204
384 347 490 406 939

1412 302 1767 396 conatum.
1809 327 1877 384 IN
1917 314 2076 382 nso.
2120 322 2178 380 s.
2218 309 2598 378 BENEDlC'l‘l.

3531 304 3641 365 910

383 457 594 530 propria
625 453 925 510 stabilitate.
959 452 1024 507 Et
1045 453 1133 507 hic
1155 449 1276 506 illos
1305 448 1534 507 clericos
1563 443 1823 502 mediocri
1871 441 1957 511 ju-
1987 443 2037 499 Α
2061 436 2282 500 dicitur,
2309 443 2366 488 ut
2392 432 2641 530 superius
2668 428 2872 530 dictum
2897 427 3007 530 est,
3037 424 3241 530 inme-ibo
3288 421 3344 480 et
3372 421 3650 530 potu,“vei

386 555 479 608 bet
521 543 775 606 collocari
815 543 958 610 loco,
1010 545 1104 614 qui
1143 559 1249 599 non
1290 543 1498 613 peccati
1551 536 1791 611 pondere
1820 546 1966 605 pres-

387 642 457 706 si,
509 639 604 696 sed
636 650 822 693 amore
855 634 950 690 Dei
1001 642 1058 691 ct
1105 629 1369 705 regularis
1400 632 1520 686 vita:
1556 625 1826 684 desiderio
1860 621 1968 677 ira-

389 732 564 788 tribus
599 739 660 784 se
707 725 906 784 sociari
961 724 1232 783 voluerint
1283 724 1337 780 in
1379 719 1728 778 monasterio.
1774 714 1966 772 Cattcri

390 837 550 887 vero,
601 829 664 876 ut
706 819 820 890 jam
888 817 1138 888 superius
1191 821 1276 870 est
1335 815 1403 869 de
1458 809 1834 868 sacerdotibus
1888 805 1971 860 di-

390 923 558 978 ctum,
602 904 810 966 ordinis
837 908 922 964 sui
956 906 1326 976 unusquisque
1367 901 1647 958 humiliter
1684 905 1972 954 contentus

393 1005 464 1060 sit
491 1003 628 1058 loco.

974 1065 1205 1123 CAPUT
1255 1063 1388 1119 LXI.

499 1162 580 1218 De
597 1159 866 1216 monachis
887 1155 1197 1229 peregrinis,
1240 1153 1468 1226 qualiter
1488 1149 1863 1221 suscipiantur.

467 1271 527 1328 Si
550 1273 666 1344 quis
695 1269 981 1324 monachus
1000 1265 1302 1338 peregrinus
1338 1264 1401 1319 de
1430 1259 1727 1332 longinquis
1758 1257 1970 1331 praviu-

397 1364 492 1419 ciis
541 1361 912 1433 supervenerit,
953 1360 997 1412 si
1035 1373 1129 1428 pro
1153 1355 1352 1426 hospite
1377 1350 1598 1408 voluerit
1635 1349 1875 1406 habitare
1920 1347 1974 1403 in

399 1454 738 1516 monasterio,
762 1460 810 1506 et
836 1457 1104 1504 contentus
1128 1446 1284 1517 fuerit
1304 1443 1678 1500 censuetudine
1697 1441 1799 1497 loci
1817 1458 1973 1514 quam

399 1543 671 1609 invenerit,
699 1549 867 1596 etnon
887 1539 1022 1610 forte
1051 1537 1414 1609 superﬂuitate
1446 1550 1543 1590 sua
1568 1533 1836 1606 perturbat
1863 1541 1978 1586 tuo-

399 1627 708 1698 nasterium,
730 1630 821 1687 sed
835 1629 1139 1702 simpliciter
1160 1636 1428 1683 contentus
1449 1636 1524 1680 est
1546 1625 1685 1697 quod
1706 1615 1976 1685 invenerit,

2066 527 2279 583 caeteris
2322 525 2521 595 regulze
2547 520 3040 578 observationibus.
3089 517 3330 573 Vitiosus
3359 527 3487 572 vero
3515 515 3653 573 dici-

2069 625 2158 671 tur
2181 617 2312 672 vitio
2338 630 2488 676 usus,
2511 621 2565 668 et
2583 613 2779 668 crebro
2809 611 2864 668 in
2887 607 3003 664 'vitii
3026 607 3291 663 maculam
3324 606 3520 678 lapsus.
3548 606 3654 674 Qui

2067 708 2214 763 enim
2249 713 2400 763 amat
2425 707 2617 760 vitium
2661 701 2975 776 frequenter
3011 701 3241 757 usitatus
3285 703 3351 756 eo
3397 709 3454 755 et
3488 695 3656 754 “miser

2071 797 2252 854 abillo
2283 797 2477 862 lactus,
2527 793 2914 851 convenienter
2951 788 3180 847 vitiosus
3222 795 3466 846 vocatur.
3501 779 3657 846 Unde

2069 900 2126 944 et
2149 890 2239 946 hic
2260 889 2538 960 sequitur:
2567 882 2642 943 Ne
2666 887 2782 959 ejus
2803 883 3021 940 miseria
3045 870 3135 938 alii
3160 871 3435 937 vitientur.
3465 869 3657 935 Misera

2073 982 2218 1036 enim
2248 980 2446 1037 dicitur
2484 980 2679 1036 vitiosa
2709 987 2766 1034 et
2805 974 3045 1049 peccatis
3088 969 3306 1030 sordida
3353 968 3485 1028 rita.
3525 965 3657 1039 Qua:

2075 1074 2193 1130 ideo
2237 1079 2460 1130 vocatur
2490 1075 2731 1139 miseria,
2763 1071 2891 1144 quia
2938 1072 3167 1130 miseras
3207 1069 3338 1125 facit
3375 1055 3662 1139 diligentes

2075 1179 2156 1230 se,
2189 1163 2329 1221 sicut
2352 1166 2612 1236 scriptum
2639 1169 2762 1220 est‘:
2805 1159 3030 1220 Peccata
3061 1172 3154 1217 nos
3184 1162 3401 1216 miseros
3427 1159 3667 1230 fecerunt

2077 1249 2257 1319 (Prov.
2285 1254 2417 1314 xxvi.

2149 1345 2303 1414 Quod
2338 1347 2382 1402 si
2416 1359 2518 1401 non
2553 1346 2712 1416 fuerit
2752 1345 2873 1400 talis
2899 1345 2987 1418 qni
3025 1353 3286 1399 tuerentur
3311 1328 3526 1415 profici,
3558 1358 3660 1394 non

2077 1436 2244 1492 solum
2272 1439 2318 1491 si
2339 1431 2539 1506 petierit
2567 1436 2886 1506 suscipiatur
2923 1434 3314 1504 congregationi
3357 1431 3663 1495 sociaudus,

2077 1529 2411 1582 verumetiant
2430 1523 2718 1581 suadaatur
2739 1535 2792 1578 ut
2821 1534 2940 1589 stet,
2985 1535 3039 1578 ut
3055 1525 3166 1594 ejus
3189 1524 3422 1594 exemplo
3437 1525 3532 1578 alii
3551 1541 3667 1577 eru-

2077 1620 2316 1684 diantnr,
2332 1630 2380 1674 et
2400 1621 2522 1690 quia
2539 1607 2593 1673 in
2611 1618 2751 1673 ὁηιηὶ
2772 1617 2886 1673 loco
2906 1618 2996 1671 uni
3023 1616 3242 1670 Domino
3256 1617 3498 1679 servitur,
3513 1625 3562 1670 et
3576 1616 3668 1668 uni

398 1726 718 1796 suscipiatur
751 1732 946 1795 quanto
979 1731 1205 1792 tempore
1233 1720 1393 1791 cupit.
1417 1717 1714 1775 Contentus
1743 1715 1890 1776 dicit.
1923 1713 1976 1769 in
2010 1763 2052 1796 ._
2082 1710 2190 1780 regi
2220 1709 2495 1763 militatur.
2548 1708 2669 1764 Diali
2695 1707 2843 1763 enim
2874 1704 3190 1791 projiciendi
3220 1707 3348 1761 sunt
3392 1714 3448 1762 et
3487 1705 3671 1796 expel-

377 1781 624 1880 'cibo,'in
648 1781 797 1885 potri,
837 1821 893 1869 et
912 1781 1259 1878 vestimento,
1294 1781 1409 1866 sive
1450 1811 1505 1864 in
1543 1805 1842 1871 laboribus,
1894 1802 1978 1860 vel
2010 1781 2056 1844 Β
2086 1796 2249 1864 lendi,
2299 1814 2366 1856 ne
2395 1800 2657 1856 societate
2697 1804 2886 1855 eurum
2927 1788 3188 1885 vitientur
3215 1796 3338 1852 alii:
3377 1795 3504 1850 boni
3545 1811 3672 1849 vero

403 1907 455 1960 in
493 1906 721 1961 aliarum
776 1920 958 1960 rerum
1011 1902 1324 1960 monaSterii
1376 1899 1870 1957 consuetudinibus.
1925 1888 1982 1953 Si

403 2010 529 2051 rem
569 1997 620 2051 in
651 1991 736 2052 bis
761 1993 1012 2051 omnibus
1043 1995 1411 2064 superﬂuitate
1442 2009 1562 2057 sua,
1613 1991 1664 2045 i.l
1694 1999 1798 2054 est,
1833 2000 1981 2060 qua:-

405 2092 599 2158 rendo,
633 2091 716 2145 rel
747 2091 1192 2162 reprehendendo
1217 2082 1508 2160 superflue,
1562 2103 1666 2142 non
1699 2084 1988 2142 conturbat

405 2183 816 2248 monasterium,
849 2181 1144 2263 recipiatur
1167 2189 1368 2251 quanto
1389 2179 1631 2249 tempore
1654 2177 1821 2248 cupit.
1848 2173 1986 2231 iiiuc

407 2273 636 2327 Basilius
693 2273 825 2327 dicit
865 2290 877 2327 :
911 2264 1145 2328 Concedi
1179 2269 1397 2341 quidem
1434 2271 1482 2326 ci
1509 2270 1765 2326 convenit
1789 2271 1989 2342 ingrcs-

406 2379 523 2417 sum
568 2371 788 2432 propter
814 2361 1046 2416 incertos
1072 2359 1250 2416 exitus
1275 2374 1477 2417 rerum.
1528 2361 1801 2417 interdum
1841 2361 1985 2414 enim

407 2461 584 2524 potest
630 2451 744 2507 ileri
802 2459 864 2507 ut
909 2466 1006 2523 per
1042 2461 1253 2522 tempus
1279 2450 1547 2522 proﬁciat,
1587 2463 1642 2507 et
1686 2449 1991 2506 delectetur

408 2541 699 2597 sanctitate
722 2539 867 2607 vitzc,
892 2548 945 2596 et
972 2550 1286 2611 permaneat
1315 2541 1368 2595 in
1393 2539 1604 2611 emptis,
1635 2539 1778 2596 sicut
1804 2550 1860 2594 et
1889 2539 1921 2593 ι.
1938 2555 1990 2594 εδ

409 2641 642 2703 quenter
684 2630 883 2687 factum
926 2631 1150 2686 scimus.
1197 2630 1421 2701 Oportet
1463 2637 1642 2684 tamen
1684 2628 1830 2684 circa
1865 2639 1989 2684 cum

374 2713 386 2725 ’
410 2724 623 2780 cautius
654 2723 738 2794 agi
770 2730 824 2777 ct
875 2721 1206 2792 diligentius,
1243 2729 1301 2775 ut
1355 2720 1470 2775 sive
1517 2718 1570 2774 in
1615 2719 1844 2772 veritate
1870 2733 1992 2787 per-

412 2823 646 2879 maneat,
703 2805 785 2869 vei
830 2812 1107 2884 proficiat,
1165 2812 1280 2884 sive
1330 2808 1728 2866 institutionum
1782 2815 1992 2862 nostra-

415 2917 533 2957 rum
587 2902 811 2960 libertas
850 2900 1190 2971 exploretur,
1244 2895 1540 2970 probabilis
1581 2896 1892 2952 inveniatur
1940 2905 1995 2951 ct

415 3007 568 3065 pura.
618 2991 698 3047 ita
740 3005 973 3062 namque
1018 2997 1073 3046 et
1104 3004 1203 3044 nos
1255 2989 1364 3044 Deo
1410 2986 1762 3058 placebimus,
1813 2989 1869 3042 et
1909 2985 1997 3040 ille

417 3069 685 3154 proﬁciet,
715 3082 760 3138 si
801 3085 978 3137 verax‘
1006 3089 1129 3148 est;
1167 3087 1261 3135 aut
1310 3078 1357 3135 si
1397 3077 1680 3134 simulator
1723 3085 1829 3144 cst,
1877 3093 1999 3133 cru-

419 3176 622 3229 bescet.

491 3263 687 3336 Siqua:
717 3272 891 3318 tamen
922 3258 1306 3336 rationabiliter
1342 3270 1390 3316 et
1413 3274 1529 3316 cum
1551 3257 1849 3316 luttnilitate
1882 3254 2002 3314 σΙιαι

423 3358 596 3411 ritatis
637 3355 961 3428 reprehendit
987 3366 1082 3410 aut
1103 3353 1347 3420 ostendit,
1386 3346 1571 3408 tractet
1591 3352 1752 3408 abbas
1774 3352 2003 3422 pruden-

422 3455 519 3510 ter,
550 3462 612 3500 ne
635 3447 770 3516 forte
801 3462 919 3501 eum
948 3456 1161 3517 propter
1185 3444 1281 3498 hoc
1305 3443 1474 3514 ipsum
1505 3439 1758 3496 Dominus
1797 3441 2004 3493 direxe-

423 3537 512 3589 rit.
538 3534 693 3602 Quod
713 3535 847 3590 dicit
871 3552 885 3588 :
919 3533 980 3589 Si
996 3534 1122 3604 quid
1155 3549 1270 3585 cum
1293 3529 1594 3584 humilitate
1623 3527 1898 3582 charitatis
1919 3543 2002 3581 re-

420 3627 715 3698 prehendit,
765 3626 831 3680 de
853 3625 1078 3679 servitio
1105 3621 1221 3684 Dei,
1261 3629 1314 3674 et
1342 3615 1816 3674 observationibus
1849 3631 2006 3686 regu-

419 3720 509 3782 lae,
542 3727 594 3770 ct
621 3714 989 3770 custodiendis
1015 3711 1302 3783 prteccptis
1339 3706 1550 3762 Domini
1591 3705 1741 3763 dicit.
1784 3708 1859 3762 De
1882 3705 2004 3777 qui-

425 3808 528 3861 bus
566 3803 856 3869 omnibus,
900 3801 946 3857 si
993 3815 1117 3857 eum
1161 3799 1433 3855 cbaritatc
1497 3796 1698 3868 aliquid
1753 3798 2007 3853 emendae

425 3897 567 3953 verit
619 3897 837 3967 hospes,
888 3902 981 3950 aut
1026 3889 1320 3949 emendare
1346 3890 1594 3962 jusserit,
1641 3889 1874 3947 libenter
1917 3905 2007 3946 au-

429 3989 633 4055 diatur,
675 3996 732 4041 et
755 4001 875 4057 quae
908 3983 1242 4041 emendanda
1277 3991 1405 4038 sunt
1430 3981 1590 4039 eizius
1631 3985 2006 4049 emendentur,

428 4081 556 4153 quia
602 4087 862 4150 operante
912 4079 1137 4135 Domino
1179 4076 1318 4132 alius
1353 4075 1666 4145 frequenter
1700 4092 1797 4148 per
1839 4076 2006 4132 alium

429 4170 768 4225 emendatur.
838 4156 840 4158 ’

501 4259 566 4314 Si
581 4275 698 4314 vero
711 4269 890 4330 postea
903 4252 1115 4314 voluerit
1127 4255 1465 4313 stabilitatem
1477 4271 1626 4311 suam
1643 4255 1880 4326 ﬁrmare,
1903 4274 2008 4312 non

432 4360 687 4406 nauatur
719 4349 840 4404 talis
873 4349 1129 4416 voluntas,
1153 4360 1198 4403 et
1221 4349 1467 4415 maxime,
1494 4349 1618 4420 quia
1640 4358 1869 4420 tempore
1894 4348 2012 4403 Ιιοει

2087 1885 2440 1959 suscipiendi,
2493 1888 2711 1944 tenendi
2755 1891 2882 1944 sbnt
2917 1897 3080 1956 atque
3110 1883 3385 1949 trahendi,
3414 1893 3473 1938 ut
3503 1883 3676 1938 socie-

2089 1987 2198 2036 tate
2227 1977 2438 2035 illorum
2469 1977 2822 2036 meliorentur
2844 1977 2957 2032 alii.
2983 1968 3062 2032 illi
3095 1983 3226 2032 vero
3251 1963 3593 2046 projiciendi,
3619 1981 3680 2029 ut

2087 2059 2273 2127 eoruin
2301 2079 2596 2127 caveantur
2622 2070 2755 2125 vitia
2780 2087 2795 2136 ;
2826 2069 2916 2124 isti
2948 2067 3192 2133 tenendi,
3221 2075 3279 2121 ut
3305 2067 3371 2122 ab
3400 2052 3522 2120 aliis
3550 2064 3668 2120 isto-

2089 2178 2208 2219 rum
2260 2159 2501 2218 imitetur
2545 2169 2734 2217 sancta
2780 2169 2835 2216 et
2864 2161 3092 2216 honesta
3143 2159 3273 2214 vita.
3327 2156 3519 2212 Suasio
3549 2164 3682 2211 rere

2089 2251 2212 2309 boni
2244 2260 2297 2308 et
2329 2247 2543 2307 tenendi
2590 2250 2819 2321 hespitis
2865 2250 2971 2306 ista
3018 2249 3147 2314 erit,
3176 2249 3390 2304 dicatur
3427 2248 3517 2304 ei:
3554 2246 3676 2308 Sta,

2091 2337 2277 2409 frater,
2309 2343 2590 2397 nobiseum
2644 2340 2936 2396 immobilis
2981 2328 3034 2396 in
3079 2341 3184 2395 hoc
3226 2338 3582 2402 tnouaSterio,
3622 2354 3683 2393 ut

2088 2436 2230 2490 bono
2261 2444 2356 2498 tuo
2401 2429 2491 2490 alii
2530 2434 2850 2491 erudiuntur
2905 2435 3173 2504 exemplo.
3218 2433 3335 2489 Non
3366 2433 3510 2490 enim
3537 2449 3674 2503 opus

2089 2529 2256 2585 estin
2293 2528 2473 2598 aliquo
2519 2543 2764 2599 quterere
2803 2527 2946 2592 ineo,
2977 2527 3068 2598 qui
3114 2526 3314 2596 ubique
3340 2534 3427 2580 est
3464 2540 3679 2594 semper

2091 2628 2272 2675 notus.
2303 2613 2407 2690 ipsi
2434 2621 2578 2675 enim
2600 2619 2830 2675 Domino
2845 2631 2896 2675 ct
2920 2635 3020 2675 nos
3049 2619 3100 2673 in
3123 2619 3227 2674 hoc
3247 2616 3367 2675 lotio
3390 2617 3680 2682 servimus,

2092 2720 2147 2766 et
2176 2711 2276 2782 ipsi
2323 2711 2434 2780 regi
2473 2701 2784 2767 militamus.
2838 2704 2988 2767 Utilis
3013 2711 3158 2766 enim
3203 2710 3289 2766 est
3329 2705 3676 2766 Dominusiu

2093 2803 2241 2860 omni
2278 2796 2414 2869 loco,
2460 2803 2609 2859 cuia
2658 2803 2831 2858 servis
2867 2803 2980 2858 suis
3019 2802 3262 2873 Quatidie
3300 2802 3556 2858 servitur.
3611 2800 3676 2858 Et

2094 2908 2236 2952 unus
2272 2911 2365 2952 rex
2415 2909 2624 2966 regum,
2675 2895 2759 2950 cui
2809 2910 2840 2948 a
2875 2894 3139 2950 militibus
3190 2895 3305 2951 suis
3355 2910 3571 2965 semper
3619 2896 3672 2950 in

2096 2990 2244 3044 omni
2273 2986 2390 3042 loco
2415 2986 2700 3041 militatur.
2733 2985 2800 3040 Et
2831 2985 2949 3041 ideo
2978 3001 3084 3040 non
3110 2993 3195 3041 est
3219 2986 3317 3042 tibi
3353 3002 3492 3057 opus
3519 2984 3683 3042 alium

2102 3086 2345 3151 qumrere
2371 3079 2571 3144 locum,
2600 3077 2690 3132 ubi
2721 3077 2916 3134 me’litrs
2941 3078 3147 3133 servias
3170 3073 3421 3143 Domino,
3452 3077 3580 3149 quia
3603 3077 3694 3135 bie

2102 3173 2239 3229 bene
2268 3169 2564 3230 laborando
2605 3169 2944 3240 Dominoque
2987 3169 3273 3226 seruiendo
3309 3169 3571 3228 oculorum
3598 3187 3696 3242 po-

2092 3248 2235 3320 teris
2263 3261 2588 3331 conquirere
2619 3271 2864 3332 regnum.

2176 3353 2340 3420 Quem
2362 3341 2522 3406 etiam
2548 3346 2596 3406 si
2634 3351 2793 3406 talem
2821 3368 2931 3406 esse
2954 3352 3272 3421 perspexerit
3319 3350 3502 3415 abbas.
3545 3351 3700 3410 liceat

2103 3457 2222 3496 eum
2247 3441 2299 3493 in
2323 3440 2590 3510 superiore
2613 3437 3000 3508 aliquantulum
3027 3441 3339 3494 constituere
3361 3437 3498 3492 loco.
3522 3438 3692 3505 Quem

2105 3530 2149 3585 si
2179 3528 2340 3598 talem
2366 3526 2704 3598 perspexerit
2727 3527 2878 3593 dicit,
2902 3527 2956 3582 id
2981 3535 3086 3594 est,
3117 3527 3278 3586 talem
3301 3527 3397 3598 qui
3426 3537 3698 3584 mereatur

2107 3619 2158 3674 in
2189 3617 2453 3687 superiOri
2483 3616 2601 3672 loco
2638 3615 2916 3674 constitui.
2964 3617 3142 3674 Vitam
3167 3617 3314 3674 enim
3345 3628 3592 3678 sanctam
3617 3628 3703 3675 at-

2106 3726 2211 3784 que
2239 3711 2523 3782 probatam
2569 3709 2799 3767 exaltari
2837 3719 3053 3783 oportet
3097 3711 3152 3768 in
3198 3711 3556 3776 nionastcrio,
3584 3728 3694 3768 non

2109 3805 2340 3862 nobilem
2393 3815 2698 3876 personam.
2757 3801 2874 3860 Non
2923 3805 3222 3861 secundum
3271 3805 3695 3876 generositatem

2108 3902 2415 3965 parentum,
2445 3894 2528 3949 vel
2555 3893 3002 3951 vestimentorum
3023 3894 3248 3960 cultum,
3274 3895 3371 3950 sed
3397 3896 3696 3951 secuttdum

2111 3989 2232 4043 vita:
2269 3987 2521 4042 meritum
2548 3985 2898 4052 honorandus
2925 3992 3010 4040 est
3037 3985 3131 4041 Dei
3164 4001 3376 4042 servus.
3517 4040 3521 4043 .

2183 4081 2306 4136 Non
2333 4078 2503 4134 soluat
2532 4087 2709 4133 autem
2735 4078 3074 4143 monachum,
3097 4078 3191 4133 sed
3236 4079 3395 4134 etiam
3423 4079 3489 4135 de
3510 4093 3699 4151 supra-

2111 4171 2264 4226 dictis
2291 4167 2540 4240 grudibus
2566 4166 2897 4222 sacerdotum
2926 4167 3005 4222 vel
3023 4167 3332 4224 clericorum
3352 4169 3586 4226 stabilire
3609 4188 3700 4241 ρο-

2112 4271 2209 4315 test
2233 4259 2393 4314 abbas
2416 4260 2470 4314 in
2503 4258 2695 4330 majori
2721 4275 2874 4329 quant
2904 4259 3270 4327 ingrediuntur
3289 4259 3427 4326 loco,
3449 4261 3496 4315 si
3517 4277 3698 4316 eorum

2114 4350 2270 4405 talem
2313 4350 2629 4422 perspexerit
2695 4366 2807 4405 esse
2857 4351 3034 4404 vitam.
3107 4348 3217 4408 Nec
3258 4353 3347 4408 isti
3406 4354 3527 4409 ideo
3573 4365 3702 4410 sunt

433 4441 710 4511 pttalitatis
749 4439 916 4511 potuit
958 4440 1073 4510 ejus
1111 4440 1212 4494 rita
1238 4437 1493 4510 dignosci.
1526 4438 1806 4506 Quomodo
1830 4439 2009 4494 firmet
2032 4475 2084 4542 Β
2116 4441 2414 4506 cxalttmdi,
2440 4441 2566 4512 quia
2594 4449 2722 4502 sunt
2745 4440 3080 4506 sacerdotes,
3123 4442 3208 4498 vel
3233 4441 3418 4500 clerici
3441 4443 3699 4509 ordinati,

437 4531 786 4587 stabilitatem
834 4546 1010 4596 suam,
1051 4531 1167 4586 sive
1204 4530 1258 4585 in
1297 4530 1460 4585 corde
1512 4539 1744 4595 tantum,
1797 4531 1911 4587 sive
1952 4531 2004 4586 in

437 4624 598 4678 corde
633 4623 794 4678 simul
819 4634 878 4679 et
911 4623 1099 4688 verbo,
1151 4623 1241 4678 hic
1279 4631 1464 4692 aperte
1505 4637 1609 4675 non
1646 4621 1862 4683 dicitur,
1917 4623 2012 4678 sed

437 4723 497 4768 ut
517 4715 676 4769 datur
698 4714 946 4785 intelligi,
971 4714 1113 4770 sicut
1130 4713 1218 4768 ille
1254 4713 1490 4768 novitius
1520 4712 1790 4782 promittit
1813 4712 1879 4767 de
1901 4722 2012 4767 sta-

439 4807 647 4862 bilitate
664 4821 758 4860 sua
781 4822 966 4862 coram
996 4805 1110 4863 Deo
1131 4815 1185 4860 et
1205 4806 1411 4861 sanctis
1437 4803 1573 4874 ejus,
1600 4814 1655 4860 ut
1697 4806 1741 4860 si
1769 4805 2012 4876 aliquan-

437 4901 508 4954 do
546 4899 705 4952 aliter
735 4897 943 4963 l‘eeerit,
976 4899 1043 4953 ab
1067 4913 1132 4952 eo
1152 4913 1210 4954 se
1247 4897 1609 4951 damnandum
1641 4897 1798 4963 sciat,
1850 4909 2012 4967 quem

439 4990 661 5052 irridet;
706 4989 778 5043 ita
807 4999 862 5044 et
884 4991 986 5045 iste
1015 4987 1263 5059 quamvis
1290 4989 1728 5059 nonpromittat,
1761 4989 1886 5058 quia
1902 4986 2017 5056 jam

438 5085 766 5156 promissum
814 5084 996 5148 habet,
1036 5084 1214 5138 ﬁrmet
1251 5092 1429 5136 tamen
1482 5082 1835 5137 stabilitatem
1865 5097 2017 5137 suam

440 5177 604 5232 corde
643 5176 802 5231 simul
839 5185 896 5232 et
933 5177 1101 5231 verbo
1138 5187 1319 5230 coram
1353 5173 1465 5229 Deo
1487 5175 1766 5230 ctsanetis
1790 5173 1929 5244 ejus,
1966 5183 2023 5228 et

442 5265 655 5320 idoneis
678 5265 926 5327 testibus,
970 5277 1038 5318 ne
1059 5271 1334 5318 mereatur
1356 5261 1472 5332 ipse
1493 5261 1899 5316 damnationem
1922 5276 2023 5332 pro

445 5357 611 5411 multa
642 5372 737 5411 sua
757 5364 811 5412 et
837 5355 1022 5410 illicita
1055 5355 1362 5426 vagatione.

515 5435 671 5513 Quint
724 5450 768 5503 si
823 5448 1137 5518 superﬂuus,
1195 5455 1287 5500 aut
1323 5447 1536 5501 vitiosus
1585 5446 1818 5501 inventus
1867 5447 2025 5517 fuerit

444 5547 671 5610 (erupere
692 5538 1081 5609 hospitalitatis,
1106 5554 1206 5590 non
1227 5535 1394 5590 solum
1417 5552 1518 5590 non
1539 5536 1681 5590 debet
1703 5537 1896 5590 sociari
1913 5553 2028 5590 cor-

442 5631 560 5702 pori
594 5631 915 5694 monasterii,
945 5627 1280 5683 verunsetiam
1302 5627 1512 5681 dicatur
1536 5628 1584 5681 ei
1605 5627 1815 5681 honeste
1846 5635 1897 5680 ut
1923 5626 2030 5681 dis-

445 5722 612 5782 cedat,
645 5739 706 5774 ne.
736 5721 850 5792 ejus
891 5719 1100 5774 miseria
1124 5719 1279 5772 etimn
1303 5717 1398 5771 alii
1428 5718 1690 5772 vitientur.
1718 5715 2030 5788 Supcrl'iuus

2111 4534 2205 4590 sed
2246 4532 2371 4604 quia
2409 4539 2536 4587 sunt
2562 4531 2698 4586 vitaz‘
2725 4529 2919 4586 merito
2949 4531 3180 4600 probati,
3221 4542 3276 4588 et
3321 4534 3374 4589 in
3404 4549 3703 4591 conversa-

2114 4626 2260 4680 tione
2310 4633 2498 4680 sancta
2546 4623 2760 4678 caneris
2816 4623 3116 4680 sanctiores
3177 4625 3401 4682 inventi.
3465 4627 3532 4681 Et
3581 4627 3704 4682 ideo

2113 4732 2219 4772 non
2278 4732 2371 4772 eos
2427 4715 2701 4770 temeritas
2748 4714 2960 4774 abbatis
2990 4756 3004 4780 ,
3050 4717 3146 4773 sed
3188 4717 3394 4774 exultat
3439 4718 3704 4774 sanctitas

2114 4809 2363 4864 actionis.

2189 4900 2379 4956 Caveat
2413 4913 2591 4960 autem
2617 4905 2802 4971 abbas,
2827 4922 2890 4962 ne
2914 4905 3286 4978 aliquandode
3307 4903 3414 4958 alio
3449 4910 3574 4959 noto
3595 4921 3708 4958 mo-

2121 4991 2348 5044 nasterio
2375 4994 2686 5049 monachum
2717 4997 2786 5049 ad
2807 4996 3152 5051 habitandum
3173 4997 3423 5067 suscipiat
3445 4996 3559 5050 sine
3581 5013 3711 5049 con—

2115 5097 2273 5134 sensu
2301 5081 2504 5138 abbatis
2543 5085 2680 5155 ejus,
2726 5095 2816 5141 aut
2859 5085 3044 5142 litteris
3087 5087 3542 5148 comnteudatitiis,
3581 5085 3710 5153 quia

2120 5171 2370 5239 scriptum
2423 5183 2542 5226 est:
2593 5173 2747 5240 Quod
2794 5177 2890 5230 tibi
2941 5193 3044 5233 non
3084 5178 3160 5232 vis
3211 5177 3353 5246 ﬁeri,
3401 5174 3554 5230 alteri
3605 5187 3710 5226 non

2123 5264 2326 5336 feceris.
2379 5267 2514 5324 Hinc
2547 5269 2740 5326 Patres
2763 5272 2978 5342 antiqui
3017 5272 3308 5328 dixerunt:
3362 5269 3479 5323 Non
3515 5264 3708 5320 licebit

2128 5358 2193 5412 de
2224 5357 2328 5410 alio
2366 5361 2693 5416 momsterio
2728 5363 2846 5420 sine
2889 5363 3170 5420 voluntate
3218 5362 3337 5432 eius
3374 5357 3469 5428 «ιιιί
3517 5360 3714 5426 Ρτωθδί

2129 5445 2304 5500 Patris
2327 5444 2522 5502 fratres
2552 5450 2828 5521 recipere:
2860 5469 2967 5508 non
2995 5454 3164 5509 solum
3197 5449 3456 5518 recipere,
3491 5443 3586 5500 sed
3613 5457 3715 5498 nec

2131 5537 2314 5593 videre
2341 5547 2576 5608 oportet,
2603 5541 2816 5598 dicente
2847 5544 3142 5613 Apostolo:
3193 5539 3330 5606 Quia
3371 5538 3461 5608 qui
3490 5536 3712 5602 primam

2132 5629 2286 5692 [idem
2315 5630 2518 5683 initam
2539 5629 2682 5701 fecit,
2709 5645 2784 5688 est
2807 5635 3008 5704 inﬁdeli
3044 5633 3287 5687 deterior.
3337 5628 3490 5697 Quod
3521 5629 3564 5682 si
3597 5643 3714 5696 prec

2135 5730 2288 5771 ratus
2319 5718 2478 5773 fuerit
2509 5721 2574 5774 ab
2601 5739 2664 5775 eo
2697 5725 2784 5792 qui
2815 5731 3008 5792 prmest
3034 5723 3218 5787 Patre,
3247 5729 3305 5776 ut
3339 5723 3391 5777 in
3423 5719 3566 5775 aliud
3599 5734 3716 5773 mo-
