3968 6204
359 336 457 421 litt
876 344 889 351 ο
1070 345 1076 351 -
1644 312 2004 371 -διιΑιιΑςυι
2040 306 2331 367 ABBATIS
3512 288 3631 345 sta

361 416 659 506 nasterium
703 442 1056 513 ingrediatur,
1100 432 1505 494 commendetur
1550 431 1617 485 ab
1650 444 1717 486 eo
1756 429 1807 485 ei
1834 426 1927 497 qui
1956 432 2007 492 λ
2031 432 2166 489 tate,
2209 417 2519 478 obedientia
2559 420 2613 470 et
2666 409 2814 467 omni
2862 405 3119 487 puritatis
3164 400 3484 459 sinceritate
3508 412 3627 469 pre

361 547 557 613 praeest
592 536 684 593 ubi
723 497 842 589 esse
886 497 1178 595 desiderat,
1228 534 1284 583 et
1324 524 1403 580 sic
1448 520 1793 591 suscipiatur.
1845 516 1939 573 Ille
2039 515 2249 572 caeteris
2272 512 2966 579 ornatur,oportctutpr:e
2993 500 3205 556 ueteris
3231 497 3555 552 bonoretur.

365 590 491 685 ζει-ο
534 624 832 683 monachus
875 627 1107 691 quantos
1149 616 1347 671 fratres
1395 612 1450 667 in
1479 611 1584 665 alio
1614 605 1941 664 monasterio
2112 606 2216 673 Qui
2244 614 2419 659 tamen
2460 598 2696 671 regulam
2724 614 2758 651 a
2798 594 3012 649 decanis
3043 592 3122 648 vel
3157 590 3453 663 pra-positis
3491 606 3629 644 cou-

365 716 648 781 invenerit,
682 721 864 768 tantos
890 682 950 767 se
976 701 1187 764 noverit
1212 705 1415 761 habere
1434 701 1662 774 priores.
1691 697 1799 753 Sed
1843 709 1945 750 nec
2042 700 2277 755 stitutam
2301 695 2401 751 sibi
2431 691 2742 748 servandam
2764 689 2937 744 sciat:
2964 685 3103 758 quod
3132 684 3179 738 si
3201 682 3356 737 aliter
3372 696 3634 752 prorsum—

365 768 751 864 alten_dendum
776 800 906 872 quid
924 798 1035 857 'fuit
1064 800 1245 862 antea,
1275 794 1371 851 sed
1398 768 1733 864 probandum
1771 786 1946 860 qualis
2042 788 2226 860 pserit,
2253 801 2358 840 non
2393 792 2451 838 ut
2488 779 2755 845 sacerdos,
2796 776 2887 832 sed
2930 786 2987 830 ut
3026 772 3230 829 rebellis
3249 771 3541 843 iudicetur.
3570 768 3634 829 Si

363 910 484 952 esse
509 892 757 965 coeperit.
792 861 1089 960 -Suscep'tus
1110 861 1241 941 vero
1270 883 1317 941 si
1359 861 1559 938 habere
1593 879 1808 965 videtur
1850 874 1948 930 ali-
2045 878 2190 937 enim
2220 870 2461 948 regulam
2504 871 2608 929 sibi
2646 869 2999 926 constitutam
3027 866 3167 921 bene
3209 861 3529 927 servaverit,
3574 870 3633 919 et

365 984 519 1055 quid,
549 951 663 1038 sive
688 978 745 1035 in
772 951 1095 1042 rebus-sive
1119 973 1174 1028 in
1204 969 1501 1032 codicibus,
1522 965 1663 1021 ultra
1685 963 1741 1018 'ei
1769 961 1945 1033 possi-

2074 967 2308 1037 lignitate
2351 971 2408 1021 et
2447 961 2668 1017 nomine
2714 955 3016 1014 sacerdotis
3059 952 3547 1018 honoriﬁcabitur;
3582 951 3631 1007 si

368 1048 635 1130 derenon
668 1068 870 1134 licebit,
908 1071 971 1121 ut
1012 1063 1191 1136 permit
1215 1071 1335 1117 esse
1375 1053 1670 1129 perlectus,
1699 1052 1790 1123 qui
1820 1048 1949 1106 alibi

368 1180 476 1219 non
504 1163 682 1234 potuit
720 1175 840 1216 esse
865 1171 1054 1214 senex.
1103 1153 1241 1209 Hinc
1269 1151 1467 1206 beatus
1499 1142 1799 1201 Ferreolus
1834 1140 1947 1196 ait:

368 1256 689 1314 Monachum
733 1252 955 1309 omnino
999 1247 1114 1304 sive
1154 1244 1414 1301 cleriCum
1461 1238 1686 1294 alterius
1713 1233 1840 1299 loci,
1867 1230 1953 1287 vel

371 1346 682 1405 monasterii
714 1342 884 1414 recipi
909 1341 1011 1397 sub
1035 1336 1275 1411 qualibet
1299 1346 1460 1389 causa
1488 1328 1756 1414 nolumus,
1784 1325 1955 1414 inter-

370 1439 619 1503 dicimus,
663 1404 1031 1506 prohibemus,
1052 1404 1461 1498 prospicientes
1481 1413 1607 1474 ta'lia
1624 1413 1804 1506 studio
1827 1404 1957 1468 eba-

373 1527 571 1591 ritatis,
622 1504 691 1579 ne
737 1533 935 1576 novum
972 1514 1176 1584 aliquid
1222 1510 1381 1568 sorde
1420 1504 1660 1563 scandali
1699 1506 1957 1573 surgente

374 1620 612 1676 inducat.
663 1612 807 1668 Dicit
834 1611 978 1666 enim
1025 1607 1351 1676 Scriptura:
1411 1595 1680 1669 Quidquid
1724 1594 1815 1649 tibi
1854 1608 1957 1645 non

371 1711 450 1765 vis
475 1706 611 1779 fieri,
641 1704 736 1760 alii
766 1718 830 1758 ne
851 1700 1034 1773 feceris
1062 1695 1277 1768 (Matth.
1307 1690 1430 1763 vn).

954 1787 1185 1846 CAPUT
1222 1784 1382 1841 LXII.

758 1884 837 1941 De
857 1880 1212 1938 sacerdotibus
1249 1873 1573 1930 monasterii.

448 1983 513 2042 Si
547 1982 663 2056 quis
684 1978 845 2035 abbas
880 1975 980 2031 sibi
1015 1971 1370 2046 presbyterum
1394 1966 1472 2023 vel
1498 1966 1777 2020 diaconum
1817 1960 1959 2016 ordi-

378 2072 496 2129 nari
519 2051 742 2144 petierit,
767 2067 835 2122 de
863 2065 973 2121 suis
1015 2062 1171 2133 eligat
1199 2059 1289 2132 qui
1333 2057 1522 2129 dignus
1548 2056 1623 2133 sit
1670 2051 1960 2108 sacerdotio

377 2163 547 2235 fungi.
569 2158 921 2217 Conlessionc
944 2154 1188 2211 omnium
1226 2164 1449 2206 suorum
1478 2147 1637 2203 debet
1681 2144 1850 2200 abbas
1872 2158 1962 2199 co-

376 2234 641 2326 gnoscere
668 2246 1079 2310 monachorum,
1124 2250 1182 2298 et
1227 2248 1356 2295 tunc
1401 2254 1563 2311 quem
1602 2253 1669 2292 ex
1713 2234 1963 2291 omnibus

378 2324 600 2415 elegerit
624 2353 743 2396 esse
771 2338 1013 2409 dignum,
1039 2332 1280 2389 ordinari
1307 2330 1409 2385 sibi
1441 2329 1629 2398 juheat
1657 2324 1960 2390 diaconum,

383 2434 463 2490 vel
492 2433 889 2509 presbyterum,
917 2426 1121 2497 eligens
1169 2422 1223 2477 in
1266 2422 1347 2477 eis
1396 2419 1661 2491 regularis
1690 2417 1813 2472 vita:
1852 2430 1964 2470 me-

382 2526 544 2580 ritum
573 2530 628 2579 et
654 2518 933 2591 sapientiae
961 2515 1318 2571 intellectum.

376 2636 379 2645 ί
450 2613 743 2669 Ordinatus
771 2618 945 2664 autem
988 2614 1166 2661 caveat
1210 2601 1485 2658 elationem
1526 2607 1620 2654 aut
1646 2597 1963 2670 superbiam.

383 2703 497 2759 Nec
520 2701 805 2775 quidquam
828 2704 1137 2771 prtvsuntat,
1168 2694 1269 2747 nisi
1288 2691 1428 2762 quod
1456 2691 1506 2744 ei
1527 2691 1592 2743 ab
1618 2688 1802 2743 abbate
1825 2704 1964 2758 pra:-

379 2797 596 2869 cipitur,
620 2794 784 2848 sciens
811 2808 866 2846 se
890 2787 1056 2844 multo
1091 2784 1255 2855 magis
1283 2780 1572 2854 disciplima
1602 2779 1832 2851 regulari
1852 2778 1968 2833 sub-

379 2866 569 2941 ditant.
632 2883 743 2938 Nec
775 2879 1045 2935 occasione
1075 2873 1360 2932 sacerdotii
1397 2871 1738 2927 obliviscatur
1775 2866 1967 2940 regula:

381 2973 725 3030 obedientiam
770 2980 819 3026 et
848 2967 1203 3039 disciplinam,
1253 2962 1343 3019 sed
1389 2962 1558 3033 magis
1591 2977 1655 3015 ac
1705 2959 1873 3030 magis
1910 2959 1968 3013 in

388 3066 612 3120 Domino
652 3061 916 3135 proﬁciat.
949 3057 1226 3126 Scriptum
1250 3060 1334 3109 est
1374 3052 1559 3107 enim:
1607 3048 1814 3115 Quanto
1854 3065 1968 3103 ma-

384 3175 517 3221 qnus
552 3171 630 3221 es,
667 3151 891 3207 humilia
936 3158 986 3204 te
1025 3149 1080 3201 in
1123 3145 1384 3209 omnibus,
1433 3152 1482 3198 et
1524 3154 1699 3197 coram
1732 3139 1841 3193 Deo
1878 3139 1964 3193 in—

364 3248 557 3301 venies
580 3244 806 3314 gratiam
835 3234 1136 3311 (Ecclmu).
1164 3234 1366 3289 Caveat
1388 3244 1522 3302 ergo
1549 3229 1848 3285 monachus
1873 3240 1969 3282 ne-

387 3350 539 3392 cesse
565 3341 651 3389 est
674 3329 923 3386 elationis
957 3325 1300 3397 iactantiam,
1348 3332 1402 3379 ct
1442 3321 1683 3377 omnium
1712 3319 1967 3376 vitiorum

393 3435 623 3483 matrem
666 3420 999 3493 superbiam,
1045 3430 1167 3487 qua‘.
1212 3416 1357 3471 sicut
1403 3412 1557 3486 origo
1609 3421 1693 3467 cst
1729 3410 1967 3467 omnium

385 3516 696 3580 criminum,
734 3515 812 3570 ita
839 3512 994 3567 ruina
1036 3516 1121 3566 est
1151 3515 1471 3564 cunctarum
1503 3506 1784 3567 virtutum.
1830 3501 1969 3559 Nam

387 3610 510 3666 ideo
553 3604 808 3677 superbia
850 3601 997 3657 omni
1036 3599 1170 3654 vitio
1199 3598 1458 3661 deterior,
1508 3595 1636 3665 quia
1674 3610 1705 3648 a
1744 3592 1971 3650 summis

385 3699 636 3773 personis
658 3706 823 3765 "atque
851 3691 1173 3765 primatibus
1200 3687 1515 3753 assumitur,
1542 3695 1598 3741 et
1625 3680 1694 3741 de
1715 3684 1972 3757 operibus

386 3789 607 3864 iustitia:
645 3794 809 3856 aulae
846 3781 1138 3837 virtutibus
1183 3778 1446 3834 exoritur.
1493 3774 1660 3831 Recte
1696 3789 1827 3846 ergo
1869 3773 1973 3832 ini-

390 3882 528 3935 tium
578 3876 755 3933 omnis
796 3870 1008 3943 peccati
1064 3866 1314 3938 superbia
1346 3876 1452 3932 est,
1498 3866 1624 3935 quia
1678 3864 1786 3920 nisi
1831 3876 1971 3934 pra:-

388 3971 620 4030 eesserit
663 3961 1044 4029 inobedientia,
1093 3957 1543 4031 transgressionis
1586 3970 1694 4012 non
1724 3955 1973 4027 sequitur

392 4065 569 4135 culpa.

463 4155 660 4209 Locum
689 4165 806 4205 vero
846 4145 996 4202 illum
1039 4158 1244 4216 semper
1277 4141 1534 4207 attendat,
1562 4156 1665 4213 quo
1707 4140 1973 4212 ingressus

389 4257 464 4302 est
492 4241 886 4303 monasterium,
916 4244 1108 4308 praeter
1145 4234 1369 4305 cilicium
1395 4230 1603 4287 altaris.
1652 4231 1710 4287 Id
1739 4240 1843 4299 est,
1872 4230 1973 4287 hu-

395 4336 676 4392 militatem
707 4342 926 4399 semper
971 4336 1180 4390 tenens,
1227 4324 1405 4379 locum
1451 4337 1609 4378 suum
1638 4323 1694 4378 in
1720 4322 1971 4378 omnibus

392 4425 712 4498 regulariter
747 4422 1044 4476 observans
1086 4416 1372 4481 custodiat,
1420 4422 1477 4470 et
1515 4415 1595 4470 sic
1644 4415 1867 4469 accedat
1904 4414 1972 4469 ad

393 4532 605 4588 pacem,
654 4514 723 4568 ad
769 4508 1224 4572 communionem,
1269 4507 1337 4562 ad
1386 4506 1652 4577 psalmum
1696 4504 1975 4576 imponen-

394 4612 542 4674 dum,
568 4608 626 4663 in
650 4606 819 4661 choro
846 4602 1120 4665 standum,
1146 4607 1204 4654 et
1223 4598 1278 4653 iu
1300 4597 1551 4653 omnibus
1575 4596 1795 4651 omnino
1818 4593 1973 4663 locis,

394 4710 594 4769 praeter
616 4696 856 4753 cilicium
899 4692 1106 4757 altaris,
1140 4691 1195 4745 id
1243 4698 1346 4756 est,
1376 4689 1481 4745 nisi
1522 4692 1739 4759 quando
1782 4689 1977 4747 altario

396 4792 687 4847 ministrat.
705 4788 919 4853 ,Aitario
948 4786 1093 4842 enim
1120 4784 1384 4841 assistens
1412 4784 1622 4854 primus
1646 4790 1775 4850 stat,
1805 4783 1976 4839 sacri-

398 4885 544 4947 licat,
572 4890 626 4937 et
652 4880 859 4951 primus
897 4894 997 4950 pro
1041 4876 1293 4933 omnibus
1336 4883 1477 4940 orat,
1507 4873 1722 4929 etiamsi
1750 4871 1975 4930 ultimus

398 4972 702 5030 inveniatur
742 4969 799 5025 in
841 4968 1051 5025 ordine.
1098 4966 1169 5023 Et
1212 4965 1335 5021 ideo
1361 4977 1464 5020 nec
1491 4962 1642 5019 locus
1688 4962 1762 5019 ibi
1787 4970 1973 5021 (xisto-

396 5063 627 5121 diendus
647 5069 753 5127 est,
782 5074 885 5117 nec
905 5060 1042 5116 ordo
1064 5058 1350 5114 tenendus.

470 5153 614 5211 Etsi
639 5152 775 5223 forte
814 5149 996 5205 electio
1034 5147 1470 5221 congregationis,
1507 5153 1559 5201 et
1598 5142 1839 5199 voluntas
1881 5143 1975 5199 ab-

398 5248 532 5305 batis
560 5260 655 5319 pro
696 5242 817 5298 vita:
840 5239 1025 5295 merito
1071 5253 1191 5297 eum
1228 5250 1530 5310 promovere
1573 5231 1812 5289 voluerit.
1842 5230 1978 5290 Pro-

398 5337 613 5397 moveri
630 5333 830 5392 dicitur
852 5328 1108 5387 honorari
1131 5328 1217 5386 vel
1243 5329 1492 5397 exaltari,
1519 5336 1576 5386 et
1602 5327 1671 5383 ab
1699 5325 1975 5382 humiliori

398 5431 520 5490 loco
543 5430 598 5487 in
625 5422 892 5499 superiori
934 5418 1233 5477 sublimat-i.
1280 5419 1511 5492 Dignum
1536 5424 1622 5475 est
1646 5417 1792 5475 enim
1836 5415 1976 5489 apud

402 5522 648 5579 homines
680 5512 980 5580 sublimari,
1005 5511 1099 5584 qui
1134 5509 1304 5567 fretus
1336 5522 1522 5567 amore
1565 5510 1664 5567 Dei
1705 5510 1977 5568 consentit

402 5627 513 5681 pra:
537 5610 750 5667 ceteris
790 5603 1086 5665 humiliari.
1129 5600 1429 5660 Monachus
1469 5603 1615 5657 enim
1646 5602 1738 5673 qui
1761 5594 1981 5659 cautela

407 5710 461 5755 et
485 5702 875 5768 moderatione,
918 5696 1198 5772 pudicitia,
1249 5694 1377 5765 ﬁde,
1421 5690 1749 5759 humilitate,
1794 5693 1975 5750 chari-

1998 4462 2051 4525 D

2048 1062 2229 1111 autem
2257 1068 2364 1109 non
2405 1049 2733 1116 servabitur,
2758 1061 2860 1104 nec
2876 1045 3142 1101 sacerdos
3184 1056 3287 1096 nec
3309 1041 3476 1097 etiam
3516 1054 3633 1094 mo-

2051 1146 2276 1212 nachus,
2306 1144 2404 1201 sed
2430 1140 2664 1200 rebellio
2709 1138 3016 1202 vocabitur,
3058 1134 3188 1205 quia
3220 1142 3461 1205 pactum,
3481 1133 3633 1203 quod

2049 1237 2202 1310 prius
2230 1233 2535 1292 voluntarie
2569 1240 2627 1287 et
2670 1227 2900 1301 paciﬁce
2926 1225 3200 1299 promisit,
3222 1232 3413 1296 postea
3445 1237 3633 1292 super-

2051 1330 2155 1385 bus
2194 1334 2250 1383 et
2274 1334 2565 1385 contumax
2594 1323 2812 1379 irritum
2861 1317 3007 1375 fecit.
3050 1314 3290 1371 Rebellio
3317 1315 3460 1369 enim
3501 1313 3632 1367 dici-

2054 1429 2164 1487 tur,
2194 1418 2289 1490 qui
2314 1424 2438 1488 post
2477 1428 2668 1487 pacem
2709 1411 2908 1467 factam
2938 1422 3129 1464 rursus
3165 1406 3387 1462 reiterat
3412 1403 3632 1458 bellum.

2129 1510 2194 1566 Et
2224 1526 2362 1588 ηερε
2391 1506 2689 1563 admonitus
2728 1504 2774 1560 si
2802 1519 2909 1558 non
2929 1499 3235 1588 correxerit,
3262 1498 3420 1553 etiam
3440 1497 3630 1567 episco.

2053 1620 2153 1674 pus
2180 1585 2490 1657 adhibeatur
2507 1598 2565 1652 in
2591 1594 2964 1652 testimonium.
2995 1587 3149 1655 Quod
3167 1588 3212 1643 si
3238 1605 3330 1642 nec
3355 1585 3431 1642 sic
3460 1602 3630 1641 eaten-

2024 1702 2029 1705 ’
2056 1687 2277 1758 daverit,
2302 1687 2702 1745 clarescentibus
2730 1680 2900 1755 culpis
2922 1680 3246 1754 projiciatur
3274 1675 3344 1732 de
3380 1686 3627 1732 monaste-

1988 1775 2037 1835 B
2063 1784 2164 1849 rio,
2191 1783 2237 1838 si
2265 1792 2440 1838 tamen
2480 1776 2603 1834 talis
2646 1776 2805 1848 fuerit
2846 1776 2961 1846 ejus
3008 1771 3363 1835 contumacia,
3404 1778 3460 1823 ut
3487 1768 3644 1822 subdi

2059 1885 2153 1931 aut
2197 1873 2409 1930 obedire
2456 1869 2652 1942 regula:
2699 1866 2853 1922 nolit.
2909 1863 2968 1920 Si
3017 1858 3163 1918 enim
3198 1869 3309 1916 tam
3354 1871 3643 1930 pervorsus

2060 1965 2350 2030 exstiterit,
2380 1972 2443 2019 ut
2466 1978 2566 2018 nec
2591 1974 2777 2017 amore
2799 1954 3032 2019 Christi,
3060 1967 3161 2008 nec
3197 1966 3303 2022 pro
3342 1951 3642 2005 revetentia

2060 2059 2352 2115 emendare
2401 2055 2535 2110 velit
2588 2050 2863 2123 episcopi,‘
2906 2046 3159 2104 omnibus
3208 2052 3395 2100 notum
3444 2041 3638 2097 factum

2060 2147 2255 2204 vicinis
2273 2145 2592 2218 projiciatur
2609 2158 2640 2197 a
2665 2137 2995 2197 monasterio
3013 2132 3435 2209 clarescentibus
3451 2130 3645 2202 culpis.

2631 2229 2858 2289 CAPUT
2892 2224 3071 2284 LXIII.

2464 2321 2542 2377 De
2573 2320 2757 2377 ordine
2797 2314 3241 2389 congregationis.

2133 2414 2359 2471 Ordines
2383 2431 2506 2469 suos
2519 2415 2575 2470 in
2592 2411 2910 2468 monasterio
2924 2408 2998 2465 ita
3015 2415 3411 2473 conservent,“
3432 2422 3633 2462 conser-

2063 2509 2225 2564 sionis
2251 2517 2450 2579 tempus
2474 2516 2525 2563 et
2551 2508 2671 2562 vita:
2715 2504 2961 2560 meritum
2999 2501 3271 2567 discernit,
3309 2510 3465 2572 atque
3489 2499 3649 2553 abbas

2065 2597 2412 2653 constituerit.
2466 2596 2603 2652 Hinc
2638 2596 2833 2653 beatus
2867 2593 3198 2649 Fructuosus
3224 2591 3340 2647 ait:
3390 2590 3493 2658 Qui
3539 2591 3638 2661 pri-

2064 2706 2188 2746 mus
2218 2689 2276 2745 in
2306 2688 2636 2744 monasterio
2662 2701 2956 2742 conversus
3006 2684 3188 2751 fuerit,
3225 2684 3437 2755 primus
3462 2682 3638 2737 arabu-

2065 2779 2163 2847 let,
2216 2780 2424 2851 primus
2456 2780 2660 2846 sedeat,
2688 2776 2897 2848 primus
2938 2774 3206 2846 eulogiam
3250 2774 3507 2845 accipiat,
3534 2772 3632 2842 pri-

2066 2887 2188 2929 mus
2227 2869 2592 2927 communicet
2638 2868 2694 2923 in
2745 2866 2994 2932 ecclesia,
3044 2866 3197 2938 prius
3244 2865 3500 2936 loquatur
3524 2879 3647 2920 cum

2066 2964 2474 3035 interrogantur
2519 2960 2720 3017 fratres
2764 2975 2865 3031 pro
2916 2959 3096 3030 aliqua
3140 2959 3456 3030 quaestione,
3502 2959 3655 3028 prior

2067 3055 2335 3125 psalmum
2361 3053 2526 3117 dicat,
2572 3053 2627 3108 in
2671 3052 2839 3107 choro
2875 3051 3085 3120 primus
3120 3050 3403 3112 consistat,
3450 3048 3646 3105 licinio-

2074 3146 2289 3202 madam
2314 3146 2464 3217 prior
2500 3143 2684 3209 faciat,
2716 3157 2936 3198 manum
2974 3142 3028 3197 in
3062 3154 3305 3197 mensam
3330 3141 3532 3211 primus
3558 3155 3647 3193 es.

2071 3238 2275 3296 tendat.
2324 3236 2435 3293 Nec
2462 3245 2595 3292 tetas
2620 3235 2735 3291 sola
2773 3234 2918 3292 inter
2947 3233 3148 3291 fratres
3182 3233 3523 3304 requirenda,
3554 3231 3651 3287 sed

2070 3329 2354 3388 conversio
2372 3338 2477 3397 est,
2507 3338 2565 3386 et
2592 3329 2797 3386 laboris
2818 3328 3091 3399 studiique
3115 3326 3469 3398 propositum.
3504 3323 3650 3381 Unde

2069 3432 2126 3480 et
2157 3422 2273 3478 haec
2294 3421 2553 3478 discretio
2579 3419 2813 3478 senioris
2848 3427 2933 3476 est
2972 3418 3351 3489 pnestolanda,
3394 3424 3453 3471 ut
3490 3432 3651 3486 quem

2069 3512 2339 3585 quomodo
2383 3526 2516 3582 erga
2558 3511 2655 3567 Dei
2691 3525 2931 3567 amorem
2988 3507 3300 3578 cultumque
3354 3506 3653 3563 ferventem

2072 3596 2286 3669 viderit,
2312 3602 2394 3658 sic
2435 3601 2685 3658 honoret.
2715 3599 2835 3656 Non
2866 3600 3013 3657 enim
3038 3597 3255 3671 generis
3276 3596 3536 3667 dignitas,
3562 3606 3656 3651 aut

2072 3708 2256 3749 rerum
2298 3692 2571 3763 opulentia
2615 3707 2780 3763 quam
2825 3692 3057 3763 quisque
3099 3689 3289 3747 habuit
3333 3690 3389 3747 in
3433 3688 3650 3752 mulo.

2071 3786 2156 3843 vel
2195 3785 2375 3843 aetatis
2419 3785 2778 3857 graudmvitas
2814 3782 3171 3855 exquirenda,
3212 3780 3309 3837 sed
3346 3780 3472 3839 vitae
3498 3780 3651 3835 recti-

2073 3877 2203 3933 tudo
2227 3884 2283 3933 et
2319 3875 2716 3933 ardentissima:
2761 3873 2885 3931 lidei
2913 3872 3108 3929 merita
3147 3870 3349 3929 debent
3382 3884 3502 3926 esse
3526 3884 3655 3940 peu—

2072 3969 2240 4022 sanda
2276 3983 2291 4021 :
2330 3965 2422 4022 ille
2458 3964 2606 4021 enim
2627 3963 2828 4036 potior,
2854 3964 2945 4037 qui
2983 3962 3097 4019 Deo
3122 3961 3423 4036 proximior
3444 3976 3655 4032 quoque

2066 4055 2394 4128 iudicandus
2419 4062 2524 4113 est.
3156 4112 3159 4113 ν

2147 4144 2252 4214 Qui
2280 4147 2438 4203 abbas
2460 4163 2566 4202 non
2594 4146 2861 4202 conturbet
2905 4162 3112 4218 gregem
3150 4145 3250 4200 sibi
3296 4147 3651 4201 conscissam.

2074 4240 2355 4310 Quomodo
2380 4237 2668 4296 conturbat
2703 4238 2871 4295 abbas
2897 4253 3114 4309 gregem
3157 4237 3261 4295 sibi
3305 4239 3654 4294 commissum

2073 4328 2353 4402 sequentia
2380 4330 2682 4397 declarant,
2709 4345 2831 4385 cum
2853 4329 3089 4385 dicitur:

2152 4422 2265 4478 Nec
2299 4423 2453 4495 quasi
2491 4420 2655 4477 libera
2698 4433 2848 4476 utens
2890 4428 3145 4491 potestate
3181 4419 3379 4490 injuste
3412 4419 3655 4491 disponat

2076 4515 2295 4588 aliquid.
2336 4513 2537 4585 lujuste
2576 4529 2711 4586 ergo
2750 4512 2953 4585 aliquid
2997 4512 3331 4585 disponendo
3370 4515 3653 4587 conturbat

2077 4580 2245 4664 abbas
2270 4580 2486 4679 gregem
2524 4606 2629 4662 sibi
2645 4580 3029 4663 commissum.
3058 4580 3165 4661 Ier
3191 4621 3294 4676 qua
3325 4621 3387 4662 re
3409 4615 3466 4662 et
3506 4580 3651 4661 illam

2076 4698 2208 4756 facit
2232 4714 2354 4756 esse
2380 4698 2641 4772 peiorem,
2680 4706 2736 4754 et
2764 4698 2869 4755 sibi
2915 4712 3017 4769 pro
3060 4696 3258 4766 iniusta
3296 4698 3653 4770 dispositione

2075 4789 2398 4861 multiplicat
2455 4787 2732 4847 cumulum
2796 4787 3181 4845 damnationis.
3239 4786 3391 4845 Unde
3449 4797 3507 4845 et
3571 4804 3654 4843 se-

2073 4880 2259 4953 quitur
2283 4899 2297 4937 :

2148 4968 2253 5026 Sed
2279 4971 2465 5043 cogitet
2485 4987 2686 5044 semper
2711 4971 2838 5045 quia
2852 4971 2923 5035 de
2956 4971 3199 5029 omnibus
3217 4970 3441 5043 iudiciis
3465 4980 3515 5027 et
3541 4987 3655 5042 opo-

2076 5060 2221 5116 ribus
2247 5060 2357 5117 suis
2406 5061 2709 5118 redditurus
2744 5071 2820 5117 est
2857 5061 2968 5117 Deo
3004 5064 3283 5119 rationem.
3321 5060 3428 5117 Alii
3473 5069 3655 5116 autem

2077 5152 2326 5210 homines
2367 5151 2435 5209 de
2466 5152 2583 5209 suis
2607 5160 2818 5208 tantum
2840 5153 3100 5223 operibus
3125 5152 3355 5209 Domino
3389 5151 3652 5206 ratione.

2079 5240 2135 5298 in
2156 5241 2361 5314 judicio
2402 5251 2531 5300 sunt
2558 5242 2859 5309 reddituri;
2906 5244 3132 5301 abbates
3177 5257 3324 5306 vero,
3369 5250 3427 5297 et
3464 5255 3652 5297 omnes

2078 5334 2172 5404 qui
2194 5341 2433 5405 praesunt
2456 5334 2598 5401 aliis,
2619 5350 2728 5390 non
2753 5334 2926 5390 solum
2949 5333 3018 5391 de
3034 5335 3219 5407 pravis
3238 5334 3497 5406 operibus
3514 5333 3649 5397 suis.

2078 5426 2174 5482 sed
2200 5432 2255 5482 et
2284 5427 2352 5483 de
2387 5423 2600 5497 iniustis
2633 5425 2857 5497 iudiciis
2903 5427 3170 5483 rationem
3219 5427 3483 5484 reddituri
3526 5433 3651 5481 sum

2079 5514 2325 5579 Domino,
2370 5532 2496 5574 cum
2524 5517 2771 5573 venerint
2788 5533 2916 5575 eum
2942 5517 3033 5574 illo
3060 5519 3115 5575 in
3136 5533 3392 5589 supremo
3422 5517 3647 5586 judicio.

2077 5603 2245 5662 Valde
2277 5605 2423 5662 enim
2452 5604 2613 5663 debet
2652 5607 2822 5663 abbas
2864 5608 3077 5675 timere,
3106 5608 3199 5678 qui
3246 5622 3346 5677 pro
3371 5607 3648 5677 cogitatio-

2075 5700 2235 5796 uibus
2259 5701 2394 5773 suis,
2417 5708 2473 5759 et
2512 5703 2788 5775 operibus,
2822 5704 3134 5776 pariterque
3165 5702 3382 5774 iudiciis
3424 5703 3646 5758 Domino
