3992 6206
404 336 510 392 9L5

1436 336 1788 395 COMMENT.
1829 337 1897 391 IN
1938 337 2096 393 ΠΕΟ.
2141 336 2197 390 S.
2241 335 2620 392 BENEDICTI.

3567 307 3670 381 ait

401 453 563 509 debet
605 448 830 505 reddere
876 448 1160 503 rationem.
1209 447 1504 517 Diligenter
1550 455 1732 502 autem
1774 457 1829 501 et
1860 447 1987 501 illud
2017 459 2065 518 Α
2090 451 2328 520 exigitur
2376 449 2534 504 hodie
2579 458 2639 504 nt
2665 449 2786 521 ipsa
2831 457 3057 520 paterna
3105 445 3409 502 reverentia
3461 444 3673 512 priores

401 543 563 598 debet
604 539 886 596 attendere
927 539 1071 609 quod
1104 540 1362 594 Dominus
1390 539 1504 594 ait:
1541 539 1608 593 In
1648 556 1752 610 quo
1787 538 1991 609 judicio

403 631 764 688 iudicaveritis
799 630 1180 700 judicabimini.
1225 628 1586 702 (κοιτῶνα).
1641 629 1732 695 Ει,
1782 629 1850 682 1η
1887 645 1992 699 qua

402 740 646 778 mensura
672 713 838 776 mensi
863 721 1078 791 fueritis.
1099 721 1391 775 rentetietur
1415 721 1553 775 vobis
1576 720 1726 792 (Luc.
1751 721 1849 792 γι).
1884 719 1991 774 Sed

400 822 454 868 et
478 811 608 866 illud
633 810 952 865 terribiliter
968 810 1126 864 debet
1145 824 1534 882 expavescere,
1562 811 1705 880 quod
1729 811 1990 880 scriptum

400 913 521 958 est:
552 901 821 956 Judiciutn
853 900 1193 955 durissimum
1225 900 1278 954 in
1322 900 1405 954 his
1436 901 1526 972 qui
1572 909 1826 970 prazsunt,
1856 899 1986 968 lict:

401 1001 633 1062 potentes
655 1001 828 1045 autem
868 999 1104 1060 potenter
1128 999 1384 1045 tormenta
1413 991 1676 1060 patientur
1713 987 1862 1060 (Sap.
1886 985 1984 1058 vt).

475 1082 616 1153 Ergo
635 1081 923 1136 secundum
953 1079 1162 1134 ordines
1189 1097 1318 1152 quos
1355 1081 1708 1145 constituerit,
1753 1079 1831 1134 vel
1856 1096 1987 1151 quos

403 1175 678 1229 habuerint
704 1173 802 1244 ipsi
824 1172 1034 1242 fratres,
1061 1173 1136 1226 sic
1157 1172 1402 1226 accedent
1431 1171 1501 1226 ad
1525 1189 1725 1242 pacem,
1751 1171 1820 1224 ad
1845 1188 1984 1226 com-

404 1267 728 1332 munionem,
757 1267 826 1321 ad
851 1265 1111 1336 psalmum
1141 1265 1532 1336 imponendum,
1577 1265 1630 1319 in
1659 1265 1814 1319 choro
1841 1274 1985 1320 stan—

401 1359 550 1414 dum.
595 1358 663 1412 Et
702 1360 755 1412 in
795 1356 1031 1412 omnibus
1079 1359 1290 1412 omnino
1333 1357 1461 1411 locis
1490 1367 1617 1411 a'tas
1649 1374 1752 1411 non
1790 1357 1985 1410 discer-

403 1459 562 1504 natur
587 1453 642 1504 in
665 1451 868 1515 ordine,
899 1468 990 1506 nec
1019 1451 1326 1521 iirmjudicet
1350 1465 1368 1502 :
1405 1452 1530 1521 quia
1559 1449 1776 1505 Samuel
1803 1459 1850 1504 ct
1877 1449 1983 1505 Da-

403 1542 506 1596 niel
547 1543 696 1612 pueri
747 1543 1072 1614 presbyteros
1116 1542 1512 1612 iudicaverunt.
1564 1542 1700 1598 llinc
1746 1543 1983 1600 Isidorus

401 1637 570 1692 dicit:
605 1637 922 1706 Quicunque
950 1646 1131 1692 autem
1156 1638 1544 1693 monasterium
1572 1640 1780 1708 primus
1807 1639 1982 1710 ingre—

402 1730 572 1794 ditur,
599 1731 806 1800 primus
833 1732 1002 1798 sedet,
1051 1732 1260 1801 primus
1300 1733 1563 1798 ambulat,
1608 1733 1982 1803 primuspsal~

2091 541 2262 594 nostri
2303 557 2332 594 a
2382 541 2537 596 nobis
2586 547 2848 595 vocentur
2893 537 3114 592 domui:
3153 537 3268 592 sive
3312 534 3458 589 enim
3505 535 3671 588 nouui

2090 631 2299 698 priores
2343 631 2536 696 nostri,
2569 631 2682 686 sive
2721 638 2980 684 vocentur
3009 627 3232 690 domui;
3277 627 3392 682 sive
3427 625 3674 696 iuniores

2089 729 2351 774 vocentur
2396 719 2613 784 fratres,
2662 720 2845 775 omnia
2887 719 3026 775 bene
3075 724 3398 787 congruunt.
3439 715 3670 770 Tantum

2087 819 2171 867 est
2195 820 2253 865 ut
2281 811 2457 867 nullus
2487 811 2713 866 fratrum
2742 813 2918 883 primo
2945 818 3164 866 vocetur
3192 811 3427 864 nomine.

2158 905 2331 960 Abbas
2374 915 2568 972 autem,
2615 907 2738 977 quia
2786 906 2916 961 vices
2969 903 3165 959 Christi
3207 919 3360 974 agere
3417 900 3669 963 creditur,

2087 998 2322 1052 Domnus
2343 1009 2390 1053 et
2412 999 2573 1053 abbas
2601 1007 2809 1053 vocetur
2831 1014 2934 1051 non
2957 1012 3055 1050 sua
3077 994 3451 1064 assumptione,
3469 991 3557 1045 sed
3581 991 3672 1043 ho-

2088 1107 2213 1144 nore
2237 1099 2285 1144 et
2307 1107 2486 1145 amore
2510 1090 2727 1144 Christi.
2760 1088 2879 1159 Ipse
2903 1096 3077 1142 autem
3107 1085 3314 1155 cogitet,
3341 1092 3388 1137 et
3415 1083 3490 1136 sic
3508 1097 3564 1135 se
3582 1097 3672 1134 em-

2085 1180 2281 1246 Itibeat,
2329 1191 2386 1235 ut
2432 1181 2620 1252 dignus
2669 1181 2734 1235 sit
2779 1178 2876 1233 tali
2928 1177 3143 1231 honore.
3193 1174 3498 1232 Notandum
3543 1171 3690 1242 quia.

2087 1285 2194 1324 non
2226 1272 2361 1326 dixit
2389 1291 2401 1325 :
2427 1272 2609 1328 Abbas
2641 1272 2766 1344 quia
2798 1269 3010 1326 cunctis
3037 1275 3258 1343 praeest,
3286 1273 3511 1322 cunctos
3532 1278 3669 1332 prm-

2085 1362 2248 1427 cellit,
2293 1370 2348 1418 et
2387 1380 2550 1434 super
2577 1378 2766 1424 omnes
2793 1372 2897 1427 est,
2947 1363 3066 1418 ideo
3096 1361 3328 1415 domnus
3365 1362 3587 1410 vocetur
3616 1363 3687 1408 ρι’

2084 1452 2286 1523 abbas;
2313 1454 2409 1509 sed
2439 1454 2686 1524 ait,,quia
2715 1453 2860 1508 vices
2883 1453 3080 1508 Christi
3108 1464 3267 1522 agere
3280 1447 3538 1511 creditur,
3570 1445 3667 1498 do-

2084 1560 2244 1602 mnus
2286 1552 2348 1603 et.
2370 1545 2537 1598 abbas
2573 1553 2815 1598 vocetur.
2845 1543 2986 1612 Ergo
3017 1535 3206 1605 abbas,
3237 1540 3327 1608 qui
3355 1548 3500 1593 recte
3521 1536 3668 1589 vices

2083 1634 2281 1696 Christi
2314 1635 2454 1689 inter
2487 1634 2682 1690 fratres
2728 1651 2832 1690 non
2862 1635 2992 1706 agit,
3021 1635 3123 1688 hoc
3161 1628 3670 1697 nomine-indignus

2084 1725 2295 1802 recipit,
2322 1726 2648 1787 etassumit.
2680 1724 2831 1780 Unde
2858 1733 2913 1778 et
2956 1723 3238 1792 sequitur:
3274 1719 3389 1773 Non
3437 1732 3661 1773 sna-as-

401 1836 550 1874 tuum
597 1821 752 1887 dicit,
803 1823 1010 1891 primus
1061 1822 1116 1876 in
1149 1837 1387 1877 mensam
1441 1825 1686 1878 extendit
1737 1816 2429 1897 manum,‘Bsump_tione,‘
2469 1817 2563 1872 sed
2619 1819 2823 1872 honore
2873 1823 2930 1871 et
2978 1830 3164 1870 amore
3220 1812 3443 1868 Christi.
3500 1810 3695 1864 Debet-

399 1914 549 1983 prior
584 1916 636 1970 in
682 1915 910 1970 ecclesia
958 1916 1344 1982 communicat,
1391 1933 1492 1972 nec
1534 1927 1665 1976 tetas
1713 1919 1852 1973 inter
1888 1933 2002 1976 eos.

397 2006 684 2074 quteritur,
710 2007 805 2062 sed
835 2005 1120 2078 professio.
1149 2007 1303 2076 Quod
1332 2007 1463 2063 dicit
1481 1996 1505 2064 Ξ,
1541 2007 1757 2070 Samuel
1785 2017 1853 2065 et.
1881 2010 1985 2064 Da-

396 2097 504 2153 niel
527 2099 677 2168 pueri
705 2100 1046 2170 presbyteros
1068 2098 1526 2172 iudicaverunt(L
1545 2101 1675 2172 Reg.
1703 2119 1775 2159 vn
1798 2120 1814 2170 ;
1837 2103 1976 2159 Dan.

397 2189 544 2260 xm),
577 2191 644 2245 de
679 2190 820 2256 lleli,
849 2201 904 2246 et
945 2193 1012 2247 de
1042 2192 1147 2247 illis
1187 2194 1283 2262 qui
1321 2193 1626 2252 Susannarn
1669 2197 1981 2265 opprimere

395 2280 701 2344 voluerunt,
729 2281 1062 2352 intelligitur.
1089 2282 1306 2340 Samuel
1335 2284 1678 2356 presbyteros
1695 2284 1998 2355 iudicavit”

395 2371 612 2438 quando
641 2369 779 2426 ﬁlios
804 2371 920 2427 lleli
947 2388 1174 2441 peccare
1213 2374 1455 2442 vidit,__et
1477 2390 1572 2434 eos
1597 2376 1649 2435 iu
1677 2377 1846 2434 corde
1879 2395 2000 2442 suo_

396 2462 841 2530 praevaricatores
854 2463 1140 2531 judicavit,
1163 2471 1217 2518 et
1237 2464 1633 2528 condemnavit.
1654 2465 1996 2530 Heliautem,

394 2552 523 2622 quia
563 2567 658 2608 eos
690 2553 937 2611 districta
963 2555 1432 2617 animadversione
1480 2573 1586 2611 non
1618 2559 1895 2628 repressit,
1924 2569 1980 2616 et

395 2642 465 2697 ah
512 2643 795 2713 iniquitate
842 2647 1211 2716 compescuit,
1245 2647 1495 2706 similiter
1537 2651 1884 2720 reprehendit
1925 2661 1980 2709 et

395 2735 676 2804 iudicavit.
708 2736 899 2792 Daniel
924 2754 1137 2808 quoque
1167 2747 1294 2794 tunc
1316 2741 1662 2812 presbyteros
1688 2743 1972 2812 judicavit.

394 2827 622 2895 quando
657 2827 776 2884 illos
806 2829 988 2898 iniqua
1019 2830 1344 2900 cogitatione
1389 2831 1598 2900 plenos,
1642 2835 1734 2904 qui
1777 2833 1977 2890 Susan-

395 2931 521 2968 nam
557 2914 841 2972 voluerunt
881 2917 1016 2973 falso
1044 2919 1358 2975 testimonio
1381 2921 1762 2989 condemnare,
1797 2931 2003 2994 repre-'

394 3003 926 3074 hendit,damnavit,
949 3017 1006 3064 et
1028 3011 1270 3082 angelico
1298 3025 1393 3067 eos
1426 3011 1977 3099 gladioI‘trucidamlos

393 3111 512 3150 esse
543 3098 823 3166 przedixit.
915 3143 920 3146 Α

459 3165 608 3256 ﬁngo
633 3189 863 3257 extremis
890 3189 970 3243 his
999 3207 1148 3260 quos,
1191 3203 1247 3247 ut
1277 3194 1523 3258 diximus,
1554 3193 1731 3248 altiori
1760 3194 1977 3248 consilio
2006 3165 2051 3226 Ο

396 3274 558 3332 abbas
583 3276 902 3346 pra’tulerit,
918 3277 992 3333 vel
1017 3279 1377 3350 degradaverit
1404 3285 1557 3338 certis
1578 3300 1643 3337 ea:
1669 3284 1860 3347 causis,
1894 3301 1976 3337 re-

395 3365 524 3436 liqui
553 3384 738 3421 omnes
764 3378 820 3421 ut
849 3381 1242 3440 convertuntur,
1276 3375 1350 3428 ita
1379 3377 1524 3430 sint:
1567 3384 1644 3440 ut,
1680 3375 1817 3429 verbi
1852 3393 1975 3444 gra-

394 3459 486 3522 tia,
527 3461 616 3530 qui
663 3462 894 3517 secunda
939 3465 1070 3517 liora
1115 3465 1220 3520 diei
1273 3469 1463 3522 venerit
1494 3469 1547 3520 in
1582 3467 1976 3529 monasterium,

393 3551 654 3612 iuniorem
675 3570 731 3608 se
755 3557 950 3608 noverit
991 3555 1134 3611 illius
1161 3575 1271 3612 esse
1298 3559 1386 3628 qui
1413 3560 1582 3629 prium
1626 3558 1756 3611 hora
1789 3559 1979 3611 venerit

395 3642 518 3706 diei,
560 3644 836 3716 cujuslibet
884 3649 1053 3702 a'tatis
1096 3659 1188 3703 aut
1235 3649 1508 3719 dignitatis
1543 3650 1631 3702 sit.
1687 3648 1822 3703 lliuc
1851 3648 1977 3702 alibi

394 3737 653 3806 scriptum
675 3748 796 3794 est:
849 3739 1042 3796 Abbati
1088 3758 1216 3798 vero
1259 3723 1579 3797 studendum
1627 3751 1731 3805 est,
1779 3749 1839 3794 ut
1883 3757 1980 3810 per

393 3828 658 3893 ordinem,
680 3831 822 3886 sicut
841 3833 1086 3887 conversi
1113 3834 1164 3888 in
1194 3834 1523 3889 monasterio
1545 3832 1781 3896 fuerunt,
1815 3832 1887 3886 ita
1925 3832 1982 3893 in

392 3934 495 3972 suo
521 3921 711 3976 ordine
737 3923 1159 3989 constituantur,
1185 3934 1381 3994 pncter
1409 3924 1454 3978 si
1484 3924 1666 3978 uberis
1691 3938 1979 3980 conversa-

395 4010 473 4062 tio
497 4011 770 4082 religionis
799 4015 1076 4078 meruerit,
1109 4023 1167 4068 ut
1192 4023 1298 4069 tam
1324 4015 1376 4069 in
1399 4023 1556 4068 antea
1577 4024 1986 4086 promoventur,

397 4099 479 4154 vel
507 4101 552 4155 si
575 4103 760 4172 gravis
789 4103 947 4174 culpa
977 4106 1241 4175 exegerit,
1270 4113 1329 4159 ut
1365 4102 1512 4166 retro
1541 4105 1873 4180 regradctur.

473 4191 658 4247 Pueris
700 4211 817 4251 vero
865 4212 958 4266 per
993 4197 1170 4254 omnia
1208 4196 1272 4250 ab
1313 4195 1552 4254 omnibus
1598 4194 1878 4264 disciplina
1909 4204 1983 4251 te-

399 4277 605 4338 neatur.
635 4285 852 4352 Quianto
891 4288 1035 4342 enim
1067 4287 1395 4360 fragiliorem
1425 4288 1480 4347 in
1510 4287 1872 4357 delinquendo
1904 4288 1983 4342 vi-

398 4375 488 4429 det
533 4377 702 4431 abbas
735 4384 974 4442 :etatem,
1027 4385 1235 4433 tantum
1279 4378 1442 4434 debet
1484 4378 1656 4447 magis
1686 4378 1900 4434 mittere
1929 4378 1981 4432 in

398 4465 751 4523 cnstodiendo
789 4475 1083 4522 certamen.

467 4554 716 4614 Iuniores
741 4558 902 4629 igitur
940 4557 1137 4628 priores
1175 4576 1298 4614 suos
1326 4560 1598 4613 honorent.
1629 4557 1744 4612 Non
1773 4557 1861 4614 hic
1889 4558 1985 4612 ho-

399 4663 501 4702 nor
528 4647 764 4718 exigitur
811 4658 1016 4718 rcr'um,
1069 4649 1164 4704 sed
1210 4649 1513 4707 reverentia
1562 4647 1834 4722 expetitur
1864 4663 1984 4702 vcr-

400 4739 590 4795 borum
618 4749 674 4794 et
695 4756 928 4799 morum.

471 4827 685 4890 Priares
737 4833 976 4906 iuniores
1031 4851 1152 4890 suos
1212 4834 1456 4905 diligant.
1524 4835 1784 4890 Dominus
1839 4834 1982 4889 enim

398 4919 557 4977 Jesus
586 4922 857 4997 Christus,
886 4925 976 4993 qui
1013 4934 1095 4981 est
1139 4925 1534 4997 primogenitus
1578 4926 1630 4980 in
1664 4944 1692 4978 n
1718 4926 1846 4980 ullis
1876 4925 1984 4979 fra-

401 5015 600 5079 tribus,
643 5015 837 5071 dilexit
873 5014 1121 5085 iuniorcs
1165 5033 1292 5073 suos
1329 5018 1624 5088 apostolos,
1675 5017 1980 5087 exemplum

399 5103 538 5159 dans
561 5105 690 5171 illis,
719 5115 776 5162 et
797 5107 985 5163 dicens
1009 5126 1024 5160 :
1063 5106 1178 5163 Hoc
1209 5108 1516 5164 mandatum
1555 5107 1623 5165 do
1650 5108 1789 5161 vobis
1818 5116 1871 5163 ut
1901 5107 1982 5159 in-

401 5195 564 5252 vicem
593 5212 680 5254 vos
707 5197 960 5266 diligatis,
979 5198 1116 5252 sicut
1137 5207 1184 5256 et
1213 5215 1304 5268 ego
1334 5196 1494 5252 dilexi
1517 5215 1603 5254 vos
1627 5197 1809 5269 (Joan.
1837 5195 1979 5268 xui).

474 5285 542 5339 In
571 5287 685 5356 ipsa
731 5298 906 5345 autem
951 5287 1298 5358 appellatione
1343 5290 1610 5342 nominum
1654 5287 1786 5346 nulli
1832 5286 1983 5344 liceat

401 5373 570 5431 alium
615 5393 749 5446 puro
792 5377 1001 5431 nomine
1049 5377 1332 5449 appellare,
1373 5379 1462 5433 sed
1509 5381 1706 5448 priores
1739 5380 1982 5448 iuniores

401 5482 528 5523 suos
562 5465 776 5522 Fratres
807 5469 1092 5532 nominent,
1133 5469 1372 5538 juniores
1419 5479 1594 5522 autem
1629 5468 1829 5538 priores
1859 5485 1982 5524 suos

403 5569 606 5612 nannos
635 5566 848 5609 vocent:
895 5557 1034 5628 quod
1085 5557 1393 5627 intelligitur
1419 5567 1636 5628 paterna
1676 5559 1979 5613 reverentia.

403 5643 560 5708 Sicut
586 5655 713 5701 tunc
738 5648 876 5722 apud
907 5648 1026 5702 illos
1065 5657 1289 5720 paterna
1334 5648 1690 5704 exhibebatur
1734 5665 1982 5704 reveren-

409 5737 503 5803 tia,
539 5747 595 5792 ut
618 5740 823 5810 priores
854 5753 1175 5797 vocarentur
1207 5742 1385 5808 nonni,
1430 5741 1501 5796 ita
1529 5758 1668 5800 nunc
1703 5743 1840 5815 apud
1887 5759 1980 5798 nos

2080 1909 2225 1963 enim
2251 1908 2511 1972 moribus,
2555 1907 2757 1976 lingua,
2787 1905 3024 1974 indiciis,
3057 1912 3112 1958 et
3147 1905 3277 1968 vita,
3323 1910 3378 1955 et
3411 1900 3464 1953 in
3493 1897 3670 1952 omni-

2080 1999 2182 2053 bus
2204 1998 2424 2052 omnino
2471 1996 2757 2067 prmceptis
2801 1995 3011 2050 Domini
3060 1994 3242 2048 vivere
3281 1992 3398 2046 sine
3422 1988 3666 2058 querela,

2080 2087 2264 2144 dicens
2303 2071 2530 2142 Domino
2554 2070 2856 2141 veraciter:
2905 2084 2947 2137 Α
2971 2083 3190 2154 iudiciis
3219 2082 3321 2135 tuis
3367 2095 3469 2132 non
3508 2076 3670 2131 desii;

2080 2179 2198 2232 navi
2221 2192 2239 2230 :
2265 2178 2428 2233 ct‘rsic
2451 2178 2521 2233 ob
2553 2178 2811 2232 honorem
2835 2183 2892 2230 et
2929 2190 3169 2232 amorem
3198 2170 3534 2227 Christi'boc
3572 2183 3670 2223 no-

2079 2267 2225 2322 mine
2256 2267 2614 2339 fungiJ’rins
2652 2275 2802 2322 recte
2843 2266 3002 2322 debet
3042 2263 3247 2320 Christi
3273 2275 3435 2334 agere
3471 2259 3664 2320 vicem,

2079 2367 2134 2414 et
2167 2359 2247 2414 sic
2275 2360 2519 2431 ejusdem
2549 2361 2962 2414 sacrosanctum
3013 2356 3295 2426 suscipere
3328 2368 3562 2408 nomen:
3601 2365 3690 2404 nes

2078 2451 2126 2504 si
2157 2449 2294 2504 forte
2320 2433 2572 2528 indignus
2600 2459 2694 2514 aut
2718 2458 2926 2505 temere
2955 2448 3085 2503 illud
3113 2444 3346 2502 voluerit
3368 2457 3684 2506 assumere,.,

2079 2543 2252 2613 magis
2295 2542 2399 2597 sibi
2450 2543 2956 2603 condemnationem
3010 2554 3172 2609 quam
3222 2534 3684 2607 iustiﬁcationetm

2079 2642 2339 2689 assumat.
2369 2634 2524 2700 Quod
2556 2642 2736 2689 autem
2780 2633 2947 2688 dicit:
2990 2632 3107 2700 Ipse
3149 2637 3328 2683 autem
3361 2626 3586 2696 cogitet,
3612 2631 3670 2677 et

2077 2725 2158 2779 sic
2191 2741 2249 2780 se
2268 2724 2523 2780 exhibeat
2548 2734 2610 2778 ut
2653 2724 2847 2795 dignus
2868 2723 2939 2778 sit
2965 2722 3056 2776 tali
3088 2723 3313 2783 honore,
3342 2715 3664 2772 subauditur

2078 2817 2145 2871 de
2179 2814 2350 2869 salute
2394 2831 2514 2878 sua,
2555 2823 2606 2870 et
2652 2814 2864 2880 timeat,
2892 2812 2938 2869 si
2986 2827 3151 2882 prave
3179 2809 3398 2873 vixerit,
3445 2805 3537 2861 tali
3567 2820 3666 2858 no-

2078 2905 2222 2960 mine
2247 2905 2637 2970 condemnari;
2677 2905 2724 2960 si
2768 2911 2948 2958 autem
2979 2909 3125 2957 recte
3167 2899 3386 2963 vixerit,
3429 2897 3661 2968 gaudeat

2080 2997 2172 3050 tali
2204 2997 2419 3050 nomine
2442 2995 2750 3065 iustificari.
3238 3003 3242 3006 ’

2156 3105 2460 3178 Ubicunque
2513 3117 2687 3162 autem
2729 3108 2830 3162 sibi
2883 3108 3092 3163 obvinnt
3150 3107 3362 3175 fratres,
3404 3101 3593 3172 junior
3635 3119 3676 3158 α,

2081 3200 2254 3269 priore
2277 3199 2681 3253 benedictionem
2704 3207 2863 3269 petat.
2895 3197 3227 3251 Transeun‘e
3248 3193 3471 3263 majore,
3497 3192 3674 3245 minor-

2081 3299 2285 3358 surgat,
2311 3299 2356 3343 et
2385 3289 2469 3343 det
2505 3290 2550 3344 ei
2579 3289 2749 3348 locum
2780 3288 3014 3343 sedendi.
3053 3285 3162 3342 Nec
3185 3294 3466 3366 prtrsumat
3484 3282 3679 3353 juniorL

2082 3381 2376 3446 consedere,
2402 3382 2502 3435 nisi
2540 3382 2588 3434 ei
2630 3382 2902 3457 prrrcipiat
2941 3381 3116 3433 senior
3140 3395 3287 3445 suus,
3317 3386 3371 3429 ut
3407 3376 3503 3444 ﬁat
3531 3375 3671 3444 quod

2080 3470 2329 3538 scriptum
2368 3480 2444 3523 est
2489 3485 2508 3521 :
2565 3470 2778 3531 Honore
2816 3471 3032 3523 invicem
3075 3468 3440 3542 pra'vcnientes
3485 3464 3665 3536 (Rom.

2081 3561 2227 3630 xm).
2274 3561 2410 3615 llinc
2434 3571 2491 3616 et
2512 3561 2651 3616 alius
2679 3561 2842 3625 [fater
2873 3545 3259 3626 monachorum
3289 3558 3397 3610 ait:
3439 3555 3666 3621 Quando

2081 3652 2184 3711 sibi
2211 3651 2410 3706 fratres
2436 3653 2718 3713 ntutnatim
2765 3653 2819 3716 in
2849 3653 2936 3709 via
2982 3650 3081 3705 vel
3109 3650 3162 3704 in
3194 3662 3516 3718 quocunque
3546 3645 3665 3699 loco

2080 3743 2458 3810 ocettrrt‘t‘iutL
2493 3761 2616 3801 cum
2655 3744 2803 3804 omni
2849 3742 3152 3798 humilitate
3195 3741 3263 3795 ab
3307 3739 3536 3793 invicem
3577 3735 3666 3790 lle-

2081 3842 2293 3898 ctentes
2333 3834 2764 3897 benedictionem
2797 3840 3005 3904 rogent.
3051 3832 3118 3886 Et
3147 3831 3191 3885 si
3220 3845 3285 3884 ex
3311 3828 3390 3883 vis
3420 3843 3557 3882 unus
3583 3841 3667 3880 se-
3743 3897 3762 3912 '

2081 3923 2202 3985 nior
2231 3923 2412 3989 fuerit,
2439 3925 2591 3995 prius
2608 3923 2791 3995 iunior
2810 3922 3238 3980 benedictionem
3261 3915 3514 3988 postulet,
3541 3925 3667 3979 tunc

2081 4015 2297 4069 demum
2341 4015 2524 4069 senior
2566 4021 2943 4086 prosequatur.
2993 4011 3050 4065 lu
3092 4024 3347 4065 consessu
3384 4023 3513 4061 vero
3559 4005 3666 4059 fra—

2083 4115 2246 4171 trum,
2290 4105 2335 4159 si
2371 4105 2508 4160 alius
2561 4102 2955 4174 supervenerit,
2987 4102 3078 4171 qui
3115 4099 3360 4168 iuniores
3396 4105 3523 4152 sunt
3571 4112 3664 4150 or-

2082 4196 2207 4252 dine
2233 4205 2542 4268 assurgant,
2573 4205 2630 4251 et
2655 4195 2854 4251 seniori
2898 4195 3070 4249 locum
3095 4192 3390 4262 prmbeant.
3417 4189 3676 4249 Iuniores

2083 4304 2212 4346 vero
2231 4288 2538 4344 senioribus
2561 4287 2867 4342 nullatenus
2888 4285 3248 4358 superbiendo
3269 4281 3664 4346 contradicunt,

2085 4382 2178 4436 sed
2202 4397 2325 4436 cum
2348 4382 2494 4436 onmi
2522 4381 2848 4448 humilitate,
2872 4380 2958 4435 vel
2977 4379 3292 4449 interrogati
3322 4378 3403 4437 vel
3430 4377 3665 4446 correpti

2089 4473 2466 4543 respondeant.
2501 4471 2559 4527 Si
2589 4471 2855 4527 labentem
2905 4472 2960 4526 in
2990 4469 3268 4542 quodlibet.
3295 4469 3552 4523 delictum
3579 4465 3668 4536 iu-

2087 4563 2207 4619 nior
2257 4565 2523 4620 seniorem
2579 4563 2850 4634 aspexerit
2880 4605 2912 4638 ,τ
2951 4579 3057 4625 non
3099 4561 3474 4636 exprobrando
3504 4601 3520 4625 ,
3571 4561 3670 4616 sed

2087 4656 2261 4725 magis
2304 4654 2534 4712 dolendo
2556 4655 2624 4711 ad
2666 4655 3028 4710 conﬁtendum
3057 4653 3240 4709 abbati
3266 4652 3350 4706 vel
3378 4651 3681 4722 praeposito,

2085 4749 2300 4818 dirigat.
2332 4747 2595 4804 Similiter
2619 4746 2801 4813 senior
2822 4745 3026 4820 iuniori
3057 4744 3235 4798 faciat.

2158 4835 2337 4902 Pueri,
2366 4836 2703 4910 parvuli,‘vel
2739 4837 3114 4900 adolescentes,
3145 4834 3198 4888 in
3228 4834 3460 4887 oratorio
3491 4832 3681 4902 velad-

2086 4947 2314 4995 mensas,
2359 4946 2476 4983 cum
2514 4927 2794 5000 disciplina
2839 4927 3046 4983 ordines
3089 4943 3219 4990 suos,
3257 4933 3663 5004 conseqpantur.

2083 5020 2500 5090 Conseqnantur
2526 5019 2688 5085 dicit,
2708 5017 2762 5072 id
2790 5027 2895 5083 est,
2943 5018 3229 5088 accipiant,
3271 5025 3326 5070 et
3355 5030 3478 5071 cum
3503 5014 3665 5068 disci:

2084 5111 2253 5181 plina,
2283 5119 2337 5164 ct
2365 5111 2687 5166 honestate:
2734 5117 2992 5188 castoque
3038 5109 3232 5172 timore
3277 5107 3496 5161 ordines
3535 5119 3663 5158 suos

2083 5203 2408 5268 custoviiant,
2457 5210 2512 5258 et
2564 5200 2796 5257 ordinati
2840 5201 3146 5270 ubicunque
3187 5199 3432 5263 fuerint,
3475 5194 3667 5250 ambo-4

2086 5291 2217 5357 lent,
2251 5299 2418 5358 stent,
2447 5301 2610 5362 atque
2643 5291 2885 5346 sedeant.
2921 5291 3075 5347 Unde
3103 5298 3159 5346 et
3198 5289 3443 5358 sequitur
3471 5302 3485 5338 :1

2158 5379 2316 5435 Foris
2342 5390 2536 5446 autem,
2553 5379 2630 5435 vel
2647 5381 2733 5436 ubi
2759 5382 2869 5446 ubi,
2882 5381 3172 5435 custodiam
3196 5377 3420 5430 habeant
3437 5381 3482 5426 et
3499 5371 3660 5426 disci:

2083 5470 2305 5542 plinam,
2319 5487 2480 5541 usque
2501 5471 2626 5524 dum
2637 5471 2707 5525 ad
2724 5469 3096 5540 intelligibilem
3118 5475 3321 5521 aetatem
3335 5465 3658 5535 perveniant.

2087 5559 2240 5616 Sicut
2256 5557 2370 5628 iam
2399 5561 2819 5630 suprascriptum
2849 5567 2965 5612 est:
3000 5555 3209 5620 Quanto
3249 5551 3422 5626 magis
3460 5550 3669 5608 viderit

2085 5649 2253 5704 abbas
2295 5647 2621 5719 fragiliorcm
2648 5656 2860 5704 natalem
2882 5646 2948 5701 ad
2980 5643 3334 5714 peccandum,
3367 5651 3521 5697 tanto
3547 5657 3670 5696 am-

2086 5741 2228 5812 plius
2259 5740 2520 5810 majorem
2549 5739 2623 5794 illi
2651 5739 2826 5793 mittat
2878 5735 3181 5792 custodiam
3219 5736 3284 5793 ad
3320 5734 3664 5793 salvandum.
