3992 6206
368 269 476 332 915

935 375 1164 434 CAPUT
1195 377 1373 432 LXIV.

845 469 922 525 De
953 469 1250 524 ordinando
1276 469 1477 524 abbate.

440 584 510 641 In
535 583 739 640 abbatis
762 582 1092 640 ordinatione
1112 582 1204 638 illa
1239 600 1439 662 semper
1476 588 1835 642 consideretur
1866 609 1952 643 m-

369 680 464 741 tio,
493 685 548 728 ut
575 675 661 727 hic
687 673 1037 730 constituatur
1073 689 1223 743 quem
1255 673 1354 729 sibi
1392 677 1558 730 omnis
1586 694 1800 733 concors
1831 697 1957 734 con-

368 771 597 842 gregatio
618 767 901 830 seoundutu
923 768 1160 832 timorem
1182 767 1302 833 Dei,
1325 770 1429 828 sive
1449 771 1607 826 etiam
1631 790 1755 844 pars
1777 792 1956 848 quam-

367 860 444 913 vis
493 875 658 929 parua
693 858 1134 928 congregationis,
1189 860 1401 920 saniore
1451 863 1667 917 consilio
1720 864 1952 935 elegerit.

379 949 511 1008 Vita:
532 960 710 1008 autem
738 951 926 1006 merito.
952 959 998 1006 et
1037 951 1308 1022 sapientia:
1335 952 1575 1007 doctrina
1617 955 1844 1026 eligatur
1865 959 1956 1028 qui

368 1039 694 1100 ordinandus
725 1048 824 1104 est,
843 1039 1050 1100 etiautsi
1093 1038 1310 1098 ultimus
1356 1040 1514 1110 fuerit
1543 1042 1595 1096 in
1625 1043 1807 1098 ordine
1835 1063 1958 1100 con-

366 1134 710 1203 gregatiouis,
751 1131 888 1192 Hinc
919 1133 1111 1188 beatus
1141 1133 1474 1194 Fructuosus
1496 1138 1571 1190 ait
1596 1152 1610 1192 :
1649 1137 1831 1196 Abbas
1855 1155 1954 1194 ειη-ι

370 1233 479 1279 tem
505 1238 540 1278 e
565 1221 800 1292 propriis
847 1236 1063 1292 semper
1107 1223 1340 1280 ctenobii
1393 1227 1671 1282 monachis
1702 1227 1953 1298 eligatur,

367 1312 452 1370 vir
491 1319 731 1376 sanctus,
776 1311 1062 1376 discretus,
1108 1313 1308 1385 gravis,
1351 1323 1557 1382 castus,
1602 1317 1821 1382 charos,
1851 1318 1954 1378 hu-

368 1401 545 1472 milis,
565 1410 879 1464 mansuetus
901 1411 956 1460 et
989 1404 1199 1468 doctus,
1231 1405 1325 1475 qui
1352 1406 1576 1466 diutinis
1615 1410 1956 1480 experimen-

369 1502 515 1554 tatus
541 1500 600 1549 et
621 1494 982 1559 domine-olis,
1024 1495 1275 1555 omnibus
1322 1497 1562 1566 praefatis
1612 1501 1774 1560 rebus
1817 1502 1956 1560 bene

368 1585 533 1641 fuerit
558 1584 802 1644 eruditus
830 1603 841 1637 :
878 1585 1051 1656 quiin
1087 1585 1414 1642 abstinentia
1446 1591 1739 1658 prmcellat,
1774 1591 1826 1649 in
1857 1593 1955 1648 do-

369 1675 546 1734 ctrina
575 1673 862 1746 refulgent,
903 1677 1202 1746 exquisitas
1246 1677 1430 1747 epulas
1473 1696 1674 1737 niensae
1711 1683 1958 1742 lautioris

369 1765 926 1836 consuetudinemque
974 1775 1331 1834 contemnat;
1389 1769 1500 1823 vini
1561 1771 1712 1826 nimii
1770 1790 1960 1846 perce-

367 1857 611 1925 ptionem
649 1865 903 1926 reSpuat;
945 1858 1158 1918 cunctis
1185 1858 1239 1914 in
1272 1875 1562 1918 commune
1589 1862 1871 1934 fratribus,
1900 1878 1961 1922 ut

368 1947 531 2010 Pater
574 1949 826 2019 proprius
870 1948 1256 2022 piissimusqne
1295 1953 1614 2022 provideat;
1647 1971 1806 2028 quem
1858 1977 1960 2018 nec

371 2039 452 2093 ira
483 2039 660 2094 subita
683 2046 739 2096 et
765 2038 1120 2096 inmoderata
1167 2040 1404 2109 deﬁciat,
1449 2059 1550 2102 nec
1584 2049 1836 2116 superbia
1865 2064 1962 2106 ex-

369 2134 546 2201 tollat,
573 2150 674 2196 nco
717 2149 924 2194 maror
949 2152 1014 2193 ac
1057 2136 1474 2212 pusillanimitas
1507 2138 1743 2211 frangat,
1770 2156 1873 2198 nec
1893 2141 1959 2204 li—

367 2229 874 2303 biduoormmput;
909 2231 1003 2301 qui
1037 2239 1092 2288 et
1135 2233 1195 2297 in
1240 2233 1502 2302 patientia
1549 2233 1959 2304 discretionem,

367 2307 569 2379 etcum
598 2321 679 2378 ire
705 2322 960 2378 ett-hibeat
984 2321 1302 2389 lenitatem;
1331 2323 1531 2394 quique
1568 2325 1647 2379 sic
1674 2325 1958 2395 egentibus

366 2419 463 2470 aut
514 2412 844 2480 pauperibus
877 2425 1085 2482 parcat,
1139 2419 1197 2472 ut
1248 2413 1559 2469 ministrum
1609 2429 1690 2479 se,
1739 2422 1796 2470 et
1847 2429 1954 2474 non

365 2501 908 2574 pmlatnmtantnm
955 2500 1158 2560 Christi
1209 2503 1510 2560 \‘iSCCl’ibt‘S
1559 2513 1953 2576 recognoscat;

363 2598 632 2668 «insane
653 2606 800 2656 tanta
829 2598 991 2658 debet
1033 2599 1298 2659 sermonis
1335 2607 1390 2654 et
1433 2599 1560 2654 vice
1604 2603 1955 2656 consonantia

366 2703 505 2750 esse.
537 2697 598 2744 ut
643 2688 702 2745 id
727 2689 874 2758 quod
921 2688 1084 2748 docet
1121 2690 1328 2755 verbis,
1373 2691 1656 2746 conﬁrmet
1699 2693 1955 2762 operibus

365 2777 608 2834 socialis:
657 2787 714 2838 ot
753 2778 932 2851 gladio
974 2778 1061 2836 bis
1112 2787 1272 2836 acuto
1315 2782 1647 2853 praecedens,
1693 2783 1955 2854 quidquid

361 2871 500 2927 alios
528 2869 786 2935 informat
811 2871 998 2938 verbo,
1038 2869 1152 2943 jngi
1195 2872 1307 2944 ipse
1347 2880 1501 2945 gerat
1524 2873 1721 2940 studio,
1756 2882 1814 2928 ut
1853 2890 1956 2934 nec

361 2977 666 3018 sermonem
688 2963 935 3033 operatio
966 2963 1236 3029 destruat,
1271 2978 1370 3020 nec
1395 2978 1426 3018 e
1452 2972 1643 3022 contra
1685 2965 1954 3038 operatio-

362 3068 484 3108 nem
517 3055 720 3110 bonam
754 3069 934 3109 sermo
963 3054 1348 3110 inconveniens
1380 3054 1610 3125 frangat.

434 3143 589 3216 Quod
620 3146 666 3203 si.
698 3143 858 3200 etiam
893 3144 1061 3198 omnis
1093 3145 1423 3214 congregatio
1453 3146 1594 3198 vitiis
1617 3146 1728 3199 suis
1757 3146 1777 3217 (
1801 3147 1943 3218 quod

363 3225 572 3308 quidem
620 3236 754 3296 absit
780 3233 800 3307 )
832 3235 1237 3290 consentientem
1274 3251 1551 3305 personam
1582 3237 1700 3307 pari
1731 3237 1949 3291 consilio

360 3327 603 3399 elegerit,
632 3336 686 3382 et
710 3327 835 3383 sitia
865 3327 979 3397 ipsa
1007 3326 1340 3398 aliquatenus
1367 3329 1422 3382 in
1450 3329 1690 3383 notitiam
1724 3329 1951 3402 episcopi

359 3419 380 3490 (
395 3417 467 3475 ad
492 3419 649 3489 cujus
674 3418 917 3478 diwcesin
945 3419 1168 3490 pertinet
1193 3417 1281 3472 ille
1307 3417 1453 3473 locus
1479 3417 1497 3489 )
1528 3418 1604 3474 vel
1633 3419 1911 3476 abbatibus
1931 3463 1945 3487 ,

359 3519 451 3566 aut
480 3510 663 3572 vicistis
699 3506 1018 3569 Christianis
1057 3507 1344 3562 clarueriut
1365 3549 1380 3574 ,
1412 3505 1718 3580 prohibeant
1752 3529 1946 3586 pravo-

357 3616 472 3655 rum
498 3597 784 3669 pratvalere
810 3614 1154 3663 consensum,
1178 3607 1226 3650 et
1249 3597 1430 3652 domui
1455 3597 1554 3652 Dei
1579 3598 1795 3671 dignum
1821 3617 1946 3654 con-

355 3689 579 3749 stituant
609 3687 1023 3757 dispensatorem
1045 3703 1062 3749 ς
1088 3687 1305 3750 scientes
1330 3704 1424 3757 pro
1449 3687 1544 3740 hoc
1569 3704 1623 3741 se
1649 3701 1944 3760 recepturos

356 3775 646 3842 mercedem
677 3776 866 3840 bonam
887 3816 902 3842 ,
931 3775 978 3831 si
1003 3775 1138 3829 illud
1165 3785 1305 3829 caste
1335 3785 1380 3828 et
1415 3775 1524 3830 zelo
1565 3777 1663 3831 Dei
1707 3778 1943 3848 faciant,

354 3870 494 3923 sicut
531 3884 558 3921 e
591 3866 796 3926 diverso
831 3877 1135 3940 peccatum,
1157 3869 1203 3922 si
1241 3867 1526 3939 negligant.
1549 3868 1675 3936 ideo
1701 3870 1854 3942 jubet
1885 3881 1943 3927 ut

355 3959 675 4029 cpiscopus,
714 3958 976 4024 abbatcs,
1019 3958 1104 4014 vel
1139 3959 1302 4023 etiam
1337 3958 1630 4018 Christiani
1670 3961 1832 4016 vicini
1864 3963 1948 4017 vi-'

356 4049 558 4115 tiosum
583 4049 838 4116 abbatem
871 4048 984 4104 fieri
1016 4049 1381 4124 prohibeant,
1405 4050 1529 4121 quia
1562 4050 1614 4104 in
1647 4066 1941 4122 congrega-

353 4139 505 4194 tione
535 4153 640 4194 non
681 4139 981 4206 remansit,
1026 4137 1127 4209 qui
1156 4139 1260 4194 hoc
1293 4139 1581 4209 prohibere
1615 4138 1828 4196 debeat.
1861 4141 1940 4199 Ac

351 4230 399 4284 si
439 4229 684 4292 diceret:
733 4227 790 4293 Si
837 4231 1004 4286 etiam
1049 4245 1240 4286 omnes
1279 4231 1372 4302 qui
1403 4229 1552 4288 intus
1581 4240 1708 4289 sunt
1739 4233 1941 4291 habere

347 4319 606 4376 vitiosum
654 4320 908 4386 abbatem
955 4322 1347 4391 consentiunt,
1383 4322 1437 4377 hi
1483 4323 1574 4392 qui
1626 4323 1761 4380 foris
1813 4333 1940 4382 sunt

1683 272 2031 330 SMARAGDI
2072 276 2363 334 sanans
2449 353 2452 356 _

1984 390 2027 447 Λ
2062 385 2286 444 Domino
2326 369 2588 446 rationem
2627 392 2967 448 villicationis
3002 409 3113 449 sure
3151 404 3377 467 cogetur
3414 413 3632 468 ponere.

1987 1729 2034 1787 B

3535 285 3630 344 916

2061 475 2416 535 \‘illicationis
2443 481 2614 546 dicit,
2644 483 2696 536 id
2727 489 2837 547 est,
2864 483 3308 554 dispensationis,
3335 487 3420 541 vel
3449 491 3638 560 guber-

2059 568 2298 624 nationis
2324 584 2454 624 sum.
2490 571 2714 628 Villicus
2743 582 2922 628 autem
2953 575 3174 644 proprie
3206 577 3348 632 vilia:
3375 580 3640 651 guberna-

2061 667 2145 711 tor
2186 668 2302 729 est,
2350 662 2490 717 unde
2532 669 2587 718 et
2629 679 2825 720 nomen
2885 667 3112 736 accepit.
3150 667 3426 725 interdum
3457 682 3638 729 autem

2059 765 2165 806 non
2199 767 2232 806 a
2267 754 2658 824 gubernatione
2693 754 2833 810 villae
2873 756 3117 824 villicus,
3163 760 3260 814 sed
3297 775 3328 814 a
3363 761 3638 834 dispensa-

2059 842 2205 897 tione
2234 842 2502 900 universze
2528 847 2719 902 domus
2749 857 2995 903 vocatur.

2129 931 2374 1006 Sciatque
2407 937 2506 990 sibi
2540 948 2776 1009 oportere
2808 940 3056 1010 prodesse
3083 942 3281 1014 magis,
3316 962 3473 1017 quam
3509 967 3644 1020 pra:-

2058 1039 2186 1076 esse.
2233 1021 2308 1078 De
2338 1041 2402 1080 eo
2431 1027 2576 1080 cnim
2607 1027 2752 1098 quod
2790 1031 3011 1106 prodest
3041 1033 3242 1100 abbas,
3270 1044 3326 1090 ct
3352 1037 3452 1091 sibi
3482 1039 3642 1108 proti-

2058 1114 2132 1168 cit
2157 1121 2210 1169 ct
2233 1113 2371 1169 aliis.
2399 1115 2455 1170 Si
2482 1117 2625 1171 cnim
2653 1129 2877 1188 generat
2901 1119 3109 1176 lucrum
3137 1131 3190 1177 et
3215 1124 3336 1180 aliis
3360 1127 3500 1198 parit
3520 1145 3644 1198 pro-

2059 1205 2257 1260 fectum
2281 1248 2296 1273 ,
2327 1208 2427 1264 sibi
2458 1211 2730 1279 conquirit
2757 1212 2970 1267 Domini
3001 1215 3263 1285 gratiam,
3305 1229 3359 1273 et
3400 1219 3521 1276 aliis
3556 1237 3644 1276 sa-

2058 1296 2185 1352 lutis
2227 1299 2528 1354 doctrinam
2560 1299 2812 1357 infundit.
2845 1302 2996 1359 Alios
3025 1307 3206 1360 erudit
3238 1309 3306 1363 ad
3331 1308 3604 1379 justitiam
3627 1354 3642 1379 ,

2058 1397 2114 1442 ct
2143 1389 2244 1444 sibi
2273 1391 2493 1458 pnemia
2523 1392 2794 1460 conquirit
2823 1403 3046 1450 mterna.
3094 1396 3168 1450 De
3199 1412 3264 1453 co
3296 1408 3474 1454 autem
3501 1403 3645 1471 quod

2059 1491 2259 1551 prrecst
2300 1483 2426 1537 dum
2465 1483 2634 1549 vivit,
2665 1500 2882 1554 semper
2924 1486 3024 1541 sibi
3063 1487 3305 1544 laborem
3336 1499 3388 1545 et
3417 1492 3534 1547 aliis
3565 1495 3646 1548 in-

2058 1572 2195 1626 cutit
2225 1574 2474 1628 timorem
2499 1590 2514 1639 ;
2544 1575 2646 1628 sibi
2685 1589 2873 1630 coram
2916 1577 3275 1646 superﬂuam,
3306 1591 3360 1635 ct
3400 1583 3522 1637 aliis
3568 1585 3642 1638 la-

2060 1663 2210 1718 boris
2249 1674 2470 1734 generat
2503 1679 2718 1735 panum
2746 1683 2759 1731 ;
2805 1665 2906 1721 sibi
2938 1668 3355 1744 sollicitudinem
3385 1673 3607 1728 nutltam
3629 1717 3644 1739 ,

2060 1764 2116 1810 et
2162 1755 2283 1810 aliis
2331 1755 2558 1823 injurias
2605 1757 2812 1828 irrogat
2859 1757 3174 1827 frcrpientcr
3223 1760 3468 1829 injustas.
3520 1765 3645 1821 ηενρ

2059 1863 2189 1903 vero
2214 1850 2396 1904 omnia
2426 1850 2470 1904 si
2496 1850 2635 1906 bene
2663 1851 2753 1920 qui
2782 1860 3022 1920 prtesnnt
3043 1893 3056 1917 ,
3088 1853 3324 1908 discreto
3346 1865 3400 1908 et
3428 1867 3648 1925 propter

2059 1945 2227 2000 Deum
2253 1945 2463 2016 egerint
2487 1986 2502 2012 ,
2531 1955 2587 2001 et
2617 1961 2848 2017 peccare
2875 1947 3180 2003 volentibus
3208 1964 3278 2005 ne
3305 1960 3530 2018 peccent
3577 1954 3643 2006 ti-

2059 2038 2228 2092 moris
2256 2053 2447 2108 pmnas
2477 2038 2836 2114 ingesserint,
2868 2047 3159 2109 peccantes
3189 2057 3319 2096 vero
3348 2057 3539 2098 severa
3571 2046 3650 2099 di-

2059 2129 2371 2195 strictione,
2397 2129 2710 2200 iudicioque
2737 2138 2891 2186 recto
2917 2132 3348 2188 constrinxerint
3367 2174 3382 2199 ,
3410 2134 3494 2190 vel
3523 2149 3646 2190 Illo-

2057 2216 2234 2276 dicam
2265 2220 2405 2291 apud
2433 2219 2602 2275 Deum
2633 2221 2863 2292 gratiam
2895 2231 3316 2294 consequentur.
3361 2221 3418 2279 Si
3460 2234 3650 2280 autem

2057 2311 2370 2369 labefacere
2385 2312 2750 2384 neglexerint,
2764 2314 2860 2370 sed
2875 2316 3108 2382 tantum,
3123 2314 3250 2385 quia
3273 2321 3399 2371 sunt
3412 2317 3644 2386 prmlati,

2058 2420 2117 2461 se
2141 2405 2400 2460 extollere
2420 2405 2710 2472 voluerint,
2731 2417 2842 2461 non
2877 2406 3053 2463 solum
3075 2421 3108 2461 a
3129 2408 3398 2462 mercedis
3420 2411 3666 2478 prtemio'

2057 2490 2212 2553 vacui
2238 2499 2616 2564 remanebunt,
2643 2497 2738 2553 sed
2765 2497 2930 2553 etiam
2952 2497 3207 2554 elationis
3221 2515 3334 2554 sua:
3353 2499 3406 2554 in
3432 2500 3650 2557 interno

2057 2604 2246 2660 pmnas
2270 2588 2550 2663 iugebunt.
2584 2591 2652 2645 Et
2681 2589 2803 2646 ideo
2833 2590 2970 2646 dixit
3000 2609 3016 2644 :
3047 2590 3198 2646 Sciat
3243 2591 3344 2646 sibi
3389 2601 3650 2661 oportere

2056 2681 2312 2754 prodesse
2353 2683 2528 2754 magis
2575 2698 2738 2758 quam
2795 2697 3051 2753 prmesse.
3114 2683 3249 2751 Quia
3296 2683 3363 2739 de
3405 2699 3648 2754 praeesse

2058 2771 2350 2843 aliquoties
2391 2787 2617 2844 parvum
2661 2773 2868 2828 bonum
2895 2814 2910 2839 ,
2958 2761 3246 2844 aliquolies
3279 2789 3410 2830 vero
3441 2778 3650 2844 grande

2057 2864 2159 2920 sibi
2191 2864 2466 2935 conquirit
2508 2863 2733 2921 malum.
2773 2863 2852 2920 De
2898 2865 3157 2935 prodesse
3205 2871 3386 2919 autem
3430 2879 3648 2934 semper

2055 2953 2156 3010 sibi
2199 2953 2422 3020 bonum,
2453 2969 2667 3026 semper
2690 2954 2972 3025 prteminm
3001 2954 3275 3024 conquirit
3299 2962 3589 3009 teternum.

2128 3044 2342 3116 Oportet
2368 3060 2490 3115 ergo
2520 3061 2638 3099 eum
2665 3061 2776 3099 esse
2803 3045 3014 3099 doctum
3043 3045 3152 3114 lege
3178 3044 3357 3099 divina
3378 3085 3392 3108 ,
3425 3054 3481 3097 ut
3505 3046 3646 3099 sciat

2050 3145 2098 3191 et
2129 3136 2195 3190 sit
2221 3135 2360 3190 unde
2384 3134 2618 3206 proferat
2645 3152 2775 3190 nova
2804 3146 2852 3190 ct
2878 3147 3070 3191 vetera.
3095 3137 3173 3191 Ae
3208 3135 3252 3189 si
3280 3134 3522 3189 diceret:
3565 3135 3649 3190 Sit

2051 3225 2221 3281 abbas
2249 3225 2442 3280 doctus
2469 3224 2586 3296 lege
2615 3226 2794 3281 divina
2813 3267 2827 3292 ,
2845 3242 2970 3297 qua:
2988 3225 3139 3283 Novo
3163 3235 3218 3284 ct
3239 3225 3421 3282 Veteri
3447 3225 3644 3282 Testa-

2049 3326 2235 3374 mento
2265 3325 2510 3383 constat,
2537 3326 2591 3373 et
2619 3333 2685 3374 ex
2716 3318 2808 3375 illa
2849 3318 3021 3385 sciat,
3058 3328 3113 3375 et
3139 3332 3430 3392 cognoscat
3455 3322 3648 3379 fratri-

2049 3411 2150 3466 bus
2172 3406 2422 3480 proferre
2451 3423 2590 3465 nova
2619 3418 2674 3465 et
2702 3419 2887 3466 vetera
2919 3413 3247 3468 testimonia.
3271 3414 3425 3482 Quod
3455 3427 3644 3473 autem

2049 3501 2210 3565 dicit,
2244 3507 2292 3556 et
2331 3500 2428 3565 sit,
2461 3499 2909 3572 subintciligitur,
2941 3501 3012 3556 sit
3044 3502 3098 3557 in
3130 3503 3247 3573 ejus
3273 3514 3498 3576 pectore
3529 3509 3645 3562 the-

2047 3607 2244 3648 saurus
2273 3592 2555 3664 sapientiae
2584 3603 2640 3649 et
2669 3593 2912 3649 scientia:
2941 3595 3276 3661 reconditus,
3308 3598 3481 3663 unde,
3509 3615 3643 3653 cum

2045 3699 2276 3740 necesse
2304 3683 2497 3748 fuerit,
2531 3683 2704 3754 possit
2729 3683 2978 3754 proferre
3007 3700 3146 3740 nova
3186 3695 3242 3742 et
3269 3697 3452 3743 vetera
3483 3689 3646 3744 testi-

2045 3776 2250 3829 monia.
2283 3775 2380 3829 Vel
2409 3784 2559 3831 certe
2591 3774 2704 3845 ipse
2735 3775 2904 3830 abbas
2930 3776 3003 3830 sit
3029 3775 3251 3842 doctus,
3286 3778 3599 3848 intelligens
3618 3820 3633 3844 ,

2043 3866 2275 3937 peritus,
2307 3866 2543 3937 sapiens,
2573 3874 2628 3924 et
2655 3865 2761 3920 tale
2790 3881 2884 3920 vas
2912 3867 3178 3938 sapientia
3205 3868 3442 3939 plenum,
3467 3872 3639 3934 unde,

2043 3971 2165 4011 cum
2197 3957 2461 4023 voluerit,
2495 3957 2548 4011 in
2579 3967 2832 4029 promptu
2859 3958 3056 4014 habeat
3083 3960 3329 4029 proferre
3353 3976 3561 4018 novum
3588 3974 3642 4018 ct

2044 4056 2200 4102 vetus
2227 4048 2620 4103 testimonium.

2113 4138 2359 4201 Castam,
2411 4139 2645 4195 sobrium
2668 4180 2683 4206 ,
2733 4142 3122 4198 misericordem
3147 4185 3163 4210 ,
3199 4161 3402 4216 seraper
3447 4163 3639 4216 supcr-

2039 4230 2359 4286 craltantem
2405 4232 2822 4289 misericordiam
2855 4235 3084 4304 judicio,
3116 4246 3172 4290 ut
3202 4236 3338 4291 idem
3369 4237 3478 4308 ipse
3506 4256 3638 4292 con-

2040 4332 2306 4394 sequatur.
2349 4321 2621 4392 Scriptum
2664 4331 2750 4378 est
2796 4325 2985 4379 enim:
3035 4326 3189 4380 Beati
3235 4327 3634 4395 misericordes,

349 4410 604 4476 catholici
643 4411 748 4470 viri
792 4410 1004 4476 fortiter
1043 4411 1338 4480 resistant,
1360 4423 1417 4470 et
1456 4431 1562 4470 non
1594 4417 1937 4472 consentiant
1963 4436 2016 4498 Ι)
2042 4415 2287 4486 quoniam
2317 4414 2416 4491 ipsi
2446 4415 2860 4471 misericordiam
2891 4429 3275 4489 consequentur
3299 4419 3517 4491 (Matth.
3556 4422 3630 4491 ν).

349 4503 463 4569 eis,
503 4517 571 4564 nc
603 4503 796 4568 vitium
835 4503 975 4560 male
1004 4505 1072 4559 ab
1099 4505 1352 4571 omnibus
1381 4506 1640 4569 nutritum
1675 4509 1938 4569 inolescat
1992 4501 1994 4503 i

350 4595 408 4654 in
437 4596 789 4662 monasterio,
816 4604 872 4651 et
900 4611 966 4652 eo
995 4595 1197 4657 inolito,
1215 4596 1550 4654 habitatores
1579 4595 1696 4670 eius
1725 4599 1934 4656 cunctis

347 4684 541 4739 vicinis
571 4687 794 4740 veniant
821 4685 876 4742 in
904 4685 1086 4742 oditun
1105 4727 1124 4755 ι
1153 4685 1246 4740 scd
1277 4685 1469 4742 melius
1499 4687 1838 4759 repudiatum
1867 4689 1936 4743 ab

349 4775 603 4834 omnibus
625 4777 816 4844 vitium
846 4779 1099 4858 depereat
1114 4818 1137 4843 ,ν
1157 4784 1212 4832 et
1237 4776 1502 4842 calcatura
1531 4787 1850 4844 evanescat,
1878 4787 1940 4842 ut

347 4875 403 4926 ct
440 4866 582 4927 inter
620 4870 920 4937 monachos
963 4870 1193 4925 virtutes
1232 4876 1484 4928 crescant
1522 4878 1578 4923 et
1613 4870 1741 4923 vitia
1774 4869 1936 4950 depe-

345 4965 522 5012 reant.
556 4957 623 5012 Et
650 4959 823 5026 vicini
846 4959 1090 5024 videntes
1116 4959 1332 5026 illorum
1365 4960 1506 5014 bona
1536 4975 1702 5039 opera
1731 4959 1930 5031 glorifi-

345 5059 472 5106 cent
504 5048 671 5104 Dcum
692 5090 708 5116 ,
737 5050 829 5123 qui
863 5051 1049 5112 illiset
1078 5054 1216 5107 bene
1246 5051 1386 5117 velle
1412 5049 1716 5115 concessit,
1756 5059 1812 5106 ct
1846 5050 1930 5105 di-

343 5153 508 5217 gnum
546 5149 820 5209 pastorem
851 5149 1014 5222 atque
1041 5142 1472 5213 dispensatorem
1504 5142 1712 5203 tribuit.

417 5229 712 5287 Ordinatus
748 5241 930 5297 autem
963 5232 1121 5294 abbas
1157 5237 1341 5306 cogitet
1379 5251 1584 5306 sempsr
1607 5231 1763 5306 quale
1801 5248 1931 5294 onus

341 5323 603 5395 suscepit,
643 5332 692 5378 et
733 5321 822 5380 cui
851 5321 1151 5383 redditurus
1179 5334 1252 5383 est
1297 5327 1555 5384 rationem
1593 5309 1926 5388 eillicationis

340 5430 473 5474 sua.
498 5414 603 5484 Qui
623 5415 775 5477 enim.
795 5414 1091 5482 monachos
1115 5415 1342 5494 suscipit
1369 5417 1436 5470 ad
1463 5416 1757 5492 regendum
1777 5457 1792 5482 ,
1817 5432 1923 5472 non

341 5521 594 5588 parvum,
613 5510 708 5566 sed
729 5507 932 5584 grande
952 5522 1092 5566 onus
1110 5505 1302 5576 recipit
1323 5506 1389 5558 ad
1413 5506 1758 5576 portandum,
1784 5508 1926 5566 unde

343 5597 422 5664 illi
440 5601 604 5658 sudor
624 5600 842 5666 laboris,
870 5608 928 5657 et
952 5600 1097 5657 unde
1124 5596 1409 5655 delectatio
1438 5604 1649 5652 crescat
1675 5597 1920 5654 honoris.

349 5691 574 5762 Luist
611 5695 756 5762 enim
800 5693 1025 5762 fratrum
1064 5693 1222 5764 ca‘pit
1269 5706 1488 5766 regem,
1527 5691 1589 5746 dc
1635 5691 1826 5772 quibus
1869 5701 1919 5746 ct

2041 4505 2110 4567 Et
2145 4521 2176 4560 e
2216 4506 2496 4561 contrario
2529 4506 2796 4577 judicium
2833 4507 2952 4562 sine
2992 4506 3369 4562 misericordia
3405 4509 3493 4573 ei,
3541 4510 3634 4580 qui

2038 4611 2144 4651 non
2187 4595 2319 4651 facit
2360 4597 2808 4654 miscricordiam.
2850 4596 2942 4653 ille
2972 4613 3102 4668 ergo
3128 4601 3498 4669 superi-saltat
3531 4603 3634 4656 mi-

2037 4687 2388 4751 scricordiam
2428 4687 2668 4757 iudicio,
2707 4691 2798 4760 qui
2833 4698 2956 4760 post
2989 4699 3174 4744 actum
3213 4689 3482 4759 judicium
3521 4709 3630 4749 non

2039 4777 2283 4832 districte
2307 4778 2463 4847 punit
2490 4778 2714 4848 impium
2731 4819 2746 4842 ,
2773 4781 2868 4834 sed
2893 4779 3320 4835 misericorditer
3342 4783 3519 4851 parcit
3544 4783 3595 4836 ei
3611 4823 3626 4844 ,

2039 4875 2097 4933 et
2125 4883 2157 4923 a
2187 4870 2534 4926 damnatione
2575 4871 2756 4926 debita
2798 4871 2992 4926 liberat
3028 4887 3174 4927 eum.
3221 4871 3360 4928 Hinc
3401 4883 3458 4929 et
3497 4874 3625 4928 alibi

2042 4959 2302 5030 scriptum
2357 4969 2482 5020 est:
2537 4961 2909 5032 Superexaltat
2954 4963 3319 5018 misericordia
3357 4959 3623 5029 judicium

2041 5047 2268 5119 (Iacob.
2299 5061 2341 5105 it
2361 5048 2409 5120 ),
2442 5047 2496 5104 id
2525 5057 2642 5117 est,
2674 5052 3060 5122 superponitur
3087 5054 3461 5109 misericordia
3484 5053 3624 5123 judi-

2037 5140 2143 5207 cio,
2171 5141 2298 5210 quia
2325 5139 2380 5194 in
2410 5155 2523 5210 quo,
2547 5141 2827 5202 inventum
2856 5141 3022 5205 fuerit
3047 5157 3184 5212 opus
3210 5144 3618 5204 misericoniia‘.

2036 5233 2140 5288 etsi
2171 5232 2423 5293 habuerit
2449 5231 2654 5304 aliquid
2682 5234 2824 5290 forte
2852 5236 2905 5290 in
2929 5233 3136 5304 judicio
3166 5237 3308 5305 quod
3338 5237 3617 5305 puniatur,

2035 5332 2292 5394 tanquam
2335 5324 2721 5384 misericordiae
2759 5327 2967 5396 peccati
3001 5327 3138 5397 ignis
3164 5328 3546 5398 exstinguitur.

2105 5412 2288 5474 Oderit
2317 5413 2475 5479 vitia,
2505 5414 2692 5484 diligat
2721 5415 2930 5485 fratres.
2965 5417 3020 5470 In
3062 5432 3172 5472 uno
3209 5418 3356 5476 enim
3399 5417 3618 5472 homine

2031 5515 2086 5562 ct
2111 5505 2508 5565 fraternitatem
2547 5515 2788 5562 nostram
2829 5508 2988 5564 simul
3018 5509 3276 5579 diligere,
3306 5517 3362 5564 et
3399 5508 3527 5564 vitia
3567 5507 3614 5562 si

2030 5596 2233 5650 fuerint
2262 5610 2548 5666 possumus
2581 5596 2740 5651 simul
2767 5597 2938 5653 odire.
2987 5598 3145 5653 Aliud
3177 5607 3263 5654 est
3293 5599 3438 5655 enim
3468 5596 3614 5668 quod

2033 5687 2199 5742 frater
2238 5697 2349 5754 est,
2378 5686 2522 5742 aliud
2554 5689 2698 5758 quod
2728 5689 2952 5745 vitiosus
2985 5701 3067 5746 cst
3094 5692 3273 5748 homo.
3318 5692 3616 5763 Diligentius
