  <div class='ocr_page' id='page_1' title='image "/cluster/home/n/w/nwhite01/storage/ocr_20150623/102/hvd.32044052820032/464.png"; bbox 0 0 3992 6206; ppageno 0'>
   <div class='ocr_carea' id='block_1_1' title="bbox 388 313 492 369">
    <p class='ocr_par' dir='ltr' id='par_1_1' title="bbox 388 313 492 369">
     <span class='ocr_line' id='line_1_1' title="bbox 388 313 492 369; baseline 0 -1"><span class='ocrx_word' id='word_1_1' title='bbox 388 313 492 369; x_wconf 75' lang='grc' dir='ltr'><strong>ΩΠ</strong></span> 
     </span>
    </p>
   </div>
   <div class='ocr_carea' id='block_1_2' title="bbox 1431 313 2602 397">
    <p class='ocr_par' dir='ltr' id='par_1_2' title="bbox 1431 313 2602 397">
     <span class='ocr_line' id='line_1_2' title="bbox 1431 313 2602 397; baseline 0.002 -28"><span class='ocrx_word' id='word_1_2' title='bbox 1431 313 1784 371; x_wconf 83' lang='lat' dir='ltr'><strong>COMMENT.</strong></span> <span class='ocrx_word' id='word_1_3' title='bbox 1823 313 1891 368; x_wconf 80' lang='lat' dir='ltr'><strong>IN</strong></span> <span class='ocrx_word' id='word_1_4' title='bbox 1927 313 2085 369; x_wconf 79' lang='lat' dir='ltr'><strong>REG.</strong></span> <span class='ocrx_word' id='word_1_5' title='bbox 2125 314 2181 369; x_wconf 90' lang='lat' dir='ltr'><strong>S.</strong></span> <span class='ocrx_word' id='word_1_6' title='bbox 2226 313 2602 397; x_wconf 73' lang='lat' dir='ltr'><strong>liENBDlC&#39;l&#39;l.</strong></span> 
     </span>
    </p>
   </div>
   <div class='ocr_carea' id='block_1_3' title="bbox 3545 325 3650 382">
    <p class='ocr_par' dir='ltr' id='par_1_3' title="bbox 3545 325 3650 382">
     <span class='ocr_line' id='line_1_3' title="bbox 3545 325 3650 382; baseline -0.019 -1"><span class='ocrx_word' id='word_1_7' title='bbox 3545 325 3650 382; x_wconf 70' lang='grc'><strong>918</strong></span> 
     </span>
    </p>
   </div>
   <div class='ocr_carea' id='block_1_4' title="bbox 387 423 3649 507">
    <p class='ocr_par' dir='ltr' id='par_1_4' title="bbox 387 423 3649 507">
     <span class='ocr_line' id='line_1_4' title="bbox 387 423 3649 507; baseline 0.005 -29"><span class='ocrx_word' id='word_1_8' title='bbox 387 443 518 497; x_wconf 79' lang='lat' dir='ltr'><strong>ergo</strong></span> <span class='ocrx_word' id='word_1_9' title='bbox 543 425 594 480; x_wconf 92' lang='lat' dir='ltr'><strong>in</strong></span> <span class='ocrx_word' id='word_1_10' title='bbox 624 441 689 479; x_wconf 87' lang='lat' dir='ltr'><strong>co</strong></span> <span class='ocrx_word' id='word_1_11' title='bbox 715 423 1111 480; x_wconf 76' lang='lat' dir='ltr'><strong>fraternitatem</strong></span> <span class='ocrx_word' id='word_1_12' title='bbox 1137 431 1378 479; x_wconf 84' lang='lat' dir='ltr'><strong>nostram</strong></span> <span class='ocrx_word' id='word_1_13' title='bbox 1401 466 1414 489; x_wconf 92' lang='lat'><strong>,</strong></span> <span class='ocrx_word' id='word_1_14' title='bbox 1442 434 1498 479; x_wconf 89' lang='lat' dir='ltr'><strong>ct</strong></span> <span class='ocrx_word' id='word_1_15' title='bbox 1522 425 1649 480; x_wconf 87' lang='lat' dir='ltr'><strong>odio</strong></span> <span class='ocrx_word' id='word_1_16' title='bbox 1674 425 1968 479; x_wconf 79' lang='lat' dir='ltr'><strong>habeamus</strong></span> <span class='ocrx_word' id='word_1_17' title='bbox 1997 425 2048 483; x_wconf 83' lang='lat' dir='ltr'><strong>A</strong></span> <span class='ocrx_word' id='word_1_18' title='bbox 2127 425 2250 479; x_wconf 61' lang='lat' dir='ltr'><strong>Sed</strong></span> <span class='ocrx_word' id='word_1_19' title='bbox 2281 427 2586 494; x_wconf 70' lang='lat' dir='ltr'><strong>prudenter,</strong></span> <span class='ocrx_word' id='word_1_20' title='bbox 2610 437 2658 482; x_wconf 85' lang='lat' dir='ltr'><strong>ct</strong></span> <span class='ocrx_word' id='word_1_21' title='bbox 2689 447 2804 482; x_wconf 75' lang='lat' dir='ltr'><strong>cum</strong></span> <span class='ocrx_word' id='word_1_22' title='bbox 2836 431 3092 486; x_wconf 65' lang='lat' dir='ltr'><strong>cltaritatc</strong></span> <span class='ocrx_word' id='word_1_23' title='bbox 3119 448 3182 488; x_wconf 80' lang='lat' dir='ltr'><strong>ca</strong></span> <span class='ocrx_word' id='word_1_24' title='bbox 3203 443 3470 503; x_wconf 67' lang='lat' dir='ltr'><strong>atuputet,</strong></span> <span class='ocrx_word' id='word_1_25' title='bbox 3495 451 3649 507; x_wconf 80' lang='lat' dir='ltr'><strong>prout</strong></span> 
     </span>
    </p>
   </div>
   <div class='ocr_carea' id='block_1_5' title="bbox 386 515 1972 585">
    <p class='ocr_par' dir='ltr' id='par_1_5' title="bbox 386 515 1972 585">
     <span class='ocr_line' id='line_1_5' title="bbox 386 515 1972 585; baseline -0.004 -10"><span class='ocrx_word' id='word_1_26' title='bbox 386 520 736 575; x_wconf 81' lang='lat' dir='ltr'><strong>vitiositatcm</strong></span> <span class='ocrx_word' id='word_1_27' title='bbox 781 533 956 570; x_wconf 83' lang='lat' dir='ltr'><strong>suam.</strong></span> <span class='ocrx_word' id='word_1_28' title='bbox 1004 515 1405 585; x_wconf 83' lang='lat' dir='ltr'><strong>Proscquamur</strong></span> <span class='ocrx_word' id='word_1_29' title='bbox 1444 516 1498 568; x_wconf 90' lang='lat' dir='ltr'><strong>in</strong></span> <span class='ocrx_word' id='word_1_30' title='bbox 1537 530 1602 570; x_wconf 86' lang='lat' dir='ltr'><strong>eo</strong></span> <span class='ocrx_word' id='word_1_31' title='bbox 1643 515 1831 567; x_wconf 88' lang='lat' dir='ltr'><strong>vitium</strong></span> <span class='ocrx_word' id='word_1_32' title='bbox 1855 553 1870 576; x_wconf 95' lang='lat'><strong>,</strong></span> <span class='ocrx_word' id='word_1_33' title='bbox 1914 522 1972 568; x_wconf 83' lang='lat' dir='ltr'><strong>ct</strong></span> 
     </span>
    </p>
   </div>
   <div class='ocr_carea' id='block_1_6' title="bbox 385 605 1965 677">
    <p class='ocr_par' dir='ltr' id='par_1_6' title="bbox 385 605 1965 677">
     <span class='ocr_line' id='line_1_6' title="bbox 385 605 1965 677; baseline -0.004 -13"><span class='ocrx_word' id='word_1_34' title='bbox 385 610 746 677; x_wconf 61' lang='lat' dir='ltr'><strong>emendatum</strong></span> <span class='ocrx_word' id='word_1_35' title='bbox 783 615 842 659; x_wconf 88' lang='lat' dir='ltr'><strong>ut</strong></span> <span class='ocrx_word' id='word_1_36' title='bbox 893 607 1250 676; x_wconf 69' lang='lat' dir='ltr'><strong>nosmetipsos</strong></span> <span class='ocrx_word' id='word_1_37' title='bbox 1303 607 1589 676; x_wconf 80' lang='lat' dir='ltr'><strong>diligamus</strong></span> <span class='ocrx_word' id='word_1_38' title='bbox 1637 605 1965 673; x_wconf 73' lang='lat' dir='ltr'><strong>proximum.</strong></span> 
     </span>
    </p>
   </div>
   <div class='ocr_carea' id='block_1_7' title="bbox 388 696 1968 766">
    <p class='ocr_par' dir='ltr' id='par_1_7' title="bbox 388 696 1968 766">
     <span class='ocr_line' id='line_1_7' title="bbox 388 696 1968 766; baseline -0.006 -10"><span class='ocrx_word' id='word_1_39' title='bbox 388 703 522 756; x_wconf 88' lang='lat' dir='ltr'><strong>llinc</strong></span> <span class='ocrx_word' id='word_1_40' title='bbox 552 708 605 752; x_wconf 77' lang='lat' dir='ltr'><strong>ct</strong></span> <span class='ocrx_word' id='word_1_41' title='bbox 634 701 822 752; x_wconf 82' lang='lat' dir='ltr'><strong>beatus</strong></span> <span class='ocrx_word' id='word_1_42' title='bbox 847 696 1142 766; x_wconf 77' lang='lat' dir='ltr'><strong>Gregorius</strong></span> <span class='ocrx_word' id='word_1_43' title='bbox 1182 697 1296 749; x_wconf 88' lang='lat' dir='ltr'><strong>ait:</strong></span> <span class='ocrx_word' id='word_1_44' title='bbox 1335 698 1428 751; x_wconf 87' lang='lat' dir='ltr'><strong>Sic</strong></span> <span class='ocrx_word' id='word_1_45' title='bbox 1456 697 1535 750; x_wconf 86' lang='lat' dir='ltr'><strong>sic</strong></span> <span class='ocrx_word' id='word_1_46' title='bbox 1569 697 1826 749; x_wconf 78' lang='lat' dir='ltr'><strong>nimirum</strong></span> <span class='ocrx_word' id='word_1_47' title='bbox 1873 709 1968 747; x_wconf 74' lang='lat' dir='ltr'><strong>e1-</strong></span> 
     </span>
    </p>
   </div>
   <div class='ocr_carea' id='block_1_8' title="bbox 388 788 1966 860">
    <p class='ocr_par' dir='ltr' id='par_1_8' title="bbox 388 788 1966 860">
     <span class='ocr_line' id='line_1_8' title="bbox 388 788 1966 860; baseline -0.004 -14"><span class='ocrx_word' id='word_1_48' title='bbox 388 796 571 848; x_wconf 70' lang='lat' dir='ltr'><strong>hiim‘c</strong></span> <span class='ocrx_word' id='word_1_49' title='bbox 611 790 874 860; x_wconf 68' lang='lat' dir='ltr'><strong>proximis</strong></span> <span class='ocrx_word' id='word_1_50' title='bbox 902 790 1102 843; x_wconf 75' lang='lat' dir='ltr'><strong>nostris</strong></span> <span class='ocrx_word' id='word_1_51' title='bbox 1130 789 1239 843; x_wconf 84' lang='lat' dir='ltr'><strong>odii</strong></span> <span class='ocrx_word' id='word_1_52' title='bbox 1269 789 1646 844; x_wconf 82' lang='lat' dir='ltr'><strong>discretionem</strong></span> <span class='ocrx_word' id='word_1_53' title='bbox 1675 788 1930 842; x_wconf 80' lang='lat' dir='ltr'><strong>debemus</strong></span> <span class='ocrx_word' id='word_1_54' title='bbox 1948 824 1966 850; x_wconf 93' lang='lat'><strong>,</strong></span> 
     </span>
    </p>
   </div>
   <div class='ocr_carea' id='block_1_9' title="bbox 387 877 1968 949">
    <p class='ocr_par' dir='ltr' id='par_1_9' title="bbox 387 877 1968 949">
     <span class='ocr_line' id='line_1_9' title="bbox 387 877 1968 949; baseline -0.004 -13"><span class='ocrx_word' id='word_1_55' title='bbox 387 893 442 936; x_wconf 90' lang='lat' dir='ltr'><strong>nt</strong></span> <span class='ocrx_word' id='word_1_56' title='bbox 484 884 537 935; x_wconf 88' lang='lat' dir='ltr'><strong>in</strong></span> <span class='ocrx_word' id='word_1_57' title='bbox 581 883 662 933; x_wconf 75' lang='lat' dir='ltr'><strong>eis</strong></span> <span class='ocrx_word' id='word_1_58' title='bbox 703 879 989 949; x_wconf 76' lang='lat' dir='ltr'><strong>diligamus</strong></span> <span class='ocrx_word' id='word_1_59' title='bbox 1033 879 1174 946; x_wconf 85' lang='lat' dir='ltr'><strong>quod</strong></span> <span class='ocrx_word' id='word_1_60' title='bbox 1220 887 1382 938; x_wconf 85' lang='lat' dir='ltr'><strong>sunt,</strong></span> <span class='ocrx_word' id='word_1_61' title='bbox 1410 886 1464 931; x_wconf 87' lang='lat' dir='ltr'><strong>et</strong></span> <span class='ocrx_word' id='word_1_62' title='bbox 1506 878 1808 932; x_wconf 75' lang='lat' dir='ltr'><strong>habeamus</strong></span> <span class='ocrx_word' id='word_1_63' title='bbox 1841 877 1968 930; x_wconf 83' lang='lat' dir='ltr'><strong>odio</strong></span> 
     </span>
    </p>
   </div>
   <div class='ocr_carea' id='block_1_10' title="bbox 385 971 1453 1048">
    <p class='ocr_par' dir='ltr' id='par_1_10' title="bbox 385 971 1453 1048">
     <span class='ocr_line' id='line_1_10' title="bbox 385 971 1453 1048; baseline -0.007 -17"><span class='ocrx_word' id='word_1_64' title='bbox 385 979 526 1048; x_wconf 81' lang='lat' dir='ltr'><strong>quod</strong></span> <span class='ocrx_word' id='word_1_65' title='bbox 555 976 607 1028; x_wconf 92' lang='lat' dir='ltr'><strong>in</strong></span> <span class='ocrx_word' id='word_1_66' title='bbox 638 975 728 1028; x_wconf 88' lang='lat' dir='ltr'><strong>Dei</strong></span> <span class='ocrx_word' id='word_1_67' title='bbox 760 972 916 1028; x_wconf 86' lang='lat' dir='ltr'><strong>nobis</strong></span> <span class='ocrx_word' id='word_1_68' title='bbox 945 972 1136 1025; x_wconf 89' lang='lat' dir='ltr'><strong>itinere</strong></span> <span class='ocrx_word' id='word_1_69' title='bbox 1162 971 1453 1024; x_wconf 89' lang='lat' dir='ltr'><strong>obsistunt.</strong></span> 
     </span>
    </p>
   </div>
   <div class='ocr_carea' id='block_1_11' title="bbox 457 1060 2002 1134">
    <p class='ocr_par' dir='ltr' id='par_1_11' title="bbox 457 1060 2002 1134">
     <span class='ocr_line' id='line_1_11' title="bbox 457 1060 2002 1134; baseline -0.003 -16"><span class='ocrx_word' id='word_1_70' title='bbox 457 1067 522 1118; x_wconf 87' lang='lat' dir='ltr'><strong>In</strong></span> <span class='ocrx_word' id='word_1_71' title='bbox 561 1067 672 1134; x_wconf 78' lang='lat' dir='ltr'><strong>ipsa</strong></span> <span class='ocrx_word' id='word_1_72' title='bbox 717 1073 890 1116; x_wconf 82' lang='lat' dir='ltr'><strong>autcm</strong></span> <span class='ocrx_word' id='word_1_73' title='bbox 930 1061 1246 1116; x_wconf 70' lang='lat' dir='ltr'><strong>correctione</strong></span> <span class='ocrx_word' id='word_1_74' title='bbox 1283 1060 1569 1131; x_wconf 75' lang='lat' dir='ltr'><strong>prudenter</strong></span> <span class='ocrx_word' id='word_1_75' title='bbox 1587 1071 1734 1130; x_wconf 81' lang='lat' dir='ltr'><strong>agat.</strong></span> <span class='ocrx_word' id='word_1_76' title='bbox 1764 1060 1821 1114; x_wconf 85' lang='lat' dir='ltr'><strong>ld</strong></span> <span class='ocrx_word' id='word_1_77' title='bbox 1849 1064 1964 1121; x_wconf 81' lang='lat' dir='ltr'><strong>cSt,</strong></span> <span class='ocrx_word' id='word_1_78' title='bbox 1999 1099 2002 1102; x_wconf 54' lang='grc' dir='ltr'><strong><em>ι</em></strong></span> 
     </span>
    </p>
   </div>
   <div class='ocr_carea' id='block_1_12' title="bbox 383 1151 1965 1223">
    <p class='ocr_par' dir='ltr' id='par_1_12' title="bbox 383 1151 1965 1223">
     <span class='ocr_line' id='line_1_12' title="bbox 383 1151 1965 1223; baseline -0.004 -12"><span class='ocrx_word' id='word_1_79' title='bbox 383 1170 570 1220; x_wconf 77' lang='lat' dir='ltr'><strong>cutllt‘,</strong></span> <span class='ocrx_word' id='word_1_80' title='bbox 624 1162 951 1223; x_wconf 79' lang='lat' dir='ltr'><strong>temperate,</strong></span> <span class='ocrx_word' id='word_1_81' title='bbox 1000 1168 1122 1206; x_wconf 89' lang='lat' dir='ltr'><strong>cum</strong></span> <span class='ocrx_word' id='word_1_82' title='bbox 1169 1166 1364 1222; x_wconf 83' lang='lat' dir='ltr'><strong>magno</strong></span> <span class='ocrx_word' id='word_1_83' title='bbox 1408 1151 1778 1208; x_wconf 79' lang='lat' dir='ltr'><strong>moderamine</strong></span> <span class='ocrx_word' id='word_1_84' title='bbox 1822 1153 1965 1219; x_wconf 87' lang='lat' dir='ltr'><strong>quod</strong></span> 
     </span>
    </p>
   </div>
   <div class='ocr_carea' id='block_1_13' title="bbox 385 1242 1967 1314">
    <p class='ocr_par' dir='ltr' id='par_1_13' title="bbox 385 1242 1967 1314">
     <span class='ocr_line' id='line_1_13' title="bbox 385 1242 1967 1314; baseline -0.006 -10"><span class='ocrx_word' id='word_1_85' title='bbox 385 1251 514 1305; x_wconf 65' lang='lat' dir='ltr'><strong>facit</strong></span> <span class='ocrx_word' id='word_1_86' title='bbox 555 1249 735 1302; x_wconf 76' lang='lat' dir='ltr'><strong>faciat.</strong></span> <span class='ocrx_word' id='word_1_87' title='bbox 767 1245 838 1298; x_wconf 79' lang='lat' dir='ltr'><strong>Et</strong></span> <span class='ocrx_word' id='word_1_88' title='bbox 871 1259 932 1297; x_wconf 76' lang='lat' dir='ltr'><strong>ne</strong></span> <span class='ocrx_word' id='word_1_89' title='bbox 961 1243 1089 1314; x_wconf 76' lang='lat' dir='ltr'><strong>quid</strong></span> <span class='ocrx_word' id='word_1_90' title='bbox 1119 1243 1295 1296; x_wconf 82' lang='lat' dir='ltr'><strong>nimis.</strong></span> <span class='ocrx_word' id='word_1_91' title='bbox 1327 1242 1452 1297; x_wconf 66' lang='lat' dir='ltr'><strong>Hmc</strong></span> <span class='ocrx_word' id='word_1_92' title='bbox 1480 1242 1752 1298; x_wconf 80' lang='lat' dir='ltr'><strong>sententia</strong></span> <span class='ocrx_word' id='word_1_93' title='bbox 1783 1255 1813 1294; x_wconf 89' lang='lat' dir='ltr'><strong>a</strong></span> <span class='ocrx_word' id='word_1_94' title='bbox 1839 1257 1967 1309; x_wconf 86' lang='lat' dir='ltr'><strong>poe-</strong></span> 
     </span>
    </p>
   </div>
   <div class='ocr_carea' id='block_1_14' title="bbox 385 1329 1962 1402">
    <p class='ocr_par' dir='ltr' id='par_1_14' title="bbox 385 1329 1962 1402">
     <span class='ocr_line' id='line_1_14' title="bbox 385 1329 1962 1402; baseline -0.006 -8"><span class='ocrx_word' id='word_1_95' title='bbox 385 1343 452 1395; x_wconf 86' lang='lat' dir='ltr'><strong>tis</strong></span> <span class='ocrx_word' id='word_1_96' title='bbox 475 1383 487 1402; x_wconf 85' lang='lat'><strong>,</strong></span> <span class='ocrx_word' id='word_1_97' title='bbox 523 1350 576 1393; x_wconf 84' lang='lat' dir='ltr'><strong>ct</strong></span> <span class='ocrx_word' id='word_1_98' title='bbox 615 1354 644 1392; x_wconf 90' lang='lat' dir='ltr'><strong>a</strong></span> <span class='ocrx_word' id='word_1_99' title='bbox 692 1333 1003 1390; x_wconf 79' lang='lat' dir='ltr'><strong>doctoribus</strong></span> <span class='ocrx_word' id='word_1_100' title='bbox 1044 1333 1280 1396; x_wconf 89' lang='lat' dir='ltr'><strong>nostris,</strong></span> <span class='ocrx_word' id='word_1_101' title='bbox 1325 1341 1382 1387; x_wconf 89' lang='lat' dir='ltr'><strong>et</strong></span> <span class='ocrx_word' id='word_1_102' title='bbox 1408 1348 1438 1386; x_wconf 89' lang='lat' dir='ltr'><strong>a</strong></span> <span class='ocrx_word' id='word_1_103' title='bbox 1467 1333 1652 1386; x_wconf 87' lang='lat' dir='ltr'><strong>multis</strong></span> <span class='ocrx_word' id='word_1_104' title='bbox 1677 1329 1962 1385; x_wconf 74' lang='lat' dir='ltr'><strong>catholicis</strong></span> 
     </span>
    </p>
   </div>
   <div class='ocr_carea' id='block_1_15' title="bbox 380 1420 1965 1492">
    <p class='ocr_par' dir='ltr' id='par_1_15' title="bbox 380 1420 1965 1492">
     <span class='ocr_line' id='line_1_15' title="bbox 380 1420 1965 1492; baseline -0.007 -9"><span class='ocrx_word' id='word_1_105' title='bbox 380 1442 435 1484; x_wconf 86' lang='lat' dir='ltr'><strong>ct</strong></span> <span class='ocrx_word' id='word_1_106' title='bbox 474 1429 700 1482; x_wconf 75' lang='lat' dir='ltr'><strong>eruditis</strong></span> <span class='ocrx_word' id='word_1_107' title='bbox 739 1424 904 1488; x_wconf 83' lang='lat' dir='ltr'><strong>viris,</strong></span> <span class='ocrx_word' id='word_1_108' title='bbox 930 1423 1096 1476; x_wconf 88' lang='lat' dir='ltr'><strong>etiam</strong></span> <span class='ocrx_word' id='word_1_109' title='bbox 1140 1423 1195 1477; x_wconf 92' lang='lat' dir='ltr'><strong>in</strong></span> <span class='ocrx_word' id='word_1_110' title='bbox 1235 1422 1420 1476; x_wconf 86' lang='lat' dir='ltr'><strong>multis</strong></span> <span class='ocrx_word' id='word_1_111' title='bbox 1456 1429 1511 1476; x_wconf 88' lang='lat' dir='ltr'><strong>ct</strong></span> <span class='ocrx_word' id='word_1_112' title='bbox 1537 1421 1794 1492; x_wconf 81' lang='lat' dir='ltr'><strong>congruis</strong></span> <span class='ocrx_word' id='word_1_113' title='bbox 1820 1420 1965 1474; x_wconf 85' lang='lat' dir='ltr'><strong>dicta</strong></span> 
     </span>
    </p>
   </div>
   <div class='ocr_carea' id='block_1_16' title="bbox 381 1508 1964 1587">
    <p class='ocr_par' dir='ltr' id='par_1_16' title="bbox 381 1508 1964 1587">
     <span class='ocr_line' id='line_1_16' title="bbox 381 1508 1964 1587; baseline -0.009 -13"><span class='ocrx_word' id='word_1_114' title='bbox 381 1522 545 1583; x_wconf 75' lang='lat' dir='ltr'><strong>locis,</strong></span> <span class='ocrx_word' id='word_1_115' title='bbox 585 1533 706 1587; x_wconf 70' lang='lat' dir='ltr'><strong>qua:</strong></span> <span class='ocrx_word' id='word_1_116' title='bbox 742 1525 798 1568; x_wconf 88' lang='lat' dir='ltr'><strong>ct</strong></span> <span class='ocrx_word' id='word_1_117' title='bbox 835 1513 889 1568; x_wconf 90' lang='lat' dir='ltr'><strong>in</strong></span> <span class='ocrx_word' id='word_1_118' title='bbox 927 1512 1086 1568; x_wconf 87' lang='lat' dir='ltr'><strong>bonis</strong></span> <span class='ocrx_word' id='word_1_119' title='bbox 1119 1523 1177 1566; x_wconf 85' lang='lat' dir='ltr'><strong>et</strong></span> <span class='ocrx_word' id='word_1_120' title='bbox 1217 1511 1272 1565; x_wconf 91' lang='lat' dir='ltr'><strong>in</strong></span> <span class='ocrx_word' id='word_1_121' title='bbox 1303 1511 1458 1566; x_wconf 88' lang='lat' dir='ltr'><strong>malis</strong></span> <span class='ocrx_word' id='word_1_122' title='bbox 1487 1510 1703 1565; x_wconf 80' lang='lat' dir='ltr'><strong>actibus</strong></span> <span class='ocrx_word' id='word_1_123' title='bbox 1741 1508 1964 1578; x_wconf 76' lang='lat' dir='ltr'><strong>intelligi</strong></span> 
     </span>
    </p>
   </div>
   <div class='ocr_carea' id='block_1_17' title="bbox 380 1600 1960 1683">
    <p class='ocr_par' dir='ltr' id='par_1_17' title="bbox 380 1600 1960 1683">
     <span class='ocr_line' id='line_1_17' title="bbox 380 1600 1960 1683; baseline -0.011 -17"><span class='ocrx_word' id='word_1_124' title='bbox 380 1620 580 1683; x_wconf 78' lang='lat' dir='ltr'><strong>potest.</strong></span> <span class='ocrx_word' id='word_1_125' title='bbox 620 1607 676 1662; x_wconf 85' lang='lat' dir='ltr'><strong>in</strong></span> <span class='ocrx_word' id='word_1_126' title='bbox 716 1608 881 1668; x_wconf 83' lang='lat' dir='ltr'><strong>bono,</strong></span> <span class='ocrx_word' id='word_1_127' title='bbox 908 1615 968 1657; x_wconf 90' lang='lat' dir='ltr'><strong>ut</strong></span> <span class='ocrx_word' id='word_1_128' title='bbox 1004 1611 1087 1657; x_wconf 88' lang='lat' dir='ltr'><strong>est</strong></span> <span class='ocrx_word' id='word_1_129' title='bbox 1128 1601 1294 1656; x_wconf 89' lang='lat' dir='ltr'><strong>illud:</strong></span> <span class='ocrx_word' id='word_1_130' title='bbox 1322 1601 1438 1656; x_wconf 80' lang='lat' dir='ltr'><strong>Non</strong></span> <span class='ocrx_word' id='word_1_131' title='bbox 1466 1601 1542 1656; x_wconf 84' lang='lat' dir='ltr'><strong>sis</strong></span> <span class='ocrx_word' id='word_1_132' title='bbox 1567 1600 1730 1654; x_wconf 86' lang='lat' dir='ltr'><strong>nimis</strong></span> <span class='ocrx_word' id='word_1_133' title='bbox 1750 1600 1960 1668; x_wconf 80' lang='lat' dir='ltr'><strong>justus,</strong></span> 
     </span>
    </p>
   </div>
   <div class='ocr_carea' id='block_1_18' title="bbox 378 1691 1962 1760">
    <p class='ocr_par' dir='ltr' id='par_1_18' title="bbox 378 1691 1962 1760">
     <span class='ocr_line' id='line_1_18' title="bbox 378 1691 1962 1760; baseline -0.011 0"><span class='ocrx_word' id='word_1_134' title='bbox 378 1715 433 1760; x_wconf 88' lang='lat' dir='ltr'><strong>et</strong></span> <span class='ocrx_word' id='word_1_135' title='bbox 473 1702 693 1758; x_wconf 80' lang='lat' dir='ltr'><strong>similia.</strong></span> <span class='ocrx_word' id='word_1_136' title='bbox 735 1698 812 1753; x_wconf 87' lang='lat' dir='ltr'><strong>De</strong></span> <span class='ocrx_word' id='word_1_137' title='bbox 852 1693 994 1751; x_wconf 87' lang='lat' dir='ltr'><strong>malo</strong></span> <span class='ocrx_word' id='word_1_138' title='bbox 1037 1696 1216 1749; x_wconf 82' lang='lat' dir='ltr'><strong>autem</strong></span> <span class='ocrx_word' id='word_1_139' title='bbox 1261 1709 1368 1748; x_wconf 88' lang='lat' dir='ltr'><strong>non</strong></span> <span class='ocrx_word' id='word_1_140' title='bbox 1414 1701 1500 1748; x_wconf 88' lang='lat' dir='ltr'><strong>est</strong></span> <span class='ocrx_word' id='word_1_141' title='bbox 1544 1699 1790 1746; x_wconf 88' lang='lat' dir='ltr'><strong>nostrum</strong></span> <span class='ocrx_word' id='word_1_142' title='bbox 1829 1691 1962 1744; x_wconf 86' lang='lat' dir='ltr'><strong>dare</strong></span> 
     </span>
    </p>
   </div>
   <div class='ocr_carea' id='block_1_19' title="bbox 2074 519 3686 598">
    <p class='ocr_par' dir='ltr' id='par_1_19' title="bbox 2074 519 3686 598">
     <span class='ocr_line' id='line_1_19' title="bbox 2074 519 3686 598; baseline 0.012 -29"><span class='ocrx_word' id='word_1_143' title='bbox 2074 519 2254 578; x_wconf 69' lang='lat' dir='ltr'><strong>rideri:</strong></span> <span class='ocrx_word' id='word_1_144' title='bbox 2280 521 2467 589; x_wconf 78' lang='lat' dir='ltr'><strong>cuique</strong></span> <span class='ocrx_word' id='word_1_145' title='bbox 2489 523 2764 589; x_wconf 57' lang='lat' dir='ltr'><strong>expedire.</strong></span> <span class='ocrx_word' id='word_1_146' title='bbox 2799 524 2936 578; x_wconf 82' lang='lat' dir='ltr'><strong>sicut</strong></span> <span class='ocrx_word' id='word_1_147' title='bbox 2951 524 3070 593; x_wconf 78' lang='lat' dir='ltr'><strong>jam</strong></span> <span class='ocrx_word' id='word_1_148' title='bbox 3097 525 3352 581; x_wconf 67' lang='lat' dir='ltr'><strong>diximus.</strong></span> <span class='ocrx_word' id='word_1_149' title='bbox 3381 527 3686 598; x_wconf 49' lang='lat' dir='ltr'><strong>Quidquid».</strong></span> 
     </span>
    </p>
   </div>
   <div class='ocr_carea' id='block_1_20' title="bbox 2069 610 3688 689">
    <p class='ocr_par' dir='ltr' id='par_1_20' title="bbox 2069 610 3688 689">
     <span class='ocr_line' id='line_1_20' title="bbox 2069 610 3688 689; baseline 0.011 -25"><span class='ocrx_word' id='word_1_150' title='bbox 2069 610 2212 664; x_wconf 84' lang='lat' dir='ltr'><strong>enim</strong></span> <span class='ocrx_word' id='word_1_151' title='bbox 2240 612 2523 667; x_wconf 78' lang='lat' dir='ltr'><strong>eliaritatis</strong></span> <span class='ocrx_word' id='word_1_152' title='bbox 2552 613 2728 669; x_wconf 79' lang='lat' dir='ltr'><strong>adicio</strong></span> <span class='ocrx_word' id='word_1_153' title='bbox 2755 617 2984 683; x_wconf 76' lang='lat' dir='ltr'><strong>geritur,</strong></span> <span class='ocrx_word' id='word_1_154' title='bbox 3015 619 3083 673; x_wconf 89' lang='lat' dir='ltr'><strong>ad</strong></span> <span class='ocrx_word' id='word_1_155' title='bbox 3116 618 3310 680; x_wconf 71' lang='lat' dir='ltr'><strong>salutis</strong></span> <span class='ocrx_word' id='word_1_156' title='bbox 3347 621 3688 689; x_wconf 60' lang='lat' dir='ltr'><strong>proiecttun-</strong></span> 
     </span>
    </p>
   </div>
   <div class='ocr_carea' id='block_1_21' title="bbox 2069 701 3653 774">
    <p class='ocr_par' dir='ltr' id='par_1_21' title="bbox 2069 701 3653 774">
     <span class='ocr_line' id='line_1_21' title="bbox 2069 701 3653 774; baseline 0.01 -20"><span class='ocrx_word' id='word_1_157' title='bbox 2069 701 2186 755; x_wconf 89' lang='lat' dir='ltr'><strong>sine</strong></span> <span class='ocrx_word' id='word_1_158' title='bbox 2211 703 2376 760; x_wconf 86' lang='lat' dir='ltr'><strong>dubio</strong></span> <span class='ocrx_word' id='word_1_159' title='bbox 2403 705 2566 759; x_wconf 88' lang='lat' dir='ltr'><strong>venit.</strong></span> <span class='ocrx_word' id='word_1_160' title='bbox 2597 706 2771 762; x_wconf 81' lang='lat' dir='ltr'><strong>Aliter</strong></span> <span class='ocrx_word' id='word_1_161' title='bbox 2797 708 2944 764; x_wconf 86' lang='lat' dir='ltr'><strong>enim</strong></span> <span class='ocrx_word' id='word_1_162' title='bbox 2975 711 3064 764; x_wconf 92' lang='lat' dir='ltr'><strong>uni</strong></span> <span class='ocrx_word' id='word_1_163' title='bbox 3085 749 3106 774; x_wconf 85' lang='lat'><strong>,</strong></span> <span class='ocrx_word' id='word_1_164' title='bbox 3125 719 3182 764; x_wconf 83' lang='lat' dir='ltr'><strong>et</strong></span> <span class='ocrx_word' id='word_1_165' title='bbox 3207 709 3367 766; x_wconf 83' lang='lat' dir='ltr'><strong>aliter</strong></span> <span class='ocrx_word' id='word_1_166' title='bbox 3393 716 3653 772; x_wconf 85' lang='lat' dir='ltr'><strong>convenit</strong></span> 
     </span>
    </p>
   </div>
   <div class='ocr_carea' id='block_1_22' title="bbox 2069 793 3649 867">
    <p class='ocr_par' dir='ltr' id='par_1_22' title="bbox 2069 793 3649 867">
     <span class='ocr_line' id='line_1_22' title="bbox 2069 793 3649 867; baseline 0.011 -21"><span class='ocrx_word' id='word_1_167' title='bbox 2069 793 2184 862; x_wconf 87' lang='lat' dir='ltr'><strong>ipsa</strong></span> <span class='ocrx_word' id='word_1_168' title='bbox 2215 796 2406 850; x_wconf 81' lang='lat' dir='ltr'><strong>salutis</strong></span> <span class='ocrx_word' id='word_1_169' title='bbox 2435 797 2701 867; x_wconf 69' lang='lat' dir='ltr'><strong>inmeasio</strong></span> <span class='ocrx_word' id='word_1_170' title='bbox 2727 800 2908 856; x_wconf 80' lang='lat' dir='ltr'><strong>alteri.</strong></span> <span class='ocrx_word' id='word_1_171' title='bbox 2941 803 3010 855; x_wconf 86' lang='lat' dir='ltr'><strong>Et</strong></span> <span class='ocrx_word' id='word_1_172' title='bbox 3035 803 3157 860; x_wconf 88' lang='lat' dir='ltr'><strong>ideo</strong></span> <span class='ocrx_word' id='word_1_173' title='bbox 3189 805 3308 860; x_wconf 80' lang='lat' dir='ltr'><strong>vice</strong></span> <span class='ocrx_word' id='word_1_174' title='bbox 3334 807 3531 862; x_wconf 84' lang='lat' dir='ltr'><strong>medici</strong></span> <span class='ocrx_word' id='word_1_175' title='bbox 3555 808 3649 862; x_wconf 59' lang='lat' dir='ltr'><strong>al»</strong></span> 
     </span>
    </p>
   </div>
   <div class='ocr_carea' id='block_1_23' title="bbox 2068 885 3649 965">
    <p class='ocr_par' dir='ltr' id='par_1_23' title="bbox 2068 885 3649 965">
     <span class='ocr_line' id='line_1_23' title="bbox 2068 885 3649 965; baseline 0.009 -28"><span class='ocrx_word' id='word_1_176' title='bbox 2068 885 2198 949; x_wconf 85' lang='lat' dir='ltr'><strong>bas,</strong></span> <span class='ocrx_word' id='word_1_177' title='bbox 2229 887 2388 940; x_wconf 83' lang='lat' dir='ltr'><strong>aliter</strong></span> <span class='ocrx_word' id='word_1_178' title='bbox 2426 905 2623 952; x_wconf 71' lang='lat' dir='ltr'><strong>uinum,</strong></span> <span class='ocrx_word' id='word_1_179' title='bbox 2666 890 2823 946; x_wconf 78' lang='lat' dir='ltr'><strong>aliter</strong></span> <span class='ocrx_word' id='word_1_180' title='bbox 2864 906 2996 948; x_wconf 86' lang='lat' dir='ltr'><strong>vero</strong></span> <span class='ocrx_word' id='word_1_181' title='bbox 3036 895 3334 950; x_wconf 87' lang='lat' dir='ltr'><strong>secundum</strong></span> <span class='ocrx_word' id='word_1_182' title='bbox 3375 899 3649 965; x_wconf 82' lang='lat' dir='ltr'><strong>quantita-</strong></span> 
     </span>
    </p>
   </div>
   <div class='ocr_carea' id='block_1_24' title="bbox 2068 977 3642 1046">
    <p class='ocr_par' dir='ltr' id='par_1_24' title="bbox 2068 977 3642 1046">
     <span class='ocr_line' id='line_1_24' title="bbox 2068 977 3642 1046; baseline 0.008 -18"><span class='ocrx_word' id='word_1_183' title='bbox 2068 984 2176 1030; x_wconf 84' lang='lat' dir='ltr'><strong>tem</strong></span> <span class='ocrx_word' id='word_1_184' title='bbox 2207 977 2287 1030; x_wconf 85' lang='lat' dir='ltr'><strong>vel</strong></span> <span class='ocrx_word' id='word_1_185' title='bbox 2319 979 2634 1046; x_wconf 64' lang='lat' dir='ltr'><strong>qualitatem</strong></span> <span class='ocrx_word' id='word_1_186' title='bbox 2678 981 2856 1036; x_wconf 82' lang='lat' dir='ltr'><strong>delicti</strong></span> <span class='ocrx_word' id='word_1_187' title='bbox 2895 983 3115 1036; x_wconf 77' lang='lat' dir='ltr'><strong>studeat</strong></span> <span class='ocrx_word' id='word_1_188' title='bbox 3148 999 3351 1040; x_wconf 82' lang='lat' dir='ltr'><strong>sanare</strong></span> <span class='ocrx_word' id='word_1_189' title='bbox 3390 986 3642 1044; x_wconf 82' lang='lat' dir='ltr'><strong>alterum.</strong></span> 
     </span>
    </p>
   </div>
   <div class='ocr_carea' id='block_1_25' title="bbox 2068 1067 3674 1143">
    <p class='ocr_par' dir='ltr' id='par_1_25' title="bbox 2068 1067 3674 1143">
     <span class='ocr_line' id='line_1_25' title="bbox 2068 1067 3674 1143; baseline 0.009 -22"><span class='ocrx_word' id='word_1_190' title='bbox 2068 1067 2136 1122; x_wconf 85' lang='lat' dir='ltr'><strong>Et</strong></span> <span class='ocrx_word' id='word_1_191' title='bbox 2161 1069 2216 1122; x_wconf 86' lang='lat' dir='ltr'><strong>in</strong></span> <span class='ocrx_word' id='word_1_192' title='bbox 2247 1071 2332 1124; x_wconf 87' lang='lat' dir='ltr'><strong>his</strong></span> <span class='ocrx_word' id='word_1_193' title='bbox 2356 1071 2608 1125; x_wconf 86' lang='lat' dir='ltr'><strong>omnibus</strong></span> <span class='ocrx_word' id='word_1_194' title='bbox 2635 1074 2841 1129; x_wconf 89' lang='lat' dir='ltr'><strong>sanctis</strong></span> <span class='ocrx_word' id='word_1_195' title='bbox 2869 1074 3226 1143; x_wconf 83' lang='lat' dir='ltr'><strong>discretisquc</strong></span> <span class='ocrx_word' id='word_1_196' title='bbox 3248 1077 3572 1135; x_wconf 81' lang='lat' dir='ltr'><strong>actionibus.</strong></span> <span class='ocrx_word' id='word_1_197' title='bbox 3671 1125 3674 1128; x_wconf 93' lang='lat'><strong>.</strong></span> 
     </span>
    </p>
   </div>
   <div class='ocr_carea' id='block_1_26' title="bbox 2137 1160 3666 1242">
    <p class='ocr_par' dir='ltr' id='par_1_26' title="bbox 2137 1160 3666 1242">
     <span class='ocr_line' id='line_1_26' title="bbox 2137 1160 3666 1242; baseline 0.006 -27"><span class='ocrx_word' id='word_1_198' title='bbox 2137 1160 2364 1216; x_wconf 78' lang='lat' dir='ltr'><strong>Studeat</strong></span> <span class='ocrx_word' id='word_1_199' title='bbox 2406 1161 2522 1230; x_wconf 80' lang='lat' dir='ltr'><strong>plus</strong></span> <span class='ocrx_word' id='word_1_200' title='bbox 2571 1165 2771 1227; x_wconf 87' lang='lat' dir='ltr'><strong>amari,</strong></span> <span class='ocrx_word' id='word_1_201' title='bbox 2819 1179 2980 1234; x_wconf 77' lang='lat' dir='ltr'><strong>quam</strong></span> <span class='ocrx_word' id='word_1_202' title='bbox 3026 1167 3218 1222; x_wconf 76' lang='lat' dir='ltr'><strong>timeri.</strong></span> <span class='ocrx_word' id='word_1_203' title='bbox 3268 1168 3324 1224; x_wconf 78' lang='lat' dir='ltr'><strong>Id</strong></span> <span class='ocrx_word' id='word_1_204' title='bbox 3364 1179 3486 1236; x_wconf 78' lang='lat' dir='ltr'><strong>est,</strong></span> <span class='ocrx_word' id='word_1_205' title='bbox 3526 1171 3666 1242; x_wconf 80' lang='lat' dir='ltr'><strong>plus.</strong></span> 
     </span>
    </p>
   </div>
   <div class='ocr_carea' id='block_1_27' title="bbox 2065 1257 3640 1331">
    <p class='ocr_par' dir='ltr' id='par_1_27' title="bbox 2065 1257 3640 1331">
     <span class='ocr_line' id='line_1_27' title="bbox 2065 1257 3640 1331; baseline 0.008 -23"><span class='ocrx_word' id='word_1_206' title='bbox 2065 1264 2315 1309; x_wconf 74' lang='lat' dir='ltr'><strong>exerceat</strong></span> <span class='ocrx_word' id='word_1_207' title='bbox 2361 1257 2414 1310; x_wconf 90' lang='lat' dir='ltr'><strong>in</strong></span> <span class='ocrx_word' id='word_1_208' title='bbox 2461 1258 2697 1313; x_wconf 85' lang='lat' dir='ltr'><strong>subditis</strong></span> <span class='ocrx_word' id='word_1_209' title='bbox 2740 1274 2877 1328; x_wconf 84' lang='lat' dir='ltr'><strong>opus</strong></span> <span class='ocrx_word' id='word_1_210' title='bbox 2922 1261 3129 1318; x_wconf 88' lang='lat' dir='ltr'><strong>amoris</strong></span> <span class='ocrx_word' id='word_1_211' title='bbox 3173 1278 3337 1331; x_wconf 86' lang='lat' dir='ltr'><strong>quam</strong></span> <span class='ocrx_word' id='word_1_212' title='bbox 3385 1264 3640 1328; x_wconf 73' lang='lat' dir='ltr'><strong>timoris;</strong></span> 
     </span>
    </p>
   </div>
   <div class='ocr_carea' id='block_1_28' title="bbox 2064 1347 3645 1424">
    <p class='ocr_par' dir='ltr' id='par_1_28' title="bbox 2064 1347 3645 1424">
     <span class='ocr_line' id='line_1_28' title="bbox 2064 1347 3645 1424; baseline 0.006 -24"><span class='ocrx_word' id='word_1_213' title='bbox 2064 1356 2121 1400; x_wconf 89' lang='lat' dir='ltr'><strong>ct</strong></span> <span class='ocrx_word' id='word_1_214' title='bbox 2161 1347 2280 1416; x_wconf 87' lang='lat' dir='ltr'><strong>plus</strong></span> <span class='ocrx_word' id='word_1_215' title='bbox 2319 1363 2415 1402; x_wconf 85' lang='lat' dir='ltr'><strong>eos</strong></span> <span class='ocrx_word' id='word_1_216' title='bbox 2457 1349 2804 1417; x_wconf 82' lang='lat' dir='ltr'><strong>paternitatis</strong></span> <span class='ocrx_word' id='word_1_217' title='bbox 2827 1363 3016 1405; x_wconf 82' lang='lat' dir='ltr'><strong>amore</strong></span> <span class='ocrx_word' id='word_1_218' title='bbox 3044 1352 3347 1408; x_wconf 87' lang='lat' dir='ltr'><strong>demulceat</strong></span> <span class='ocrx_word' id='word_1_219' title='bbox 3372 1369 3536 1423; x_wconf 84' lang='lat' dir='ltr'><strong>quam</strong></span> <span class='ocrx_word' id='word_1_220' title='bbox 3564 1364 3645 1424; x_wconf 86' lang='lat' dir='ltr'><strong>ty-</strong></span> 
     </span>
    </p>
   </div>
   <div class='ocr_carea' id='block_1_29' title="bbox 2066 1438 3534 1513">
    <p class='ocr_par' dir='ltr' id='par_1_29' title="bbox 2066 1438 3534 1513">
     <span class='ocr_line' id='line_1_29' title="bbox 2066 1438 3534 1513; baseline 0.007 -23"><span class='ocrx_word' id='word_1_221' title='bbox 2066 1438 2310 1492; x_wconf 85' lang='lat' dir='ltr'><strong>rannidis</strong></span> <span class='ocrx_word' id='word_1_222' title='bbox 2341 1455 2454 1493; x_wconf 73' lang='lat' dir='ltr'><strong>sua:</strong></span> <span class='ocrx_word' id='word_1_223' title='bbox 2480 1453 2640 1508; x_wconf 65' lang='lat' dir='ltr'><strong>pinna</strong></span> <span class='ocrx_word' id='word_1_224' title='bbox 2667 1441 2960 1496; x_wconf 76' lang='lat' dir='ltr'><strong>deterreat.</strong></span> <span class='ocrx_word' id='word_1_225' title='bbox 2992 1441 3146 1498; x_wconf 83' lang='lat' dir='ltr'><strong>Unde</strong></span> <span class='ocrx_word' id='word_1_226' title='bbox 3167 1450 3224 1497; x_wconf 90' lang='lat' dir='ltr'><strong>et</strong></span> <span class='ocrx_word' id='word_1_227' title='bbox 3249 1444 3496 1513; x_wconf 73' lang='lat' dir='ltr'><strong>sequitur</strong></span> <span class='ocrx_word' id='word_1_228' title='bbox 3521 1463 3534 1500; x_wconf 84' lang='lat'><strong>:</strong></span> 
     </span>
    </p>
   </div>
   <div class='ocr_carea' id='block_1_30' title="bbox 2139 1529 3647 1594">
    <p class='ocr_par' dir='ltr' id='par_1_30' title="bbox 2139 1529 3647 1594">
     <span class='ocr_line' id='line_1_30' title="bbox 2139 1529 3647 1594; baseline 0.007 -12"><span class='ocrx_word' id='word_1_229' title='bbox 2139 1529 2191 1582; x_wconf 82' lang='grc' dir='ltr'><strong><em>Ν</em></strong></span> <span class='ocrx_word' id='word_1_230' title='bbox 2195 1546 2263 1582; x_wconf 79' lang='lat' dir='ltr'><strong>on</strong></span> <span class='ocrx_word' id='word_1_231' title='bbox 2289 1530 2358 1583; x_wconf 81' lang='lat' dir='ltr'><strong>sit</strong></span> <span class='ocrx_word' id='word_1_232' title='bbox 2382 1529 2714 1584; x_wconf 66' lang='lat' dir='ltr'><strong>turbulentas</strong></span> <span class='ocrx_word' id='word_1_233' title='bbox 2740 1539 2791 1584; x_wconf 80' lang='lat' dir='ltr'><strong>et</strong></span> <span class='ocrx_word' id='word_1_234' title='bbox 2813 1531 3030 1586; x_wconf 62' lang='lat' dir='ltr'><strong>«acim.</strong></span> <span class='ocrx_word' id='word_1_235' title='bbox 3057 1532 3426 1590; x_wconf 86' lang='lat' dir='ltr'><strong>Turbulentus</strong></span> <span class='ocrx_word' id='word_1_236' title='bbox 3447 1537 3647 1594; x_wconf 79' lang='lat' dir='ltr'><strong>dicitur</strong></span> 
     </span>
    </p>
   </div>
   <div class='ocr_carea' id='block_1_31' title="bbox 2063 1601 3674 1690">
    <p class='ocr_par' dir='ltr' id='par_1_31' title="bbox 2063 1601 3674 1690">
     <span class='ocr_line' id='line_1_31' title="bbox 2063 1601 3674 1690; baseline 0.005 -18"><span class='ocrx_word' id='word_1_237' title='bbox 2063 1619 2446 1673; x_wconf 68' lang='lat' dir='ltr'><strong>coniunctionis</strong></span> <span class='ocrx_word' id='word_1_238' title='bbox 2483 1619 2568 1673; x_wconf 78' lang='lat' dir='ltr'><strong>ira</strong></span> <span class='ocrx_word' id='word_1_239' title='bbox 2601 1620 2856 1675; x_wconf 76' lang='lat' dir='ltr'><strong>turbatus</strong></span> <span class='ocrx_word' id='word_1_240' title='bbox 2875 1659 2892 1684; x_wconf 93' lang='lat'><strong>,</strong></span> <span class='ocrx_word' id='word_1_241' title='bbox 2933 1629 3160 1677; x_wconf 68' lang='lat' dir='ltr'><strong>moestus</strong></span> <span class='ocrx_word' id='word_1_242' title='bbox 3179 1661 3196 1688; x_wconf 82' lang='lat'><strong>,</strong></span> <span class='ocrx_word' id='word_1_243' title='bbox 3237 1623 3528 1690; x_wconf 84' lang='lat' dir='ltr'><strong>molestus,</strong></span> <span class='ocrx_word' id='word_1_244' title='bbox 3561 1601 3674 1686; x_wconf 18' lang='lat' dir='ltr'><strong>vel;</strong></span> 
     </span>
    </p>
   </div>
   <div class='ocr_carea' id='block_1_32' title="bbox 2064 1709 3672 1775">
    <p class='ocr_par' dir='ltr' id='par_1_32' title="bbox 2064 1709 3672 1775">
     <span class='ocr_line' id='line_1_32' title="bbox 2064 1709 3672 1775; baseline 0.004 -13"><span class='ocrx_word' id='word_1_245' title='bbox 2064 1718 2240 1763; x_wconf 73' lang='lat' dir='ltr'><strong>atros.</strong></span> <span class='ocrx_word' id='word_1_246' title='bbox 2293 1709 2508 1766; x_wconf 57' lang='lat' dir='ltr'><strong>Annius</strong></span> <span class='ocrx_word' id='word_1_247' title='bbox 2559 1724 2695 1766; x_wconf 81' lang='lat' dir='ltr'><strong>vero</strong></span> <span class='ocrx_word' id='word_1_248' title='bbox 2740 1711 2942 1767; x_wconf 81' lang='lat' dir='ltr'><strong>dicitur</strong></span> <span class='ocrx_word' id='word_1_249' title='bbox 2996 1711 3184 1770; x_wconf 79' lang='lat' dir='ltr'><strong>acedia</strong></span> <span class='ocrx_word' id='word_1_250' title='bbox 3235 1713 3321 1770; x_wconf 85' lang='lat' dir='ltr'><strong>vel</strong></span> <span class='ocrx_word' id='word_1_251' title='bbox 3372 1717 3672 1775; x_wconf 76' lang='lat' dir='ltr'><strong>anxietate.</strong></span> 
     </span>
    </p>
   </div>
   <div class='ocr_carea' id='block_1_33' title="bbox 379 1778 2276 1873">
    <p class='ocr_par' dir='ltr' id='par_1_33' title="bbox 379 1778 2276 1873">
     <span class='ocr_line' id='line_1_33' title="bbox 379 1778 2276 1873; baseline -0.004 -24"><span class='ocrx_word' id='word_1_252' title='bbox 379 1793 680 1864; x_wconf 73' lang='lat' dir='ltr'><strong>exemplum</strong></span> <span class='ocrx_word' id='word_1_253' title='bbox 701 1832 717 1855; x_wconf 93' lang='lat'><strong>,</strong></span> <span class='ocrx_word' id='word_1_254' title='bbox 760 1789 887 1860; x_wconf 82' lang='lat' dir='ltr'><strong>quia</strong></span> <span class='ocrx_word' id='word_1_255' title='bbox 924 1794 980 1842; x_wconf 89' lang='lat' dir='ltr'><strong>et</strong></span> <span class='ocrx_word' id='word_1_256' title='bbox 1019 1786 1183 1850; x_wconf 87' lang='lat' dir='ltr'><strong>nimis</strong></span> <span class='ocrx_word' id='word_1_257' title='bbox 1219 1793 1274 1840; x_wconf 89' lang='lat' dir='ltr'><strong>et</strong></span> <span class='ocrx_word' id='word_1_258' title='bbox 1303 1787 1501 1856; x_wconf 82' lang='lat' dir='ltr'><strong>parum</strong></span> <span class='ocrx_word' id='word_1_259' title='bbox 1541 1785 1656 1838; x_wconf 85' lang='lat' dir='ltr'><strong>tieri</strong></span> <span class='ocrx_word' id='word_1_260' title='bbox 1690 1784 1907 1853; x_wconf 85' lang='lat' dir='ltr'><strong>penitus</strong></span> <span class='ocrx_word' id='word_1_261' title='bbox 1929 1797 1963 1836; x_wconf 84' lang='lat' dir='ltr'><strong>a</strong></span> <span class='ocrx_word' id='word_1_262' title='bbox 1989 1778 2038 1838; x_wconf 86' lang='grc' dir='ltr'><strong>Β</strong></span> <span class='ocrx_word' id='word_1_263' title='bbox 2064 1803 2276 1873; x_wconf 57' lang='lat' dir='ltr'><strong>plenus,</strong></span> 
     </span>
    </p>
   </div>
   <div class='ocr_carea' id='block_1_34' title="bbox 381 1871 1968 1953">
    <p class='ocr_par' dir='ltr' id='par_1_34' title="bbox 381 1871 1968 1953">
     <span class='ocr_line' id='line_1_34' title="bbox 381 1871 1968 1953; baseline -0.009 -12"><span class='ocrx_word' id='word_1_264' title='bbox 381 1886 607 1941; x_wconf 85' lang='lat' dir='ltr'><strong>Domino</strong></span> <span class='ocrx_word' id='word_1_265' title='bbox 634 1879 974 1953; x_wconf 86' lang='lat' dir='ltr'><strong>prohibetur.</strong></span> <span class='ocrx_word' id='word_1_266' title='bbox 1007 1877 1106 1932; x_wconf 86' lang='lat' dir='ltr'><strong>Hic</strong></span> <span class='ocrx_word' id='word_1_267' title='bbox 1135 1887 1446 1932; x_wconf 86' lang='lat' dir='ltr'><strong>autcm&#39;cur</strong></span> <span class='ocrx_word' id='word_1_268' title='bbox 1473 1889 1502 1930; x_wconf 85' lang='lat' dir='ltr'><strong>a</strong></span> <span class='ocrx_word' id='word_1_269' title='bbox 1531 1878 1696 1932; x_wconf 82' lang='lat' dir='ltr'><strong>beato</strong></span> <span class='ocrx_word' id='word_1_270' title='bbox 1732 1871 1968 1928; x_wconf 68' lang='lat' dir='ltr'><strong>Emedi-</strong></span> 
     </span>
    </p>
   </div>
   <div class='ocr_carea' id='block_1_35' title="bbox 377 1968 1815 2042">
    <p class='ocr_par' dir='ltr' id='par_1_35' title="bbox 377 1968 1815 2042">
     <span class='ocr_line' id='line_1_35' title="bbox 377 1968 1815 2042; baseline -0.011 -8"><span class='ocrx_word' id='word_1_271' title='bbox 377 1985 466 2034; x_wconf 81' lang='lat' dir='ltr'><strong>cto</strong></span> <span class='ocrx_word' id='word_1_272' title='bbox 487 1973 605 2038; x_wconf 51' lang='lat' dir='ltr'><strong>huic</strong></span> <span class='ocrx_word' id='word_1_273' title='bbox 631 1973 896 2030; x_wconf 77' lang='lat' dir='ltr'><strong>sententia</strong></span> <span class='ocrx_word' id='word_1_274' title='bbox 923 1981 1178 2042; x_wconf 86' lang='lat' dir='ltr'><strong>ponatur,</strong></span> <span class='ocrx_word' id='word_1_275' title='bbox 1205 1970 1484 2038; x_wconf 77' lang='lat' dir='ltr'><strong>sequentia</strong></span> <span class='ocrx_word' id='word_1_276' title='bbox 1511 1968 1815 2022; x_wconf 77' lang='lat' dir='ltr'><strong>audiamus.</strong></span> 
     </span>
    </p>
   </div>
   <div class='ocr_carea' id='block_1_36' title="bbox 383 2053 1966 2132">
    <p class='ocr_par' dir='ltr' id='par_1_36' title="bbox 383 2053 1966 2132">
     <span class='ocr_line' id='line_1_36' title="bbox 383 2053 1966 2132; baseline -0.008 -11"><span class='ocrx_word' id='word_1_277' title='bbox 383 2092 398 2106; x_wconf 75' lang='grc' dir='ltr'><strong><em>ο</em></strong></span> <span class='ocrx_word' id='word_1_278' title='bbox 452 2053 533 2122; x_wconf 68' lang='lat' dir='ltr'><strong>Ne</strong></span> <span class='ocrx_word' id='word_1_279' title='bbox 572 2065 698 2119; x_wconf 80' lang='lat' dir='ltr'><strong>dum</strong></span> <span class='ocrx_word' id='word_1_280' title='bbox 729 2062 884 2117; x_wconf 83' lang='lat' dir='ltr'><strong>nimis</strong></span> <span class='ocrx_word' id='word_1_281' title='bbox 915 2062 1056 2132; x_wconf 81' lang='lat' dir='ltr'><strong>cupit</strong></span> <span class='ocrx_word' id='word_1_282' title='bbox 1083 2061 1301 2114; x_wconf 80' lang='lat' dir='ltr'><strong>eradere</strong></span> <span class='ocrx_word' id='word_1_283' title='bbox 1328 2059 1649 2130; x_wconf 76' lang='lat' dir='ltr'><strong>a&#39;ragincm,</strong></span> <span class='ocrx_word' id='word_1_284' title='bbox 1683 2058 1966 2128; x_wconf 74' lang='lat' dir='ltr'><strong>frangatur</strong></span> 
     </span>
    </p>
   </div>
   <div class='ocr_carea' id='block_1_37' title="bbox 379 2155 1961 2231">
    <p class='ocr_par' dir='ltr' id='par_1_37' title="bbox 379 2155 1961 2231">
     <span class='ocr_line' id='line_1_37' title="bbox 379 2155 1961 2231; baseline -0.01 -9"><span class='ocrx_word' id='word_1_285' title='bbox 379 2185 487 2223; x_wconf 77' lang='lat' dir='ltr'><strong>cas.</strong></span> <span class='ocrx_word' id='word_1_286' title='bbox 515 2163 616 2219; x_wconf 83' lang='lat' dir='ltr'><strong>llic</strong></span> <span class='ocrx_word' id='word_1_287' title='bbox 639 2161 931 2231; x_wconf 64' lang='lat' dir='ltr'><strong>aeruginem</strong></span> <span class='ocrx_word' id='word_1_288' title='bbox 960 2173 1057 2228; x_wconf 86' lang='lat' dir='ltr'><strong>pro</strong></span> <span class='ocrx_word' id='word_1_289' title='bbox 1084 2156 1287 2228; x_wconf 81' lang='lat' dir='ltr'><strong>peccati</strong></span> <span class='ocrx_word' id='word_1_290' title='bbox 1314 2156 1467 2226; x_wconf 85' lang='lat' dir='ltr'><strong>ponit</strong></span> <span class='ocrx_word' id='word_1_291' title='bbox 1493 2155 1835 2226; x_wconf 74' lang='lat' dir='ltr'><strong>contagione,</strong></span> <span class='ocrx_word' id='word_1_292' title='bbox 1861 2167 1961 2207; x_wconf 78' lang='lat' dir='ltr'><strong>vas</strong></span> 
     </span>
    </p>
   </div>
   <div class='ocr_carea' id='block_1_38' title="bbox 377 2245 1957 2327">
    <p class='ocr_par' dir='ltr' id='par_1_38' title="bbox 377 2245 1957 2327">
     <span class='ocr_line' id='line_1_38' title="bbox 377 2245 1957 2327; baseline -0.01 -14"><span class='ocrx_word' id='word_1_293' title='bbox 377 2267 560 2313; x_wconf 80' lang='lat' dir='ltr'><strong>autem</strong></span> <span class='ocrx_word' id='word_1_294' title='bbox 583 2270 684 2327; x_wconf 90' lang='lat' dir='ltr'><strong>pro</strong></span> <span class='ocrx_word' id='word_1_295' title='bbox 710 2253 874 2308; x_wconf 88' lang='lat' dir='ltr'><strong>animi</strong></span> <span class='ocrx_word' id='word_1_296' title='bbox 901 2249 1196 2322; x_wconf 79' lang='lat' dir='ltr'><strong>fragilitate</strong></span> <span class='ocrx_word' id='word_1_297' title='bbox 1220 2265 1235 2314; x_wconf 94' lang='lat'><strong>;</strong></span> <span class='ocrx_word' id='word_1_298' title='bbox 1262 2263 1324 2304; x_wconf 90' lang='lat' dir='ltr'><strong>ac</strong></span> <span class='ocrx_word' id='word_1_299' title='bbox 1347 2249 1390 2303; x_wconf 90' lang='lat' dir='ltr'><strong>si</strong></span> <span class='ocrx_word' id='word_1_300' title='bbox 1418 2246 1561 2303; x_wconf 87' lang='lat' dir='ltr'><strong>dicat</strong></span> <span class='ocrx_word' id='word_1_301' title='bbox 1587 2265 1600 2301; x_wconf 90' lang='lat'>:</span> <span class='ocrx_word' id='word_1_302' title='bbox 1637 2247 1728 2301; x_wconf 85' lang='lat' dir='ltr'><strong>Sic</strong></span> <span class='ocrx_word' id='word_1_303' title='bbox 1756 2245 1957 2300; x_wconf 82' lang='lat' dir='ltr'><strong>munda</strong></span> 
     </span>
    </p>
   </div>
   <div class='ocr_carea' id='block_1_39' title="bbox 377 2327 1957 2411">
    <p class='ocr_par' dir='ltr' id='par_1_39' title="bbox 377 2327 1957 2411">
     <span class='ocr_line' id='line_1_39' title="bbox 377 2327 1957 2411; baseline -0.011 -3"><span class='ocrx_word' id='word_1_304' title='bbox 377 2327 616 2410; x_wconf 86' lang='lat' dir='ltr'><strong>animum</strong></span> <span class='ocrx_word' id='word_1_305' title='bbox 649 2343 901 2404; x_wconf 85' lang='lat' dir='ltr'><strong>monachi</strong></span> <span class='ocrx_word' id='word_1_306' title='bbox 938 2355 968 2398; x_wconf 83' lang='lat' dir='ltr'><strong>a</strong></span> <span class='ocrx_word' id='word_1_307' title='bbox 1007 2343 1186 2398; x_wconf 84' lang='lat' dir='ltr'><strong>dclictl</strong></span> <span class='ocrx_word' id='word_1_308' title='bbox 1225 2343 1580 2411; x_wconf 80' lang='lat' dir='ltr'><strong>contagione,</strong></span> <span class='ocrx_word' id='word_1_309' title='bbox 1618 2353 1688 2395; x_wconf 86' lang='lat' dir='ltr'><strong>ne</strong></span> <span class='ocrx_word' id='word_1_310' title='bbox 1726 2339 1957 2394; x_wconf 78' lang='lat' dir='ltr'><strong>fractum</strong></span> 
     </span>
    </p>
   </div>
   <div class='ocr_carea' id='block_1_40' title="bbox 378 2431 1960 2514">
    <p class='ocr_par' dir='ltr' id='par_1_40' title="bbox 378 2431 1960 2514">
     <span class='ocr_line' id='line_1_40' title="bbox 378 2431 1960 2514; baseline -0.011 -14"><span class='ocrx_word' id='word_1_311' title='bbox 378 2459 594 2514; x_wconf 79' lang='lat' dir='ltr'><strong>mergas</strong></span> <span class='ocrx_word' id='word_1_312' title='bbox 613 2435 666 2496; x_wconf 86' lang='lat' dir='ltr'><strong>in</strong></span> <span class='ocrx_word' id='word_1_313' title='bbox 691 2437 1145 2510; x_wconf 80' lang='lat' dir='ltr'><strong>desperationem.</strong></span> <span class='ocrx_word' id='word_1_314' title='bbox 1175 2431 1242 2489; x_wconf 87' lang='lat' dir='ltr'><strong>Et</strong></span> <span class='ocrx_word' id='word_1_315' title='bbox 1265 2448 1422 2504; x_wconf 83' lang='lat' dir='ltr'><strong>quem</strong></span> <span class='ocrx_word' id='word_1_316' title='bbox 1444 2431 1645 2488; x_wconf 90' lang='lat' dir='ltr'><strong>lucrari</strong></span> <span class='ocrx_word' id='word_1_317' title='bbox 1665 2438 1822 2501; x_wconf 71' lang='lat' dir='ltr'><strong>[mles</strong></span> <span class='ocrx_word' id='word_1_318' title='bbox 1843 2443 1960 2484; x_wconf 87' lang='lat' dir='ltr'><strong>mo-</strong></span> 
     </span>
    </p>
   </div>
   <div class='ocr_carea' id='block_1_41' title="bbox 377 2521 1962 2600">
    <p class='ocr_par' dir='ltr' id='par_1_41' title="bbox 377 2521 1962 2600">
     <span class='ocr_line' id='line_1_41' title="bbox 377 2521 1962 2600; baseline -0.01 -13"><span class='ocrx_word' id='word_1_319' title='bbox 377 2535 503 2589; x_wconf 86' lang='lat' dir='ltr'><strong>dera</strong></span> <span class='ocrx_word' id='word_1_320' title='bbox 514 2542 562 2587; x_wconf 84' lang='lat' dir='ltr'><strong>tc</strong></span> <span class='ocrx_word' id='word_1_321' title='bbox 583 2529 884 2600; x_wconf 81' lang='lat' dir='ltr'><strong>iudicatum</strong></span> <span class='ocrx_word' id='word_1_322' title='bbox 903 2568 917 2592; x_wconf 93' lang='lat'><strong>,</strong></span> <span class='ocrx_word' id='word_1_323' title='bbox 945 2543 1051 2582; x_wconf 92' lang='lat' dir='ltr'><strong>non</strong></span> <span class='ocrx_word' id='word_1_324' title='bbox 1082 2523 1278 2596; x_wconf 88' lang='lat' dir='ltr'><strong>perdas</strong></span> <span class='ocrx_word' id='word_1_325' title='bbox 1307 2523 1604 2592; x_wconf 84' lang='lat' dir='ltr'><strong>asperrime</strong></span> <span class='ocrx_word' id='word_1_326' title='bbox 1632 2521 1962 2577; x_wconf 85' lang='lat' dir='ltr'><strong>condemna-</strong></span> 
     </span>
    </p>
   </div>
   <div class='ocr_carea' id='block_1_42' title="bbox 377 2610 1962 2677">
    <p class='ocr_par' dir='ltr' id='par_1_42' title="bbox 377 2610 1962 2677">
     <span class='ocr_line' id='line_1_42' title="bbox 377 2610 1962 2677; baseline -0.009 -1"><span class='ocrx_word' id='word_1_327' title='bbox 377 2633 510 2677; x_wconf 86' lang='lat' dir='ltr'><strong>tum.</strong></span> <span class='ocrx_word' id='word_1_328' title='bbox 553 2620 662 2674; x_wconf 72' lang='lat' dir='ltr'><strong>Vas</strong></span> <span class='ocrx_word' id='word_1_329' title='bbox 700 2626 757 2672; x_wconf 86' lang='lat' dir='ltr'><strong>et</strong></span> <span class='ocrx_word' id='word_1_330' title='bbox 797 2616 936 2672; x_wconf 73' lang='lat' dir='ltr'><strong>bene</strong></span> <span class='ocrx_word' id='word_1_331' title='bbox 969 2613 1218 2670; x_wconf 85' lang='lat' dir='ltr'><strong>monachi</strong></span> <span class='ocrx_word' id='word_1_332' title='bbox 1247 2623 1376 2668; x_wconf 85' lang='lat' dir='ltr'><strong>tunc</strong></span> <span class='ocrx_word' id='word_1_333' title='bbox 1410 2612 1552 2667; x_wconf 80' lang='lat' dir='ltr'><strong>male</strong></span> <span class='ocrx_word' id='word_1_334' title='bbox 1580 2625 1770 2666; x_wconf 78' lang='lat' dir='ltr'><strong>sanum</strong></span> <span class='ocrx_word' id='word_1_335' title='bbox 1797 2610 1962 2664; x_wconf 86' lang='lat' dir='ltr'><strong>citius</strong></span> 
     </span>
    </p>
   </div>
   <div class='ocr_carea' id='block_1_43' title="bbox 378 2699 1960 2782">
    <p class='ocr_par' dir='ltr' id='par_1_43' title="bbox 378 2699 1960 2782">
     <span class='ocr_line' id='line_1_43' title="bbox 378 2699 1960 2782; baseline -0.009 -15"><span class='ocrx_word' id='word_1_336' title='bbox 378 2716 411 2768; x_wconf 65' lang='lat' dir='ltr'><strong>tu</strong></span> <span class='ocrx_word' id='word_1_337' title='bbox 430 2713 668 2782; x_wconf 81' lang='lat' dir='ltr'><strong>angitur,</strong></span> <span class='ocrx_word' id='word_1_338' title='bbox 697 2708 912 2780; x_wconf 76' lang='lat' dir='ltr'><strong>quando</strong></span> <span class='ocrx_word' id='word_1_339' title='bbox 930 2713 1090 2777; x_wconf 65' lang='lat' dir='ltr'><strong>piens</strong></span> <span class='ocrx_word' id='word_1_340' title='bbox 1113 2703 1226 2775; x_wconf 83' lang='lat' dir='ltr'><strong>eius</strong></span> <span class='ocrx_word' id='word_1_341' title='bbox 1250 2719 1346 2773; x_wconf 88' lang='lat' dir='ltr'><strong>pro</strong></span> <span class='ocrx_word' id='word_1_342' title='bbox 1370 2703 1527 2774; x_wconf 81' lang='lat' dir='ltr'><strong>culpa</strong></span> <span class='ocrx_word' id='word_1_343' title='bbox 1555 2699 1764 2758; x_wconf 86' lang='lat' dir='ltr'><strong>duriter</strong></span> <span class='ocrx_word' id='word_1_344' title='bbox 1788 2701 1960 2754; x_wconf 83' lang='lat' dir='ltr'><strong>incre-</strong></span> 
     </span>
    </p>
   </div>
   <div class='ocr_carea' id='block_1_44' title="bbox 377 2793 1956 2877">
    <p class='ocr_par' dir='ltr' id='par_1_44' title="bbox 377 2793 1956 2877">
     <span class='ocr_line' id='line_1_44' title="bbox 377 2793 1956 2877; baseline -0.011 -15"><span class='ocrx_word' id='word_1_345' title='bbox 377 2817 533 2877; x_wconf 85' lang='lat' dir='ltr'><strong>pata,</strong></span> <span class='ocrx_word' id='word_1_346' title='bbox 573 2813 666 2860; x_wconf 87' lang='lat' dir='ltr'><strong>aut</strong></span> <span class='ocrx_word' id='word_1_347' title='bbox 698 2800 764 2856; x_wconf 87' lang='lat' dir='ltr'><strong>de</strong></span> <span class='ocrx_word' id='word_1_348' title='bbox 799 2797 1176 2870; x_wconf 84' lang='lat' dir='ltr'><strong>desperatione</strong></span> <span class='ocrx_word' id='word_1_349' title='bbox 1209 2797 1381 2851; x_wconf 68' lang='lat' dir='ltr'><strong>vcnim</strong></span> <span class='ocrx_word' id='word_1_350' title='bbox 1417 2793 1628 2850; x_wconf 82' lang='lat' dir='ltr'><strong>fortiter</strong></span> <span class='ocrx_word' id='word_1_351' title='bbox 1662 2793 1956 2848; x_wconf 84' lang='lat' dir='ltr'><strong>conturba-</strong></span> 
     </span>
    </p>
   </div>
   <div class='ocr_carea' id='block_1_45' title="bbox 379 2884 1957 2963">
    <p class='ocr_par' dir='ltr' id='par_1_45' title="bbox 379 2884 1957 2963">
     <span class='ocr_line' id='line_1_45' title="bbox 379 2884 1957 2963; baseline -0.009 -13"><span class='ocrx_word' id='word_1_352' title='bbox 379 2908 488 2959; x_wconf 88' lang='lat' dir='ltr'><strong>tur,</strong></span> <span class='ocrx_word' id='word_1_353' title='bbox 528 2905 619 2949; x_wconf 88' lang='lat' dir='ltr'><strong>aut</strong></span> <span class='ocrx_word' id='word_1_354' title='bbox 654 2889 720 2948; x_wconf 86' lang='lat' dir='ltr'><strong>de</strong></span> <span class='ocrx_word' id='word_1_355' title='bbox 758 2889 896 2963; x_wconf 78' lang='lat' dir='ltr'><strong>fugze</strong></span> <span class='ocrx_word' id='word_1_356' title='bbox 920 2889 1073 2959; x_wconf 87' lang='lat' dir='ltr'><strong>lapsu</strong></span> <span class='ocrx_word' id='word_1_357' title='bbox 1100 2887 1184 2941; x_wconf 86' lang='lat' dir='ltr'><strong>vel</strong></span> <span class='ocrx_word' id='word_1_358' title='bbox 1210 2887 1526 2940; x_wconf 82' lang='lat' dir='ltr'><strong>monasterii</strong></span> <span class='ocrx_word' id='word_1_359' title='bbox 1554 2884 1794 2941; x_wconf 86' lang='lat' dir='ltr'><strong>discessu</strong></span> <span class='ocrx_word' id='word_1_360' title='bbox 1821 2897 1957 2952; x_wconf 86' lang='lat' dir='ltr'><strong>quo-</strong></span> 
     </span>
    </p>
   </div>
   <div class='ocr_carea' id='block_1_46' title="bbox 377 2969 1951 3048">
    <p class='ocr_par' dir='ltr' id='par_1_46' title="bbox 377 2969 1951 3048">
     <span class='ocr_line' id='line_1_46' title="bbox 377 2969 1951 3048; baseline -0.008 -8"><span class='ocrx_word' id='word_1_361' title='bbox 377 2988 505 3040; x_wconf 83' lang='lat' dir='ltr'><strong>tidie</strong></span> <span class='ocrx_word' id='word_1_362' title='bbox 531 2969 842 3038; x_wconf 76' lang='lat' dir='ltr'><strong>meditatur.</strong></span> <span class='ocrx_word' id='word_1_363' title='bbox 869 2979 1023 3048; x_wconf 85' lang='lat' dir='ltr'><strong>Quod</strong></span> <span class='ocrx_word' id='word_1_364' title='bbox 1048 2993 1115 3034; x_wconf 89' lang='lat' dir='ltr'><strong>ne</strong></span> <span class='ocrx_word' id='word_1_365' title='bbox 1141 2977 1236 3032; x_wconf 84' lang='lat' dir='ltr'><strong>llat</strong></span> <span class='ocrx_word' id='word_1_366' title='bbox 1258 2991 1478 3047; x_wconf 81' lang='lat' dir='ltr'><strong>semper</strong></span> <span class='ocrx_word' id='word_1_367' title='bbox 1497 2977 1666 3031; x_wconf 85' lang='lat' dir='ltr'><strong>abbas</strong></span> <span class='ocrx_word' id='word_1_368' title='bbox 1691 2975 1920 3030; x_wconf 84' lang='lat' dir='ltr'><strong>sollicite</strong></span> <span class='ocrx_word' id='word_1_369' title='bbox 1937 3013 1951 3038; x_wconf 92' lang='lat'><strong>,</strong></span> 
     </span>
    </p>
   </div>
   <div class='ocr_carea' id='block_1_47' title="bbox 377 3069 1956 3148">
    <p class='ocr_par' dir='ltr' id='par_1_47' title="bbox 377 3069 1956 3148">
     <span class='ocr_line' id='line_1_47' title="bbox 377 3069 1956 3148; baseline -0.009 -15"><span class='ocrx_word' id='word_1_370' title='bbox 377 3081 651 3148; x_wconf 84' lang='lat' dir='ltr'><strong>sapienter</strong></span> <span class='ocrx_word' id='word_1_371' title='bbox 676 3085 730 3131; x_wconf 90' lang='lat' dir='ltr'><strong>et</strong></span> <span class='ocrx_word' id='word_1_372' title='bbox 755 3085 911 3129; x_wconf 88' lang='lat' dir='ltr'><strong>caute</strong></span> <span class='ocrx_word' id='word_1_373' title='bbox 937 3071 1220 3144; x_wconf 85' lang='lat' dir='ltr'><strong>provideat</strong></span> <span class='ocrx_word' id='word_1_374' title='bbox 1238 3112 1252 3136; x_wconf 94' lang='lat'><strong>,</strong></span> <span class='ocrx_word' id='word_1_375' title='bbox 1283 3079 1338 3124; x_wconf 87' lang='lat' dir='ltr'><strong>et</strong></span> <span class='ocrx_word' id='word_1_376' title='bbox 1363 3071 1506 3140; x_wconf 85' lang='lat' dir='ltr'><strong>quod</strong></span> <span class='ocrx_word' id='word_1_377' title='bbox 1536 3069 1785 3139; x_wconf 81' lang='lat' dir='ltr'><strong>sequitur</strong></span> <span class='ocrx_word' id='word_1_378' title='bbox 1812 3081 1956 3122; x_wconf 88' lang='lat' dir='ltr'><strong>sem-</strong></span> 
     </span>
    </p>
   </div>
   <div class='ocr_carea' id='block_1_48' title="bbox 377 3155 1570 3242">
    <p class='ocr_par' dir='ltr' id='par_1_48' title="bbox 377 3155 1570 3242">
     <span class='ocr_line' id='line_1_48' title="bbox 377 3155 1570 3242; baseline -0.003 -24"><span class='ocrx_word' id='word_1_379' title='bbox 377 3186 474 3238; x_wconf 77' lang='lat' dir='ltr'><strong>per</strong></span> <span class='ocrx_word' id='word_1_380' title='bbox 497 3167 788 3242; x_wconf 75' lang='lat' dir='ltr'><strong>diligenter</strong></span> <span class='ocrx_word' id='word_1_381' title='bbox 813 3155 1073 3220; x_wconf 84' lang='lat' dir='ltr'><strong>attendat.</strong></span> <span class='ocrx_word' id='word_1_382' title='bbox 1105 3162 1363 3232; x_wconf 77' lang='lat' dir='ltr'><strong>Sequitur</strong></span> <span class='ocrx_word' id='word_1_383' title='bbox 1387 3163 1528 3217; x_wconf 90' lang='lat' dir='ltr'><strong>enim</strong></span> <span class='ocrx_word' id='word_1_384' title='bbox 1556 3177 1570 3214; x_wconf 73' lang='grc' dir='ltr'><em>τ</em></span> 
     </span>
    </p>
   </div>
   <div class='ocr_carea' id='block_1_49' title="bbox 449 3251 1956 3330">
    <p class='ocr_par' dir='ltr' id='par_1_49' title="bbox 449 3251 1956 3330">
     <span class='ocr_line' id='line_1_49' title="bbox 449 3251 1956 3330; baseline -0.006 -16"><span class='ocrx_word' id='word_1_385' title='bbox 449 3261 718 3330; x_wconf 80' lang='lat' dir='ltr'><strong>Suamque</strong></span> <span class='ocrx_word' id='word_1_386' title='bbox 756 3255 1096 3328; x_wconf 80' lang='lat' dir='ltr'><strong>fragilitatem</strong></span> <span class='ocrx_word' id='word_1_387' title='bbox 1137 3272 1339 3325; x_wconf 75' lang='lat' dir='ltr'><strong>semper</strong></span> <span class='ocrx_word' id='word_1_388' title='bbox 1376 3263 1644 3325; x_wconf 79' lang='lat' dir='ltr'><strong>suspectus</strong></span> <span class='ocrx_word' id='word_1_389' title='bbox 1685 3253 1772 3308; x_wconf 83' lang='lat' dir='ltr'><strong>sit.</strong></span> <span class='ocrx_word' id='word_1_390' title='bbox 1822 3251 1956 3306; x_wconf 87' lang='lat' dir='ltr'><strong>Dum</strong></span> 
     </span>
    </p>
   </div>
   <div class='ocr_carea' id='block_1_50' title="bbox 376 3345 1955 3418">
    <p class='ocr_par' dir='ltr' id='par_1_50' title="bbox 376 3345 1955 3418">
     <span class='ocr_line' id='line_1_50' title="bbox 376 3345 1955 3418; baseline -0.006 -13"><span class='ocrx_word' id='word_1_391' title='bbox 376 3350 524 3405; x_wconf 78' lang='lat' dir='ltr'><strong>enim</strong></span> <span class='ocrx_word' id='word_1_392' title='bbox 561 3364 724 3406; x_wconf 56' lang='lat' dir='ltr'><strong>suam,</strong></span> <span class='ocrx_word' id='word_1_393' title='bbox 752 3345 1100 3418; x_wconf 70' lang='lat' dir='ltr'><strong>fragilitatem</strong></span> <span class='ocrx_word' id='word_1_394' title='bbox 1149 3353 1433 3415; x_wconf 80' lang='lat' dir='ltr'><strong>suspectus</strong></span> <span class='ocrx_word' id='word_1_395' title='bbox 1475 3345 1706 3399; x_wconf 87' lang='lat' dir='ltr'><strong>attendit</strong></span> <span class='ocrx_word' id='word_1_396' title='bbox 1753 3345 1955 3407; x_wconf 87' lang='lat' dir='ltr'><strong>abbas,</strong></span> 
     </span>
    </p>
   </div>
   <div class='ocr_carea' id='block_1_51' title="bbox 374 3433 1956 3508">
    <p class='ocr_par' dir='ltr' id='par_1_51' title="bbox 374 3433 1956 3508">
     <span class='ocr_line' id='line_1_51' title="bbox 374 3433 1956 3508; baseline -0.004 -14"><span class='ocrx_word' id='word_1_397' title='bbox 374 3448 538 3508; x_wconf 86' lang='lat' dir='ltr'><strong>atque</strong></span> <span class='ocrx_word' id='word_1_398' title='bbox 559 3437 868 3493; x_wconf 80' lang='lat' dir='ltr'><strong>considerat</strong></span> <span class='ocrx_word' id='word_1_399' title='bbox 898 3435 1126 3489; x_wconf 88' lang='lat' dir='ltr'><strong>aliorum</strong></span> <span class='ocrx_word' id='word_1_400' title='bbox 1155 3435 1500 3506; x_wconf 75' lang='lat' dir='ltr'><strong>fragilitatem</strong></span> <span class='ocrx_word' id='word_1_401' title='bbox 1530 3434 1823 3504; x_wconf 85' lang='lat' dir='ltr'><strong>patienter,</strong></span> <span class='ocrx_word' id='word_1_402' title='bbox 1847 3433 1956 3487; x_wconf 85' lang='lat' dir='ltr'><strong>dis-</strong></span> 
     </span>
    </p>
   </div>
   <div class='ocr_carea' id='block_1_52' title="bbox 372 3524 1959 3594">
    <p class='ocr_par' dir='ltr' id='par_1_52' title="bbox 372 3524 1959 3594">
     <span class='ocr_line' id='line_1_52' title="bbox 372 3524 1959 3594; baseline -0.003 -9"><span class='ocrx_word' id='word_1_403' title='bbox 372 3539 523 3586; x_wconf 88' lang='lat' dir='ltr'><strong>crctc</strong></span> <span class='ocrx_word' id='word_1_404' title='bbox 569 3536 627 3583; x_wconf 88' lang='lat' dir='ltr'><strong>ct</strong></span> <span class='ocrx_word' id='word_1_405' title='bbox 667 3533 825 3582; x_wconf 83' lang='lat' dir='ltr'><strong>caute</strong></span> <span class='ocrx_word' id='word_1_406' title='bbox 863 3525 1142 3594; x_wconf 84' lang='lat' dir='ltr'><strong>diiudicat.</strong></span> <span class='ocrx_word' id='word_1_407' title='bbox 1181 3525 1319 3580; x_wconf 77' lang='lat' dir='ltr'><strong>Hinc</strong></span> <span class='ocrx_word' id='word_1_408' title='bbox 1351 3534 1408 3579; x_wconf 88' lang='lat' dir='ltr'><strong>ct</strong></span> <span class='ocrx_word' id='word_1_409' title='bbox 1441 3525 1715 3594; x_wconf 85' lang='lat' dir='ltr'><strong>apostolus</strong></span> <span class='ocrx_word' id='word_1_410' title='bbox 1759 3524 1959 3580; x_wconf 84' lang='lat' dir='ltr'><strong>Paulus</strong></span> 
     </span>
    </p>
   </div>
   <div class='ocr_carea' id='block_1_53' title="bbox 373 3617 1955 3689">
    <p class='ocr_par' dir='ltr' id='par_1_53' title="bbox 373 3617 1955 3689">
     <span class='ocr_line' id='line_1_53' title="bbox 373 3617 1955 3689; baseline -0.004 -13"><span class='ocrx_word' id='word_1_411' title='bbox 373 3621 486 3676; x_wconf 88' lang='lat' dir='ltr'><strong>ait:</strong></span> <span class='ocrx_word' id='word_1_412' title='bbox 524 3619 775 3685; x_wconf 76' lang='lat' dir='ltr'><strong>Fratres;</strong></span> <span class='ocrx_word' id='word_1_413' title='bbox 819 3618 917 3673; x_wconf 86' lang='lat' dir='ltr'><strong>etsi</strong></span> <span class='ocrx_word' id='word_1_414' title='bbox 967 3628 1362 3689; x_wconf 79' lang='lat' dir='ltr'><strong>pra&#39;occttpatns</strong></span> <span class='ocrx_word' id='word_1_415' title='bbox 1396 3618 1554 3686; x_wconf 72' lang='lat' dir='ltr'><strong>fuerit</strong></span> <span class='ocrx_word' id='word_1_416' title='bbox 1584 3618 1738 3671; x_wconf 79' lang='lat' dir='ltr'><strong>homo</strong></span> <span class='ocrx_word' id='word_1_417' title='bbox 1764 3618 1821 3670; x_wconf 80' lang='lat' dir='ltr'><strong>in</strong></span> <span class='ocrx_word' id='word_1_418' title='bbox 1849 3617 1955 3670; x_wconf 82' lang='lat' dir='ltr'><strong>ali-</strong></span> 
     </span>
    </p>
   </div>
   <div class='ocr_carea' id='block_1_54' title="bbox 371 3708 1956 3787">
    <p class='ocr_par' dir='ltr' id='par_1_54' title="bbox 371 3708 1956 3787">
     <span class='ocr_line' id='line_1_54' title="bbox 371 3708 1956 3787; baseline -0.002 -21"><span class='ocrx_word' id='word_1_419' title='bbox 371 3733 474 3787; x_wconf 78' lang='lat' dir='ltr'><strong>quo</strong></span> <span class='ocrx_word' id='word_1_420' title='bbox 507 3713 730 3777; x_wconf 79' lang='lat' dir='ltr'><strong>delicto,</strong></span> <span class='ocrx_word' id='word_1_421' title='bbox 773 3725 859 3766; x_wconf 78' lang='lat' dir='ltr'><strong>ros</strong></span> <span class='ocrx_word' id='word_1_422' title='bbox 892 3711 981 3783; x_wconf 75' lang='lat' dir='ltr'><strong>qui</strong></span> <span class='ocrx_word' id='word_1_423' title='bbox 1018 3709 1281 3778; x_wconf 77' lang='lat' dir='ltr'><strong>spiritales</strong></span> <span class='ocrx_word' id='word_1_424' title='bbox 1318 3710 1476 3775; x_wconf 77' lang='lat' dir='ltr'><strong>estis,</strong></span> <span class='ocrx_word' id='word_1_425' title='bbox 1523 3708 1828 3775; x_wconf 81' lang='lat' dir='ltr'><strong>huiusmodi</strong></span> <span class='ocrx_word' id='word_1_426' title='bbox 1869 3708 1956 3763; x_wconf 82' lang='lat' dir='ltr'><strong>in-</strong></span> 
     </span>
    </p>
   </div>
   <div class='ocr_carea' id='block_1_55' title="bbox 371 3802 1956 3877">
    <p class='ocr_par' dir='ltr' id='par_1_55' title="bbox 371 3802 1956 3877">
     <span class='ocr_line' id='line_1_55' title="bbox 371 3802 1956 3877; baseline -0.003 -13"><span class='ocrx_word' id='word_1_427' title='bbox 371 3811 559 3864; x_wconf 81' lang='lat' dir='ltr'><strong>strnitc</strong></span> <span class='ocrx_word' id='word_1_428' title='bbox 595 3808 648 3860; x_wconf 82' lang='lat' dir='ltr'><strong>in</strong></span> <span class='ocrx_word' id='word_1_429' title='bbox 689 3808 875 3877; x_wconf 81' lang='lat' dir='ltr'><strong>spiritu</strong></span> <span class='ocrx_word' id='word_1_430' title='bbox 912 3805 1165 3860; x_wconf 82' lang='lat' dir='ltr'><strong>leuitatis.</strong></span> <span class='ocrx_word' id='word_1_431' title='bbox 1215 3802 1568 3859; x_wconf 74' lang='lat' dir='ltr'><strong>Considamus</strong></span> <span class='ocrx_word' id='word_1_432' title='bbox 1600 3804 1851 3872; x_wconf 76' lang='lat' dir='ltr'><strong>tcipsnm,</strong></span> <span class='ocrx_word' id='word_1_433' title='bbox 1894 3819 1956 3859; x_wconf 75' lang='lat' dir='ltr'><strong>ne</strong></span> 
     </span>
    </p>
   </div>
   <div class='ocr_carea' id='block_1_56' title="bbox 370 3891 1955 3968">
    <p class='ocr_par' dir='ltr' id='par_1_56' title="bbox 370 3891 1955 3968">
     <span class='ocr_line' id='line_1_56' title="bbox 370 3891 1955 3968; baseline -0.003 -14"><span class='ocrx_word' id='word_1_434' title='bbox 370 3911 418 3954; x_wconf 86' lang='lat' dir='ltr'><strong>ct</strong></span> <span class='ocrx_word' id='word_1_435' title='bbox 459 3910 513 3952; x_wconf 87' lang='lat' dir='ltr'><strong>tu</strong></span> <span class='ocrx_word' id='word_1_436' title='bbox 553 3897 767 3952; x_wconf 84' lang='lat' dir='ltr'><strong>lcntcris</strong></span> <span class='ocrx_word' id='word_1_437' title='bbox 803 3891 1017 3968; x_wconf 77' lang='lat' dir='ltr'><strong>(Colat.</strong></span> <span class='ocrx_word' id='word_1_438' title='bbox 1047 3895 1108 3949; x_wconf 74' lang='lat' dir='ltr'><strong>vi</strong></span> <span class='ocrx_word' id='word_1_439' title='bbox 1128 3894 1166 3964; x_wconf 83' lang='lat'><strong>).</strong></span> <span class='ocrx_word' id='word_1_440' title='bbox 1197 3894 1274 3949; x_wconf 76' lang='lat' dir='ltr'><strong>Ac</strong></span> <span class='ocrx_word' id='word_1_441' title='bbox 1301 3895 1346 3948; x_wconf 91' lang='lat' dir='ltr'><strong>si</strong></span> <span class='ocrx_word' id='word_1_442' title='bbox 1373 3894 1576 3950; x_wconf 83' lang='lat' dir='ltr'><strong>diceret</strong></span> <span class='ocrx_word' id='word_1_443' title='bbox 1607 3909 1619 3948; x_wconf 89' lang='lat'><strong>:</strong></span> <span class='ocrx_word' id='word_1_444' title='bbox 1648 3893 1783 3960; x_wconf 83' lang='lat' dir='ltr'><strong>Quin</strong></span> <span class='ocrx_word' id='word_1_445' title='bbox 1814 3902 1871 3950; x_wconf 89' lang='lat' dir='ltr'><strong>et</strong></span> <span class='ocrx_word' id='word_1_446' title='bbox 1898 3903 1955 3949; x_wconf 80' lang='lat' dir='ltr'><strong>tu</strong></span> 
     </span>
    </p>
   </div>
   <div class='ocr_carea' id='block_1_57' title="bbox 371 3984 1958 4057">
    <p class='ocr_par' dir='ltr' id='par_1_57' title="bbox 371 3984 1958 4057">
     <span class='ocr_line' id='line_1_57' title="bbox 371 3984 1958 4057; baseline -0.003 -13"><span class='ocrx_word' id='word_1_447' title='bbox 371 3989 538 4044; x_wconf 87' lang='lat' dir='ltr'><strong>homo</strong></span> <span class='ocrx_word' id='word_1_448' title='bbox 570 4001 661 4052; x_wconf 83' lang='lat' dir='ltr'><strong>es,</strong></span> <span class='ocrx_word' id='word_1_449' title='bbox 698 3997 754 4041; x_wconf 87' lang='lat' dir='ltr'><strong>ct</strong></span> <span class='ocrx_word' id='word_1_450' title='bbox 789 3995 946 4057; x_wconf 82' lang='lat' dir='ltr'><strong>potes</strong></span> <span class='ocrx_word' id='word_1_451' title='bbox 983 3986 1037 4040; x_wconf 91' lang='lat' dir='ltr'><strong>in</strong></span> <span class='ocrx_word' id='word_1_452' title='bbox 1078 3984 1259 4054; x_wconf 86' lang='lat' dir='ltr'><strong>aliquo</strong></span> <span class='ocrx_word' id='word_1_453' title='bbox 1309 3985 1540 4048; x_wconf 69' lang='lat' dir='ltr'><strong>tentari,</strong></span> <span class='ocrx_word' id='word_1_454' title='bbox 1587 3994 1643 4039; x_wconf 84' lang='lat' dir='ltr'><strong>ct</strong></span> <span class='ocrx_word' id='word_1_455' title='bbox 1686 3984 1958 4054; x_wconf 88' lang='lat' dir='ltr'><strong>adiutorio</strong></span> 
     </span>
    </p>
   </div>
   <div class='ocr_carea' id='block_1_58' title="bbox 373 4075 1954 4150">
    <p class='ocr_par' dir='ltr' id='par_1_58' title="bbox 373 4075 1954 4150">
     <span class='ocr_line' id='line_1_58' title="bbox 373 4075 1954 4150; baseline -0.003 -16"><span class='ocrx_word' id='word_1_456' title='bbox 373 4080 657 4150; x_wconf 74' lang='lat' dir='ltr'><strong>indigere,</strong></span> <span class='ocrx_word' id='word_1_457' title='bbox 705 4087 761 4132; x_wconf 85' lang='lat' dir='ltr'><strong>et</strong></span> <span class='ocrx_word' id='word_1_458' title='bbox 806 4079 928 4132; x_wconf 83' lang='lat' dir='ltr'><strong>ideo</strong></span> <span class='ocrx_word' id='word_1_459' title='bbox 977 4077 1139 4131; x_wconf 83' lang='lat' dir='ltr'><strong>debes</strong></span> <span class='ocrx_word' id='word_1_460' title='bbox 1186 4078 1456 4132; x_wconf 82' lang='lat' dir='ltr'><strong>sustinere</strong></span> <span class='ocrx_word' id='word_1_461' title='bbox 1512 4083 1801 4130; x_wconf 78' lang='lat' dir='ltr'><strong>tentatum.</strong></span> <span class='ocrx_word' id='word_1_462' title='bbox 1852 4075 1954 4143; x_wconf 84' lang='lat' dir='ltr'><strong>Qui</strong></span> 
     </span>
    </p>
   </div>
   <div class='ocr_carea' id='block_1_59' title="bbox 371 4165 1953 4237">
    <p class='ocr_par' dir='ltr' id='par_1_59' title="bbox 371 4165 1953 4237">
     <span class='ocr_line' id='line_1_59' title="bbox 371 4165 1953 4237; baseline -0.003 -13"><span class='ocrx_word' id='word_1_463' title='bbox 371 4172 518 4224; x_wconf 89' lang='lat' dir='ltr'><strong>cnim</strong></span> <span class='ocrx_word' id='word_1_464' title='bbox 559 4170 657 4223; x_wconf 86' lang='lat' dir='ltr'><strong>sub</strong></span> <span class='ocrx_word' id='word_1_465' title='bbox 695 4167 1007 4223; x_wconf 87' lang='lat' dir='ltr'><strong>conditione</strong></span> <span class='ocrx_word' id='word_1_466' title='bbox 1046 4165 1382 4222; x_wconf 83' lang='lat' dir='ltr'><strong>infirmitatis</strong></span> <span class='ocrx_word' id='word_1_467' title='bbox 1415 4167 1578 4237; x_wconf 86' lang='lat' dir='ltr'><strong>positi</strong></span> <span class='ocrx_word' id='word_1_468' title='bbox 1626 4175 1783 4230; x_wconf 89' lang='lat' dir='ltr'><strong>sunt,</strong></span> <span class='ocrx_word' id='word_1_469' title='bbox 1835 4179 1953 4221; x_wconf 77' lang='lat' dir='ltr'><strong>me-</strong></span> 
     </span>
    </p>
   </div>
   <div class='ocr_carea' id='block_1_60' title="bbox 373 4255 1416 4326">
    <p class='ocr_par' dir='ltr' id='par_1_60' title="bbox 373 4255 1416 4326">
     <span class='ocr_line' id='line_1_60' title="bbox 373 4255 1416 4326; baseline -0.005 -11"><span class='ocrx_word' id='word_1_470' title='bbox 373 4259 481 4315; x_wconf 89' lang='lat' dir='ltr'><strong>rito</strong></span> <span class='ocrx_word' id='word_1_471' title='bbox 513 4257 758 4312; x_wconf 82' lang='lat' dir='ltr'><strong>inﬁrmos</strong></span> <span class='ocrx_word' id='word_1_472' title='bbox 791 4255 1081 4313; x_wconf 83' lang='lat' dir='ltr'><strong>sustinent.</strong></span> <span class='ocrx_word' id='word_1_473' title='bbox 1117 4256 1416 4326; x_wconf 83' lang='lat' dir='ltr'><strong>Sequitur:</strong></span> 
     </span>
    </p>
   </div>
   <div class='ocr_carea' id='block_1_61' title="bbox 447 4350 1956 4424">
    <p class='ocr_par' dir='ltr' id='par_1_61' title="bbox 447 4350 1956 4424">
     <span class='ocr_line' id='line_1_61' title="bbox 447 4350 1956 4424; baseline -0.003 -18"><span class='ocrx_word' id='word_1_474' title='bbox 447 4352 848 4424; x_wconf 70' lang='lat' dir='ltr'><strong>Memineritque</strong></span> <span class='ocrx_word' id='word_1_475' title='bbox 888 4350 1150 4404; x_wconf 80' lang='lat' dir='ltr'><strong>calamum</strong></span> <span class='ocrx_word' id='word_1_476' title='bbox 1184 4361 1492 4422; x_wconf 81' lang='lat' dir='ltr'><strong>quas-satum</strong></span> <span class='ocrx_word' id='word_1_477' title='bbox 1538 4363 1640 4403; x_wconf 82' lang='lat' dir='ltr'><strong>non</strong></span> <span class='ocrx_word' id='word_1_478' title='bbox 1687 4357 1956 4402; x_wconf 80' lang='lat' dir='ltr'><strong>conteren-</strong></span> 
     </span>
    </p>
   </div>
   <div class='ocr_carea' id='block_1_62' title="bbox 370 4442 1952 4518">
    <p class='ocr_par' dir='ltr' id='par_1_62' title="bbox 370 4442 1952 4518">
     <span class='ocr_line' id='line_1_62' title="bbox 370 4442 1952 4518; baseline -0.004 -18"><span class='ocrx_word' id='word_1_479' title='bbox 370 4447 496 4500; x_wconf 81' lang='lat' dir='ltr'><strong>dum</strong></span> <span class='ocrx_word' id='word_1_480' title='bbox 530 4446 696 4518; x_wconf 86' lang='lat' dir='ltr'><strong>(Isai.</strong></span> <span class='ocrx_word' id='word_1_481' title='bbox 727 4446 891 4517; x_wconf 72' lang='lat' dir='ltr'><strong>XLII).</strong></span> <span class='ocrx_word' id='word_1_482' title='bbox 930 4445 984 4498; x_wconf 82' lang='lat' dir='ltr'><strong>id</strong></span> <span class='ocrx_word' id='word_1_483' title='bbox 1014 4453 1097 4498; x_wconf 88' lang='lat' dir='ltr'><strong>cst</strong></span> <span class='ocrx_word' id='word_1_484' title='bbox 1117 4483 1131 4508; x_wconf 93' lang='lat'><strong>,</strong></span> <span class='ocrx_word' id='word_1_485' title='bbox 1162 4445 1484 4497; x_wconf 88' lang='lat' dir='ltr'><strong>monachum</strong></span> <span class='ocrx_word' id='word_1_486' title='bbox 1513 4442 1738 4496; x_wconf 83' lang='lat' dir='ltr'><strong>maculis</strong></span> <span class='ocrx_word' id='word_1_487' title='bbox 1763 4453 1952 4510; x_wconf 82' lang='lat' dir='ltr'><strong>pecca-</strong></span> 
     </span>
    </p>
   </div>
   <div class='ocr_carea' id='block_1_63' title="bbox 373 4533 1949 4604">
    <p class='ocr_par' dir='ltr' id='par_1_63' title="bbox 373 4533 1949 4604">
     <span class='ocr_line' id='line_1_63' title="bbox 373 4533 1949 4604; baseline -0.004 -13"><span class='ocrx_word' id='word_1_488' title='bbox 373 4547 554 4592; x_wconf 84' lang='lat' dir='ltr'><strong>terum</strong></span> <span class='ocrx_word' id='word_1_489' title='bbox 590 4536 925 4592; x_wconf 77' lang='lat' dir='ltr'><strong>confractum</strong></span> <span class='ocrx_word' id='word_1_490' title='bbox 949 4577 962 4602; x_wconf 96' lang='lat'><strong>,</strong></span> <span class='ocrx_word' id='word_1_491' title='bbox 996 4535 1271 4604; x_wconf 80' lang='lat' dir='ltr'><strong>variisque</strong></span> <span class='ocrx_word' id='word_1_492' title='bbox 1308 4533 1457 4589; x_wconf 82' lang='lat' dir='ltr'><strong>vitiis</strong></span> <span class='ocrx_word' id='word_1_493' title='bbox 1493 4541 1914 4602; x_wconf 82' lang='lat' dir='ltr'><strong>conquassatum</strong></span> <span class='ocrx_word' id='word_1_494' title='bbox 1935 4572 1949 4597; x_wconf 90' lang='lat'><strong>,</strong></span> 
     </span>
    </p>
   </div>
   <div class='ocr_carea' id='block_1_64' title="bbox 371 4629 1952 4705">
    <p class='ocr_par' dir='ltr' id='par_1_64' title="bbox 371 4629 1952 4705">
     <span class='ocr_line' id='line_1_64' title="bbox 371 4629 1952 4705; baseline -0.004 -18"><span class='ocrx_word' id='word_1_495' title='bbox 371 4634 439 4687; x_wconf 84' lang='lat' dir='ltr'><strong>ad</strong></span> <span class='ocrx_word' id='word_1_496' title='bbox 470 4633 865 4705; x_wconf 76' lang='lat' dir='ltr'><strong>desperationis</strong></span> <span class='ocrx_word' id='word_1_497' title='bbox 896 4631 1104 4686; x_wconf 76' lang='lat' dir='ltr'><strong>lorcam</strong></span> <span class='ocrx_word' id='word_1_498' title='bbox 1138 4629 1222 4684; x_wconf 82' lang='lat' dir='ltr'><strong>vel</strong></span> <span class='ocrx_word' id='word_1_499' title='bbox 1267 4629 1404 4699; x_wconf 79' lang='lat' dir='ltr'><strong>fuga:</strong></span> <span class='ocrx_word' id='word_1_500' title='bbox 1445 4629 1652 4700; x_wconf 87' lang='lat' dir='ltr'><strong>lapsum</strong></span> <span class='ocrx_word' id='word_1_501' title='bbox 1674 4670 1687 4692; x_wconf 96' lang='lat'><strong>,</strong></span> <span class='ocrx_word' id='word_1_502' title='bbox 1721 4637 1777 4682; x_wconf 89' lang='lat' dir='ltr'><strong>ut</strong></span> <span class='ocrx_word' id='word_1_503' title='bbox 1816 4641 1952 4697; x_wconf 72' lang='lat' dir='ltr'><strong>pra:—</strong></span> 
     </span>
    </p>
   </div>
   <div class='ocr_carea' id='block_1_65' title="bbox 370 4719 1952 4792">
    <p class='ocr_par' dir='ltr' id='par_1_65' title="bbox 370 4719 1952 4792">
     <span class='ocr_line' id='line_1_65' title="bbox 370 4719 1952 4792; baseline -0.003 -16"><span class='ocrx_word' id='word_1_504' title='bbox 370 4725 576 4778; x_wconf 81' lang='lat' dir='ltr'><strong>dicttun</strong></span> <span class='ocrx_word' id='word_1_505' title='bbox 606 4732 716 4786; x_wconf 86' lang='lat' dir='ltr'><strong>cst,</strong></span> <span class='ocrx_word' id='word_1_506' title='bbox 748 4739 854 4776; x_wconf 91' lang='lat' dir='ltr'><strong>non</strong></span> <span class='ocrx_word' id='word_1_507' title='bbox 882 4720 1284 4792; x_wconf 80' lang='lat' dir='ltr'><strong>impcllcndum.</strong></span> <span class='ocrx_word' id='word_1_508' title='bbox 1317 4719 1594 4775; x_wconf 77' lang='lat' dir='ltr'><strong>Calamam</strong></span> <span class='ocrx_word' id='word_1_509' title='bbox 1619 4719 1764 4773; x_wconf 82' lang='lat' dir='ltr'><strong>cnim</strong></span> <span class='ocrx_word' id='word_1_510' title='bbox 1791 4733 1952 4788; x_wconf 86' lang='lat' dir='ltr'><strong>quas-</strong></span> 
     </span>
    </p>
   </div>
   <div class='ocr_carea' id='block_1_66' title="bbox 372 4809 1948 4880">
    <p class='ocr_par' dir='ltr' id='par_1_66' title="bbox 372 4809 1948 4880">
     <span class='ocr_line' id='line_1_66' title="bbox 372 4809 1948 4880; baseline -0.004 -11"><span class='ocrx_word' id='word_1_511' title='bbox 372 4825 549 4869; x_wconf 85' lang='lat' dir='ltr'><strong>satum</strong></span> <span class='ocrx_word' id='word_1_512' title='bbox 581 4815 696 4868; x_wconf 88' lang='lat' dir='ltr'><strong>sine</strong></span> <span class='ocrx_word' id='word_1_513' title='bbox 723 4813 885 4867; x_wconf 86' lang='lat' dir='ltr'><strong>dubio</strong></span> <span class='ocrx_word' id='word_1_514' title='bbox 911 4812 1143 4868; x_wconf 81' lang='lat' dir='ltr'><strong>conterit</strong></span> <span class='ocrx_word' id='word_1_515' title='bbox 1161 4853 1174 4874; x_wconf 87' lang='lat'><strong>,</strong></span> <span class='ocrx_word' id='word_1_516' title='bbox 1202 4810 1292 4879; x_wconf 89' lang='lat' dir='ltr'><strong>qui</strong></span> <span class='ocrx_word' id='word_1_517' title='bbox 1315 4811 1587 4880; x_wconf 72' lang='lat' dir='ltr'><strong>peccaturi</strong></span> <span class='ocrx_word' id='word_1_518' title='bbox 1612 4826 1715 4864; x_wconf 89' lang='lat' dir='ltr'><strong>non</strong></span> <span class='ocrx_word' id='word_1_519' title='bbox 1740 4809 1948 4873; x_wconf 72' lang='lat' dir='ltr'><strong>saiutls,</strong></span> 
     </span>
    </p>
   </div>
   <div class='ocr_carea' id='block_1_67' title="bbox 371 4901 1952 4974">
    <p class='ocr_par' dir='ltr' id='par_1_67' title="bbox 371 4901 1952 4974">
     <span class='ocr_line' id='line_1_67' title="bbox 371 4901 1952 4974; baseline -0.004 -13"><span class='ocrx_word' id='word_1_520' title='bbox 371 4904 466 4961; x_wconf 81' lang='lat' dir='ltr'><strong>sed</strong></span> <span class='ocrx_word' id='word_1_521' title='bbox 501 4904 821 4974; x_wconf 82' lang='lat' dir='ltr'><strong>perditionis</strong></span> <span class='ocrx_word' id='word_1_522' title='bbox 855 4903 1058 4974; x_wconf 66' lang='lat' dir='ltr'><strong>praebet</strong></span> <span class='ocrx_word' id='word_1_523' title='bbox 1088 4902 1448 4956; x_wconf 85' lang='lat' dir='ltr'><strong>occasionem.</strong></span> <span class='ocrx_word' id='word_1_524' title='bbox 1499 4901 1632 4954; x_wconf 86' lang='lat' dir='ltr'><strong>ll&#39;mc</strong></span> <span class='ocrx_word' id='word_1_525' title='bbox 1669 4909 1723 4954; x_wconf 86' lang='lat' dir='ltr'><strong>ct</strong></span> <span class='ocrx_word' id='word_1_526' title='bbox 1761 4901 1952 4956; x_wconf 73' lang='lat' dir='ltr'><strong>beatus</strong></span> 
     </span>
    </p>
   </div>
   <div class='ocr_carea' id='block_1_68' title="bbox 374 4991 1947 5066">
    <p class='ocr_par' dir='ltr' id='par_1_68' title="bbox 374 4991 1947 5066">
     <span class='ocr_line' id='line_1_68' title="bbox 374 4991 1947 5066; baseline -0.003 -15"><span class='ocrx_word' id='word_1_527' title='bbox 374 4997 732 5066; x_wconf 83' lang='lat' dir='ltr'><strong>Hieronymus</strong></span> <span class='ocrx_word' id='word_1_528' title='bbox 756 4995 833 5048; x_wconf 89' lang='lat' dir='ltr'><strong>ait</strong></span> <span class='ocrx_word' id='word_1_529' title='bbox 858 5013 868 5047; x_wconf 95' lang='lat'>:</span> <span class='ocrx_word' id='word_1_530' title='bbox 896 4994 997 5061; x_wconf 86' lang='lat' dir='ltr'><strong>Qui</strong></span> <span class='ocrx_word' id='word_1_531' title='bbox 1020 4993 1294 5064; x_wconf 88' lang='lat' dir='ltr'><strong>pcccatori</strong></span> <span class='ocrx_word' id='word_1_532' title='bbox 1319 5008 1423 5046; x_wconf 89' lang='lat' dir='ltr'><strong>non</strong></span> <span class='ocrx_word' id='word_1_533' title='bbox 1445 4991 1674 5062; x_wconf 82' lang='lat' dir='ltr'><strong>porrigit</strong></span> <span class='ocrx_word' id='word_1_534' title='bbox 1697 5007 1947 5056; x_wconf 88' lang='lat' dir='ltr'><strong>manum,</strong></span> 
     </span>
    </p>
   </div>
   <div class='ocr_carea' id='block_1_69' title="bbox 372 5085 1951 5157">
    <p class='ocr_par' dir='ltr' id='par_1_69' title="bbox 372 5085 1951 5157">
     <span class='ocr_line' id='line_1_69' title="bbox 372 5085 1951 5157; baseline -0.003 -13"><span class='ocrx_word' id='word_1_535' title='bbox 372 5103 471 5144; x_wconf 84' lang='lat' dir='ltr'><strong>nec</strong></span> <span class='ocrx_word' id='word_1_536' title='bbox 497 5096 678 5157; x_wconf 87' lang='lat' dir='ltr'><strong>portat</strong></span> <span class='ocrx_word' id='word_1_537' title='bbox 703 5101 842 5142; x_wconf 69' lang='lat' dir='ltr'><strong>ortus</strong></span> <span class='ocrx_word' id='word_1_538' title='bbox 870 5086 1055 5142; x_wconf 87' lang='lat' dir='ltr'><strong>fratris</strong></span> <span class='ocrx_word' id='word_1_539' title='bbox 1077 5085 1159 5142; x_wconf 90' lang='lat' dir='ltr'><strong>sui</strong></span> <span class='ocrx_word' id='word_1_540' title='bbox 1178 5127 1192 5152; x_wconf 88' lang='lat'><strong>,</strong></span> <span class='ocrx_word' id='word_1_541' title='bbox 1217 5085 1320 5141; x_wconf 89' lang='lat' dir='ltr'><strong>istc</strong></span> <span class='ocrx_word' id='word_1_542' title='bbox 1342 5093 1656 5156; x_wconf 88' lang='lat' dir='ltr'><strong>quassatum</strong></span> <span class='ocrx_word' id='word_1_543' title='bbox 1682 5085 1951 5142; x_wconf 88' lang='lat' dir='ltr'><strong>calamum</strong></span> 
     </span>
    </p>
   </div>
   <div class='ocr_carea' id='block_1_70' title="bbox 369 5179 682 5252">
    <p class='ocr_par' dir='ltr' id='par_1_70' title="bbox 369 5179 682 5252">
     <span class='ocr_line' id='line_1_70' title="bbox 369 5179 682 5252; baseline -0.006 -16"><span class='ocrx_word' id='word_1_544' title='bbox 369 5179 682 5252; x_wconf 77' lang='lat' dir='ltr'><strong>confringit.</strong></span> 
     </span>
    </p>
   </div>
   <div class='ocr_carea' id='block_1_71' title="bbox 443 5269 1946 5342">
    <p class='ocr_par' dir='ltr' id='par_1_71' title="bbox 443 5269 1946 5342">
     <span class='ocr_line' id='line_1_71' title="bbox 443 5269 1946 5342; baseline 0 -18"><span class='ocrx_word' id='word_1_545' title='bbox 443 5270 509 5325; x_wconf 84' lang='lat' dir='ltr'><strong>In</strong></span> <span class='ocrx_word' id='word_1_546' title='bbox 548 5271 736 5342; x_wconf 84' lang='lat' dir='ltr'><strong>quibus</strong></span> <span class='ocrx_word' id='word_1_547' title='bbox 778 5289 880 5326; x_wconf 87' lang='lat' dir='ltr'><strong>non</strong></span> <span class='ocrx_word' id='word_1_548' title='bbox 909 5270 1163 5334; x_wconf 84' lang='lat' dir='ltr'><strong>dicimus,</strong></span> <span class='ocrx_word' id='word_1_549' title='bbox 1198 5279 1252 5324; x_wconf 88' lang='lat' dir='ltr'><strong>ut</strong></span> <span class='ocrx_word' id='word_1_550' title='bbox 1282 5271 1548 5342; x_wconf 80' lang='lat' dir='ltr'><strong>permittat</strong></span> <span class='ocrx_word' id='word_1_551' title='bbox 1580 5269 1772 5324; x_wconf 81' lang='lat' dir='ltr'><strong>nutriri</strong></span> <span class='ocrx_word' id='word_1_552' title='bbox 1801 5269 1946 5324; x_wconf 76' lang='lat' dir='ltr'><strong>vitia.</strong></span> 
     </span>
    </p>
   </div>
   <div class='ocr_carea' id='block_1_72' title="bbox 369 5359 1950 5434">
    <p class='ocr_par' dir='ltr' id='par_1_72' title="bbox 369 5359 1950 5434">
     <span class='ocr_line' id='line_1_72' title="bbox 369 5359 1950 5434; baseline -0.001 -18"><span class='ocrx_word' id='word_1_553' title='bbox 369 5361 507 5430; x_wconf 87' lang='lat' dir='ltr'><strong>Quia</strong></span> <span class='ocrx_word' id='word_1_554' title='bbox 544 5361 687 5418; x_wconf 81' lang='lat' dir='ltr'><strong>enim</strong></span> <span class='ocrx_word' id='word_1_555' title='bbox 717 5361 967 5434; x_wconf 86' lang='lat' dir='ltr'><strong>superius</strong></span> <span class='ocrx_word' id='word_1_556' title='bbox 987 5361 1148 5430; x_wconf 81' lang='lat' dir='ltr'><strong>iustae</strong></span> <span class='ocrx_word' id='word_1_557' title='bbox 1178 5359 1504 5430; x_wconf 83' lang='lat' dir='ltr'><strong>correptioni</strong></span> <span class='ocrx_word' id='word_1_558' title='bbox 1533 5361 1708 5430; x_wconf 87' lang='lat' dir='ltr'><strong>posuit</strong></span> <span class='ocrx_word' id='word_1_559' title='bbox 1741 5367 1950 5432; x_wconf 80' lang='lat' dir='ltr'><strong>tempe-</strong></span> 
     </span>
    </p>
   </div>
   <div class='ocr_carea' id='block_1_73' title="bbox 370 5452 1948 5520">
    <p class='ocr_par' dir='ltr' id='par_1_73' title="bbox 370 5452 1948 5520">
     <span class='ocr_line' id='line_1_73' title="bbox 370 5452 1948 5520; baseline -0.002 -11"><span class='ocrx_word' id='word_1_560' title='bbox 370 5462 672 5509; x_wconf 77' lang='lat' dir='ltr'><strong>ramentum</strong></span> <span class='ocrx_word' id='word_1_561' title='bbox 693 5496 707 5520; x_wconf 93' lang='lat'><strong>,</strong></span> <span class='ocrx_word' id='word_1_562' title='bbox 738 5452 828 5508; x_wconf 86' lang='lat' dir='ltr'><strong>hic</strong></span> <span class='ocrx_word' id='word_1_563' title='bbox 864 5462 1044 5509; x_wconf 87' lang='lat' dir='ltr'><strong>autem</strong></span> <span class='ocrx_word' id='word_1_564' title='bbox 1088 5469 1155 5508; x_wconf 91' lang='lat' dir='ltr'><strong>ne</strong></span> <span class='ocrx_word' id='word_1_565' title='bbox 1192 5462 1404 5509; x_wconf 85' lang='lat' dir='ltr'><strong>crescat</strong></span> <span class='ocrx_word' id='word_1_566' title='bbox 1438 5453 1693 5507; x_wconf 90' lang='lat' dir='ltr'><strong>vitiorum</strong></span> <span class='ocrx_word' id='word_1_567' title='bbox 1717 5495 1730 5517; x_wconf 91' lang='lat'><strong>,</strong></span> <span class='ocrx_word' id='word_1_568' title='bbox 1763 5453 1948 5507; x_wconf 89' lang='lat' dir='ltr'><strong>admo—</strong></span> 
     </span>
    </p>
   </div>
   <div class='ocr_carea' id='block_1_74' title="bbox 368 5542 1950 5614">
    <p class='ocr_par' dir='ltr' id='par_1_74' title="bbox 368 5542 1950 5614">
     <span class='ocr_line' id='line_1_74' title="bbox 368 5542 1950 5614; baseline 0 -16"><span class='ocrx_word' id='word_1_569' title='bbox 368 5555 501 5609; x_wconf 83' lang='lat' dir='ltr'><strong>nct,</strong></span> <span class='ocrx_word' id='word_1_570' title='bbox 552 5545 964 5598; x_wconf 84' lang='lat' dir='ltr'><strong>nutrimentmn.</strong></span> <span class='ocrx_word' id='word_1_571' title='bbox 1016 5543 1092 5599; x_wconf 82' lang='lat' dir='ltr'><strong>Ne</strong></span> <span class='ocrx_word' id='word_1_572' title='bbox 1131 5543 1257 5597; x_wconf 85' lang='lat' dir='ltr'><strong>dum</strong></span> <span class='ocrx_word' id='word_1_573' title='bbox 1308 5551 1642 5614; x_wconf 86' lang='lat' dir='ltr'><strong>temperatur</strong></span> <span class='ocrx_word' id='word_1_574' title='bbox 1684 5542 1950 5599; x_wconf 87' lang='lat' dir='ltr'><strong>districtio</strong></span> 
     </span>
    </p>
   </div>
   <div class='ocr_carea' id='block_1_75' title="bbox 369 5633 1954 5706">
    <p class='ocr_par' dir='ltr' id='par_1_75' title="bbox 369 5633 1954 5706">
     <span class='ocr_line' id='line_1_75' title="bbox 369 5633 1954 5706; baseline 0.004 -21"><span class='ocrx_word' id='word_1_575' title='bbox 369 5634 702 5704; x_wconf 78' lang='lat' dir='ltr'><strong>peccatoris,</strong></span> <span class='ocrx_word' id='word_1_576' title='bbox 728 5643 940 5689; x_wconf 84' lang='lat' dir='ltr'><strong>crescat</strong></span> <span class='ocrx_word' id='word_1_577' title='bbox 965 5649 1027 5689; x_wconf 87' lang='lat' dir='ltr'><strong>ac</strong></span> <span class='ocrx_word' id='word_1_578' title='bbox 1053 5634 1276 5706; x_wconf 76' lang='lat' dir='ltr'><strong>pullulet</strong></span> <span class='ocrx_word' id='word_1_579' title='bbox 1301 5634 1552 5693; x_wconf 81' lang='lat' dir='ltr'><strong>vitiorum</strong></span> <span class='ocrx_word' id='word_1_580' title='bbox 1582 5633 1768 5690; x_wconf 82' lang='lat' dir='ltr'><strong>fomes.</strong></span> <span class='ocrx_word' id='word_1_581' title='bbox 1801 5633 1954 5692; x_wconf 83' lang='lat' dir='ltr'><strong>Unde</strong></span> 
     </span>
    </p>
   </div>
   <div class='ocr_carea' id='block_1_76' title="bbox 370 5726 964 5796">
    <p class='ocr_par' dir='ltr' id='par_1_76' title="bbox 370 5726 964 5796">
     <span class='ocr_line' id='line_1_76' title="bbox 370 5726 964 5796; baseline -0.002 -16"><span class='ocrx_word' id='word_1_582' title='bbox 370 5733 419 5780; x_wconf 81' lang='lat' dir='ltr'><strong>et</strong></span> <span class='ocrx_word' id='word_1_583' title='bbox 451 5737 634 5794; x_wconf 75' lang='lat' dir='ltr'><strong>aperte</strong></span> <span class='ocrx_word' id='word_1_584' title='bbox 681 5726 925 5796; x_wconf 85' lang='lat' dir='ltr'><strong>sequitur</strong></span> <span class='ocrx_word' id='word_1_585' title='bbox 952 5745 964 5779; x_wconf 87' lang='lat'>:</span> 
     </span>
    </p>
   </div>
   <div class='ocr_carea' id='block_1_77' title="bbox 1976 4499 2030 4558">
    <p class='ocr_par' dir='ltr' id='par_1_77' title="bbox 1976 4499 2030 4558">
     <span class='ocr_line' id='line_1_77' title="bbox 1976 4499 2030 4558; baseline 0 0"><span class='ocrx_word' id='word_1_586' title='bbox 1976 4499 2030 4558; x_wconf 79' lang='grc' dir='ltr'><strong>ἶ)</strong></span> 
     </span>
    </p>
   </div>
   <div class='ocr_carea' id='block_1_78' title="bbox 2135 1892 3649 1954">
    <p class='ocr_par' dir='ltr' id='par_1_78' title="bbox 2135 1892 3649 1954">
     <span class='ocr_line' id='line_1_78' title="bbox 2135 1892 3649 1954; baseline 0.005 -7"><span class='ocrx_word' id='word_1_587' title='bbox 2135 1892 2259 1948; x_wconf 83' lang='lat' dir='ltr'><strong>Non</strong></span> <span class='ocrx_word' id='word_1_588' title='bbox 2289 1895 2356 1948; x_wconf 86' lang='lat' dir='ltr'><strong>sit</strong></span> <span class='ocrx_word' id='word_1_589' title='bbox 2387 1895 2578 1948; x_wconf 84' lang='lat' dir='ltr'><strong>nimius</strong></span> <span class='ocrx_word' id='word_1_590' title='bbox 2603 1902 2652 1948; x_wconf 87' lang='lat' dir='ltr'><strong>et</strong></span> <span class='ocrx_word' id='word_1_591' title='bbox 2679 1894 2991 1948; x_wconf 79' lang='lat' dir='ltr'><strong>obstinatus.</strong></span> <span class='ocrx_word' id='word_1_592' title='bbox 3026 1893 3234 1949; x_wconf 70' lang='lat' dir='ltr'><strong>Nimius</strong></span> <span class='ocrx_word' id='word_1_593' title='bbox 3259 1897 3457 1952; x_wconf 81' lang='lat' dir='ltr'><strong>dicitur</strong></span> <span class='ocrx_word' id='word_1_594' title='bbox 3480 1895 3649 1954; x_wconf 77' lang='lat' dir='ltr'><strong>dilar-</strong></span> 
     </span>
    </p>
   </div>
   <div class='ocr_carea' id='block_1_79' title="bbox 2061 1986 3645 2056">
    <p class='ocr_par' dir='ltr' id='par_1_79' title="bbox 2061 1986 3645 2056">
     <span class='ocr_line' id='line_1_79' title="bbox 2061 1986 3645 2056; baseline 0.003 -18"><span class='ocrx_word' id='word_1_595' title='bbox 2061 1999 2162 2056; x_wconf 81' lang='lat' dir='ltr'><strong>gus</strong></span> <span class='ocrx_word' id='word_1_596' title='bbox 2180 2025 2195 2050; x_wconf 87' lang='lat'><strong>,</strong></span> <span class='ocrx_word' id='word_1_597' title='bbox 2221 1987 2514 2056; x_wconf 80' lang='lat' dir='ltr'><strong>prodigos,</strong></span> <span class='ocrx_word' id='word_1_598' title='bbox 2537 1986 2624 2040; x_wconf 88' lang='lat' dir='ltr'><strong>vel</strong></span> <span class='ocrx_word' id='word_1_599' title='bbox 2649 1999 2834 2044; x_wconf 67' lang='lat' dir='ltr'><strong>renum</strong></span> <span class='ocrx_word' id='word_1_600' title='bbox 2861 1986 3181 2046; x_wconf 78' lang='lat' dir='ltr'><strong>monasterii</strong></span> <span class='ocrx_word' id='word_1_601' title='bbox 3222 1987 3448 2050; x_wconf 72' lang='lat' dir='ltr'><strong>nimius,</strong></span> <span class='ocrx_word' id='word_1_602' title='bbox 3471 1997 3527 2044; x_wconf 89' lang='lat' dir='ltr'><strong>et</strong></span> <span class='ocrx_word' id='word_1_603' title='bbox 3553 2003 3645 2053; x_wconf 84' lang='lat' dir='ltr'><strong>su-</strong></span> 
     </span>
    </p>
   </div>
   <div class='ocr_carea' id='block_1_80' title="bbox 2062 2076 3645 2151">
    <p class='ocr_par' dir='ltr' id='par_1_80' title="bbox 2062 2076 3645 2151">
     <span class='ocr_line' id='line_1_80' title="bbox 2062 2076 3645 2151; baseline 0.004 -21"><span class='ocrx_word' id='word_1_604' title='bbox 2062 2079 2300 2147; x_wconf 75' lang='lat' dir='ltr'><strong>perfluus</strong></span> <span class='ocrx_word' id='word_1_605' title='bbox 2325 2077 2688 2146; x_wconf 82' lang='lat' dir='ltr'><strong>dispensator.</strong></span> <span class='ocrx_word' id='word_1_606' title='bbox 2711 2076 2862 2130; x_wconf 73' lang='lat' dir='ltr'><strong>Obesi</strong></span> <span class='ocrx_word' id='word_1_607' title='bbox 2872 2085 3030 2130; x_wconf 82' lang='lat' dir='ltr'><strong>natus</strong></span> <span class='ocrx_word' id='word_1_608' title='bbox 3052 2091 3184 2134; x_wconf 86' lang='lat' dir='ltr'><strong>vero</strong></span> <span class='ocrx_word' id='word_1_609' title='bbox 3205 2077 3409 2140; x_wconf 73' lang='lat' dir='ltr'><strong>dicitur</strong></span> <span class='ocrx_word' id='word_1_610' title='bbox 3433 2079 3645 2151; x_wconf 81' lang='lat' dir='ltr'><strong>insupe-</strong></span> 
     </span>
    </p>
   </div>
   <div class='ocr_carea' id='block_1_81' title="bbox 2062 2167 3429 2237">
    <p class='ocr_par' dir='ltr' id='par_1_81' title="bbox 2062 2167 3429 2237">
     <span class='ocr_line' id='line_1_81' title="bbox 2062 2167 3429 2237; baseline 0.001 -14"><span class='ocrx_word' id='word_1_611' title='bbox 2062 2167 2251 2223; x_wconf 82' lang='lat' dir='ltr'><strong>rabilis</strong></span> <span class='ocrx_word' id='word_1_612' title='bbox 2268 2205 2283 2232; x_wconf 87' lang='lat'><strong>,</strong></span> <span class='ocrx_word' id='word_1_613' title='bbox 2309 2167 2660 2231; x_wconf 76' lang='lat' dir='ltr'><strong>obﬁrmatus,</strong></span> <span class='ocrx_word' id='word_1_614' title='bbox 2688 2167 2940 2237; x_wconf 80' lang='lat' dir='ltr'><strong>pertinax</strong></span> <span class='ocrx_word' id='word_1_615' title='bbox 2963 2169 3362 2226; x_wconf 75' lang='lat' dir='ltr'><strong>etobdurstus.</strong></span> <span class='ocrx_word' id='word_1_616' title='bbox 3423 2207 3429 2212; x_wconf 86' lang='lat'><strong>-</strong></span> 
     </span>
    </p>
   </div>
   <div class='ocr_carea' id='block_1_82' title="bbox 2137 2257 3642 2333">
    <p class='ocr_par' dir='ltr' id='par_1_82' title="bbox 2137 2257 3642 2333">
     <span class='ocr_line' id='line_1_82' title="bbox 2137 2257 3642 2333; baseline 0.007 -22"><span class='ocrx_word' id='word_1_617' title='bbox 2137 2257 2188 2311; x_wconf 89' lang='grc' dir='ltr'><strong><em>Ν</em></strong></span> <span class='ocrx_word' id='word_1_618' title='bbox 2193 2267 2260 2311; x_wconf 76' lang='lat' dir='ltr'><strong>on</strong></span> <span class='ocrx_word' id='word_1_619' title='bbox 2293 2258 2582 2328; x_wconf 74' lang='lat' dir='ltr'><strong>zelotypus,</strong></span> <span class='ocrx_word' id='word_1_620' title='bbox 2605 2267 2657 2312; x_wconf 84' lang='lat' dir='ltr'><strong>et</strong></span> <span class='ocrx_word' id='word_1_621' title='bbox 2685 2258 2839 2312; x_wconf 68' lang='lat' dir='ltr'><strong>nimis</strong></span> <span class='ocrx_word' id='word_1_622' title='bbox 2865 2259 3208 2329; x_wconf 67' lang='lat' dir='ltr'><strong>suspiciosus,</strong></span> <span class='ocrx_word' id='word_1_623' title='bbox 3229 2263 3352 2330; x_wconf 66' lang='lat' dir='ltr'><strong>quia</strong></span> <span class='ocrx_word' id='word_1_624' title='bbox 3377 2279 3642 2333; x_wconf 71' lang='lat' dir='ltr'><strong>nunquam</strong></span> 
     </span>
    </p>
   </div>
   <div class='ocr_carea' id='block_1_83' title="bbox 2063 2349 3644 2422">
    <p class='ocr_par' dir='ltr' id='par_1_83' title="bbox 2063 2349 3644 2422">
     <span class='ocr_line' id='line_1_83' title="bbox 2063 2349 3644 2422; baseline 0.002 -17"><span class='ocrx_word' id='word_1_625' title='bbox 2063 2350 2366 2422; x_wconf 58' lang='lat' dir='ltr'><strong>requiescat</strong></span> <span class='ocrx_word' id='word_1_626' title='bbox 2406 2350 2698 2420; x_wconf 74' lang='lat' dir='ltr'><strong>Zelotypus</strong></span> <span class='ocrx_word' id='word_1_627' title='bbox 2739 2349 2939 2405; x_wconf 62' lang='lat' dir='ltr'><strong>dicit&quot;</strong></span> <span class='ocrx_word' id='word_1_628' title='bbox 2979 2349 3100 2410; x_wconf 72' lang='lat' dir='ltr'><strong>Iole</strong></span> <span class='ocrx_word' id='word_1_629' title='bbox 3134 2349 3512 2414; x_wconf 72' lang='lat' dir='ltr'><strong>sollicitudinis</strong></span> <span class='ocrx_word' id='word_1_630' title='bbox 3534 2353 3644 2422; x_wconf 82' lang='lat' dir='ltr'><strong>plc-</strong></span> 
     </span>
    </p>
   </div>
   <div class='ocr_carea' id='block_1_84' title="bbox 2060 2440 3658 2512">
    <p class='ocr_par' dir='ltr' id='par_1_84' title="bbox 2060 2440 3658 2512">
     <span class='ocr_line' id='line_1_84' title="bbox 2060 2440 3658 2512; baseline -0.006 -15"><span class='ocrx_word' id='word_1_631' title='bbox 2060 2458 2163 2497; x_wconf 80' lang='lat' dir='ltr'><strong>nus</strong></span> <span class='ocrx_word' id='word_1_632' title='bbox 2180 2481 2196 2506; x_wconf 92' lang='lat'><strong>,</strong></span> <span class='ocrx_word' id='word_1_633' title='bbox 2225 2448 2282 2495; x_wconf 88' lang='lat' dir='ltr'><strong>et</strong></span> <span class='ocrx_word' id='word_1_634' title='bbox 2323 2440 2649 2510; x_wconf 84' lang='lat' dir='ltr'><strong>suspicionis</strong></span> <span class='ocrx_word' id='word_1_635' title='bbox 2673 2447 2806 2510; x_wconf 78' lang='lat' dir='ltr'><strong>typo</strong></span> <span class='ocrx_word' id='word_1_636' title='bbox 2827 2440 3105 2510; x_wconf 71' lang='lat' dir='ltr'><strong>repletas,</strong></span> <span class='ocrx_word' id='word_1_637' title='bbox 3127 2441 3222 2511; x_wconf 74' lang='lat' dir='ltr'><strong>qui</strong></span> <span class='ocrx_word' id='word_1_638' title='bbox 3246 2441 3500 2498; x_wconf 53' lang='lat' dir='ltr'><strong>etiam“</strong></span> <span class='ocrx_word' id='word_1_639' title='bbox 3523 2459 3658 2512; x_wconf 65' lang='grc' dir='ltr'><strong>«μω</strong></span> 
     </span>
    </p>
   </div>
   <div class='ocr_carea' id='block_1_85' title="bbox 2060 2535 3645 2607">
    <p class='ocr_par' dir='ltr' id='par_1_85' title="bbox 2060 2535 3645 2607">
     <span class='ocr_line' id='line_1_85' title="bbox 2060 2535 3645 2607; baseline 0.002 -16"><span class='ocrx_word' id='word_1_640' title='bbox 2060 2551 2166 2591; x_wconf 88' lang='lat' dir='ltr'><strong>non</strong></span> <span class='ocrx_word' id='word_1_641' title='bbox 2191 2536 2326 2590; x_wconf 79' lang='lat' dir='ltr'><strong>tium</strong></span> <span class='ocrx_word' id='word_1_642' title='bbox 2341 2576 2355 2600; x_wconf 94' lang='lat'><strong>,</strong></span> <span class='ocrx_word' id='word_1_643' title='bbox 2383 2535 2500 2590; x_wconf 82' lang='lat' dir='ltr'><strong>licrl</strong></span> <span class='ocrx_word' id='word_1_644' title='bbox 2527 2535 2582 2589; x_wconf 88' lang='lat' dir='ltr'><strong>in</strong></span> <span class='ocrx_word' id='word_1_645' title='bbox 2607 2536 2854 2590; x_wconf 81' lang='lat' dir='ltr'><strong>absentia</strong></span> <span class='ocrx_word' id='word_1_646' title='bbox 2879 2536 3213 2607; x_wconf 67' lang='lat' dir='ltr'><strong>Sinopicum,</strong></span> <span class='ocrx_word' id='word_1_647' title='bbox 3233 2545 3291 2593; x_wconf 85' lang='lat' dir='ltr'><strong>et</strong></span> <span class='ocrx_word' id='word_1_648' title='bbox 3315 2551 3382 2593; x_wconf 86' lang='lat' dir='ltr'><strong>ca</strong></span> <span class='ocrx_word' id='word_1_649' title='bbox 3405 2550 3528 2606; x_wconf 69' lang='lat' dir='ltr'><strong>qua:</strong></span> <span class='ocrx_word' id='word_1_650' title='bbox 3547 2554 3645 2594; x_wconf 84' lang='lat' dir='ltr'><strong>ne-</strong></span> 
     </span>
    </p>
   </div>
   <div class='ocr_carea' id='block_1_86' title="bbox 2060 2625 3640 2698">
    <p class='ocr_par' dir='ltr' id='par_1_86' title="bbox 2060 2625 3640 2698">
     <span class='ocr_line' id='line_1_86' title="bbox 2060 2625 3640 2698; baseline 0.002 -17"><span class='ocrx_word' id='word_1_651' title='bbox 2060 2637 2150 2682; x_wconf 85' lang='lat' dir='ltr'><strong>mo</strong></span> <span class='ocrx_word' id='word_1_652' title='bbox 2179 2625 2505 2688; x_wconf 82' lang='lat' dir='ltr'><strong>committit,</strong></span> <span class='ocrx_word' id='word_1_653' title='bbox 2538 2625 2804 2680; x_wconf 78' lang='lat' dir='ltr'><strong>comntitti</strong></span> <span class='ocrx_word' id='word_1_654' title='bbox 2834 2625 2890 2680; x_wconf 90' lang='lat' dir='ltr'><strong>in</strong></span> <span class='ocrx_word' id='word_1_655' title='bbox 2916 2626 3242 2683; x_wconf 59' lang='lat' dir='ltr'><strong>alueo-dite</strong></span> <span class='ocrx_word' id='word_1_656' title='bbox 3268 2629 3640 2698; x_wconf 54' lang='lat' dir='ltr'><strong>pauimenti“</strong></span> 
     </span>
    </p>
   </div>
   <div class='ocr_carea' id='block_1_87' title="bbox 2058 2715 3306 2786">
    <p class='ocr_par' dir='ltr' id='par_1_87' title="bbox 2058 2715 3306 2786">
     <span class='ocr_line' id='line_1_87' title="bbox 2058 2715 3306 2786; baseline 0.002 -15"><span class='ocrx_word' id='word_1_657' title='bbox 2058 2723 2114 2772; x_wconf 88' lang='lat' dir='ltr'><strong>et</strong></span> <span class='ocrx_word' id='word_1_658' title='bbox 2145 2717 2265 2771; x_wconf 83' lang='lat' dir='ltr'><strong>ideo</strong></span> <span class='ocrx_word' id='word_1_659' title='bbox 2290 2715 2516 2785; x_wconf 82' lang='lat' dir='ltr'><strong>spiritus</strong></span> <span class='ocrx_word' id='word_1_660' title='bbox 2543 2715 2666 2784; x_wconf 80' lang='lat' dir='ltr'><strong>eius</strong></span> <span class='ocrx_word' id='word_1_661' title='bbox 2688 2729 2965 2784; x_wconf 79' lang='lat' dir='ltr'><strong>nunquam</strong></span> <span class='ocrx_word' id='word_1_662' title='bbox 2993 2717 3306 2786; x_wconf 76' lang='lat' dir='ltr'><strong>requiescit.</strong></span> 
     </span>
    </p>
   </div>
   <div class='ocr_carea' id='block_1_88' title="bbox 2129 2807 3638 2880">
    <p class='ocr_par' dir='ltr' id='par_1_88' title="bbox 2129 2807 3638 2880">
     <span class='ocr_line' id='line_1_88' title="bbox 2129 2807 3638 2880; baseline 0.004 -18"><span class='ocrx_word' id='word_1_663' title='bbox 2129 2807 2198 2862; x_wconf 82' lang='lat' dir='ltr'><strong>In</strong></span> <span class='ocrx_word' id='word_1_664' title='bbox 2229 2809 2357 2880; x_wconf 82' lang='lat' dir='ltr'><strong>ipsis</strong></span> <span class='ocrx_word' id='word_1_665' title='bbox 2386 2809 2619 2877; x_wconf 77' lang='lat' dir='ltr'><strong>imperiis</strong></span> <span class='ocrx_word' id='word_1_666' title='bbox 2649 2808 2764 2861; x_wconf 75' lang='lat' dir='ltr'><strong>suis</strong></span> <span class='ocrx_word' id='word_1_667' title='bbox 2789 2808 2857 2861; x_wconf 82' lang='lat' dir='ltr'><strong>sit</strong></span> <span class='ocrx_word' id='word_1_668' title='bbox 2887 2808 3136 2877; x_wconf 79' lang='lat' dir='ltr'><strong>providus</strong></span> <span class='ocrx_word' id='word_1_669' title='bbox 3164 2819 3212 2863; x_wconf 79' lang='lat' dir='ltr'><strong>ct</strong></span> <span class='ocrx_word' id='word_1_670' title='bbox 3241 2809 3638 2875; x_wconf 57' lang='lat' dir='ltr'><strong>consideratus.</strong></span> 
     </span>
    </p>
   </div>
   <div class='ocr_carea' id='block_1_89' title="bbox 2056 2894 3636 2962">
    <p class='ocr_par' dir='ltr' id='par_1_89' title="bbox 2056 2894 3636 2962">
     <span class='ocr_line' id='line_1_89' title="bbox 2056 2894 3636 2962; baseline 0.003 -8"><span class='ocrx_word' id='word_1_671' title='bbox 2056 2899 2164 2954; x_wconf 78' lang='lat' dir='ltr'><strong>sire</strong></span> <span class='ocrx_word' id='word_1_672' title='bbox 2211 2915 2313 2953; x_wconf 76' lang='lat' dir='ltr'><strong>scc&#39;</strong></span> <span class='ocrx_word' id='word_1_673' title='bbox 2338 2899 2499 2952; x_wconf 81' lang='lat' dir='ltr'><strong>udam</strong></span> <span class='ocrx_word' id='word_1_674' title='bbox 2539 2894 2742 2962; x_wconf 76' lang='lat' dir='ltr'><strong>Deum,</strong></span> <span class='ocrx_word' id='word_1_675' title='bbox 2784 2899 2892 2952; x_wconf 62' lang='lat' dir='ltr'><strong>sine</strong></span> <span class='ocrx_word' id='word_1_676' title='bbox 2929 2899 3220 2954; x_wconf 69' lang='lat' dir='ltr'><strong>urendum</strong></span> <span class='ocrx_word' id='word_1_677' title='bbox 3249 2899 3636 2958; x_wconf 56' lang='lat' dir='ltr'><strong>accolunt-sit.</strong></span> 
     </span>
    </p>
   </div>
   <div class='ocr_carea' id='block_1_90' title="bbox 2058 2987 3652 3063">
    <p class='ocr_par' dir='ltr' id='par_1_90' title="bbox 2058 2987 3652 3063">
     <span class='ocr_line' id='line_1_90' title="bbox 2058 2987 3652 3063; baseline 0.002 -17"><span class='ocrx_word' id='word_1_678' title='bbox 2058 2990 2231 3061; x_wconf 82' lang='lat' dir='ltr'><strong>Opera</strong></span> <span class='ocrx_word' id='word_1_679' title='bbox 2267 3005 2384 3062; x_wconf 71' lang='lat' dir='ltr'><strong>gms</strong></span> <span class='ocrx_word' id='word_1_680' title='bbox 2417 2987 2646 3059; x_wconf 73' lang='lat' dir='ltr'><strong>iniungit</strong></span> <span class='ocrx_word' id='word_1_681' title='bbox 2673 3029 2687 3053; x_wconf 93' lang='lat'><strong>,</strong></span> <span class='ocrx_word' id='word_1_682' title='bbox 2724 2989 2993 3045; x_wconf 78' lang='lat' dir='ltr'><strong>discernat</strong></span> <span class='ocrx_word' id='word_1_683' title='bbox 3015 3029 3029 3050; x_wconf 91' lang='lat'><strong>,</strong></span> <span class='ocrx_word' id='word_1_684' title='bbox 3069 2999 3119 3044; x_wconf 75' lang='lat' dir='ltr'><strong>et</strong></span> <span class='ocrx_word' id='word_1_685' title='bbox 3157 2999 3425 3061; x_wconf 70' lang='lat' dir='ltr'><strong>temperet.</strong></span> <span class='ocrx_word' id='word_1_686' title='bbox 3459 2991 3652 3063; x_wconf 41' lang='lat' dir='ltr'><strong>Opera.</strong></span> 
     </span>
    </p>
   </div>
   <div class='ocr_carea' id='block_1_91' title="bbox 2057 3081 3650 3154">
    <p class='ocr_par' dir='ltr' id='par_1_91' title="bbox 2057 3081 3650 3154">
     <span class='ocr_line' id='line_1_91' title="bbox 2057 3081 3650 3154; baseline 0 -14"><span class='ocrx_word' id='word_1_687' title='bbox 2057 3083 2355 3146; x_wconf 83' lang='lat' dir='ltr'><strong>secundum</strong></span> <span class='ocrx_word' id='word_1_688' title='bbox 2396 3083 2566 3136; x_wconf 86' lang='lat' dir='ltr'><strong>Deum</strong></span> <span class='ocrx_word' id='word_1_689' title='bbox 2595 3091 2722 3135; x_wconf 85' lang='lat' dir='ltr'><strong>sunt</strong></span> <span class='ocrx_word' id='word_1_690' title='bbox 2751 3081 2904 3137; x_wconf 76' lang='lat' dir='ltr'><strong>btec:</strong></span> <span class='ocrx_word' id='word_1_691' title='bbox 2938 3081 3177 3152; x_wconf 79' lang='lat' dir='ltr'><strong>Vigilioc,</strong></span> <span class='ocrx_word' id='word_1_692' title='bbox 3201 3082 3408 3154; x_wconf 70' lang='lat' dir='ltr'><strong>ieiunia</strong></span> <span class='ocrx_word' id='word_1_693' title='bbox 3427 3085 3650 3146; x_wconf 71' lang='lat' dir='ltr'><strong>,absti—</strong></span> 
     </span>
    </p>
   </div>
   <div class='ocr_carea' id='block_1_92' title="bbox 1983 3150 3652 3237">
    <p class='ocr_par' dir='ltr' id='par_1_92' title="bbox 1983 3150 3652 3237">
     <span class='ocr_line' id='line_1_92' title="bbox 1983 3150 3652 3237; baseline 0.003 -10"><span class='ocrx_word' id='word_1_694' title='bbox 1983 3150 2027 3212; x_wconf 64' lang='grc' dir='ltr'><strong>(ἶ</strong></span> <span class='ocrx_word' id='word_1_695' title='bbox 2059 3173 2278 3237; x_wconf 89' lang='lat' dir='ltr'><strong>neutia,</strong></span> <span class='ocrx_word' id='word_1_696' title='bbox 2317 3180 2370 3226; x_wconf 85' lang='lat' dir='ltr'><strong>et</strong></span> <span class='ocrx_word' id='word_1_697' title='bbox 2411 3171 2499 3225; x_wconf 87' lang='lat' dir='ltr'><strong>his</strong></span> <span class='ocrx_word' id='word_1_698' title='bbox 2535 3167 2776 3234; x_wconf 83' lang='lat' dir='ltr'><strong>similia;</strong></span> <span class='ocrx_word' id='word_1_699' title='bbox 2821 3150 3118 3226; x_wconf 74' lang='lat' dir='ltr'><strong>secundum</strong></span> <span class='ocrx_word' id='word_1_700' title='bbox 3156 3150 3415 3228; x_wconf 51' lang='lat' dir='ltr'><strong>Siculum</strong></span> <span class='ocrx_word' id='word_1_701' title='bbox 3457 3182 3652 3234; x_wconf 73' lang='lat' dir='ltr'><strong>autem</strong></span> 
     </span>
    </p>
   </div>
   <div class='ocr_carea' id='block_1_93' title="bbox 2057 3261 3646 3333">
    <p class='ocr_par' dir='ltr' id='par_1_93' title="bbox 2057 3261 3646 3333">
     <span class='ocr_line' id='line_1_93' title="bbox 2057 3261 3646 3333; baseline -0.001 -13"><span class='ocrx_word' id='word_1_702' title='bbox 2057 3274 2176 3320; x_wconf 87' lang='lat' dir='ltr'><strong>sunt</strong></span> <span class='ocrx_word' id='word_1_703' title='bbox 2221 3277 2417 3333; x_wconf 81' lang='lat' dir='ltr'><strong>opera,</strong></span> <span class='ocrx_word' id='word_1_704' title='bbox 2465 3276 2588 3332; x_wconf 65' lang='lat' dir='ltr'><strong>quae</strong></span> <span class='ocrx_word' id='word_1_705' title='bbox 2628 3261 2845 3331; x_wconf 83' lang='lat' dir='ltr'><strong>corpori</strong></span> <span class='ocrx_word' id='word_1_706' title='bbox 2893 3268 3103 3316; x_wconf 88' lang='lat' dir='ltr'><strong>tantum</strong></span> <span class='ocrx_word' id='word_1_707' title='bbox 3142 3261 3492 3323; x_wconf 69' lang='lat' dir='ltr'><strong>exhibentur.</strong></span> <span class='ocrx_word' id='word_1_708' title='bbox 3534 3279 3646 3330; x_wconf 77' lang='lat' dir='ltr'><strong>non</strong></span> 
     </span>
    </p>
   </div>
   <div class='ocr_carea' id='block_1_94' title="bbox 2055 3351 3646 3420">
    <p class='ocr_par' dir='ltr' id='par_1_94' title="bbox 2055 3351 3646 3420">
     <span class='ocr_line' id='line_1_94' title="bbox 2055 3351 3646 3420; baseline -0.001 -9"><span class='ocrx_word' id='word_1_709' title='bbox 2055 3357 2279 3420; x_wconf 79' lang='lat' dir='ltr'><strong>animae,</strong></span> <span class='ocrx_word' id='word_1_710' title='bbox 2311 3355 2366 3409; x_wconf 89' lang='lat' dir='ltr'><strong>id</strong></span> <span class='ocrx_word' id='word_1_711' title='bbox 2389 3363 2505 3418; x_wconf 89' lang='lat' dir='ltr'><strong>cst,</strong></span> <span class='ocrx_word' id='word_1_712' title='bbox 2547 3367 2725 3415; x_wconf 80' lang='lat' dir='ltr'><strong>arare,</strong></span> <span class='ocrx_word' id='word_1_713' title='bbox 2759 3351 2965 3416; x_wconf 79' lang='lat' dir='ltr'><strong>fodere.</strong></span> <span class='ocrx_word' id='word_1_714' title='bbox 2987 3358 3224 3416; x_wconf 79' lang='lat' dir='ltr'><strong>metere,</strong></span> <span class='ocrx_word' id='word_1_715' title='bbox 3264 3361 3320 3407; x_wconf 89' lang='lat' dir='ltr'><strong>ct</strong></span> <span class='ocrx_word' id='word_1_716' title='bbox 3356 3353 3537 3408; x_wconf 85' lang='lat' dir='ltr'><strong>omnia</strong></span> <span class='ocrx_word' id='word_1_717' title='bbox 3574 3353 3646 3410; x_wconf 55' lang='lat' dir='ltr'><strong>sie</strong></span> 
     </span>
    </p>
   </div>
   <div class='ocr_carea' id='block_1_95' title="bbox 2057 3439 3648 3513">
    <p class='ocr_par' dir='ltr' id='par_1_95' title="bbox 2057 3439 3648 3513">
     <span class='ocr_line' id='line_1_95' title="bbox 2057 3439 3648 3513; baseline -0.001 -14"><span class='ocrx_word' id='word_1_718' title='bbox 2057 3446 2206 3500; x_wconf 89' lang='lat' dir='ltr'><strong>milia</strong></span> <span class='ocrx_word' id='word_1_719' title='bbox 2239 3443 2486 3513; x_wconf 83' lang='lat' dir='ltr'><strong>corporis</strong></span> <span class='ocrx_word' id='word_1_720' title='bbox 2511 3456 2698 3510; x_wconf 85' lang='lat' dir='ltr'><strong>opera.</strong></span> <span class='ocrx_word' id='word_1_721' title='bbox 2732 3439 2840 3495; x_wconf 82' lang='lat' dir='ltr'><strong>Sed</strong></span> <span class='ocrx_word' id='word_1_722' title='bbox 2865 3449 2926 3495; x_wconf 89' lang='lat' dir='ltr'><strong>et</strong></span> <span class='ocrx_word' id='word_1_723' title='bbox 2950 3440 3037 3495; x_wconf 86' lang='lat' dir='ltr'><strong>his</strong></span> <span class='ocrx_word' id='word_1_724' title='bbox 3063 3443 3318 3497; x_wconf 81' lang='lat' dir='ltr'><strong>omnibus</strong></span> <span class='ocrx_word' id='word_1_725' title='bbox 3345 3450 3458 3498; x_wconf 75' lang='lat' dir='ltr'><strong>tam</strong></span> <span class='ocrx_word' id='word_1_726' title='bbox 3486 3443 3648 3513; x_wconf 50' lang='lat' dir='ltr'><strong>spiris</strong></span> 
     </span>
    </p>
   </div>
   <div class='ocr_carea' id='block_1_96' title="bbox 2057 3531 3642 3606">
    <p class='ocr_par' dir='ltr' id='par_1_96' title="bbox 2057 3531 3642 3606">
     <span class='ocr_line' id='line_1_96' title="bbox 2057 3531 3642 3606; baseline -0.003 -12"><span class='ocrx_word' id='word_1_727' title='bbox 2057 3537 2255 3594; x_wconf 81' lang='lat' dir='ltr'><strong>talibus</strong></span> <span class='ocrx_word' id='word_1_728' title='bbox 2296 3549 2460 3606; x_wconf 87' lang='lat' dir='ltr'><strong>quam</strong></span> <span class='ocrx_word' id='word_1_729' title='bbox 2504 3533 2880 3603; x_wconf 77' lang='lat' dir='ltr'><strong>corporalibus</strong></span> <span class='ocrx_word' id='word_1_730' title='bbox 2899 3531 3160 3601; x_wconf 84' lang='lat' dir='ltr'><strong>operibus</strong></span> <span class='ocrx_word' id='word_1_731' title='bbox 3185 3532 3533 3590; x_wconf 79' lang='lat' dir='ltr'><strong>discretionis</strong></span> <span class='ocrx_word' id='word_1_732' title='bbox 3557 3541 3642 3606; x_wconf 41' lang='lat' dir='ltr'><strong>te:-</strong></span> 
     </span>
    </p>
   </div>
   <div class='ocr_carea' id='block_1_97' title="bbox 2055 3621 3642 3694">
    <p class='ocr_par' dir='ltr' id='par_1_97' title="bbox 2055 3621 3642 3694">
     <span class='ocr_line' id='line_1_97' title="bbox 2055 3621 3642 3694; baseline -0.003 -10"><span class='ocrx_word' id='word_1_733' title='bbox 2055 3628 2233 3684; x_wconf 76' lang='lat' dir='ltr'><strong>ncnda</strong></span> <span class='ocrx_word' id='word_1_734' title='bbox 2278 3635 2362 3681; x_wconf 88' lang='lat' dir='ltr'><strong>est</strong></span> <span class='ocrx_word' id='word_1_735' title='bbox 2407 3622 2801 3694; x_wconf 82' lang='lat' dir='ltr'><strong>temperantia,</strong></span> <span class='ocrx_word' id='word_1_736' title='bbox 2845 3635 2916 3676; x_wconf 87' lang='lat' dir='ltr'><strong>ne</strong></span> <span class='ocrx_word' id='word_1_737' title='bbox 2959 3621 3230 3693; x_wconf 75' lang='lat' dir='ltr'><strong>superﬂue</strong></span> <span class='ocrx_word' id='word_1_738' title='bbox 3264 3621 3642 3682; x_wconf 76' lang='lat' dir='ltr'><strong>laborantibus</strong></span> 
     </span>
    </p>
   </div>
   <div class='ocr_carea' id='block_1_98' title="bbox 2054 3715 3643 3791">
    <p class='ocr_par' dir='ltr' id='par_1_98' title="bbox 2054 3715 3643 3791">
     <span class='ocr_line' id='line_1_98' title="bbox 2054 3715 3643 3791; baseline -0.001 -18"><span class='ocrx_word' id='word_1_739' title='bbox 2054 3720 2260 3791; x_wconf 83' lang='lat' dir='ltr'><strong>pariter</strong></span> <span class='ocrx_word' id='word_1_740' title='bbox 2288 3717 2543 3774; x_wconf 78' lang='lat' dir='ltr'><strong>deficiant</strong></span> <span class='ocrx_word' id='word_1_741' title='bbox 2569 3715 2736 3771; x_wconf 80' lang='lat' dir='ltr'><strong>corda</strong></span> <span class='ocrx_word' id='word_1_742' title='bbox 2762 3723 2818 3770; x_wconf 87' lang='lat' dir='ltr'><strong>et</strong></span> <span class='ocrx_word' id='word_1_743' title='bbox 2841 3727 3074 3785; x_wconf 83' lang='lat' dir='ltr'><strong>corpora</strong></span> <span class='ocrx_word' id='word_1_744' title='bbox 3094 3752 3110 3780; x_wconf 87' lang='lat'><strong>,</strong></span> <span class='ocrx_word' id='word_1_745' title='bbox 3141 3722 3206 3771; x_wconf 85' lang='lat' dir='ltr'><strong>et</strong></span> <span class='ocrx_word' id='word_1_746' title='bbox 3223 3723 3504 3772; x_wconf 81' lang='lat' dir='ltr'><strong>remaneat</strong></span> <span class='ocrx_word' id='word_1_747' title='bbox 3527 3722 3643 3772; x_wconf 80' lang='lat' dir='ltr'><strong>tan-</strong></span> 
     </span>
    </p>
   </div>
   <div class='ocr_carea' id='block_1_99' title="bbox 2058 3807 2956 3867">
    <p class='ocr_par' dir='ltr' id='par_1_99' title="bbox 2058 3807 2956 3867">
     <span class='ocr_line' id='line_1_99' title="bbox 2058 3807 2956 3867; baseline -0.004 -2"><span class='ocrx_word' id='word_1_748' title='bbox 2058 3821 2168 3866; x_wconf 90' lang='lat' dir='ltr'><strong>tum</strong></span> <span class='ocrx_word' id='word_1_749' title='bbox 2200 3811 2391 3867; x_wconf 82' lang='lat' dir='ltr'><strong>nociva</strong></span> <span class='ocrx_word' id='word_1_750' title='bbox 2422 3807 2788 3864; x_wconf 79' lang='lat' dir='ltr'><strong>marmoratio</strong></span> <span class='ocrx_word' id='word_1_751' title='bbox 2816 3807 2956 3862; x_wconf 86' lang='lat' dir='ltr'><strong>sola.</strong></span> 
     </span>
    </p>
   </div>
   <div class='ocr_carea' id='block_1_100' title="bbox 2127 3898 3641 3972">
    <p class='ocr_par' dir='ltr' id='par_1_100' title="bbox 2127 3898 3641 3972">
     <span class='ocr_line' id='line_1_100' title="bbox 2127 3898 3641 3972; baseline 0.001 -16"><span class='ocrx_word' id='word_1_752' title='bbox 2127 3900 2376 3972; x_wconf 82' lang='lat' dir='ltr'><strong>Cogitam</strong></span> <span class='ocrx_word' id='word_1_753' title='bbox 2421 3898 2792 3954; x_wconf 74' lang='lat' dir='ltr'><strong>discretionem</strong></span> <span class='ocrx_word' id='word_1_754' title='bbox 2833 3899 3006 3952; x_wconf 78' lang='lat' dir='ltr'><strong>sancti</strong></span> <span class='ocrx_word' id='word_1_755' title='bbox 3052 3898 3220 3954; x_wconf 75' lang='lat' dir='ltr'><strong>Iacob</strong></span> <span class='ocrx_word' id='word_1_756' title='bbox 3261 3898 3526 3956; x_wconf 71' lang='lat' dir='ltr'><strong>dicentis:</strong></span> <span class='ocrx_word' id='word_1_757' title='bbox 3575 3899 3641 3958; x_wconf 76' lang='lat' dir='ltr'><strong>Si</strong></span> 
     </span>
    </p>
   </div>
   <div class='ocr_carea' id='block_1_101' title="bbox 2054 3987 3642 4063">
    <p class='ocr_par' dir='ltr' id='par_1_101' title="bbox 2054 3987 3642 4063">
     <span class='ocr_line' id='line_1_101' title="bbox 2054 3987 3642 4063; baseline -0.003 -17"><span class='ocrx_word' id='word_1_758' title='bbox 2054 4009 2232 4063; x_wconf 85' lang='lat' dir='ltr'><strong>grcgcs</strong></span> <span class='ocrx_word' id='word_1_759' title='bbox 2273 4007 2412 4044; x_wconf 79' lang='lat' dir='ltr'><strong>mros</strong></span> <span class='ocrx_word' id='word_1_760' title='bbox 2443 3989 2570 4060; x_wconf 75' lang='lat' dir='ltr'><strong>plus</strong></span> <span class='ocrx_word' id='word_1_761' title='bbox 2598 3989 2650 4041; x_wconf 84' lang='lat' dir='ltr'><strong>in</strong></span> <span class='ocrx_word' id='word_1_762' title='bbox 2677 3987 3000 4043; x_wconf 71' lang='lat' dir='ltr'><strong>ambulando</strong></span> <span class='ocrx_word' id='word_1_763' title='bbox 3027 3988 3197 4057; x_wconf 81' lang='lat' dir='ltr'><strong>fecero</strong></span> <span class='ocrx_word' id='word_1_764' title='bbox 3227 3987 3504 4054; x_wconf 84' lang='lat' dir='ltr'><strong>laborare,</strong></span> <span class='ocrx_word' id='word_1_765' title='bbox 3533 4006 3642 4042; x_wconf 87' lang='lat' dir='ltr'><strong>mo-</strong></span> 
     </span>
    </p>
   </div>
   <div class='ocr_carea' id='block_1_102' title="bbox 2057 4075 3640 4150">
    <p class='ocr_par' dir='ltr' id='par_1_102' title="bbox 2057 4075 3640 4150">
     <span class='ocr_line' id='line_1_102' title="bbox 2057 4075 3640 4150; baseline -0.004 -12"><span class='ocrx_word' id='word_1_766' title='bbox 2057 4087 2258 4139; x_wconf 85' lang='lat' dir='ltr'><strong>rientur</strong></span> <span class='ocrx_word' id='word_1_767' title='bbox 2298 4082 2476 4135; x_wconf 82' lang='lat' dir='ltr'><strong>cuncti</strong></span> <span class='ocrx_word' id='word_1_768' title='bbox 2519 4095 2627 4134; x_wconf 80' lang='lat' dir='ltr'><strong>una</strong></span> <span class='ocrx_word' id='word_1_769' title='bbox 2671 4079 2759 4133; x_wconf 79' lang='lat' dir='ltr'><strong>die</strong></span> <span class='ocrx_word' id='word_1_770' title='bbox 2785 4078 2806 4150; x_wconf 93' lang='lat'><strong>(</strong></span> <span class='ocrx_word' id='word_1_771' title='bbox 2830 4075 2962 4133; x_wconf 76' lang='lat' dir='ltr'><strong>Gen.</strong></span> <span class='ocrx_word' id='word_1_772' title='bbox 2993 4079 3233 4150; x_wconf 71' lang='lat' dir='ltr'><strong>sui&quot;).</strong></span> <span class='ocrx_word' id='word_1_773' title='bbox 3277 4077 3393 4134; x_wconf 87' lang='lat' dir='ltr'><strong>lloc</strong></span> <span class='ocrx_word' id='word_1_774' title='bbox 3422 4080 3477 4134; x_wconf 91' lang='lat' dir='ltr'><strong>in</strong></span> <span class='ocrx_word' id='word_1_775' title='bbox 3521 4079 3640 4133; x_wconf 74' lang='lat' dir='ltr'><strong>loco</strong></span> 
     </span>
    </p>
   </div>
   <div class='ocr_carea' id='block_1_103' title="bbox 2053 4170 3640 4246">
    <p class='ocr_par' dir='ltr' id='par_1_103' title="bbox 2053 4170 3640 4246">
     <span class='ocr_line' id='line_1_103' title="bbox 2053 4170 3640 4246; baseline -0.002 -17"><span class='ocrx_word' id='word_1_776' title='bbox 2053 4189 2152 4246; x_wconf 89' lang='lat' dir='ltr'><strong>per</strong></span> <span class='ocrx_word' id='word_1_777' title='bbox 2189 4173 2358 4228; x_wconf 84' lang='lat' dir='ltr'><strong>Jacob</strong></span> <span class='ocrx_word' id='word_1_778' title='bbox 2397 4179 2670 4236; x_wconf 83' lang='lat' dir='ltr'><strong>rectores,</strong></span> <span class='ocrx_word' id='word_1_779' title='bbox 2702 4185 2800 4241; x_wconf 85' lang='lat' dir='ltr'><strong>per</strong></span> <span class='ocrx_word' id='word_1_780' title='bbox 2834 4185 2966 4225; x_wconf 85' lang='lat' dir='ltr'><strong>oves</strong></span> <span class='ocrx_word' id='word_1_781' title='bbox 3007 4179 3188 4226; x_wconf 84' lang='lat' dir='ltr'><strong>autem</strong></span> <span class='ocrx_word' id='word_1_782' title='bbox 3218 4184 3409 4226; x_wconf 84' lang='lat' dir='ltr'><strong>eorum</strong></span> <span class='ocrx_word' id='word_1_783' title='bbox 3435 4170 3640 4228; x_wconf 80' lang='lat' dir='ltr'><strong>subditi</strong></span> 
     </span>
    </p>
   </div>
   <div class='ocr_carea' id='block_1_104' title="bbox 2054 4261 3637 4335">
    <p class='ocr_par' dir='ltr' id='par_1_104' title="bbox 2054 4261 3637 4335">
     <span class='ocr_line' id='line_1_104' title="bbox 2054 4261 3637 4335; baseline -0.001 -15"><span class='ocrx_word' id='word_1_784' title='bbox 2054 4265 2426 4335; x_wconf 84' lang='lat' dir='ltr'><strong>designantur.</strong></span> <span class='ocrx_word' id='word_1_785' title='bbox 2449 4261 2562 4328; x_wconf 78' lang='lat' dir='ltr'><strong>Qui</strong></span> <span class='ocrx_word' id='word_1_786' title='bbox 2589 4261 2886 4316; x_wconf 87' lang='lat' dir='ltr'><strong>secundum</strong></span> <span class='ocrx_word' id='word_1_787' title='bbox 2911 4261 3030 4331; x_wconf 83' lang='lat' dir='ltr'><strong>cius</strong></span> <span class='ocrx_word' id='word_1_788' title='bbox 3056 4261 3361 4330; x_wconf 74' lang='lat' dir='ltr'><strong>exemplum</strong></span> <span class='ocrx_word' id='word_1_789' title='bbox 3379 4299 3398 4324; x_wconf 86' lang='lat'><strong>,</strong></span> <span class='ocrx_word' id='word_1_790' title='bbox 3421 4261 3548 4320; x_wconf 79' lang='lat' dir='ltr'><strong>sive</strong></span> <span class='ocrx_word' id='word_1_791' title='bbox 3583 4261 3637 4318; x_wconf 80' lang='lat' dir='ltr'><strong>in</strong></span> 
     </span>
    </p>
   </div>
   <div class='ocr_carea' id='block_1_105' title="bbox 2056 4350 3640 4422">
    <p class='ocr_par' dir='ltr' id='par_1_105' title="bbox 2056 4350 3640 4422">
     <span class='ocr_line' id='line_1_105' title="bbox 2056 4350 3640 4422; baseline 0.001 -13"><span class='ocrx_word' id='word_1_792' title='bbox 2056 4354 2270 4410; x_wconf 85' lang='lat' dir='ltr'><strong>actione</strong></span> <span class='ocrx_word' id='word_1_793' title='bbox 2307 4351 2579 4422; x_wconf 57' lang='lat' dir='ltr'><strong>spiritali,</strong></span> <span class='ocrx_word' id='word_1_794' title='bbox 2615 4350 2736 4405; x_wconf 85' lang='lat' dir='ltr'><strong>sive</strong></span> <span class='ocrx_word' id='word_1_795' title='bbox 2776 4351 2888 4406; x_wconf 84' lang='lat' dir='ltr'><strong>sint</strong></span> <span class='ocrx_word' id='word_1_796' title='bbox 2917 4351 2969 4405; x_wconf 82' lang='lat' dir='ltr'><strong>in</strong></span> <span class='ocrx_word' id='word_1_797' title='bbox 2993 4351 3258 4421; x_wconf 83' lang='lat' dir='ltr'><strong>corporali</strong></span> <span class='ocrx_word' id='word_1_798' title='bbox 3287 4367 3451 4420; x_wconf 81' lang='lat' dir='ltr'><strong>opere</strong></span> <span class='ocrx_word' id='word_1_799' title='bbox 3479 4367 3640 4416; x_wconf 74' lang='lat' dir='ltr'><strong>occu—</strong></span> 
     </span>
    </p>
   </div>
   <div class='ocr_carea' id='block_1_106' title="bbox 2052 4442 3640 4518">
    <p class='ocr_par' dir='ltr' id='par_1_106' title="bbox 2052 4442 3640 4518">
     <span class='ocr_line' id='line_1_106' title="bbox 2052 4442 3640 4518; baseline 0.001 -18"><span class='ocrx_word' id='word_1_800' title='bbox 2052 4446 2162 4518; x_wconf 88' lang='lat' dir='ltr'><strong>pati</strong></span> <span class='ocrx_word' id='word_1_801' title='bbox 2185 4485 2200 4511; x_wconf 87' lang='lat'><strong>,</strong></span> <span class='ocrx_word' id='word_1_802' title='bbox 2228 4445 2308 4501; x_wconf 87' lang='lat' dir='ltr'><strong>sie</strong></span> <span class='ocrx_word' id='word_1_803' title='bbox 2327 4458 2514 4499; x_wconf 89' lang='lat' dir='ltr'><strong>eorum</strong></span> <span class='ocrx_word' id='word_1_804' title='bbox 2542 4443 2596 4497; x_wconf 90' lang='lat' dir='ltr'><strong>in</strong></span> <span class='ocrx_word' id='word_1_805' title='bbox 2621 4442 2895 4500; x_wconf 88' lang='lat' dir='ltr'><strong>laboribus</strong></span> <span class='ocrx_word' id='word_1_806' title='bbox 2913 4444 3077 4509; x_wconf 84' lang='lat' dir='ltr'><strong>actio,</strong></span> <span class='ocrx_word' id='word_1_807' title='bbox 3105 4443 3184 4501; x_wconf 85' lang='lat' dir='ltr'><strong>vel</strong></span> <span class='ocrx_word' id='word_1_808' title='bbox 3211 4444 3538 4514; x_wconf 77' lang='lat' dir='ltr'><strong>possibilitas</strong></span> <span class='ocrx_word' id='word_1_809' title='bbox 3553 4455 3640 4502; x_wconf 70' lang='lat' dir='ltr'><strong>est.</strong></span> 
     </span>
    </p>
   </div>
   <div class='ocr_carea' id='block_1_107' title="bbox 2058 4534 3639 4608">
    <p class='ocr_par' dir='ltr' id='par_1_107' title="bbox 2058 4534 3639 4608">
     <span class='ocr_line' id='line_1_107' title="bbox 2058 4534 3639 4608; baseline 0.001 -15"><span class='ocrx_word' id='word_1_810' title='bbox 2058 4537 2438 4608; x_wconf 78' lang='lat' dir='ltr'><strong>temperanda,</strong></span> <span class='ocrx_word' id='word_1_811' title='bbox 2473 4542 2536 4589; x_wconf 89' lang='lat' dir='ltr'><strong>ut</strong></span> <span class='ocrx_word' id='word_1_812' title='bbox 2577 4549 2680 4589; x_wconf 87' lang='lat' dir='ltr'><strong>nec</strong></span> <span class='ocrx_word' id='word_1_813' title='bbox 2722 4534 2888 4590; x_wconf 86' lang='lat' dir='ltr'><strong>animi</strong></span> <span class='ocrx_word' id='word_1_814' title='bbox 2930 4535 3106 4591; x_wconf 87' lang='lat' dir='ltr'><strong>virtus</strong></span> <span class='ocrx_word' id='word_1_815' title='bbox 3146 4535 3496 4601; x_wconf 84' lang='lat' dir='ltr'><strong>succumbat,</strong></span> <span class='ocrx_word' id='word_1_816' title='bbox 3537 4554 3639 4594; x_wconf 84' lang='lat' dir='ltr'><strong>nec</strong></span> 
     </span>
    </p>
   </div>
   <div class='ocr_carea' id='block_1_108' title="bbox 2055 4623 3637 4697">
    <p class='ocr_par' dir='ltr' id='par_1_108' title="bbox 2055 4623 3637 4697">
     <span class='ocr_line' id='line_1_108' title="bbox 2055 4623 3637 4697; baseline -0.003 -12"><span class='ocrx_word' id='word_1_817' title='bbox 2055 4627 2302 4697; x_wconf 86' lang='lat' dir='ltr'><strong>corporis</strong></span> <span class='ocrx_word' id='word_1_818' title='bbox 2341 4624 2602 4680; x_wconf 82' lang='lat' dir='ltr'><strong>fortitudo</strong></span> <span class='ocrx_word' id='word_1_819' title='bbox 2645 4624 2924 4679; x_wconf 80' lang='lat' dir='ltr'><strong>lasscscat.</strong></span> <span class='ocrx_word' id='word_1_820' title='bbox 2969 4623 3076 4682; x_wconf 87' lang='lat' dir='ltr'><strong>Sed</strong></span> <span class='ocrx_word' id='word_1_821' title='bbox 3113 4625 3194 4681; x_wconf 83' lang='lat' dir='ltr'><strong>sic</strong></span> <span class='ocrx_word' id='word_1_822' title='bbox 3233 4626 3410 4681; x_wconf 88' lang='lat' dir='ltr'><strong>omnis</strong></span> <span class='ocrx_word' id='word_1_823' title='bbox 3447 4643 3637 4692; x_wconf 79' lang='lat' dir='ltr'><strong>eorum</strong></span> 
     </span>
    </p>
   </div>
   <div class='ocr_carea' id='block_1_109' title="bbox 2057 4718 3641 4792">
    <p class='ocr_par' dir='ltr' id='par_1_109' title="bbox 2057 4718 3641 4792">
     <span class='ocr_line' id='line_1_109' title="bbox 2057 4718 3641 4792; baseline 0.003 -18"><span class='ocrx_word' id='word_1_824' title='bbox 2057 4722 2302 4774; x_wconf 86' lang='lat' dir='ltr'><strong>laborum</strong></span> <span class='ocrx_word' id='word_1_825' title='bbox 2340 4718 2482 4774; x_wconf 84' lang='lat' dir='ltr'><strong>actio</strong></span> <span class='ocrx_word' id='word_1_826' title='bbox 2521 4725 2875 4786; x_wconf 84' lang='lat' dir='ltr'><strong>temperetur,</strong></span> <span class='ocrx_word' id='word_1_827' title='bbox 2917 4728 2978 4774; x_wconf 91' lang='lat' dir='ltr'><strong>ut</strong></span> <span class='ocrx_word' id='word_1_828' title='bbox 3015 4719 3183 4775; x_wconf 88' lang='lat' dir='ltr'><strong>alacri</strong></span> <span class='ocrx_word' id='word_1_829' title='bbox 3225 4722 3410 4778; x_wconf 76' lang='lat' dir='ltr'><strong>animo</strong></span> <span class='ocrx_word' id='word_1_830' title='bbox 3435 4723 3556 4792; x_wconf 90' lang='lat' dir='ltr'><strong>plus</strong></span> <span class='ocrx_word' id='word_1_831' title='bbox 3581 4738 3641 4778; x_wconf 85' lang='lat' dir='ltr'><strong>se</strong></span> 
     </span>
    </p>
   </div>
   <div class='ocr_carea' id='block_1_110' title="bbox 2056 4809 3640 4881">
    <p class='ocr_par' dir='ltr' id='par_1_110' title="bbox 2056 4809 3640 4881">
     <span class='ocr_line' id='line_1_110' title="bbox 2056 4809 3640 4881; baseline 0.003 -15"><span class='ocrx_word' id='word_1_832' title='bbox 2056 4813 2232 4866; x_wconf 81' lang='lat' dir='ltr'><strong>adhuc</strong></span> <span class='ocrx_word' id='word_1_833' title='bbox 2261 4810 2486 4879; x_wconf 85' lang='lat' dir='ltr'><strong>cupiant</strong></span> <span class='ocrx_word' id='word_1_834' title='bbox 2521 4811 2576 4863; x_wconf 87' lang='lat' dir='ltr'><strong>in</strong></span> <span class='ocrx_word' id='word_1_835' title='bbox 2609 4809 2867 4878; x_wconf 87' lang='lat' dir='ltr'><strong>operibus</strong></span> <span class='ocrx_word' id='word_1_836' title='bbox 2903 4811 3178 4876; x_wconf 77' lang='lat' dir='ltr'><strong>exerceri,</strong></span> <span class='ocrx_word' id='word_1_837' title='bbox 3217 4827 3382 4881; x_wconf 70' lang='lat' dir='ltr'><strong>(piam</strong></span> <span class='ocrx_word' id='word_1_838' title='bbox 3416 4813 3524 4871; x_wconf 79' lang='lat' dir='ltr'><strong>illis</strong></span> <span class='ocrx_word' id='word_1_839' title='bbox 3555 4817 3640 4872; x_wconf 83' lang='lat' dir='ltr'><strong>sui</strong></span> 
     </span>
    </p>
   </div>
   <div class='ocr_carea' id='block_1_111' title="bbox 2057 4899 3610 4972">
    <p class='ocr_par' dir='ltr' id='par_1_111' title="bbox 2057 4899 3610 4972">
     <span class='ocr_line' id='line_1_111' title="bbox 2057 4899 3610 4972; baseline 0.001 -16"><span class='ocrx_word' id='word_1_840' title='bbox 2057 4903 2225 4956; x_wconf 86' lang='lat' dir='ltr'><strong>velint</strong></span> <span class='ocrx_word' id='word_1_841' title='bbox 2251 4901 2527 4971; x_wconf 56' lang='lat' dir='ltr'><strong>praepositi</strong></span> <span class='ocrx_word' id='word_1_842' title='bbox 2556 4901 2956 4955; x_wconf 86' lang='lat' dir='ltr'><strong>commendare.</strong></span> <span class='ocrx_word' id='word_1_843' title='bbox 2987 4899 3139 4956; x_wconf 86' lang='lat' dir='ltr'><strong>Unde</strong></span> <span class='ocrx_word' id='word_1_844' title='bbox 3169 4911 3224 4957; x_wconf 89' lang='lat' dir='ltr'><strong>ct</strong></span> <span class='ocrx_word' id='word_1_845' title='bbox 3248 4906 3494 4972; x_wconf 85' lang='lat' dir='ltr'><strong>sequitur</strong></span> <span class='ocrx_word' id='word_1_846' title='bbox 3513 4918 3536 4958; x_wconf 69' lang='grc' dir='ltr'><strong>ε·</strong></span> <span class='ocrx_word' id='word_1_847' title='bbox 3603 4947 3610 4958; x_wconf 90' lang='grc'><strong>.</strong></span> 
     </span>
    </p>
   </div>
   <div class='ocr_carea' id='block_1_112' title="bbox 2131 4990 3640 5064">
    <p class='ocr_par' dir='ltr' id='par_1_112' title="bbox 2131 4990 3640 5064">
     <span class='ocr_line' id='line_1_112' title="bbox 2131 4990 3640 5064; baseline 0.001 -16"><span class='ocrx_word' id='word_1_848' title='bbox 2131 4990 2261 5050; x_wconf 68' lang='lat' dir='ltr'><strong>&quot;(PC</strong></span> <span class='ocrx_word' id='word_1_849' title='bbox 2312 5007 2435 5064; x_wconf 82' lang='lat' dir='ltr'><strong>ergo</strong></span> <span class='ocrx_word' id='word_1_850' title='bbox 2490 4992 2699 5064; x_wconf 77' lang='lat' dir='ltr'><strong>alioque</strong></span> <span class='ocrx_word' id='word_1_851' title='bbox 2751 4994 3046 5048; x_wconf 75' lang='lat' dir='ltr'><strong>testimonia</strong></span> <span class='ocrx_word' id='word_1_852' title='bbox 3084 4995 3417 5051; x_wconf 81' lang='lat' dir='ltr'><strong>discretionis</strong></span> <span class='ocrx_word' id='word_1_853' title='bbox 3455 4998 3640 5052; x_wconf 80' lang='lat' dir='ltr'><strong>matris</strong></span> 
     </span>
    </p>
   </div>
   <div class='ocr_carea' id='block_1_113' title="bbox 2055 5087 3637 5161">
    <p class='ocr_par' dir='ltr' id='par_1_113' title="bbox 2055 5087 3637 5161">
     <span class='ocr_line' id='line_1_113' title="bbox 2055 5087 3637 5161; baseline 0 -19"><span class='ocrx_word' id='word_1_854' title='bbox 2055 5087 2306 5142; x_wconf 67' lang='lat' dir='ltr'><strong>virtutum</strong></span> <span class='ocrx_word' id='word_1_855' title='bbox 2347 5101 2560 5142; x_wconf 76' lang='lat' dir='ltr'><strong>sumens</strong></span> <span class='ocrx_word' id='word_1_856' title='bbox 2581 5126 2596 5149; x_wconf 90' lang='lat'><strong>,</strong></span> <span class='ocrx_word' id='word_1_857' title='bbox 2627 5087 2706 5140; x_wconf 78' lang='lat' dir='ltr'><strong>sic</strong></span> <span class='ocrx_word' id='word_1_858' title='bbox 2743 5087 2922 5140; x_wconf 74' lang='lat' dir='ltr'><strong>omnia</strong></span> <span class='ocrx_word' id='word_1_859' title='bbox 2965 5097 3209 5159; x_wconf 73' lang='lat' dir='ltr'><strong>temperet</strong></span> <span class='ocrx_word' id='word_1_860' title='bbox 3240 5098 3294 5142; x_wconf 78' lang='lat' dir='ltr'><strong>ut</strong></span> <span class='ocrx_word' id='word_1_861' title='bbox 3323 5091 3391 5145; x_wconf 85' lang='lat' dir='ltr'><strong>sit</strong></span> <span class='ocrx_word' id='word_1_862' title='bbox 3417 5090 3560 5161; x_wconf 81' lang='lat' dir='ltr'><strong>quod</strong></span> <span class='ocrx_word' id='word_1_863' title='bbox 3587 5100 3637 5144; x_wconf 79' lang='lat' dir='ltr'><strong>ct</strong></span> 
     </span>
    </p>
   </div>
   <div class='ocr_carea' id='block_1_114' title="bbox 2056 5177 3634 5250">
    <p class='ocr_par' dir='ltr' id='par_1_114' title="bbox 2056 5177 3634 5250">
     <span class='ocr_line' id='line_1_114' title="bbox 2056 5177 3634 5250; baseline 0 -17"><span class='ocrx_word' id='word_1_864' title='bbox 2056 5179 2218 5249; x_wconf 78' lang='lat' dir='ltr'><strong>fortes</strong></span> <span class='ocrx_word' id='word_1_865' title='bbox 2261 5179 2513 5243; x_wconf 67' lang='lat' dir='ltr'><strong>cupiant,</strong></span> <span class='ocrx_word' id='word_1_866' title='bbox 2555 5183 2608 5232; x_wconf 83' lang='lat' dir='ltr'><strong>et</strong></span> <span class='ocrx_word' id='word_1_867' title='bbox 2645 5177 2846 5246; x_wconf 73' lang='lat' dir='ltr'><strong>inﬁmi</strong></span> <span class='ocrx_word' id='word_1_868' title='bbox 2885 5191 2988 5232; x_wconf 79' lang='lat' dir='ltr'><strong>non</strong></span> <span class='ocrx_word' id='word_1_869' title='bbox 3032 5180 3314 5250; x_wconf 55' lang='lat' dir='ltr'><strong>“fugiant.</strong></span> <span class='ocrx_word' id='word_1_870' title='bbox 3361 5179 3454 5238; x_wconf 83' lang='lat' dir='ltr'><strong>Sic</strong></span> <span class='ocrx_word' id='word_1_871' title='bbox 3490 5179 3634 5235; x_wconf 81' lang='lat' dir='ltr'><strong>enim</strong></span> 
     </span>
    </p>
   </div>
   <div class='ocr_carea' id='block_1_115' title="bbox 2054 5269 3634 5338">
    <p class='ocr_par' dir='ltr' id='par_1_115' title="bbox 2054 5269 3634 5338">
     <span class='ocr_line' id='line_1_115' title="bbox 2054 5269 3634 5338; baseline -0.003 -13"><span class='ocrx_word' id='word_1_872' title='bbox 2054 5285 2178 5325; x_wconf 89' lang='lat' dir='ltr'><strong>cum</strong></span> <span class='ocrx_word' id='word_1_873' title='bbox 2219 5269 2545 5324; x_wconf 82' lang='lat' dir='ltr'><strong>discretione</strong></span> <span class='ocrx_word' id='word_1_874' title='bbox 2563 5308 2577 5334; x_wconf 88' lang='lat'><strong>,</strong></span> <span class='ocrx_word' id='word_1_875' title='bbox 2607 5281 2730 5338; x_wconf 68' lang='lat' dir='ltr'><strong>qua:</strong></span> <span class='ocrx_word' id='word_1_876' title='bbox 2765 5275 2856 5324; x_wconf 76' lang='lat' dir='ltr'><strong>est</strong></span> <span class='ocrx_word' id='word_1_877' title='bbox 2875 5270 3116 5326; x_wconf 70' lang='lat' dir='ltr'><strong>stituiqu</strong></span> <span class='ocrx_word' id='word_1_878' title='bbox 3144 5278 3318 5326; x_wconf 68' lang='grc' dir='ltr'><strong>ιιιδιθι⁸</strong></span> <span class='ocrx_word' id='word_1_879' title='bbox 3342 5271 3600 5325; x_wconf 81' lang='lat' dir='ltr'><strong>virtutum</strong></span> <span class='ocrx_word' id='word_1_880' title='bbox 3619 5307 3634 5331; x_wconf 89' lang='lat'><strong>,</strong></span> 
     </span>
    </p>
   </div>
   <div class='ocr_carea' id='block_1_116' title="bbox 2054 5361 3630 5430">
    <p class='ocr_par' dir='ltr' id='par_1_116' title="bbox 2054 5361 3630 5430">
     <span class='ocr_line' id='line_1_116' title="bbox 2054 5361 3630 5430; baseline -0.001 -15"><span class='ocrx_word' id='word_1_881' title='bbox 2054 5361 2446 5416; x_wconf 84' lang='lat' dir='ltr'><strong>monachorum</strong></span> <span class='ocrx_word' id='word_1_882' title='bbox 2473 5373 2610 5430; x_wconf 80' lang='lat' dir='ltr'><strong>opus</strong></span> <span class='ocrx_word' id='word_1_883' title='bbox 2633 5365 2718 5414; x_wconf 86' lang='lat' dir='ltr'><strong>est</strong></span> <span class='ocrx_word' id='word_1_884' title='bbox 2743 5362 3183 5430; x_wconf 74' lang='lat' dir='ltr'><strong>temporalium,</strong></span> <span class='ocrx_word' id='word_1_885' title='bbox 3214 5370 3276 5416; x_wconf 89' lang='lat' dir='ltr'><strong>ut</strong></span> <span class='ocrx_word' id='word_1_886' title='bbox 3301 5361 3402 5424; x_wconf 89' lang='lat' dir='ltr'><strong>sit,</strong></span> <span class='ocrx_word' id='word_1_887' title='bbox 3435 5361 3487 5414; x_wconf 87' lang='lat' dir='ltr'><strong>id</strong></span> <span class='ocrx_word' id='word_1_888' title='bbox 3514 5369 3630 5422; x_wconf 88' lang='lat' dir='ltr'><strong>est.</strong></span> 
     </span>
    </p>
   </div>
   <div class='ocr_carea' id='block_1_117' title="bbox 2055 5449 3637 5522">
    <p class='ocr_par' dir='ltr' id='par_1_117' title="bbox 2055 5449 3637 5522">
     <span class='ocr_line' id='line_1_117' title="bbox 2055 5449 3637 5522; baseline -0.003 -16"><span class='ocrx_word' id='word_1_889' title='bbox 2055 5453 2162 5507; x_wconf 73' lang='lat' dir='ltr'><strong>tde</strong></span> <span class='ocrx_word' id='word_1_890' title='bbox 2189 5465 2325 5520; x_wconf 90' lang='lat' dir='ltr'><strong>opus</strong></span> <span class='ocrx_word' id='word_1_891' title='bbox 2346 5491 2358 5514; x_wconf 90' lang='lat'><strong>,</strong></span> <span class='ocrx_word' id='word_1_892' title='bbox 2387 5458 2442 5504; x_wconf 89' lang='lat' dir='ltr'><strong>et</strong></span> <span class='ocrx_word' id='word_1_893' title='bbox 2469 5449 2635 5505; x_wconf 73' lang='lat' dir='ltr'><strong>fortes</strong></span> <span class='ocrx_word' id='word_1_894' title='bbox 2657 5449 2798 5521; x_wconf 89' lang='lat' dir='ltr'><strong>quod</strong></span> <span class='ocrx_word' id='word_1_895' title='bbox 2824 5451 3046 5522; x_wconf 85' lang='lat' dir='ltr'><strong>cupiant</strong></span> <span class='ocrx_word' id='word_1_896' title='bbox 3062 5491 3076 5515; x_wconf 93' lang='lat'><strong>,</strong></span> <span class='ocrx_word' id='word_1_897' title='bbox 3104 5449 3447 5513; x_wconf 78' lang='lat' dir='ltr'><strong>subauditur,</strong></span> <span class='ocrx_word' id='word_1_898' title='bbox 3473 5463 3637 5518; x_wconf 84' lang='lat' dir='ltr'><strong>agere</strong></span> 
     </span>
    </p>
   </div>
   <div class='ocr_carea' id='block_1_118' title="bbox 2057 5539 3633 5610">
    <p class='ocr_par' dir='ltr' id='par_1_118' title="bbox 2057 5539 3633 5610">
     <span class='ocr_line' id='line_1_118' title="bbox 2057 5539 3633 5610; baseline 0 -16"><span class='ocrx_word' id='word_1_899' title='bbox 2057 5539 2144 5597; x_wconf 87' lang='lat' dir='ltr'><strong>vel</strong></span> <span class='ocrx_word' id='word_1_900' title='bbox 2183 5540 2435 5610; x_wconf 85' lang='lat' dir='ltr'><strong>implere,</strong></span> <span class='ocrx_word' id='word_1_901' title='bbox 2480 5548 2535 5595; x_wconf 88' lang='lat' dir='ltr'><strong>et</strong></span> <span class='ocrx_word' id='word_1_902' title='bbox 2570 5541 2772 5598; x_wconf 77' lang='lat' dir='ltr'><strong>inﬁrmi</strong></span> <span class='ocrx_word' id='word_1_903' title='bbox 2815 5558 2923 5596; x_wconf 91' lang='lat' dir='ltr'><strong>non</strong></span> <span class='ocrx_word' id='word_1_904' title='bbox 2964 5539 3633 5608; x_wconf 72' lang='lat' dir='ltr'><strong>refugizmt,subauditur,</strong></span> 
     </span>
    </p>
   </div>
   <div class='ocr_carea' id='block_1_119' title="bbox 2061 5630 3206 5704">
    <p class='ocr_par' dir='ltr' id='par_1_119' title="bbox 2061 5630 3206 5704">
     <span class='ocr_line' id='line_1_119' title="bbox 2061 5630 3206 5704; baseline -0.005 -15"><span class='ocrx_word' id='word_1_905' title='bbox 2061 5635 2236 5704; x_wconf 82' lang='lat' dir='ltr'><strong>ipsum</strong></span> <span class='ocrx_word' id='word_1_906' title='bbox 2261 5647 2396 5702; x_wconf 89' lang='lat' dir='ltr'><strong>opus</strong></span> <span class='ocrx_word' id='word_1_907' title='bbox 2413 5673 2428 5697; x_wconf 93' lang='lat'><strong>,</strong></span> <span class='ocrx_word' id='word_1_908' title='bbox 2460 5632 2546 5686; x_wconf 81' lang='lat' dir='ltr'><strong>vel</strong></span> <span class='ocrx_word' id='word_1_909' title='bbox 2577 5633 2746 5701; x_wconf 88' lang='lat' dir='ltr'><strong>ipsius</strong></span> <span class='ocrx_word' id='word_1_910' title='bbox 2769 5632 2951 5700; x_wconf 85' lang='lat' dir='ltr'><strong>operis</strong></span> <span class='ocrx_word' id='word_1_911' title='bbox 2979 5630 3206 5698; x_wconf 83' lang='lat' dir='ltr'><strong>pondus.</strong></span> 
     </span>
    </p>
   </div>
   <div class='ocr_carea' id='block_1_120' title="bbox 2137 5720 3636 5802">
    <p class='ocr_par' dir='ltr' id='par_1_120' title="bbox 2137 5720 3636 5802">
     <span class='ocr_line' id='line_1_120' title="bbox 2137 5720 3636 5802; baseline 0.001 -24"><span class='ocrx_word' id='word_1_912' title='bbox 2137 5725 2203 5783; x_wconf 72' lang='lat' dir='ltr'><strong>Et</strong></span> <span class='ocrx_word' id='word_1_913' title='bbox 2246 5728 2538 5796; x_wconf 74' lang='lat' dir='ltr'><strong>prtrcipuc,</strong></span> <span class='ocrx_word' id='word_1_914' title='bbox 2584 5735 2636 5776; x_wconf 82' lang='lat' dir='ltr'><strong>ut</strong></span> <span class='ocrx_word' id='word_1_915' title='bbox 2677 5732 2977 5793; x_wconf 71' lang='lat' dir='ltr'><strong>pra&#39;scntcm</strong></span> <span class='ocrx_word' id='word_1_916' title='bbox 3029 5720 3259 5792; x_wconf 79' lang='lat' dir='ltr'><strong>rcgulam</strong></span> <span class='ocrx_word' id='word_1_917' title='bbox 3301 5722 3354 5776; x_wconf 82' lang='lat' dir='ltr'><strong>in</strong></span> <span class='ocrx_word' id='word_1_918' title='bbox 3393 5722 3636 5802; x_wconf 69' lang='lat' dir='ltr'><strong>omnibus</strong></span> 
     </span>
    </p>
   </div>
  </div>
