3992 6206
401 293 508 368 its

1689 304 2048 362 SSIARAGDI
2081 304 2372 362 ABBA'I'IS

399 427 684 485 conservet.
728 424 1004 494 Prmci'me
1043 432 1225 478 autem
1267 431 1323 478 et
1363 437 1528 492 super
1567 422 1750 477 omnia
1788 422 1982 478 beatus
2009 426 2058 485 Α
2156 421 2226 476 Et
2263 423 2490 478 maxime
2527 424 2582 480 in
2618 423 2725 478 illis
2761 425 2890 480 locis
2931 424 3018 479 ubi
3045 425 3112 480 ab
3140 425 3322 486 eodem
3346 431 3659 501 sacerdote,

397 516 724 574 Benedictus
740 515 894 584 jubet
918 514 1171 569 abbatem
1199 512 1439 584 regulam
1460 513 1774 577 observare,
1800 519 1862 567 ut
1883 512 1978 581 qui

399 621 489 666 est
524 609 735 680 primus
777 607 833 660 in
876 605 1116 672 nomine,
1144 606 1216 659 sit
1239 604 1448 674 primus
1474 604 1528 658 in
1554 592 1899 675 operatione,
1923 613 1982 662 et

399 701 544 771 quod
580 699 772 754 ordine
813 698 1068 770 praedicat
1087 736 1103 763 ,
1131 711 1296 769 opere
1319 695 1604 766 compleat.
1645 695 1714 750 Et
1747 695 1898 765 prior
1921 695 1976 750 in

398 792 641 848 humeris
673 790 760 846 vel
782 791 1086 846 cervicibus
1117 790 1232 846 suis
1264 798 1442 860 portet
1466 805 1588 861 qua
1621 797 1841 860 portare
1869 787 1977 844 fra-

398 893 512 940 tres
530 884 686 955 lubet
702 925 717 950 ,
741 891 798 939 et
817 892 1000 938 utrum
1025 884 1135 939 sint
1160 883 1298 939 levia
1322 883 1409 939 vel
1437 883 1623 956 gravia
1649 898 1770 953 qua:
1794 881 1978 938 fratri-

395 978 502 1034 bus
525 978 754 1048 imponit
778 993 974 1044 onera,
1014 977 1387 1048 experimento
1415 985 1747 1050 cognoscat;
1776 978 1977 1050 prima-

395 1076 622 1138 tnmque
645 1084 801 1124 suum
817 1109 832 1134 ,
857 1082 1016 1137 quem
1041 1068 1191 1137 prior
1213 1067 1283 1123 ad
1305 1081 1550 1124 mensam
1576 1076 1744 1134 tenet,
1767 1069 1977 1140 primus

395 1160 468 1216 ad
504 1160 724 1215 virtutis
768 1159 1177 1230 parcimoniam
1203 1158 1441 1229 iudicet,
1487 1167 1542 1214 et
1587 1160 1974 1216 abstinentiam

395 1265 558 1319 quam
595 1249 774 1321 lingua
813 1249 1100 1319 praedicat,
1133 1249 1507 1318 experimento
1541 1259 1864 1322 cognoscat,
1905 1264 1976 1306 ne

395 1338 536 1396 forte
569 1341 771 1396 subditi
809 1341 989 1396 tacitis
1023 1341 1442 1410 cogitationibus
1479 1341 1703 1397 dicant:
1739 1340 1784 1399 Ο
1809 1356 1973 1411 quam

395 1429 622 1501 pulchre
643 1430 801 1486 nobis
823 1430 1081 1500 prtedicat
1107 1431 1494 1486 abstinentiam
1525 1431 1718 1503 plenus
1741 1441 1931 1487 venter
1954 1433 1968 1486 i

393 1519 490 1580 illa
525 1521 659 1592 ergo
680 1520 752 1575 de
772 1520 1102 1575 abstinentia
1138 1522 1458 1590 praedicatio
1480 1522 1832 1592 aeceptahilis
1855 1530 1970 1590 est,

394 1625 560 1678 quam
587 1608 772 1680 jejuna
808 1625 904 1666 ora
931 1610 1241 1666 decantant.
1268 1611 1336 1666 Et
1371 1611 1428 1666 in
1459 1612 1548 1668 his
1582 1614 1836 1668 omnibus
1871 1613 1975 1669 hoc

393 1700 497 1755 sibi
536 1691 828 1756 convenire
867 1701 1078 1755 noverit
1116 1700 1317 1767 abbas,
1357 1708 1412 1756 et
1449 1710 1737 1774 angustum
1775 1701 1973 1772 regula:

2081 513 2158 568 rel
2182 513 2248 568 ab
2283 513 2468 568 iisdem
2511 514 2821 581 abbatibus,
2858 517 2949 587 qui
2985 515 3222 572 abbatem
3263 519 3548 588 ordinant,
3591 523 3661 578 ab

2077 605 2206 676 ipsis
2229 606 2389 660 etiam
2415 615 2465 660 et
2491 607 2802 676 praepositus
2839 607 3136 666 ordinatur.
3183 607 3298 663 Mos
3325 619 3443 664 erat
3469 625 3658 668 eorum

2079 704 2228 762 tunc,
2243 704 2302 751 ut
2326 696 2542 766 quando
2566 696 2734 752 abbas
2755 697 3111 752 ordinabatur
3136 705 3267 753 tunc
3291 707 3348 753 ct
3369 701 3438 756 ab
3465 702 3656 758 eodem

2075 788 2330 858 episeopo
2365 795 2420 842 ct
2453 787 2576 843 aliis
2608 802 2794 842 coram
2834 787 3106 844 stantibus
3131 789 3421 847 abbatibus
3445 800 3501 847 et
3523 809 3658 864 prae-

2075 877 2284 947 positus
2310 878 2674 935 ordinaretur.
2721 876 2829 934 Sed
2857 878 2984 949 quia
3022 879 3149 935 inde
3176 881 3441 951 superbia:
3465 883 3654 941 vitium

2077 968 2424 1034 nascebatur,
2449 982 2557 1023 non
2580 967 2694 1038 jam
2723 971 2794 1024 ab
2820 967 2926 1024 alio
2953 969 3114 1026 hodie
3141 971 3284 1040 apud
3312 988 3412 1028 nos
3437 975 3654 1030 ordina-

2074 1067 2186 1125 tur,
2212 1060 2308 1115 sed
2331 1076 2362 1114 a
2382 1059 2608 1130 proprio
2631 1061 2828 1116 abbate
2853 1061 3226 1132 praepositum
3249 1062 3326 1122 illi
3348 1063 3652 1122 obedientia

2075 1147 2394 1221 iniungitur,
2418 1158 2480 1204 ut
2503 1150 2936 1221 quandocunque
2960 1150 3139 1206 abbati
3165 1151 3341 1208 visum
3365 1152 3530 1210 fuerit
3549 1196 3565 1223 ,
3587 1159 3655 1214 ab

2075 1240 2193 1311 ipso
2224 1240 2528 1296 ministerio
2553 1241 2827 1311 υκεροείιί
2856 1249 3119 1310 mutetur,
3146 1257 3216 1299 ne
3258 1242 3432 1301 fomes
3454 1245 3530 1302 illi
3570 1263 3652 1304 su-

2079 1330 2284 1400 perbiae
2310 1339 2586 1388 nascatur.
2621 1331 2776 1389 Unde
2804 1339 2861 1386 et
2889 1334 3135 1401 sequitur
3162 1351 3175 1388 :

2147 1420 2302 1486 Quod
2321 1438 2479 1492 quam
2503 1423 2569 1476 sit
2593 1422 2905 1487 absurdum,
2927 1422 3085 1493 facile
3099 1424 3422 1493 advertitur,
3443 1430 3567 1499 quia
3587 1429 3654 1484 ab

2073 1511 2187 1581 ipso
2211 1510 2363 1564 initio
2388 1510 2734 1565 ordinationis
2759 1512 2981 1566 materia
3007 1513 3056 1566 ei
3084 1512 3247 1568 datur
3289 1518 3620 1586 superbiendi
3637 1561 3654 1586 ,

2075 1599 2202 1654 dum
2233 1600 2282 1654 ei
2318 1600 2615 1671 suggeritur
2639 1618 2671 1654 a
2695 1601 3097 1671 cogitationibus
3121 1606 3262 1669 suis,
3293 1615 3509 1662 exutum
3533 1625 3654 1663 eum

2074 1707 2186 1746 esse
2210 1708 2243 1746 a
2271 1700 2522 1762 potestate
2553 1691 2755 1746 abbatis
2785 1693 2896 1757 sui,
2920 1695 3047 1762 quia
3077 1695 3142 1750 ab
3174 1697 3300 1766 ipsis
3328 1708 3404 1752 est
3441 1700 3658 1755 ordina-

393 1789 621 1855 cailetn,
642 1786 742 1860 per
757 1806 919 1862 quem
943 1790 1081 1848 alios
1103 1765 1356 1848 admonet
1377 1765 1599 1858 intraie,
1625 1793 1776 1862 prior
1797 1765 1974 1865 itigre-
1996 1765 2047 1826 Β
2069 1790 2156 1836 ται
2182 1797 2216 1834 α
2241 1781 2430 1852 quib“
2454 1790 2506 1836 α
2527 1781 2713 1836 “um.
2755 1781 2828 1838 Ui
2863 1783 2979 1839 1|ch
3019 1785 3166 1840 enim
3194 1765 3336 1841 mala
3362 1787 3657 1845 caveantur

394 1882 579 1939 diatur
615 1883 751 1954 ipse.

464 1970 535 2027 Ut
556 1972 683 2028 dunt
709 1973 835 2029 bene
861 1974 1242 2029 ministraverit
1257 2014 1276 2041 ,
1295 1976 1483 2030 audiat
1505 1993 1539 2030 α
1559 1975 1806 2042 Domino,
1830 1975 1971 2048 quod

390 2081 571 2122 seruus
612 2065 778 2122 bonus
811 2067 904 2138 qui
938 2067 1170 2138 erogavit
1209 2068 1442 2123 triticum
1479 2069 1744 2124 conservis
1767 2069 1878 2124 suis
1914 2069 1972 2123 in

392 2167 621 2228 tempore
641 2172 768 2222 suo,
796 2157 960 2212 Amen
983 2157 1102 2212 dico
1132 2157 1274 2212 vobis
1288 2197 1304 2222 ,
1330 2174 1490 2228 super
1508 2159 1688 2214 omnia
1711 2158 1848 2212 bona
1872 2174 1971 2212 sua

391 2245 669 2300 constituet
705 2261 826 2301 eum
863 2245 883 2322 (
907 2243 1040 2299 Luc.
1067 2260 1147 2301 ιιι
1169 2244 1212 2316 ).
1240 2245 1422 2302 Bonus
1447 2245 1592 2301 enim
1620 2244 1890 2310 minister,
1916 2244 1971 2300 id

389 2344 508 2398 est,
529 2335 704 2391 bonus
727 2335 897 2392 abbas
913 2374 929 2401 ,
955 2350 988 2390 a
1012 2334 1157 2392 bono
1180 2334 1414 2394 Domino
1437 2335 1706 2392 bonorum
1725 2335 1969 2391 omnium

392 2425 724 2482 retributore
742 2426 925 2481 audiet
948 2426 1092 2495 quod
1114 2440 1311 2483 senas
1334 2425 1425 2481 ille
1443 2425 1634 2481 audire
1657 2426 1856 2483 eruit
1877 2427 1970 2496 qui

388 2515 668 2571 conservis
711 2515 827 2572 suis
873 2515 1118 2571 triticum
1163 2514 1395 2572 ﬁdeliter
1439 2515 1702 2587 erogavit.
1749 2514 1971 2571 Audivit

389 2605 538 2661 enim
559 2622 578 2662 :
603 2603 772 2661 Amen
792 2605 912 2660 dico
940 2604 1084 2660 vobis
1099 2643 1116 2674 ,
1141 2621 1302 2676 super
1327 2604 1508 2660 omnia
1533 2604 1669 2660 bona
1708 2621 1810 2660 sua
1845 2621 1969 2661 con-

387 2695 566 2749 stituet
589 2711 728 2750 una.
755 2695 907 2752 lianc
929 2694 1339 2752 desiderabilem
1363 2694 1758 2768 amabilemque
1779 2711 1969 2754 vocem

387 2794 446 2840 et
485 2787 660 2842 bonus
695 2785 866 2843 abbas
903 2787 1118 2849 audiet.
1152 2787 1247 2857 qui
1280 2787 1554 2853 triticum.
1581 2787 1635 2843 id
1673 2796 1794 2855 est,
1832 2805 1968 2861 prte-

388 2877 676 2935 dieatiouis
713 2879 940 2934 verbum
977 2877 1257 2935 conservis
1293 2879 1439 2944 suis,
1484 2879 1536 2938 id
1572 2887 1682 2944 est,
1711 2878 1969 2936 fratribus

386 2967 530 3034 suis,
560 2968 793 3025 ﬁdeliter
817 2968 1213 3025 ministraverit
1229 3008 1244 3035 ,
1267 2977 1324 3024 et
1344 2969 1506 3024 iactis
1531 2969 1648 3039 ipse
1668 2969 1970 3040 compleve-

312 3114 314 3116 ,
387 3061 480 3115 rit.
523 3060 678 3128 Quod
717 3069 900 3118 autem
936 3060 1108 3117 dicit:
1153 3060 1326 3132 Super
1350 3064 1527 3117 omnia
1554 3063 1691 3117 bona
1717 3079 1817 3118 sua
1842 3079 1968 3117 con-

2071 1871 2220 1936 fieri,
2249 1872 2412 1928 talem
2435 1873 2784 1944 prrepositum
2830 1883 3045 1946 oportet
3061 1877 3208 1948 °eligi
3252 1878 3338 1933 vel
3375 1881 3617 1937 ordinati
3636 1923 3657 1948 ,

2071 1963 2164 2032 qui
2191 1961 2326 2018 alios
2353 1962 2626 2020 aediﬁcare
2660 1963 2785 2020 vita
2816 1979 2929 2020 suae
2952 1966 3213 2035 probetur
3238 1968 3517 2039 exemplo,
3543 1984 3657 2026 non

2071 2052 2164 2122 qui
2190 2053 2433 2108 destruat
2623 2053 2874 2109 vivendo.
2914 2051 3017 2122 Qui
3053 2055 3377 2112 humilitatis
3411 2059 3657 2128 prtebeat

2072 2143 2336 2209 ibrmam,
2386 2158 2496 2198 nou
2545 2143 2813 2214 superbia:
2857 2158 2970 2201 suae
3017 2146 3325 2216 praetendat
3367 2156 3658 2205 contuma-

2072 2233 2236 2290 ciam.
2263 2232 2400 2301 Quia
2424 2232 2654 2290 inferius
2678 2235 2978 2291 scribitur:

2140 2324 2284 2382 Hinc
2305 2327 2631 2382 suscitantur
2652 2326 2883 2383 invidiae.
2909 2327 2966 2393 id
2991 2334 3076 2382 est
3095 2365 3110 2392 ,
3135 2326 3278 2383 inter
3302 2329 3658 2410 prtepositum

2071 2422 2128 2473 et
2147 2416 2398 2472 abbatem
2413 2456 2429 2482 ,
2453 2416 2582 2472 dum
2603 2414 2741 2472 alter
2762 2415 3094 2486 superiorem
3116 2431 3176 2472 se
3195 2431 3304 2471 non
3328 2417 3446 2472 vult
3469 2417 3659 2478 videre

2070 2507 2324 2564 alterum.
2348 2506 2505 2564 Nulla
2525 2514 2611 2564 est
2635 2508 2780 2563 enim
2809 2508 3004 2573 virtus,
3028 2517 3084 2562 ct
3108 2522 3247 2578 pene
3271 2508 3478 2564 nullum
3500 2509 3662 2568 mini-

2069 2599 2474 2670 sterium,un
2493 2614 2601 2660 non
2620 2599 2820 2656 habeat
2839 2599 3169 2655 contrarium
3189 2599 3406 2655 invidia:
3429 2600 3655 2656 malum.

2141 2689 2311 2753 Iliaca,
2357 2689 2742 2757 detractiones,
2786 2688 3184 2755 mutationes,
3207 2688 3578 2757 dissensiones,
3607 2700 3659 2746 et

2067 2780 2516 2836 erordinationes.
2548 2778 2710 2836 Fiunt
2738 2780 2884 2835 enim
2913 2779 3049 2835 rixa:
3076 2773 3132 2834 et
3158 2778 3565 2846 detractiones,
3595 2788 3657 2836 et

2069 2874 2187 2929 haec
2215 2872 2398 2928 omnia
2421 2887 2543 2943 qum
2569 2873 2820 2928 dicuntur
2850 2870 2995 2926 inter
3025 2870 3376 2942 przepositum
3405 2879 3460 2926 et
3488 2871 3658 2926 abha-

2070 2971 2208 3028 tem,
2235 2965 2470 3019 maxime
2493 2978 2589 3034 per
2612 2977 2801 3019 eorum
2827 2976 3110 3031 sequaces.
3152 2961 3316 3017 Fiunt
3354 2963 3654 3019 dissensio-

2069 3068 2200 3119 nes,
2230 3053 2354 3122 quia
2389 3052 2535 3123 quod
2563 3068 2704 3107 unus
2730 3067 2854 3108 cum
2883 3051 2998 3107 suis
3027 3051 3145 3106 ﬁeri
3171 3054 3478 3122 consentit,
3510 3054 3657 3109 alius

384 3115 570 3208 stituit.
600 3115 751 3218 etim,
773 3115 1117 3223 intelligitur
1139 3115 1305 3222 4...}.
1333 3115 1522 3208 ista
1543 3115 1968 3224 minuma
1993 3115 2041 3180 (ἶ
2071 3115 2194 3202 cum
2225 3115 2340 3200 suis
2371 3115 2488 3201 ueri
2519 3145 2787 3204 dissentit.
2820 3144 2984 3200 Fiunt
3012 3115 3487 3211 exordinationes',
3517 3148 3649 3218 quia

388 3241 582 3312 gaudia
599 3281 615 3307 ,
644 3256 749 3296 non
774 3243 921 3312 quod
943 3243 1019 3298 ibi
1043 3243 1131 3299 isti
1157 3243 1258 3298 soli
1283 3243 1572 3298 Dominum
1596 3252 1850 3312 teneant,
1875 3245 1971 3305 sed

387 3340 450 3387 ut
476 3347 666 3387 eorum
687 3332 1052 3388 abundantius
1073 3333 1287 3389 cmtcris
1312 3334 1516 3389 sanctis
1535 3342 1735 3390 azterna
1761 3350 1974 3406 possesw

386 3424 541 3479 sione
578 3422 846 3479 iurantur.
886 3424 987 3492 Qui
1029 3424 1176 3479 enim
1215 3423 1359 3479 docti
1402 3423 1642 3489 iuerint,
1685 3422 1972 3494 iulgcbunt

386 3515 544 3585 quasi
585 3514 842 3585 splendor
879 3514 1237 3590 ﬁrmamenti,
1265 3522 1321 3570 et
1345 3513 1438 3584 qui
1463 3513 1530 3568 ad
1549 3511 1819 3582 justitiam
1845 3528 1972 3568 eru-

387 3607 542 3661 diunt
562 3606 846 3677 plurimos,
867 3606 1024 3677 quasi
1045 3606 1214 3661 stella:
1234 3605 1290 3662 in
1309 3612 1600 3676 perpetuas
1615 3604 1969 3662 mternitatcs.

391 3696 462 3750 Et
491 3695 782 3765 Apostolus
818 3695 936 3750 ait:
979 3694 1084 3760 Qui
1119 3695 1248 3749 bene
1277 3704 1510 3765 praesunt
1547 3693 1834 3764 presbyteri
1870 3693 1972 3748 du-

390 3785 518 3856 plici
554 3786 751 3840 honore
782 3785 929 3855 digni
959 3785 1239 3859 habentur,
1267 3787 1496 3845 maxime
1521 3787 1613 3857 qui
1639 3785 1884 3847 laborant
1914 3787 1970 3850 in

389 3876 544 3932 uerbo
566 3884 618 3932 et
645 3877 704 3932 in
730 3878 976 3931 doctrina
1003 3877 1023 3947 (
1047 3876 1078 3931 1
1108 3877 1246 3932 Tim.
1273 3892 1308 3930 ν
1326 3875 1370 3947 ).

963 3969 1192 4027 CAPUT
1225 3969 1389 4025 LXV.

804 4063 884 4120 De
913 4065 1193 4136 praposito
1229 4065 1555 4120 monasterii.

465 4156 673 4228 Satrius
701 4155 910 4228 quidem
939 4155 1192 4226 contingit
1220 4165 1276 4209 ut
1303 4173 1398 4226 per
1424 4155 1808 4212 ordinationem
1835 4172 1972 4226 pra'v

389 4249 550 4321 positi
579 4247 838 4303 scandala
867 4249 1050 4318 gravia
1078 4248 1134 4302 in
1161 4248 1493 4302 monasteriis
1523 4248 1782 4306 oriantur.
1817 4248 1972 4316 Quod

389 4341 534 4397 enim
576 4339 773 4410 saepius
808 4337 922 4407 jam
966 4337 1168 4393 factum
1211 4338 1554 4404 audivimus,
1599 4355 1744 4395 nunc
1788 4347 1970 4398 autem

389 4433 682 4488 emendare
704 4431 984 4496 debemus,
1011 4436 1067 4483 et
1093 4428 1254 4484 talem
1283 4428 1386 4484 sub
1409 4429 1609 4485 abbate
1628 4429 1830 4500 eligere
1853 4445 1971 4500 per-

1998 4482 2048 4541 D

2071 3233 2214 3305 quod
2249 3250 2388 3290 unus
2420 3233 2724 3293 ordinando
2757 3233 3034 3305 disponit,
3073 3233 3212 3289 alius
3248 3233 3494 3292 destruit.
3525 3253 3658 3292 con-

2071 3326 2242 3389 traria
2267 3324 2587 3381 ordinando.
2621 3323 2776 3384 Unde
2805 3334 2860 3379 et
2891 3325 2949 3380 tit
2978 3325 3122 3395 quod
3149 3325 3433 3396 sequitur:

2142 3435 2213 3490 Et
2239 3435 2364 3489 dum
2389 3434 2658 3490 contraria
2681 3434 2784 3488 sibi
2807 3433 3025 3489 invicem
3052 3433 3216 3490 abbas
3244 3436 3658 3505 pra'positusque

2071 3529 2334 3593 sentiunt,
2367 3536 2417 3581 et
2452 3527 2686 3597 ipsorum
2721 3542 2926 3582 necesse
2961 3534 3036 3580 est
3073 3526 3168 3580 sub
3205 3527 3305 3580 bac
3332 3527 3656 3582 dissensione

2071 3617 2278 3672 animas
2300 3615 2608 3687 periclitari.
2635 3615 2702 3669 Et
2724 3616 2796 3682 ii,
2822 3615 2912 3686 qui
2931 3615 3027 3671 sub
3053 3616 3179 3686 ipsis
3199 3625 3344 3683 sunt,
3369 3616 3496 3670 dum
3519 3616 3654 3669 adu-

2071 3703 2252 3758 lantur
2276 3703 2545 3773 partibus,
2584 3713 2709 3759 cunt
2745 3705 2800 3758 in
2837 3704 3203 3775 perditionem.
3242 3703 3407 3777 Cujus
3433 3707 3654 3776 periculi

2071 3795 2269 3850 malum
2292 3795 2410 3850 illos
2437 3796 2644 3867 respicit
2673 3795 2730 3850 in
2755 3797 2951 3866 capite,
2977 3797 3066 3866 qui
3092 3797 3215 3854 talis
3244 3798 3652 3854 inordinationis

2071 3903 2127 3942 se
2146 3887 2380 3956 fecerunt
2405 3897 2663 3941 auctores.
2683 3885 2826 3942 Heu!
2853 3887 2986 3944 mihi
3011 3888 3230 3956 misero,
3245 3889 3338 3962 qui
3360 3905 3420 3945 se
3437 3890 3653 3947 salvare

2070 3977 2412 4042 debuerunt,
2437 3985 2493 4031 ct
2517 3977 2653 4032 alios
2681 3985 2738 4034 et
2771 3991 2831 4037 se
2862 3977 3002 4034 male
3030 3978 3264 4038 vivendo
3296 3981 3560 4049 perdunt,
3597 3991 3654 4036 et

2071 4077 2320 4124 caeteros.
2352 4069 2418 4124 Et
2442 4068 2536 4138 qui
2569 4069 2652 4126 ire
2687 4067 2929 4139 aliosque
2950 4068 3024 4127 ad
3051 4069 3317 4131 cmlorum
3345 4071 3654 4129 debuerunt

2071 4159 2270 4220 ducere
2293 4175 2544 4231 regnum,
2564 4169 2697 4217 eunt
2725 4159 2826 4231 ipsi
2843 4201 2860 4226 ,
2884 4170 2940 4216 et
2959 4174 3220 4230 sequaces
3241 4176 3370 4220 auos
3392 4161 3446 4222 in
3474 4164 3653 4232 perdi-

2071 4249 2236 4305 tionis
2271 4248 2480 4304 loveam
2511 4249 2819 4320 infernique
2845 4249 3164 4307 barathrum
3192 4261 3464 4322 mergunt.
3496 4252 3652 4319 Quod

2070 4349 2250 4398 autem
2289 4340 2420 4397 dicit
2445 4355 2462 4401 :
2491 4340 2658 4411 Cujus
2685 4341 2916 4414 periculi
2955 4342 3156 4397 malum
3187 4341 3310 4398 illus
3341 4345 3563 4414 respicit
3590 4345 3646 4399 in

2072 4432 2251 4501 capite
2274 4431 2368 4502 qui
2399 4431 2519 4487 talis
2549 4431 2966 4489 inordinationis
2993 4447 3052 4488 se
3083 4431 3332 4494 fecerunt
3358 4443 3646 4504 auctores,

389 4537 578 4578 sonam
612 4521 902 4584 debemus,
941 4534 1062 4590 qum
1091 4535 1278 4576 curam
1313 4521 1629 4576 monasterii
1667 4536 1972 4593 nomenque
1999 4520 2048 4541 ν
2073 4521 2142 4579 de
2166 4520 2272 4576 illis
2308 4520 2414 4578 dici
2450 4521 2663 4578 videtur
2695 4520 2790 4591 qui
2827 4521 2970 4576 sicut
2998 4521 3280 4589 abbatem,
3313 4522 3387 4576 ita
3414 4534 3471 4579 et
3506 4539 3644 4597 pra:-

388 4612 664 4684 pm-positi
693 4611 975 4682 suscipiat,
990 4617 1120 4666 etut
1143 4611 1318 4666 cilicia
1346 4611 1447 4666 sibi
1478 4609 1717 4680 iniuncta
1741 4612 1973 4670 ﬁdeliter

392 4701 614 4771 impleat
635 4710 798 4772 atque
826 4700 1130 4766 custodiat,
1156 4708 1214 4756 et
1248 4701 1382 4756 nihil
1416 4710 1620 4758 temere
1655 4718 1753 4772 per
1786 4718 1975 4774 super-

391 4792 541 4848 biam
566 4801 721 4864 agat,
747 4808 815 4853 ne
843 4793 916 4849 sit
937 4792 1005 4848 de
1030 4791 1148 4856 his,
1172 4805 1310 4862 quos
1331 4792 1614 4862 sequentia
1637 4801 1974 4860 monstrant,

393 4898 518 4939 cum
543 4883 740 4938 dicitur
763 4901 776 4938 ε

468 4973 604 5026 Dum
638 4973 743 5028 sint
785 4971 948 5044 aliqui
986 4973 1220 5045 maligno
1258 4971 1448 5043 spiritu
1474 4971 1732 5043 superbia:
1759 4973 1935 5043 inflati
1953 5014 1966 5036 ,

392 5061 485 5134 qui
525 5061 845 5117 testimontes
874 5079 930 5120 se
955 5063 1212 5120 secundos
1240 5063 1451 5119 abbates
1474 5078 1584 5121 esse
1601 5101 1617 5127 ,
1649 5074 1971 5119 assumentcs

392 5155 494 5210 sibi
522 5153 857 5225 tyrannidem
879 5154 1135 5212 scandala
1163 5157 1439 5221 nutriunt,
1465 5165 1513 5210 et
1539 5154 1890 5211 dissensiones
1915 5155 1971 5213 in

393 5245 796 5317 congregatione
823 5243 1045 5313 faciunt.
1086 5244 1353 5316 Tyrannis
1384 5247 1528 5305 cui
1565 5247 1764 5303 dicitur
1798 5247 1972 5308 honor

395 5336 687 5402 indebitus,
715 5343 772 5390 et
791 5349 888 5405 per
909 5334 1094 5389 cordis
1116 5336 1421 5404 superbiam
1448 5338 1770 5408 acquisitus.
1797 5336 1966 5405 Quam

393 5432 716 5504 praepositus
735 5427 968 5500 superbe
995 5428 1252 5490 assumit,
1275 5443 1399 5482 cum
1423 5429 1719 5488 indebitum
1742 5429 1844 5486 sibi
1869 5429 1970 5484 ah-

395 5523 540 5577 batis
574 5506 832 5578 honorem
870 5516 1104 5589 impendi
1144 5515 1402 5585 requirit,
1442 5526 1498 5573 et
1531 5518 1652 5580 ideo
1688 5519 1833 5574 inter
1871 5516 1971 5571 fra-

387 5611 512 5666 ‘trcs
547 5613 717 5666 nutrit
753 5608 1036 5675 scandala,
1064 5616 1120 5662 et
1156 5605 1517 5666 dissensiones
1553 5607 1608 5668 in
1644 5607 1971 5669 monasterio

399 5712 686 5776 praeparat.

2073 4611 2305 4681 positum
2329 4611 2758 4676 ordinaverunt;
2785 4611 2878 4685 qui
2905 4611 3064 4665 unius
3090 4613 3404 4667 monasterii
3433 4614 3649 4673 ordina-

2074 4703 2276 4760 tionem
2311 4717 2421 4757 non
2453 4701 2665 4757 duobus
2686 4741 2702 4768 ,
2738 4701 2833 4758 sed
2864 4703 2956 4756 uni
2989 4701 3295 4756 debuerunt
3328 4702 3606 4772 imponere
3631 4744 3648 4769 ,

2075 4800 2132 4848 et
2156 4807 2225 4847 ne
2258 4792 2403 4849 inter
2433 4792 2567 4848 duos
2600 4791 2906 4863 periculosa
2958 4800 3318 4852 nascerentur
3361 4793 3648 4859 scandala,

2019 4902 2026 4906 ·
2077 4884 2178 4941 Soli
2221 4884 2404 4940 abbati
2438 4875 2870 4955 congregationis
2911 4898 3024 4938 suae
3056 4881 3360 4941 debuerunt
3395 4885 3648 4940 commit-

2075 4985 2195 5032 tere
2223 4991 2432 5032 curam.
2465 4975 2618 5032 Unde
2643 4983 2698 5030 et
2724 4974 3007 5045 sequitur:

2148 5065 2378 5138 Ideoque
2411 5081 2504 5122 nos
2541 5063 2884 5134 prwvidemus
2931 5063 3205 5132 expedire,
3250 5072 3464 5136 propter
3504 5062 3650 5134 pacis

2074 5157 2448 5227 charitatisque
2485 5155 2806 5220 custodiam,
2832 5153 2891 5207 in
2925 5154 3127 5209 abbatis
3167 5154 3393 5226 pendere
3429 5154 3650 5209 arbitrio

2073 5248 2456 5308 ordinationem
2487 5245 2789 5310 monasterii
2821 5244 2926 5301 sui.
2971 5245 3090 5317 Ipse
3126 5245 3272 5301 enim
3313 5261 3414 5318 per
3447 5256 3647 5302 semct-

2081 5341 2254 5410 ipsum
2286 5340 2445 5401 debet
2471 5339 2712 5395 omnium
2743 5338 3132 5396 monachorum
3157 5353 3382 5394 suorum
3414 5339 3647 5394 necessi-

2079 5437 2242 5485 tatem
2275 5436 2384 5486 tam
2411 5428 2655 5500 corporis
2681 5443 2843 5498 quam
2869 5428 3064 5484 anima:
3090 5428 3379 5500 providere
3399 5468 3414 5490 ,
3447 5436 3503 5482 et
3530 5430 3650 5483 sub.

2077 5520 2214 5574 sidia
2239 5521 2524 5591 praesentis
2549 5521 2890 5578 necessitatis
2917 5522 3193 5594 porrigere
3212 5563 3226 5587 ,
3255 5529 3309 5577 ct
3332 5523 3499 5577 corda
3525 5522 3650 5578 sub-

2079 5611 2314 5664 ditorum
2366 5627 2584 5679 suorum
2627 5613 2694 5669 ad
2739 5611 2954 5668 laudem
2995 5613 3272 5669 Creatoris
3312 5612 3655 5668 admonendo

2079 5701 2389 5768 sustollere,
2422 5711 2476 5757 et
2505 5718 2600 5758 eos
2639 5719 2776 5780 quos
2813 5706 3065 5768 tarditate
3095 5706 3176 5762 vel
3208 5707 3438 5783 segnitie
3468 5705 3653 5782 culpa-
