3992 6206
423 335 523 395 ﬁt

1450 342 1808 401 COMMENT.
1850 345 1917 399 IN
1957 344 2136 424 ιὶιίίὶ.δ
2163 345 2225 402 S.
2263 344 2649 406 BENEDICTI.

3571 349 3678 405 922

423 452 560 509 hilca
590 453 890 524 repererit,
922 463 1082 525 prout
1109 454 1264 527 culpa
1292 457 1376 512 vel
1402 467 1539 516 :etas
1562 459 1730 517 fuerit
1749 501 1766 527 ,
1791 469 1887 516 aut
1913 460 1996 516 ln—
2024 465 2072 525 Α
2099 461 2294 521 anitum
2316 462 2555 523 subditae
2570 463 2899 533 discrepent,
2931 463 2991 520 tu
3016 463 3175 520 nullo
3192 479 3325 522 oves
3353 445 3559 536 absque
3578 481 3676 536 νασ-
3718 440 3750 513 ’ἶ

420 545 736 616 crepatione
754 585 771 611 ,
802 554 897 602 aut
922 545 1134 617 ﬂagello
1162 549 1458 620 corripere.

490 633 561 688 Et
587 635 636 689 si
657 643 824 704 potest
861 636 1008 705 ﬁeri,
1033 653 1128 709 per
1159 638 1386 695 decanos
1416 640 1711 708 ordinetur,
1753 650 1813 697 ut
1838 652 1997 699 antea

416 725 799 796 disposuimus,
828 727 998 783 omnis
1038 727 1239 783 utilitas
1268 732 1598 796 monasterii,
1635 743 1790 803 prout
1836 734 1997 789 abbas

419 816 768 887 disposuerit;
798 827 854 871 ut
897 817 1026 872 dum
1051 817 1290 890 pluribus
1314 821 1675 889 comnsittitur,
1722 838 1858 878 unus
1892 841 1997 880 non

416 904 701 977 superbiat.
731 905 900 963 Nobis
926 908 1074 963 enim
1118 909 1278 966 modo
1303 919 1362 966 et
1400 911 1572 968 abbas
1596 920 1653 967 et
1679 914 1997 985 [Inpositus

414 1005 475 1052 et
501 995 692 1053 decani
721 1006 778 1054 et
803 998 1090 1072 presbyter
1130 1000 1291 1057 simul
1317 1010 1373 1058 et
1409 1017 1625 1074 semper
1652 1012 1777 1061 sunt
1803 1020 1995 1063 neces-

415 1088 569 1156 sarii,
613 1097 674 1144 ut
701 1089 1074 1160 unusquisque
1101 1091 1157 1147 in
1181 1091 1360 1149 cilicio
1405 1093 1510 1151 sibi
1539 1096 1865 1165 commisso,
1908 1097 1995 1154 vel

414 1181 609 1238 ordine
652 1181 994 1238 convcnieuti
1040 1182 1318 1239 humiliter
1360 1184 1611 1243 laborare
1653 1202 1762 1243 non
1794 1196 1991 1247 cesset.

415 1270 528 1328 Nec
554 1272 714 1328 datur
736 1272 843 1330 illis
862 1273 1187 1347 regulariter
1201 1275 1354 1334 locus
1377 1279 1748 1349 superbiesdi,
1775 1283 1871 1338 sed
1893 1284 1996 1339 im-

413 1364 635 1435 ponitur
662 1362 847 1431 fsscis,
871 1379 981 1435 quo
1010 1368 1271 1438 gemendo
1304 1378 1534 1440 pergant
1560 1372 1826 1441 oppressi.

488 1454 643 1521 Quod
669 1456 718 1509 si
743 1464 835 1510 aut
861 1454 1008 1512 locus
1032 1458 1248 1527 expetit,
1273 1469 1368 1513 aut
1396 1463 1731 1539 congregatio
1763 1464 1990 1534 petierit,

416 1545 804 1601 rationabiliter
850 1562 969 1601 cum
1011 1547 1331 1617 humilitate,
1378 1560 1429 1606 et
1475 1552 1636 1608 abbas
1673 1553 1993 1624 judicaverit

412 1638 675 1708 expedire,
727 1654 1090 1710 quemcunque
1132 1639 1343 1711 elegerit
1395 1644 1557 1700 abbas
1606 1662 1725 1700 cum
1772 1647 1992 1703 consilio

2096 553 2262 610 storis
2306 554 2585 610 voluntate
2617 554 2910 611 declinent.
2964 555 3084 624 Ipse
3127 566 3316 613 autem
3352 557 3676 627 prapositus

2094 643 2232 700 nihil
2253 644 2436 710 faciet,
2461 646 2564 701 nisi
2593 646 2738 716 quod
2771 645 2930 701 Pater
2949 643 3198 714 jusserit,
3243 648 3479 705 maxime
3508 648 3565 703 in
3606 663 3670 703 re

2094 749 2269 802 nova;
2302 750 2427 792 nam
2455 753 2578 807 qua:
2596 752 2667 793 ex
2686 753 2838 794 more
2857 737 3166 805 descendit,
3188 741 3430 813 servabit
3455 740 3670 811 regulas

2096 825 2433 885 monasterii.
2449 826 2529 881 [ta
2560 841 2749 898 agens,
2772 836 2833 883 ut
2862 842 2962 883 nec
2978 827 3161 885 abbati
3190 830 3407 885 taedium
3423 839 3669 900 getteret,

2095 928 2199 969 nec
2249 912 2449 972 fratres
2478 915 2897 987 intemperantia
2940 917 3086 973 illius
3112 917 3379 977 laborent.
3410 919 3537 976 llaec
3571 922 3669 977 ob-

2093 1006 2334 1062 servahit
2371 1006 2558 1063 senior
2583 1008 2902 1064 monasterii
2927 1008 3019 1080 qui
3061 1007 3322 1066 fratribus
3350 1011 3675 1081 praepositus

2093 1101 2198 1160 est,
2228 1092 2472 1152 referens
2496 1096 2566 1151 ad
2593 1095 2847 1155 abbatem
2889 1096 3096 1163 omnia,
3141 1099 3231 1154 vel
3268 1099 3537 1171 paccipstc
3579 1100 3673 1155 illa

2093 1198 2217 1255 qum
2240 1199 2339 1255 per
2360 1200 2421 1241 se
2439 1200 2545 1240 non
2571 1185 2803 1242 valuerit
2822 1187 3115 1258 explicare.

2164 1275 2366 1349 Cogitet
2403 1287 2578 1333 tamen
2627 1279 2789 1334 abbas
2835 1296 2890 1335 se
2931 1279 2995 1335 de
3040 1280 3279 1337 omnibus
3306 1280 3527 1352 iudiciis
3558 1283 3671 1335 suis

2095 1368 2205 1427 Deo
2252 1371 2579 1427 redditurum
2622 1373 2876 1427 rationem
2928 1390 2991 1427 ne
3024 1373 3158 1443 forte
3182 1374 3395 1429 invidia:
3436 1384 3527 1429 aut
3571 1374 3667 1428 zeli

2092 1461 2307 1533 flamma
2339 1471 2458 1517 urat
2503 1462 2736 1516 animum
2775 1479 2952 1517 suam.
2985 1461 3096 1519 Nec
3125 1463 3266 1519 inter
3305 1463 3471 1519 laicos
3514 1464 3677 1518 debet

2091 1564 2214 1606 esse
2239 1551 2454 1607 invidiae
2478 1551 2638 1617 livor,
2664 1560 2868 1620 quanto
2894 1551 3069 1622 magis
3110 1552 3254 1607 inter
3289 1552 3568 1622 religiosos
3592 1552 3672 1606 vi-

2094 1654 2187 1695 ros
2212 1647 2269 1695 et
2295 1641 2611 1696 monasterii
2642 1642 2982 1712 praepositos.
3010 1642 3192 1697 Abbas
3219 1643 3365 1697 enim
3410 1643 3673 1712 prmposi-

413 1727 643 1798 [ratrum
687 1728 980 1783 timentium
1007 1729 1195 1796 Deum,
1224 1731 1428 1788 ordinet
1453 1735 1563 1806 ipse
1597 1735 1698 1790 sibi
1743 1740 1995 1809 prtrposi-
2022 1807 2041 1809 _
2094 1739 2231 1797 tum,
2257 1740 2311 1787 et
2340 1732 2662 1804 praepositus
2686 1733 2958 1800 abbatem,
2988 1743 3050 1788 ut
3074 1732 3244 1789 frater
3269 1734 3431 1791 debet
3452 1735 3677 1807 diligere

411 1827 546 1872 tum.
586 1817 691 1884 Qui
715 1828 891 1875 tamen
916 1821 1229 1891 pra-positus
1256 1821 1355 1878 illa
1394 1832 1520 1894 agat
1554 1840 1674 1879 cunt
1705 1807 1991 1883 reverentia
2018 1807 2067 1867 Β
2093 1822 2337 1879 fratrem.
2366 1823 2656 1880 Memorari
2685 1825 2831 1880 enim
2860 1825 3024 1883 debet
3045 1826 3239 1891 abbas,
3266 1827 3311 1881 si
3343 1843 3467 1881 eum
3496 1827 3679 1898 aliqua

409 1924 530 1979 qut:
563 1907 629 1962 ab
676 1908 862 1964 abbate
890 1925 986 1963 suo
1026 1910 1077 1965 ei
1106 1911 1345 1981 injuncta
1390 1914 1610 1984 fuerint,
1646 1917 1776 1972 nihil
1809 1931 1993 1975 contra

411 1996 619 2051 abbatis
665 1995 987 2052 voluntatem
1030 2009 1125 2053 aut
1159 2001 1543 2058 ordinationem
1585 2004 1822 2075 faciens;
1867 2009 1994 2080 quia

311 2166 315 2170 .
409 2099 610 2161 quanto
634 2087 890 2160 prrelatus
917 2099 994 2144 est
1032 2091 1257 2160 cateris,
1295 2102 1443 2149 tanto
1471 2111 1589 2150 eum
1623 2106 1821 2167 oportet
1847 2097 1994 2154 solli-

408 2181 567 2237 citius
612 2180 886 2237 observare
927 2191 1187 2255 prmeepta
1216 2184 1429 2257 regulis.
1464 2185 1531 2242 Et
1561 2187 1706 2245 hunc
1738 2190 1995 2263 praeposi-

410 2279 550 2343 tum,
595 2269 736 2333 sicut
762 2278 814 2325 et
844 2269 1096 2326 abbatem
1128 2271 1184 2327 in
1231 2273 1483 2331 omnibus
1526 2276 1720 2334 beatus
1764 2278 1993 2336 Benedi—

410 2369 533 2417 ctus
559 2359 847 2432 diligenter
882 2361 1039 2433 juhct
1063 2362 1305 2435 regulam
1330 2366 1643 2423 observare.
1683 2368 1787 2436 Qui
1830 2370 1879 2427 si
1908 2370 1993 2428 vel

394 2444 684 2525 superbia,
718 2453 801 2508 vel
832 2454 1182 2527 negligentia,
1210 2456 1295 2514 vel
1320 2458 1549 2527 desidia,
1589 2461 1769 2533 aliqua
1794 2478 1861 2519 ex
1906 2464 1993 2522 his

408 2544 842 2615 praetermiserit,
870 2559 992 2614 qua:
1032 2545 1086 2602 in
1114 2545 1299 2618 regula
1326 2549 1697 2619 continentur,
1739 2554 1992 2611 omnibus

406 2634 971 2701 condemnatiouibus,
1002 2651 1140 2710 quas
1164 2640 1351 2712 regula
1377 2641 1642 2710 continet,
1666 2643 1987 2716 subjacebit.

415 2725 567 2782 Unde
590 2733 648 2780 et
671 2724 764 2781 hic
788 2733 914 2797 apte
941 2728 1226 2799 sequitur:
1414 2726 1421 2731 “

483 2837 587 2904 Qui
604 2838 938 2909 pra-positus,
965 2838 1015 2894 si
1041 2849 1273 2911 repertus
1298 2840 1459 2912 fuerit
1484 2842 1719 2911 vitiosus,
1749 2851 1843 2899 aut
1875 2845 1988 2903 elo-

408 2927 551 2983 tiene
598 2928 842 2998 deceptus
874 2929 1152 3000 superbior,
1196 2941 1291 2987 aut
1326 2941 1649 3004 contemptor
1681 2944 1880 2991 sanctte
1910 2952 1992 2992 rc-

404 3016 549 3085 gulte
586 3017 746 3089 fuerit
791 3018 1179 3091 comprobatus,
1230 3020 1582 3079 admoneatur
1618 3024 1786 3079 verbis
1827 3041 1991 3096 usque

405 3119 630 3176 quater;
658 3109 707 3165 si
744 3127 851 3167 non
881 3111 1260 3178 emendaverit,
1304 3113 1621 3171 adhibeatur
1658 3118 1708 3171 ei
1735 3117 1990 3172 correctio
2013 3151 2063 3216 ο

409 3198 704 3270 disciplina,-
742 3198 1022 3271 regularis.
1069 3199 1226 3267 Quod
1257 3203 1305 3257 si
1351 3219 1517 3274 neque
1559 3204 1636 3259 sic
1663 3205 1988 3270 correxerit,

409 3301 534 3347 tunc
573 3291 862 3362 dejiciatur
901 3293 969 3346 de
1021 3282 1207 3347 ordine
1246 3295 1608 3365 purpositura:
1647 3304 1697 3351 et
1726 3295 1862 3351 alius
1901 3297 1992 3368 qui

408 3380 601 3449 dignus
628 3390 703 3436 est
748 3382 804 3436 in
829 3380 948 3437 loco
971 3380 1087 3451 ejus
1110 3383 1441 3454 subrogetur.
1472 3383 1632 3450 Quod
1666 3385 1714 3441 si
1737 3394 1788 3442 et
1810 3395 1992 3457 postea

406 3469 466 3523 in
516 3470 916 3541 congregatione
961 3472 1170 3542 quietus
1214 3481 1267 3526 et
1326 3472 1571 3529 obediens
1631 3491 1737 3528 non
1788 3476 1950 3545 luerit
1974 3515 1991 3541 ,

405 3559 569 3615 etiam
621 3560 687 3615 de
738 3563 1059 3617 monasterio
1111 3562 1427 3636 expellatur.
1488 3563 1761 3620 Hactenus
1818 3565 1994 3635 qualis

407 3665 531 3706 esse
580 3665 687 3706 non
748 3651 910 3708 debet
960 3646 1283 3725 pi-chusitus
1336 3653 1606 3724 digestum
1662 3662 1785 3719 est;
1839 3655 1994 3711 dein-

410 3757 542 3811 crps
603 3751 784 3797 autem
851 3744 1027 3814 qualis
1081 3759 1204 3801 esse
1274 3742 1471 3799 debeat
1499 3784 1515 3809 ,
1581 3759 1650 3799 ex
1705 3745 1994 3801 sententiis

407 3828 631 3886 Patrum
669 3832 1152 3889 demonstrandum
1201 3840 1305 3891 est.
1337 3832 1669 3904 Praepositus
1729 3848 1861 3906 ergo
1885 3850 1995 3890 mo-

410 3922 638 3979 nasterii
690 3939 796 3979 non
825 3933 989 3980 mtate
1039 3924 1218 3990 senili,
1251 3924 1347 3980 sed
1374 3925 1617 3982 moribus
1658 3925 1995 3982 constituen-

412 4012 517 4068 dus
545 4020 648 4067 est.
698 4013 893 4071 Multos
922 4014 1068 4070 enim
1117 4013 1404 4084 prolixitas
1449 4029 1722 4072 annorum
1772 4014 1992 4081 attollit,

412 4101 509 4159 scd
551 4101 786 4159 dedecus
813 4103 1076 4174 torpentis
1116 4104 1243 4159 vita:
1271 4104 1342 4158 ad
1366 4102 1608 4160 infantia:
1622 4084 1995 4160 immaturita-

413 4204 525 4251 tem
582 4196 972 4266 compescendo
1018 4195 1247 4253 reducit.
1288 4193 1710 4253 Cuiatituendus
1743 4204 1831 4253 est
1866 4210 1997 4268 ergo

414 4288 739 4359 praepositus
770 4288 1014 4345 moribus
1040 4288 1246 4360 gravis,
1277 4299 1530 4345 sermone
1557 4286 1749 4353 solere,
1779 4286 1998 4358 ingenio

416 4380 598 4444 fortis.
642 4378 1077 4437 consideratione
1105 4379 1255 4451 vigil,
1306 4392 1470 4434 cursu
1514 4376 1764 4448 impiger,
1809 4390 1995 4431 corrc-

415 4473 602 4542 ptione
630 4472 772 4542 pius,
803 4470 1087 4543 disciplina
1115 4471 1456 4536 moderatus,
1482 4477 1610 4526 actu
1637 4476 1840 4533 castus,
1874 4484 1993 4524 mo-

417 4562 573 4617 ribus
602 4562 841 4628 sobrius,
889 4561 1292 4631 dispensatione
1319 4575 1528 4632 aequus,
1560 4559 1869 4616 humilitate
1908 4573 2000 4615 or-

418 4660 603 4718 natus,
631 4651 862 4722 patiens,
891 4650 1061 4718 mitis,
1096 4666 1206 4706 non
1235 4649 1596 4714 turbulentus,
1626 4664 1733 4706 non
1775 4649 1996 4705 iracun-

416 4746 541 4811 dus,
572 4760 679 4800 non
707 4742 995 4814 superbiae,
1024 4742 1109 4797 vel
1137 4740 1462 4811 arrogantia:
1503 4740 1636 4795 vitio
1668 4740 1998 4805 maculatus,

417 4853 530 4898 non
574 4835 851 4907 prodigus,
880 4849 986 4889 non
1014 4831 1289 4905 garrulus.
1320 4832 1416 4889 sed
1439 4831 1586 4887 omni
1626 4839 1752 4888 actu
1782 4831 1999 4903 religio-

416 4928 505 4985 nis
534 4934 798 4991 armatus,
825 4924 919 4995 qui
959 4923 1098 4980 sciat
1123 4921 1494 4993 languentium
1524 4921 1770 4976 moribus
1798 4922 1999 4979 subve-

418 5020 561 5084 nire,
585 5026 643 5072 et
659 5014 1050 5088 tepescentium
1072 5012 1342 5085 ignaviam
1365 5012 1627 5079 excitare,
1653 5025 1817 5083 super
1834 5026 1994 5082 quem

419 5110 593 5171 abbas
637 5107 964 5177 requiescat,
993 5113 1053 5159 ut
1079 5105 1136 5159 in
1166 5102 1314 5160 nullo
1360 5103 1429 5158 ab
1459 5101 1541 5157 eis
1569 5100 1856 5171 praeceptis
1901 5100 1996 5155 de-

422 5201 553 5268 viet,
596 5199 694 5255 sed
722 5198 778 5254 in
804 5196 1056 5255 omnibus
1099 5195 1370 5260 subditus,
1422 5202 1480 5251 et
1525 5194 1580 5250 in
1616 5192 1786 5262 jussis
1819 5191 1997 5248 senio-

419 5290 499 5347 ris
542 5291 792 5346 detentus
838 5286 1079 5358 nihilque
1120 5286 1334 5342 abbatis
1360 5283 1627 5341 voluntati
1671 5283 1744 5338 sit
1772 5292 1994 5339 matra-

420 5382 560 5447 t'ius,
586 5388 684 5437 aut
711 5379 894 5446 faciat,
939 5386 1033 5434 aut
1075 5378 1293 5434 ordinet
1318 5375 1648 5440 faciendum,
1679 5374 1774 5430 sed
1811 5373 1993 5429 omnia

420 5486 521 5545 per
545 5471 664 5542 ejus
692 5471 1198 5544 interrogationem,
1222 5467 1376 5538 juxta
1406 5466 1535 5522 illud
1560 5466 1704 5537 quod
1732 5466 1994 5536 scriptum

419 5572 509 5621 est
525 5580 548 5618 σε
581 5563 860 5635 Interroga
881 5571 1082 5633 patrem
1104 5569 1276 5625 tuum,
1295 5568 1344 5614 et
1371 5557 1705 5612 annuntiabit
1730 5555 1858 5621 tibi;
1886 5573 2000 5612 ma-

424 5653 562 5725 jores
605 5665 747 5721 tuos,
778 5664 826 5708 et
879 5652 1051 5707 dicent
1080 5650 1173 5705 tibi
1204 5649 1383 5720 (Deut.
1421 5646 1614 5716 xxx").
1658 5646 2001 5717 Interrogan-

427 5742 552 5808 dum
598 5761 811 5824 semper
856 5758 961 5813 est,
1010 5753 1068 5805 ut
1114 5744 1170 5805 in
1203 5741 1349 5805 nullo
1389 5757 1420 5799 a
1465 5740 1737 5802 seniorum
1775 5737 2002 5800 consilio

2094 1914 2310 1971 invidiae
2326 1915 2408 1971 vel
2431 1914 2616 1971 livoris
2639 1916 2814 1987 tangit
2840 1914 3079 1982 ﬂamma,
3113 1932 3181 1971 ne
3201 1917 3257 1971 in
3275 1917 3410 1972 Cain
3434 1917 3675 1989 iniquam

2091 2005 2460 2062 communicet
2508 2005 2792 2074 invidiam,
2849 2007 2943 2078 qui
2990 2022 3089 2078 per
3133 2006 3235 2063 zeli
3267 2007 3492 2063 livorem
3539 2008 3672 2063 Abel

2093 2095 2320 2152 fratrem
2368 2112 2529 2153 suum
2567 2094 2775 2166 justum
2822 2098 3055 2165 occidit;
3104 2106 3162 2153 et
3187 2112 3285 2167 per
3315 2097 3419 2152 zeli
3450 2098 3674 2153 livorem

2093 2187 2271 2246 factus
2298 2198 2386 2246 est
2408 2189 2668 2249 inimicus
2688 2190 2830 2246 Esau
2857 2190 3015 2247 fratri
3036 2204 3139 2247 suo
3156 2187 3357 2256 Jacob;
3381 2199 3437 2246 et
3458 2206 3554 2260 per
3574 2191 3674 2247 zeli

2086 2277 2320 2335 livorem
2367 2294 2400 2333 a
2431 2278 2696 2336 fratribus
2740 2281 2855 2336 suis
2894 2280 3146 2337 venditus
3174 2288 3261 2337 est
3297 2279 3519 2351 losepb.
3564 2280 3675 2336 ΖειΙί

2091 2367 2240 2427 enim
2298 2369 2438 2427 livor
2479 2385 2792 2441 quanquam
2847 2372 3012 2428 unius
3055 2372 3204 2428 vitiis
3244 2380 3536 2429 censeatur
3580 2389 3677 2427 uo—

2092 2458 2261 2525 mine,
2306 2459 2571 2532 plurimos
2617 2475 2716 2531 per
2764 2461 2981 2519 diversa
3028 2461 3160 2516 vitia
3198 2469 3426 2532 generat
3472 2470 3683 2517 ramos.

2091 2549 2298 2609 Cuncta
2323 2552 2470 2609 enim
2500 2553 2762 2609 virtutum
2790 2554 3038 2624 germina
3051 2553 3264 2610 invidiae
3292 2554 3432 2609 livor
3449 2568 3675 2610 concre-

2090 2650 2225 2697 mat.
2257 2640 2465 2699 Cuncta
2499 2643 2640 2698 bona
2670 2644 2867 2699 ardore
2892 2643 3156 2714 pestifero
3181 2644 3426 2710 devorat,
3457 2658 3677 2705 sensum

2089 2730 2344 2795 comedit,
2376 2741 2569 2801 pectus
2590 2732 2718 2799 urit,
2751 2741 2986 2789 mentem
3018 2733 3205 2799 allicit,
3240 2741 3297 2790 et
3321 2739 3417 2789 co'r
3443 2732 3680 2788 hominis

2089 2818 2247 2891 quasi
2273 2820 2523 2890 quietiam
2569 2821 2740 2891 pestis
2767 2821 3026 2891 depascit.
3059 2820 3260 2877 Contra
3289 2823 3437 2893 quod
3479 2821 3671 2877 vitium

2088 2914 2442 2986 praeparanda
2465 2922 2592 2970 sunt
2604 2914 2755 2985 pacis
2772 2922 2829 2970 et
2846 2914 3135 2971 charitatis
3155 2930 3309 2970 arma
3334 2915 3387 2970 in
3399 2915 3611 2972 abbatis
3622 2923 3681 2971 et

2088 3004 2330 3061 omnium
2357 3014 2629 3061 rectorum
2649 3012 2961 3060 sanctorum
2989 3018 3082 3061 seu
3106 3004 3449 3063 subditorum
3468 3003 3672 3063 anima.

2653 3094 2881 3153 CAPUT
2919 3093 3103 3150 LXVI.

2536 3183 2612 3239 De
2641 3186 2860 3240 ostiario
2889 3184 3217 3239 monasterii.

2164 3277 2243 3332 Ad
2266 3284 2474 3349 portam
2509 3277 2815 3331 monasterii
2851 3286 3084 3346 ponatur
3114 3290 3275 3330 senes:
3297 3274 3506 3347 sapiens
3528 3312 3545 3342 ,
3587 3280 3684 3346 qui

2089 3368 2222 3424 sciat
2267 3369 2505 3436 accipere
2534 3383 2838 3439 responsum
2859 3375 2907 3421 et
2930 3365 3179 3431 reddere;
3210 3365 3366 3436 cujus
3396 3364 3675 3419 maturitas

2089 3476 2209 3514 eum
2240 3475 2347 3514 non
2376 3459 2518 3513 sinat
2552 3459 2758 3529 vagari.
2796 3457 3102 3512 Notandum
3128 3457 3265 3527 quia.
3284 3472 3393 3510 non
3422 3454 3583 3521 dixit,
3611 3456 3678 3510 ad

2090 3556 2306 3620 portam
2334 3556 2569 3618 ponatur
2609 3561 2773 3604 senex
2799 3553 2982 3610 (etate,
3017 3545 3111 3601 sed
3148 3544 3226 3598 ait
3248 3554 3481 3615 ponatur
3521 3561 3681 3598 senex

2088 3642 2320 3713 sapiens.
2352 3640 2456 3697 Ubi
2478 3639 2641 3696 datur
2670 3638 2917 3710 intelligi,
2947 3637 3075 3711 quia
3120 3652 3230 3692 non
3278 3644 3414 3691 tetas
3449 3637 3506 3690 in
3542 3651 3673 3707 por-

2093 3734 2236 3789 tario
2258 3733 2548 3803 qumrenda
2579 3740 2663 3788 est
2708 3729 2977 3801 corporis,
3005 3728 3101 3784 sed
3129 3725 3408 3799 sapientia:
3432 3732 3489 3781 et
3516 3722 3675 3781 intel-

2091 3824 2283 3881 lectus.
2317 3823 2454 3879 Hinc
2477 3837 2711 3892 namque
2736 3828 2794 3877 et
2828 3835 2927 3892 per
2948 3818 3239 3892 quemdam
3266 3816 3564 3887 sapientem
3592 3813 3675 3870 di-

2091 3918 2276 3973 citur:
2308 3916 2562 3972 Senectus
2590 3912 2896 3970 morabilis
2922 3921 2999 3969 est
3045 3927 3151 3967 non
3192 3909 3469 3974 diuturna,
3515 3922 3678 3978 neque

2094 4024 2312 4065 numero
2339 4021 2599 4060 annorum
2626 4012 2945 4073 computata.
2974 4000 3109 4055 Cani
3134 4009 3255 4055 sunt
3293 4007 3467 4053 autem
3494 4011 3677 4050 sensus

2093 4094 2341 4160 hominis,
2362 4103 2410 4148 et
2439 4102 2568 4148 aetas
2601 4093 2879 4147 senectutis
2903 4091 3010 4145 vita
3035 4086 3376 4144 immaculata
3402 4085 3553 4159 (Sap.
3576 4085 3675 4155 tv).

2096 4187 2237 4243 llinc
2264 4187 2334 4241 ad
2366 4184 2586 4257 Moysen
2613 4183 2813 4240 dicitur
2837 4200 2852 4238 :
2881 4179 3153 4254 Congrcga
3182 4177 3311 4233 mihi
3348 4176 3681 4248 septuaginta

2096 4278 2234 4333 viros
2265 4275 2331 4330 de
2352 4275 2565 4329 senibus
2592 4271 2788 4339 Israel,
2814 4289 2944 4345 quos
2967 4280 3025 4325 tu
3051 4268 3211 4335 nosti,
3240 4267 3381 4339 quod
3410 4282 3557 4322 senes
3582 4282 3678 4338 po-

2080 4364 2207 4438 puli
2233 4373 2357 4420 sunt
2390 4363 2581 4435 (Num.
2614 4360 2715 4434 ιι).
2755 4361 2815 4417 ln
2847 4360 3044 4433 quibus
3069 4357 3199 4428 quid
3229 4356 3376 4411 aliud
3402 4371 3564 4426 quam
3595 4368 3681 4409 sc-

2099 4466 2294 4514 nectus
2319 4454 2503 4512 cordis
2531 4452 2847 4524 requiritur.
2872 4450 3008 4505 Dum
3039 4449 3183 4505 enim
3212 4446 3443 4511 dicitur,
3472 4459 3601 4515 quos
3624 4453 3681 4496 tu

2101 4550 2261 4614 nosti,
2286 4546 2426 4621 quod
2446 4562 2594 4602 senes
2617 4543 2799 4616 populi
2822 4552 2965 4610 sunt,
2990 4540 3236 4613 profecto
3260 4539 3430 4608 liquet
3450 4537 3578 4608 quia
3602 4553 3683 4593 se-

2098 4649 2292 4696 nectus
2319 4638 2539 4704 mentis,
2570 4650 2678 4692 non
2705 4634 2952 4706 corporis
2979 4630 3224 4704 eligenda
3253 4628 3552 4685 nuntiatur.

2174 4730 2278 4798 Qui
2302 4729 2569 4803 portarius
2595 4725 2782 4783 cellam
2797 4724 2944 4785 debet
2973 4722 3160 4777 habere
3175 4721 3335 4791 juxta
3355 4727 3558 4792 portam
3573 4733 3593 4783 ;
3623 4726 3681 4770 ut

2101 4821 2361 4878 venientes
2389 4833 2592 4890 semper
2613 4824 2923 4888 prementem
2952 4811 3243 4876 inveniant,
3273 4827 3306 4864 a
3330 4824 3434 4881 quo
3464 4823 3679 4879 respon-

2099 4926 2218 4965 sum
2247 4907 2528 4979 accipiant.
2561 4904 2702 4961 Hinc
2724 4910 2781 4960 et
2804 4903 2895 4958 alii
2923 4898 3132 4970 antiqui
3161 4897 3553 4977 monachorum
3578 4892 3683 4981 Pa-

2097 5013 2213 5061 tres
2237 5003 2531 5060 dixerunt:
2563 4997 2799 5056 Ostiario
2822 5009 2952 5051 cura
2982 4993 3073 5059 sit,
3102 5000 3165 5047 ut
3189 5005 3381 5047 omnes
3400 4988 3683 5044 venientes

2099 5096 2243 5152 intra
2269 5094 2469 5164 januas
2498 5091 2750 5161 recipiat,
2782 5088 2919 5145 dans
2942 5085 3025 5143 eis
3048 5097 3367 5156 responsum
3392 5082 3679 5138 honestum

2097 5202 2222 5242 cum
2241 5185 2545 5242 humilitate
2569 5189 2625 5238 et
2640 5172 2972 5243 reverentia,
2992 5176 3248 5232 nuntians
3265 5172 3470 5239 abbati,
3491 5168 3578 5226 vel
3600 5184 3681 5222 se-

2099 5280 2343 5335 nioribus
2366 5277 2488 5350 quis
2511 5273 2742 5337 venerit,
2785 5280 2843 5328 et
2862 5271 2992 5343 quid
3017 5268 3255 5341 petierit.
3288 5266 3347 5322 Si
3378 5262 3510 5336 quid
3551 5275 3683 5314 vero

2100 5371 2406 5442 cuicunque
2433 5368 2502 5424 de
2543 5366 2802 5423 fratribus
2840 5364 3067 5421 missum
3095 5361 3180 5418 vel
3227 5350 3684 5442 mandatumfuer-

2104 5463 2197 5530 rit,
2228 5441 2361 5516 nihil
2389 5461 2457 5516 ad
2495 5460 2675 5531 ipsum
2702 5457 3005 5528 perveniat,
3044 5452 3357 5524 priusquam
3383 5441 3564 5500 abbati
3594 5441 3681 5497 vel

2106 5549 2417 5606 senioribus
2447 5549 2737 5605 indicetur.

2179 5644 2248 5699 Et
2296 5660 2419 5699 mox
2445 5652 2501 5697 ut
2547 5642 2736 5713 aliquis
2760 5636 3045 5712 pulsaverit
3081 5640 3171 5686 aut
3198 5644 3397 5700 panper
3428 5624 3686 5681 clamave-

2110 5740 2197 5807 rit,
2230 5736 2337 5793 Deo
2364 5736 2561 5813 gratias
2595 5730 2923 5805 respondeat,
2956 5735 3043 5780 aut
3080 5721 3365 5778 bcncdicat.
3401 5719 3689 5791 Eleganter
