3992 6206
426 357 534 414 925

1720 349 2075 409 SMARAGDI
2109 351 2398 408 ABBATIS

3589 356 3702 412 99$

426 472 516 526 hic
544 471 679 525 duas
709 469 1040 526 venientium
1067 469 1258 523 beatus
1304 466 1483 537 posuit
1515 459 1842 522 Benedictus
1880 481 2004 537 per-
2035 463 2086 527 Λ
2112 463 2280 521 Storia
2309 467 2379 522 ad
2407 466 2575 523 laicos
2615 467 2927 538 pertinebit.
2961 467 3066 536 Ipsi
3107 466 3254 521 enim
3294 466 3531 521 triticum
3571 484 3702 538 pur-

425 575 611 615 sonas.
644 559 819 614 Unam
847 557 1105 628 potentis,
1138 557 1229 627 qui
1260 557 1549 626 si‘januam
1579 556 1894 611 monasterii
1917 557 2004 610 in-

423 651 641 706 venerit
663 651 928 714 clausam,
960 663 1123 703 manu
1151 649 1235 703 vel
1266 648 1409 703 fuste
1446 647 1808 718 pulSet'eam;
1845 647 2007 702 aliam

430 758 562 798 vero
592 742 843 812 pauperis
867 742 1047 811 posuit
1073 755 1380 811 personam,
1409 756 1529 810 qua:
1559 754 1666 794 non
1687 740 1887 810 pulsat,
1915 739 2010 794 sed

434 843 638 888 tantum
669 833 948 888 humiliter
975 833 1176 887 clamat
1200 833 1266 886 ad
1288 833 1533 903 ianuam.
1566 830 1772 898 Quibus
1800 839 1854 886 et
1879 829 2013 886 satis

427 933 549 993 apta
580 939 610 978 a
646 925 888 992 portario
932 922 1306 993 respon'dcnda
1355 922 1682 992 composuit,
1725 936 2008 992 responsa,

380 1036 406 1060 -.-
430 1015 688 1069 videlicet
709 1023 770 1069 ut
799 1030 933 1069 voce
961 1014 1218 1084 pauperis
1245 1014 1446 1079 audita,
1477 1013 1589 1068 Deo
1623 1014 1826 1083 gratias
1868 1019 2010 1081 agat,

426 1108 635 1176 potenti
669 1121 800 1161 vero
826 1120 1125 1161 occurrens
1152 1105 1366 1161 obviam
1407 1104 1688 1160 humiliter
1721 1103 1790 1158 ab
1818 1115 1884 1157 eo
1921 1103 2016 1157 bc-

430 1199 792 1252 nedictionem
818 1205 1002 1268 petat.”
1521 1191 1527 1196 ’

505 1289 572 1342 Et
600 1306 715 1344 eam
745 1290 886 1342 omni
915 1289 1319 1342 mansuetudine
1341 1289 1542 1342 timoris
1572 1286 1672 1342 Dei
1708 1286 1893 1340 reddat
1931 1299 2016 1339 re-

427 1397 676 1447 sponsum
705 1380 1016 1448 festinanter
1043 1397 1160 1434 rum
1201 1381 1404 1449 fervore
1443 1380 1740 1434 charitatis.
1787 1379 1927 1432 Hinc
1961 1386 2016 1431 et

427 1473 566 1526 alius
613 1472 834 1540 quidam
867 1473 1258 1526 monachorum
1307 1472 1571 1541 magister
1612 1471 1691 1524 ait
1735 1488 1747 1524 :
1783 1468 2015 1524 Portarii

429 1562 743 1616 tnontlsterii
803 1561 938 1615 tales
992 1576 1112 1618 esse
1165 1561 1383 1624 debent,
1431 1561 1529 1629 qui
1572 1561 1812 1615 omnium
1858 1557 2017 1613 simul

432 1657 736 1711 mercedem
764 1655 1033 1710 mdificent
1068 1663 1227 1710 artato
1257 1656 1412 1709 senili
1447 1657 1644 1726 quibus
1686 1656 1917 1710 nmndns
1945 1655 2019 1709 si-

428 1748 522 1812 let,
556 1748 646 1816 qui
674 1747 787 1817 jam
814 1763 878 1800 ex
909 1748 1264 1816 prmsentibns
1290 1747 1502 1817 pompis
1526 1747 1660 1801 nihil
1684 1745 2020 1814 desiderent,

2108 565 2258 627 gent,
2277 557 2378 629 ipsi
2403 573 2470 612 ex
2487 575 2640 613 more
2655 559 2881 613 molant.
2900 557 3132 614 Massam
3153 547 3493 614 tantumdem
3517 578 3703 619 mona-

2109 648 2195 702 chi
2213 648 2523 715 conﬁciant,
2541 658 2596 705 et
2618 665 2811 721 panem
2831 649 2932 705 sibi
2952 650 3190 720 propriis
3209 652 3459 707 manibus
3475 652 3700 710 faciant.

2184 737 2339 793 Hanc
2377 747 2549 794 autem
2576 741 2814 812 regulam
2841 741 3033 811 swpius
3061 740 3298 796 volumus
3332 743 3387 796 in
3411 761 3702 818 congrega-

2113 829 2253 882 tione
2279 828 2402 900 legi,
2439 846 2504 884 ne
2541 831 2659 902 quis
2690 831 2917 900 fratrum
2957 831 3021 885 de
3047 833 3354 902 ignorantia
3387 851 3442 888 se
3469 851 3702 894 excuset.

2114 916 2252 971 Hinc
2287 927 2345 972 et
2389 920 2581 974 beatus
2615 920 2953 990 Augustinus
2993 921 3070 975 ait
3105 940 3119 974 :
3164 921 3234 977 Ut
3273 933 3454 979 autem
3494 941 3591 981 vos
3647 929 3700 983 in

2115 1011 2218 1064 hoc
2249 1010 2456 1075 libello,
2491 1019 2749 1080 tanquam
2795 1013 2846 1066 in
2904 1013 3125 1082 speculo
3157 1013 3379 1083 possitis
3413 1015 3702 1086 inspicere,

2113 1111 2187 1155 ne
2227 1115 2328 1171 per
2363 1102 2692 1157 oblivionem
2725 1101 2930 1173 aliquid
2957 1103 3246 1176 negtigatis
3267 1147 3280 1171 ,
3311 1107 3478 1161 semel
3520 1110 3569 1162 in
3612 1126 3696 1164 sc-

2114 1191 2356 1261 ptimana
2382 1193 2534 1248 vobis
2559 1193 2798 1265 legatur,
2830 1203 2883 1249 et
2911 1195 3002 1250 ubi
3034 1211 3131 1250 vos
3158 1196 3473 1253 inveneritis
3494 1215 3555 1253 ea
3585 1217 3703 1268 quat

2115 1283 2316 1353 scripta
2362 1293 2489 1338 sunt
2519 1284 2779 1340 facientes
2802 1327 2816 1350 ,
2854 1285 2998 1355 agite
3035 1287 3241 1356 gratias
3270 1287 3496 1343 Domino
3527 1291 3702 1345 hono-

2117 1391 2238 1429 rum
2283 1377 2526 1431 omnium
2567 1377 2830 1448 largitori.
2885 1377 2985 1433 Ubi
3019 1388 3202 1433 autem
3242 1380 3343 1434 sibi
3392 1383 3704 1452 quicunque

2117 1473 2357 1520 vestrum
2399 1468 2550 1522 videt
2580 1467 2779 1538 aliquid
2810 1469 3020 1535 deesse,
3071 1469 3252 1524 doleat
3279 1471 3344 1524 de
3377 1475 3658 1540 prmterito
3684 1515 3698 1536 ,

2118 1567 2309 1614 caveat
2353 1560 2420 1614 de
2453 1559 2654 1624 futuro,
2707 1576 2869 1615 orans
2905 1569 2967 1614 ut
3003 1561 3107 1616 sibi
3151 1559 3390 1616 debitum
3433 1564 3704 1629 dimittat,

2118 1662 2174 1707 et
2211 1652 2263 1705 in
2303 1651 2657 1706 tcntationem
2697 1668 2802 1706 non
2846 1652 3150 1708 inducatur.
3202 1652 3338 1707 llinc
3373 1662 3428 1708 et
3453 1654 3706 1711 Aurelius

2119 1742 2410 1812 episcopus
2453 1742 2528 1795 ait
2560 1760 2572 1795 :
2607 1741 2686 1796 Nc
2732 1756 2827 1812 per
2864 1742 3191 1797 oblivionem
3233 1744 3436 1812 aliquid
3466 1745 3704 1816 negliga-

429 1843 524 1895 st-d
561 1813 612 1893 in
650 1813 764 1893 toto
791 1813 971 1893 cordis
1015 1838 1210 1893 ali'ectu
1257 1813 1500 1917 C—reznori
1533 1839 1862 1894 inhmrentes
1903 1813 2017 1893 siu—
2047 1813 2091 1872 Β
2119 1834 2211 1898 tis,
2248 1833 2416 1888 semel
2444 1847 2508 1887 ca
2550 1834 2605 1888 in
2632 1832 2823 1903 viginti
2857 1833 3046 1888 diebus
3072 1833 3256 1904 legite,
3293 1833 3345 1888 id
3375 1843 3458 1888 est
3482 1876 3498 1898 ,
3532 1813 3586 1889 in
3611 1813 3706 1888 lia-

427 1931 535 2001 gnii
555 1931 641 1983 dic
661 1937 737 1983 mt
763 1949 774 1982 :
807 1929 936 1982 Mihi
956 1939 1132 1983 autent
1159 1927 1428 1983 adinrrere
1450 1930 1562 1983 Deo
1591 1929 1784 1983 bonum
1811 1939 1909 1994 est,
1927 1946 2013 1999 po-

433 2035 552 2070 nere
575 2019 629 2070 in
657 2017 879 2072 Domino
899 2017 1002 2070 Deo
1025 2033 1166 2087 spent
1192 2033 1380 2080 meum,
1410 2017 1571 2071 talem
1597 2033 1812 2087 semper
1836 2033 2021 2086 super-

430 2109 771 2163 venientibus
799 2111 1092 2164 ostendant
1121 2109 1449 2180 exemplum,
1479 2120 1539 2164 ut
1565 2118 1621 2164 et
1645 2109 1777 2164 foris
1808 2111 1876 2164 ab
1918 2125 2017 2165 ert-

428 2199 634 2255 traneis
678 2215 872 2255 nomen
919 2199 1134 2256 Domini
1163 2201 1514 2272 glorificetur,
1545 2202 1702 2272 juxta
1746 2202 1889 2271 quod
1920 2203 2021 2269 Do-

430 2291 611 2347 minus
639 2291 713 2344 ait
738 2308 751 2342 :
784 2291 875 2345 Sic
900 2290 1070 2344 luceat
1095 2290 1188 2344 lux
1210 2300 1382 2346 vestra
1416 2309 1594 2346 coram
1615 2291 1937 2356 hominibus,
1961 2301 2019 2345 ut

416 2380 637 2450 rideant
678 2397 835 2449 opera
863 2393 1032 2434 vestra
1080 2381 1239 2446 bona,
1285 2392 1333 2435 et
1359 2381 1649 2451 gloriﬁcent
1683 2381 1895 2436 Patrem
1935 2399 2020 2437 ve-

429 2482 617 2535 strum,
646 2471 737 2542 qui
761 2472 814 2524 in
841 2472 981 2525 cmlis
1011 2482 1086 2526 est
1110 2471 1328 2543 (Matth.
1353 2473 1440 2543 v);
1469 2482 1523 2527 et
1545 2474 1690 2527 intus
1715 2489 1840 2529 cum
1866 2473 2021 2529 soda-

431 2563 570 2619 libus
605 2565 720 2620 suis
759 2564 1029 2620 mercedis
1057 2572 1367 2636 prteparent
1407 2564 1576 2628 lucra,
1612 2565 1739 2619 dum
1775 2565 2018 2620 omnium

431 2659 548 2712 vice
581 2659 714 2713 foris
749 2666 948 2729 gerunt
972 2673 1177 2712 curam.
1209 2645 1303 2712 Sic
1325 2658 1468 2712 cauti
1497 2658 1744 2713 moribus
1769 2673 1894 2712 cum
1913 2659 2021 2711 vir-

435 2759 611 2804 tutum
645 2749 905 2820 magistra
954 2745 1258 2804 humilitate
1308 2749 1565 2813 existant,
1610 2758 1671 2802 ut
1706 2749 1882 2804 omnis
1924 2761 2021 2818 pa-

431 2839 637 2893 tientiae
666 2839 1034 2893 blandimenta
1067 2855 1132 2893 ex
1157 2838 1425 2907 colloquio
1456 2837 1654 2892 affabili
1693 2838 2016 2904 ostendant;

429 2948 748 3004 pauperum,
796 2932 1207 3003 peregrinorum
1253 2939 1309 2986 et
1341 2931 1615 3001 hospitum
1645 2945 1830 2986 curam
1881 2930 2023 2986 inter

427 3025 612 3081 omnia
642 3024 931 3089 habentes,
957 3024 1082 3092 quia
1111 3023 1165 3078 in
1190 3023 1276 3076 his
1299 3022 1549 3076 Christus
1577 3021 1889 3091 suscipitur,
1915 3021 2022 3076 sic-

428 3125 490 3170 ut
509 3116 736 3184 ipseait:
756 3114 910 3179 Quod
930 3115 1022 3166 uni
1040 3129 1105 3168 ex
1128 3113 1356 3165 minimis
1376 3114 1501 3166 meis
1517 3113 1735 3184 fecistis,
1755 3113 1885 3165 mihi
1899 3111 2022 3180 feci-

427 3207 522 3259 stis
540 3205 754 3275 (Matth.
787 3204 940 3273 xxv).
957 3202 1115 3256 Foris
1129 3203 1328 3272 aliquid
1347 3205 1497 3266 dare,
1523 3204 1605 3257 vel
1628 3203 1849 3256 cuilibet
1863 3203 2022 3256 mini-

427 3305 626 3358 strare,
658 3292 744 3345 vel
792 3308 820 3346 a
851 3291 986 3346 foris
1016 3291 1222 3360 aliquid
1252 3293 1520 3362 accipere,
1572 3293 1879 3348 nullatenus
1905 3293 2023 3348 sine

431 3393 738 3438 commeatu
768 3382 985 3438 abbatis
1014 3380 1192 3436 facere
1219 3389 1530 3450 praesumat.
1560 3381 1602 3434 A
1630 3379 1783 3452 signo
1807 3393 2023 3451 veSper-

428 3469 542 3530 tini)
571 3491 741 3546 usque
773 3475 840 3530 ad
875 3475 1168 3530 secundam
1204 3474 1479 3544 impletam
1511 3473 1820 3530 nullatenus
1844 3483 2024 3545 porta-

430 3583 552 3622 rum
599 3568 744 3624 fores
772 3569 1110 3638 aperiantur,
1142 3581 1316 3637 neque
1360 3566 1504 3620 ullus
1531 3580 1561 3619 a
1602 3565 1734 3621 foris
1764 3566 2021 3621 introitus

429 3662 673 3729 patefiat,
722 3660 815 3715 sed
849 3661 892 3714 si
943 3659 1241 3716 necessitas
1281 3657 1557 3713 advenerit
1596 3673 1696 3727 per
1721 3656 2018 3713 fenestram

429 3761 603 3810 totum
637 3750 985 3804 deliberetur.

503 3844 606 3910 Qui
644 3844 910 3913 portarius
937 3843 981 3897 si
1012 3842 1204 3912 indiget
1249 3841 1751 3912 solatio,juniorem
1797 3840 2017 3909 fratrem

426 3937 673 4006 accipiat.
704 3934 841 3989 llinc
871 3943 926 3989 ct
965 3933 1105 3988 alius
1132 3933 1297 3988 Pater
1327 3933 1404 3987 ait
1441 3951 1454 3991 :
1490 3929 1712 3987 Duobus
1756 3932 2018 3987 fratribus

426 4026 560 4082 cella
611 4026 753 4080 intra
800 4024 979 4097 regias
1029 4023 1343 4078 monasterii
1392 4022 1776 4087 constituatur,
1823 4023 1913 4092 qui
1960 4029 2016 4076 et

423 4119 682 4174 claudant
737 4115 1127 4171 monasterium
1176 4123 1300 4184 post
1343 4122 1630 4178 exeuntes,
1661 4120 1716 4167 et
1766 4113 2017 4184 aperiant

425 4211 776 4276 intrantibus,
827 4216 883 4263 et
922 4206 1272 4263 advenientes
1318 4206 1569 4260 nuntient
1620 4205 1822 4259 abbati.
1874 4201 2014 4259 Vasa

424 4301 512 4356 vel
541 4302 751 4373 reliqua
797 4299 1069 4365 utensilia,
1117 4315 1237 4369 qua:
1287 4299 1353 4352 ad
1393 4297 1663 4367 b05pitnm
1709 4314 1838 4352 usus
1863 4298 2014 4369 baju-

423 4394 562 4457 lant,
596 4409 660 4448 ac
689 4392 736 4448 si
777 4399 996 4447 sacrata
1039 4390 1149 4445 Deo
1179 4389 1509 4452 custodiant,
1545 4406 1612 4444 ne
1641 4405 1738 4460 per
1773 4391 2012 4460 ipsorum

2118 1924 2312 1980 lendis.
2342 1923 2454 1979 Nos
2482 1933 2660 1979 autem
2691 1925 2929 1993 regulam
2955 1933 3191 1980 nostram
3216 1942 3320 1980 non
3348 1927 3520 1981 solum
3543 1930 3704 1982 semel

2119 2015 2174 2070 in
2208 2015 2496 2076 Kalendis,
2540 2015 2622 2069 vel
2655 2012 2706 2069 in
2746 2016 3102 2077 behdomada,
3146 2016 3238 2071 sed
3273 2017 3437 2072 etiam
3467 2020 3706 2088 quotidie

2120 2109 2175 2163 in
2224 2107 2513 2162 collatione
2553 2107 2806 2179 legimus,
2837 2117 2894 2161 ut
2923 2106 3039 2174 ejus
3060 2117 3333 2180 pneccpta
3359 2125 3706 2182 cognoscere,

2121 2208 2178 2256 et
2229 2199 2297 2253 ad
2354 2215 2551 2268 purum
2592 2198 2890 2269 intelligere
2938 2201 3214 2255 valeamus
3243 2241 3257 2265 ,
3303 2210 3362 2256 et
3397 2217 3460 2256 ea
3520 2203 3705 2258 intelli-

2121 2300 2310 2363 gentes
2323 2291 2409 2346 vel
2433 2293 2729 2346 secundum
2749 2290 3162 2362 possibilitatem
3188 2293 3452 2348 memoria
3479 2295 3704 2350 retinen-

2119 2392 2224 2448 tes,
2253 2381 2548 2454 atijtivatite
2575 2381 2816 2450 Christo,
2839 2383 3065 2454 implere
3093 2384 3347 2455 aperibus
3372 2385 3669 2444 valeamus.

2671 2473 2905 2538 CAPUT
2948 2471 3157 2530 LXVII.

2507 2553 2591 2618 De
2620 2563 2872 2635 fratribus
2898 2567 2951 2619 in
2978 2566 3058 2620 via
3083 2565 3314 2620 directis.

2191 2655 2466 2727 Dirigenrli
2493 2655 2684 2725 fratres
2705 2655 2759 2710 in
2784 2656 2868 2709 via
2893 2657 3126 2710 omnium
3158 2649 3383 2727 fratrum
3409 2656 3490 2712 vel
3509 2659 3707 2713 abbatis

2123 2750 2350 2804 orationi
2373 2767 2429 2804 se
2455 2748 2833 2802 commendent.
2869 2747 2964 2803 llis
2990 2763 3121 2805 vero
3152 2749 3412 2805 fratribus
3438 2752 3490 2805 in
3526 2751 3609 2804 via
3634 2752 3703 2806 di-

2121 2841 2362 2912 rigendis
2401 2849 2527 2897 ante
2562 2841 2733 2896 altare
2773 2844 3085 2912 prostratis,
3116 2852 3173 2899 et
3211 2843 3278 2898 ab
3306 2845 3563 2901 omnibus
3588 2862 3703 2900 ora-

2123 2933 2329 2987 tionem
2359 2934 2727 3002 poseentibus,
2759 2933 2908 2988 dicat
2935 2936 3190 2989 sacerdos
3211 2935 3311 2990 hos
3345 2949 3537 2990 versus
3555 2978 3568 3001 ,
3597 2938 3707 3006 ipso

2122 3030 2304 3077 tamen
2353 3022 2667 3092 incipiente,
2714 3030 2769 3077 et
2815 3023 2937 3079 aliis
2979 3027 3480 3094 respondentibus:
3528 3028 3708 3081 Salros

2124 3111 2210 3181 fac
2233 3127 2430 3166 servos
2459 3123 2595 3178 tuos,
2633 3112 2771 3168 Deus
2809 3131 2976 3180 meus,
3009 3126 3277 3186 sperantes
3303 3117 3357 3170 in
3397 3122 3464 3170 t‘e.
3510 3117 3708 3185 Per/ire

2123 3221 2332 3274 gressus
2361 3221 2503 3259 meos
2531 3206 2586 3258 in
2617 3207 2813 3260 semitis
2840 3208 2966 3273 tuis,
2997 3217 3054 3261 ut
3093 3224 3197 3261 non
3223 3219 3531 3262 mereantur
3569 3211 3703 3263 vesti-

2121 3300 2208 3372 gia
2238 3317 2372 3355 mea.
2423 3301 2664 3355 Lucerna
2702 3302 2917 3373 pedibus
2958 3303 3086 3358 meis
3130 3304 3336 3358 verbum
3382 3315 3557 3364 tuum,
3601 3305 3706 3358 Do-

2119 3394 2281 3457 mine,
2311 3401 2358 3446 et
2389 3392 2564 3446 lumen
2597 3395 2797 3447 semitis
2832 3396 2979 3448 meis.
3016 3393 3229 3465 Angelis
3249 3396 3358 3448 suis
3389 3393 3532 3448 Dens
3565 3409 3703 3448 man-

2120 3483 2262 3539 rlavit
2285 3484 2348 3538 de
2371 3492 2441 3548 te,
2470 3494 2526 3537 ut
2555 3486 2852 3538 custodiant
2883 3495 2932 3539 te
2969 3484 3024 3538 in
3051 3486 3294 3538 omnibus
3330 3486 3426 3538 riis
3448 3488 3578 3539 tuis.
3616 3485 3704 3541 llis

2119 3577 2378 3647 peractis,
2431 3577 2575 3630 hanc
2621 3575 2875 3630 sacerdos
2905 3576 3170 3646 orationis
3211 3576 3356 3630 dicat
3383 3576 3703 3631 collectam:

2118 3666 2348 3737 Angelus
2394 3667 2607 3720 Domini
2647 3665 2810 3720 bonus
2859 3667 3136 3720 comitetur
3165 3666 3456 3730 vobiscum,
3503 3677 3558 3718 ut
3597 3679 3699 3735 per-

2118 3768 2236 3813 acto
2272 3759 2580 3813 obedientite
2610 3775 2768 3812 cursu
2816 3759 2885 3811 ad
2909 3776 3004 3812 nos
3043 3759 3234 3812 iterum
3278 3760 3613 3812 revertamini
3654 3757 3700 3810 in

2117 3847 2331 3918 gaudio,
2361 3864 2454 3918 per
2496 3847 2802 3913 Dominum,
2834 3857 2939 3902 etc.
2975 3845 3084 3903 Sed
3128 3863 3198 3902 ne
3225 3845 3396 3900 frater
3439 3848 3495 3901 in
3529 3847 3610 3900 via
3637 3846 3694 3898 (fi-

2119 3939 2326 4009 rigatur
2354 3937 2522 4004 solus,
2552 3939 2820 3993 sententia
2862 3954 2960 3993 nos
2999 3940 3158 3995 docet
3186 3937 3434 4002 Patrum,
3479 3955 3597 4008 qua:
3629 3938 3695 3991 di-

2117 4027 2233 4082 cit:
2283 4027 2363 4081 Διὶ
2396 4029 2708 4083 necessaria
2749 4030 3039 4097 qmcrenda
3082 4029 3195 4085 bini
3234 4029 3585 4100 egrediantur
3624 4028 3696 4080 vel

2118 4119 2258 4173 terni
2284 4116 2501 4184 fratres,
2530 4127 2584 4173 et
2615 4114 2775 4189 tales,
2797 4103 3004 4188 'quibus
3037 4119 3302 4186 creditur,
3329 4135 3441 4174 non
3468 4120 3557 4189 qui
3597 4133 3704 4172 τοιύ

2115 4211 2402 4266 bositatem
2435 4219 2528 4265 aut
2567 4184 2766 4282 gulam.
2780 4184 3076 4271 sectentur.

2186 4299 2257 4353 Et
2312 4316 2514 4370 semper
2559 4297 2628 4353 ad
2680 4299 3044 4354 adorationem
3091 4299 3334 4352 ultimam
3383 4298 3564 4368 operis'
3609 4293 3694 4348 Dei

2116 4389 2539 4447 commemoratio
2586 4391 2819 4444 omnium
2859 4389 3152 4444 absentium
3187 4388 3303 4459 fiat.
3355 4389 3469 4442 iioc
3496 4389 3548 4442 in
3587 4386 3695 4438 loco

424 4483 727 4552 neglectum
756 4485 825 4538 ab
851 4482 968 4553 ipso
995 4478 1301 4536 mercedem
1331 4495 1434 4534 non
1467 4481 1732 4551 recipiant
1753 4479 1905 4550 cujus
1926 4497 2011 4537 res
2033 4520 2089 4581 Β
2115 4480 2431 4552 priusquam
2455 4481 2938 4550 quinquagesimus
2963 4480 3205 4550 psalmus
3233 4480 3538 4542 inclinetur,
3561 4493 3588 4530 a
3619 4489 3692 4530 sa-

401 4575 728 4646 .diripiendo
760 4591 864 4630 non
894 4580 1133 4630 servant.

500 4665 882 4721 Monasterium
921 4675 1121 4730 autem,
1160 4662 1206 4717 si
1229 4663 1390 4734 possit
1423 4662 1562 4733 ﬁeri,
1608 4664 1681 4715 ita
1712 4663 1858 4716 debet
1888 4679 2012 4716 con-

399 4759 595 4823 .strui;
639 4767 696 4812 ut
735 4759 910 4812 omnia
944 4756 1239 4812 necessaria
1280 4795 1294 4820 ,
1333 4754 1386 4807 id
1417 4764 1514 4820 est,
1565 4772 1726 4826 aqua,
1760 4753 2015 4807 molendi—

428 4867 580 4915 num,
613 4850 817 4915 hortus,
843 4851 1146 4920 pistrinum,
1171 4848 1247 4904 vel
1275 4859 1412 4902 artes
1436 4849 1652 4902 dieersw
1673 4847 1811 4900 intra
1835 4863 2016 4899 mona-

425 4941 644 4994 sterium
690 4951 1063 5008 exerceantur;
1108 4951 1164 4994 ut
1208 4958 1312 4995 non
1342 4939 1408 4994 sit
1439 4937 1718 4994 necessitas
1744 4936 2014 4990 monachis

426 5034 654 5105 uagandi
699 5034 878 5102 foras;
922 5035 1047 5105 quia
1092 5035 1304 5090 omnino
1353 5050 1454 5088 non
1491 5031 1693 5103 expedit
1735 5032 2009 5086 animabus

427 5141 630 5180 eorum.
656 5124 793 5180 Hinc
820 5133 878 5178 et
901 5123 1038 5182 alius
1068 5129 1455 5182 monachorum
1486 5124 1649 5180 Pater
1669 5123 1745 5179 ait
1775 5143 1786 5178 :
1815 5124 2008 5179 Omnia

427 5219 737 5278 necesaria
779 5217 927 5274 intus
964 5219 1105 5274 intra
1137 5221 1315 5291 regias
1354 5235 1474 5275 esse
1512 5225 1750 5289 Oportet,
1799 5217 1850 5272 id
1881 5225 1963 5271 est
1990 5257 2005 5282 ,

424 5312 637 5378 furnos,
677 5309 982 5372 machinas,
1015 5306 1375 5378 refrigerium,
1425 5308 1633 5373 hortos,
1689 5305 1774 5361 vel
1825 5306 2008 5360 omnia

424 5401 758 5466 necessaria,
783 5407 843 5455 ut
867 5413 976 5454 non
1025 5398 1098 5454 sit
1141 5412 1277 5468 Opus
1306 5397 1621 5468 frequenter
1657 5399 1802 5454 foras
1825 5397 2008 5468 egredi

426 5492 642 5547 fratres.
682 5490 817 5546 Cum
847 5503 978 5559 ergo
1018 5488 1133 5543 haec
1162 5487 1346 5542 omnia
1389 5488 1534 5542 intus
1571 5485 1771 5544 fuerint
1809 5488 2012 5545 consti-

426 5591 564 5648 tuta,
591 5584 774 5640 clausa
804 5583 876 5638 sit
902 5596 1117 5652 semper
1144 5579 1456 5635 monasterii
1489 5579 1792 5651 regia,qu:e
1817 5597 1848 5635 a
1879 5579 2013 5636 foris

429 5675 716 5729 cercellum
745 5675 941 5730 habeat
965 5674 1223 5738 ferreum,
1257 5686 1362 5742 quo
1386 5686 1414 5724 a
1447 5670 1701 5725 veniente
1743 5687 2010 5726 concusso

429 5762 716 5831 cujuslibet
753 5766 896 5821 intus
926 5767 1192 5822 indicetur
1229 5765 1509 5821 adventus.
1551 5762 1656 5819 Ars
1702 5771 1880 5818 autem
1931 5765 2009 5834 pi»

2117 4574 2336 4628 certlote
2377 4571 2631 4626 dicatur:
2681 4571 2907 4625 Oremus
2954 4588 3049 4641 pro
3085 4569 3348 4640 fratribus
3387 4569 3578 4625 nostris
3619 4566 3693 4617 nb-

2117 4664 2365 4720 sentibus.
2402 4663 2684 4719 Fratribus
2714 4677 2846 4716 vero
2874 4662 3323 4731 respondentibus
3350 4675 3364 4715 :
3411 4658 3597 4714 Salvos
3616 4655 3692 4725 fac

2119 4773 2289 4811 servos
2319 4765 2454 4818 tuos,
2483 4753 2623 4810 Deus
2647 4769 2812 4819 meas,
2839 4764 3108 4824 sperantes
3138 4753 3192 4806 in
3226 4762 3297 4817 te,
3343 4754 3691 4822 prosequatur

2119 4845 2371 4900 sacerdos
2441 4853 2498 4899 et
2556 4845 2765 4899 dicat:
2834 4841 2983 4896 Mitte
3049 4843 3169 4907 eis,
3227 4841 3490 4904 Domine,
3557 4835 3693 4891 ausi.

2121 4935 2250 4988 lium
2277 4935 2341 4988 de
2367 4943 2567 4989 sancto.
2601 4932 2929 5003 Fratresque
2957 4932 3322 5001 respondeant
3346 4947 3360 4984 :
3393 4930 3457 4982 Et
3486 4929 3550 4983 de
3573 4927 3690 4981 Sion

2117 5037 2262 5081 tuere
2283 5044 2388 5082 eos.
2417 5026 2549 5083 item
2577 5025 2831 5081 sacerdos
2857 5025 3000 5080 dicat
3027 5040 3045 5078 :
3084 5024 3329 5090 Domine,
3357 5023 3550 5078 exaudi
3578 5035 3689 5074 ora-

2118 5120 2311 5174 tionem
2335 5135 2522 5174 meam.
2552 5117 2935 5188 Respoudeant
2958 5115 3158 5172 fratres
3186 5134 3202 5171 :
3241 5115 3309 5170 Et
3333 5115 3534 5169 clamor
3557 5127 3688 5167 meus

2118 5212 2188 5265 ad
2217 5221 2265 5266 te
2307 5213 2496 5266 veniat.
2541 5211 2608 5265 Et
2638 5219 2765 5266 tunc
2810 5211 3177 5278 subsequatur
3221 5205 3686 5279 quinquagesimns

2119 5303 2360 5375 psalmus
2397 5305 2464 5357 ab
2491 5303 2746 5358 omnibus
2774 5302 3211 5356 decantantibus.

2193 5391 2522 5450 Revertentes
2567 5401 2743 5446 autem
2784 5391 2848 5445 de
2875 5392 2956 5445 ria
2989 5391 3205 5461 fratres,
3231 5391 3346 5461 ipso
3372 5390 3458 5443 die
3484 5403 3584 5459 quo
3615 5399 3685 5437 re-

2118 5486 2300 5551 deunt,
2325 5501 2418 5555 per
2441 5499 2618 5538 ontnes
2648 5483 2931 5537 canonicos
2958 5483 3118 5537 horas
3151 5483 3275 5535 dum
3317 5479 3550 5546 expletur
3567 5489 3683 5539 opus

2118 5576 2235 5640 Dei,
2264 5575 2514 5648 prostrati
2537 5573 2648 5629 solo
2677 5574 2898 5628 oratorii
2932 5574 2996 5628 ab
3027 5574 3267 5627 omnibus
3303 5583 3480 5642 petant
3507 5567 3683 5623 oratio-

2119 5685 2232 5723 nem
2260 5676 2472 5738 propter
2495 5681 2756 5730 excessus,
2789 5683 2851 5720 ne
2877 5666 3006 5735 quid
3035 5664 3166 5734 forte
3196 5663 3508 5732 subripuerit
3525 5660 3580 5712 in
3605 5674 3677 5710 ma

2117 5760 2252 5812 risus
2284 5768 2374 5811 aut
2403 5756 2615 5814 auditus
2649 5755 2803 5810 malta
2835 5757 2925 5821 rei,
2964 5765 3054 5810 aut
3087 5754 3238 5810 otiosi
3274 5751 3540 5809 senuenis.
3561 5746 3676 5802 Pro-
