3992 6206
323 301 426 358 ωδ

1361 302 1716 359 COMMENT.
1754 301 1824 356 IN
1863 301 2024 358 ιιιχι.
2067 302 2126 358 S.
2168 303 2557 369 BENEDICTI.

3493 315 3604 371 926

322 425 444 486 pter
474 427 732 467 excessus
763 411 914 476 dicit,
959 409 1010 464 id
1046 419 1126 466 cst
1145 455 1158 479 ,
1203 425 1424 484 propter
1467 404 1914 484 transgressionis
1942 420 1987 478 Α
2017 415 2385 486 injunguntur,
2415 419 2668 488 suscipiat
2691 421 2901 491 quidem
2915 424 3150 491 jubentis
3175 414 3448 496 imperiam
3475 447 3602 486 cum

323 508 552 575 lapsum.
585 502 692 557 Sed
722 518 820 572 pro
848 501 1044 572 quibus
1077 505 1392 559 excessibus
1416 496 1577 566 dicat,
1609 506 1723 576 ipse
1745 521 1910 573 expo-

323 597 405 650 nit
442 594 630 649 dicens
658 609 669 644 :
704 590 780 644 Nc
805 592 890 646 cui
918 590 1056 646 forte
1079 594 1409 666 subripucrit
1431 595 1484 648 in
1510 595 1597 648 via
1623 595 1790 658 visus,
1815 602 1910 648 ant

321 688 541 741 auditus
569 684 724 738 mala:
764 685 877 747 rei,
919 692 1009 737 aut
1042 686 1202 739 Otiosi
1243 687 1528 741 sermonis.
1561 685 1727 756 Cujus
1749 682 1909 740 'malt'e

326 779 397 833 rei
428 778 573 831 dicat
599 775 862 845 propheta
893 763 1145 844 loquente
1170 776 1428 846 intellige.
1453 775 1543 830 Ait
1585 777 1728 830 enim
1758 797 1770 831 :
1804 775 1908 841 Qui

316 869 513 924 excutit
549 884 736 920 manus
762 883 887 920 suas
913 865 977 919 ab
1017 867 1159 920 omni
1190 883 1421 932 munere,
1450 879 1494 920 et
1523 868 1732 924 obturat
1752 882 1908 920 aures

315 979 464 1025 suas,
496 977 558 1016 ne
582 959 764 1012 audiat
788 959 1133 1027 sanguinem,
1160 969 1207 1011 et
1237 958 1436 1011 claudit
1458 958 1635 1012 oculos
1665 973 1787 1012 suos
1805 999 1819 1023 ,
1843 975 1906 1012 ne

316 1051 487 1108 rideat
517 1049 740 1115 malum,
769 1051 865 1102 iste
887 1051 939 1103 in
970 1049 1186 1103 excelsis
1215 1050 1470 1103 habitabit
1499 1050 1654 1120 (lsai.
1684 1050 1900 1120 XXXIII).

317 1144 734 1199 “evertentibus
781 1150 960 1199 autem
1011 1141 1078 1198 de
1119 1130 1227 1206 via,
1279 1153 1334 1196 et
1371 1144 1594 1197 oratorii
1640 1143 1754 1196 solo
1785 1158 1906 1212 pro-

315 1237 506 1290 stratis
537 1233 950 1302 orationemque
980 1233 1304 1302 petentibus,
1333 1235 1475 1288 banc
1513 1234 1592 1286 cis
1617 1233 1901 1287 collectam

315 1327 572 1380 sacerdos
609 1324 757 1378 dicat
784 1364 796 1377 .
841 1322 1177 1388 Quwsumus,
1205 1325 1529 1392 omnipotens
1555 1323 1717 1387 Deus,
1744 1333 1798 1376 ut
1817 1323 1904 1376 'IIis

315 1415 533 1484 fontalis
564 1415 688 1477 tuis,
721 1431 851 1484 quos
881 1413 949 1466 ad
978 1430 1070 1467 nos
1101 1413 1385 1466 incolumes
1417 1412 1482 1465 de
1506 1413 1591 1466 via
1625 1412 1797 1465 redire
1826 1411 1902 1480 fe-

314 1507 456 1570 cisti,
487 1505 740 1576 quidquid
766 1503 876 1557 illic
901 1502 1208 1573 impediente
1234 1501 1522 1572 fragilitate
1548 1502 1899 1573 deliquerunt,

313 1606 370 1648 tu
399 1595 714 1667 propitiatus
756 1594 1015 1659 dimittas,
1062 1609 1154 1663 per
1181 1592 1488 1656 Dominum,
1521 1601 1627 1647 etc.
1680 1592 1817 1646 Hinc
1846 1599 1903 1645 et

313 1687 552 1742 Isidorus
581 1686 655 1741 ait
704 1705 716 1740 :
751 1686 977 1752 Quanto
1011 1683 1207 1737 fratres
1252 1681 1399 1737 foras
1446 1682 1896 1751 proﬁciscuntur,

2013 509 2154 560 omni
2183 512 2582 565 inassuetndine
2603 523 2652 566 et
2689 513 3004 568 obedientia.
3041 515 3194 581 Quod
3215 519 3262 570 si
3283 521 3496 574 omnino
3511 523 3597 578 oi-

2014 601 2151 652 rium
2179 617 2398 655 suarum
2423 620 2721 658 mensuram
2750 607 2934 660 uiderit
2965 610 3171 677 pondus
3195 612 3464 678 excedere,
3495 616 3600 670 int-

2010 692 2369 760 possibititatis
2399 711 2510 748 sum
2538 713 2728 751 causas
2766 700 2814 752 ei
2855 701 2947 767 qui
2974 701 3076 754 sibi
3103 713 3312 771 preat,
3341 706 3600 774 patienter
3639 704 3643 708 ’

2011 793 2060 835 et
2094 796 2386 854 opportune
2419 799 2684 858 suggeret.
2711 790 2847 845 Cum
2871 794 3018 848 omni
3058 798 3474 852 mansuetudine
3517 801 3599 857 di-

2009 877 2105 939 cit,
2148 876 2200 931 id
2229 887 2335 943 est,
2369 893 2491 934 cum
2522 882 2671 936 omni
2700 886 2964 939 modestia
2990 895 3047 939 et
3073 887 3316 943 lenitate.
3347 890 3597 947 Mansue-

2011 975 2096 1020 tus
2121 976 2207 1022 est
2234 969 2400 1035 enim,
2434 971 2524 1038 qui
2555 971 2686 1026 nulli
2718 973 2974 1043 iniuriam
3004 975 3212 1045 irrogat
3243 997 3256 1031 :
3289 980 3470 1034 dictus
3493 997 3593 1035 au-

2008 1063 2116 1109 tem
2162 1067 2499 1138 mansuetus,
2545 1062 2702 1130 quasi
2750 1079 2913 1117 manu
2959 1076 3227 1122 assuetus.
3265 1068 3412 1125 Talis
3439 1071 3586 1125 enim

2007 1146 2168 1200 debet
2189 1162 2310 1202 esse
2343 1151 2662 1216 monachus,
2693 1168 2799 1208 non
2828 1163 3119 1210 contumax
3163 1167 3258 1211 aut
3302 1161 3588 1229 superbus.

2009 1235 2162 1291 Unde
2195 1247 2248 1291 et
2275 1239 2524 1306 sequitur
2552 1259 2565 1294 :

2080 1325 2203 1380 Non
2225 1329 2586 1398 superbiendo,
2603 1341 2694 1384 aut
2717 1333 3026 1398 resistendo,
3052 1335 3132 1389 vel
3151 1339 3580 1394 contradicendo.

2007 1413 2380 1484 Superbiondo
2418 1420 2560 1473 enim
2603 1421 2864 1488 magistro
2890 1423 3117 1489 resistit,
3147 1427 3240 1494 qui
3273 1429 3453 1484 verbis
3486 1429 3588 1486 im-

2003 1504 2274 1573 periisque
2319 1505 2436 1573 eius
2480 1508 2826 1577 despicienda
2868 1513 3213 1567 contradicit.
3268 1516 3590 1573 Resistendo

2003 1593 2305 1658 contendit,
2336 1597 2430 1664 qui
2457 1613 2521 1650 ea
2545 1612 2670 1666 qum
2699 1597 2924 1666 implere
2945 1600 3188 1670 iubetur,
3221 1604 3280 1657 in
3311 1606 3449 1661 facie
3495 1623 3579 1661 re-

2004 1687 2140 1740 nuit.
2176 1686 2611 1743 Contradicondo
2639 1702 2928 1761 repugnat,
2977 1693 3072 1762 qui
3117 1708 3176 1763 se
3208 1711 3271 1750 ea
3302 1713 3423 1766 qua:
3469 1700 3587 1754 ﬁeri

315 1788 409 1832 aut
436 1780 696 1842 redeunt,
727 1775 1066 1847 congregatis
1091 1773 1343 1829 omnibus
1369 1773 1420 1827 in
1449 1788 1614 1827 unum
1642 1773 1694 1826 in
1725 1773 1901 1829 eccle-
1927 1775 1975 1832 Β
1997 1774 2274 1844 jubcntur,
2310 1792 2416 1829 non
2460 1778 2576 1832 ﬁeri
2607 1787 2793 1849 aperta
2832 1797 2966 1836 voce
2995 1783 3276 1838 reclamat.
3314 1786 3469 1851 Quod
3507 1789 3588 1841 ta-

313 1872 394 1926 sia
423 1869 858 1924 benedictionem
884 1867 1174 1935 accipiant.

390 1961 502 2014 Nec
546 1966 830 2030 prtcsnmat
878 1959 1154 2028 quisq-nam
1199 1954 1318 2009 aliis
1349 1953 1547 2022 referre
1572 1969 1898 2024 quiscunque

310 2051 442 2122 foris
477 2050 850 2105 monasterium
897 2047 1080 2102 viderit
1109 2056 1201 2100 aut
1238 2046 1488 2111 audierit,
1515 2048 1638 2116 quia
1668 2046 1897 2117 plurima

308 2145 592 2200 destructio
615 2155 710 2196 est.
739 2139 891 2206 Quod
918 2140 961 2194 si
985 2140 1100 2210 quis
1121 2139 1533 2210 praesumpserit,
1557 2139 1798 2192 vindicta!
1821 2155 1898 2191 re-

306 2233 482 2304 gulari
507 2232 795 2302 subjaceat.
823 2227 960 2283 IIinc
979 2229 1170 2283 beatus
1194 2227 1514 2282 Pachomius
1533 2227 1607 2282 ait
1631 2241 1645 2280 :
1670 2227 1897 2294 Quando

308 2323 516 2378 reversi
542 2321 740 2375 fuerint
770 2319 968 2374 fratres
1001 2319 1065 2374 de
1102 2319 1448 2384 monasterio,
1481 2333 1589 2372 non
1621 2319 1896 2371 audebunt

308 2418 430 2472 aliis
459 2415 678 2469 omnino
727 2412 987 2483 quidquid
1033 2410 1166 2466 foris
1194 2411 1461 2482 gesserint
1487 2417 1582 2463 aut
1624 2409 1894 2463 audierint

309 2521 556 2564 narrare.
590 2505 728 2559 Hinc
759 2513 816 2558 et
841 2503 980 2559 alius
1025 2504 1188 2558 Pater
1226 2501 1358 2557 dicit
1386 2517 1401 2554 :
1434 2499 1652 2555 Fabulis
1680 2515 1817 2570 quas
1857 2515 1888 2554 ιι

313 2598 670 2653 sascniaribus
694 2595 777 2649 vel
807 2609 837 2649 a
860 2593 1189 2665 quibuslibet
1213 2593 1482 2648 audierint
1509 2591 1592 2646 vei
1616 2591 1893 2646 intellexe-

308 2689 437 2753 rint,
489 2687 797 2741 nullatenus
827 2683 1205 2740 consodaiibus
1248 2683 1360 2737 suis
1389 2679 1690 2737 conferant.
1735 2681 1894 2747 Quod

306 2782 349 2836 si
383 2781 577 2834 borum
613 2778 837 2848 aliquid,
871 2793 990 2847 qua:
1021 2776 1276 2842 diximus,
1305 2774 1628 2845 transgressi
1665 2773 1889 2839 fuerint,

308 2871 542 2944 regulari
571 2869 886 2942 paenitentia
916 2869 1269 2938 castigentur.
1303 2865 1456 2933 Quod
1493 2867 1538 2921 si
1573 2865 1762 2920 humili
1799 2882 1892 2920 sa-

305 2964 612 3020 tisfactione
641 2963 919 3032 pateﬁant,
945 2969 1101 3031 prout
1131 2959 1405 3014 humilitas
1427 2957 1738 3014 conﬁtentis
1769 2972 1888 3012 cer-

303 3058 472 3120 nitur,
511 3056 581 3110 ita
611 3054 973 3124 delinquentis
1003 3051 1157 3122 culpa
1180 3047 1475 3119 judicctur.
1510 3048 1569 3103 Si
1597 3064 1729 3104 vero
1751 3065 1884 3103 con-

2001 1880 2128 1920 cere
2167 1867 2432 1920 monaebo
2462 1861 2802 1936 prohibetur,
2833 1887 2957 1925 eum
2986 1873 3254 1928 subditur.

2071 1957 2225 2021 Quod
2270 1959 2317 2010 si
2361 1969 2475 2028 post
2501 1962 2884 2029 suggestionem
2927 1979 3078 2016 suam
3113 1963 3167 2016 in
3201 1981 3299 2018 sua
3326 1967 3585 2022 sententia

1996 2050 2190 2120 prioris
2223 2052 2498 2121 imperium
2531 2052 2858 2121 perduravit,
2888 2055 3021 2108 sciat
3054 2055 3232 2122 iunior
3258 2057 3330 2110 ita
3355 2057 3456 2110 sibi
3490 2074 3583 2110 ex-

1995 2141 2191 2210 pedire.
2224 2153 2272 2194 et
2297 2158 2362 2195 ea:
2383 2142 2641 2196 clanritate
2668 2143 2934 2212 confidens
2965 2147 3030 2198 de
3055 2129 3321 2216 adjutus-io
3351 2148 3447 2202 Dei
3469 2149 3584 2202 obe-

1996 2233 2126 2287 dint.
2161 2233 2297 2288 IIiIIc
2338 2235 2570 2292 Basilius
2614 2237 2692 2290 ait
2721 2254 2734 2289 :
2765 2236 2940 2293 Oume
2978 2239 3120 2307 quod
3151 2239 3247 2294 tibi
3277 2239 3577 2309 iniunctum

1996 2321 2156 2377 fuerit
2187 2324 2470 2395 religionis
2497 2326 2670 2396 gratia
2708 2327 2942 2383 libanter
2981 2329 3319 2398 obtempera,
3364 2331 3580 2385 etiamsi

1995 2430 2157 2484 supra
2180 2416 2323 2470 vires
2347 2425 2466 2470 tuas
2496 2416 2661 2471 fuerit
2685 2434 2699 2482 ;
2727 2433 2795 2472 ne
2819 2434 3048 2488 spernas
3070 2420 3217 2484 illud,
3244 2421 3338 2480 sed
3357 2436 3579 2476 causam

1995 2504 2442 2574 impossibilitatis
2495 2517 2601 2562 tute
2647 2509 2697 2563 ei
2747 2510 2839 2578 qui
2885 2511 2983 2566 tibi
3032 2510 3290 2580 ini-ungit,
3346 2511 3578 2565 ﬁdeliter

1992 2610 2211 2662 enarra,
2259 2606 2320 2650 ut
2357 2595 2475 2666 ejus
2524 2600 2913 2664 moderamine,
2957 2601 3102 2670 quod
3153 2601 3248 2656 tibi
3287 2617 3588 2657 onerosum

1993 2686 2175 2751 fuerit,
2227 2689 2557 2754 sublevetur,
2615 2698 2674 2744 ut
2720 2693 3166 2746 contradictionis
3213 2694 3345 2748 vitio
3388 2708 3580 2748 carere

1991 2778 2187 2846 possis.
2220 2778 2320 2844 Qui
2367 2780 2512 2834 enim
2549 2780 2800 2846 ﬁdeliter,
2829 2790 2885 2835 et
2913 2797 3048 2850 pure
3095 2781 3266 2838 Deum
3293 2783 3490 2854 diligit,
3519 2793 3576 2838 et

1991 2876 2173 2921 certus
2203 2877 2287 2921 est
2313 2871 2376 2922 de
2407 2871 2762 2924 retributione
2787 2870 3022 2936 Domini,
3051 2889 3152 2926 nec
3181 2873 3429 2929 sufﬁcere
3469 2876 3580 2930 sibi.

1989 2971 2233 3032 puta-tea
2281 2980 2402 3033 qua:
2453 2964 2830 3037 iniunguntur,
2880 2970 2976 3023 sed
3025 2984 3243 3038 semper
3283 2980 3571 3041 augmenta

1992 3053 2174 3122 operis
2200 3055 2412 3124 quaerit,
2444 3065 2500 3109 et
2525 3055 2727 3124 majora
2757 3073 2924 3126 quam
2967 3059 3322 3130 iniunguntur
3366 3063 3582 3118 deside-

303 3146 554 3201 tumacia:
587 3145 792 3199 crimen
825 3142 1078 3208 incurrit,
1105 3149 1160 3196 et
1191 3141 1408 3195 modum
1436 3138 1774 3212 poenitentia:
1793 3153 1889 3192 au-
1917 3117 1960 3180 Ο
1995 3151 2096 3206 rat,
2137 3152 2189 3198 et
2217 3155 2367 3214 optat
2397 3155 2457 3200 ιιι
2481 3117 2646 3216 supra
2676 3117 2821 3203 vires
2844 3117 3095 3205 videat-Iw
3117 3117 3238 3207 Esse
3261 3154 3401 3220 (ιιιοιι
3425 3117 3574 3208 Facit.

302 3236 474 3308 gebit.

375 3325 632 3382 Similiter
674 3333 723 3378 et
749 3323 840 3395 qui
878 3321 1268 3394 prtrsumpse’rit
1301 3319 1538 3374 claustra
1581 3319 1890 3373 monasterii

299 3416 495 3486 egredi,
527 3413 605 3468 vel
632 3429 934 3484 quocunque
963 3411 1058 3475 ire,
1085 3411 1164 3464 vel
1188 3410 1477 3484 quidpiam,
1503 3408 1740 3478 quamvis
1760 3423 1888 3478 par-

299 3525 441 3572 vum,
473 3508 583 3560 sine
628 3505 830 3560 abbatis
869 3505 1110 3574 jussione
1153 3503 1345 3572 facere.
1393 3501 1534 3554 IIinc
1561 3501 1756 3554 beatus
1786 3499 1890 3552 Pa-

301 3599 548 3652 chomins
575 3597 651 3651 ait
681 3615 693 3650 :
723 3595 912 3651 Nullus
938 3610 1112 3665 neque
1140 3592 1371 3648 exeundi
1399 3591 1453 3646 in
1473 3605 1684 3662 agrum,
1711 3605 1888 3660 neque

300 3689 612 3743 ambulandi
648 3689 700 3742 in
731 3687 1085 3750 monasterio,
1116 3697 1291 3753 neque
1322 3693 1476 3737 extra
1522 3696 1735 3736 murum
1771 3695 1886 3736 mo-

301 3781 522 3836 nasterii
555 3778 874 3850 procedendi
904 3777 1048 3831 foras
1079 3775 1280 3830 habeat
1306 3772 1639 3838 facultatem,
1671 3772 1778 3826 nisi
1801 3772 1885 3826 in-

299 3872 661 3940 terrogaverit
688 3863 1032 3939 prxpositnm
1064 3865 1277 3929 domus,
1309 3869 1365 3918 et
1402 3863 1494 3917 ille
1529 3860 1880 3916 concesserit.

299 3963 439 4018 IIiuc
471 3971 525 4016 et
555 3961 846 4016 Cassianus
872 3957 948 4012 ait
975 3975 988 4010 :
1023 3956 1194 4009 Tanta
1221 3952 1527 4009 obcdientia
1559 3951 1760 4022 regulae
1789 3947 1888 4004 de-

298 4056 392 4110 bet
437 4053 622 4122 junior
654 4050 844 4114 imbui,
877 4058 935 4103 ut
976 4047 1179 4116 absque
1208 4045 1438 4100 senioris
1480 4045 1562 4099 sui
1612 4041 1882 4113 permissu

297 4161 405 4200 non
434 4143 606 4199 solum
635 4142 701 4197 de
730 4141 862 4196 cella
890 4140 1062 4205 exire,
1109 4138 1204 4195 sed
1231 4153 1332 4193 nec
1361 4137 1594 4191 naturali
1638 4137 1880 4193 necessi-

299 4236 396 4290 tati
427 4233 742 4289 satisfacere
774 4247 869 4287 sua
914 4231 1237 4286 auctoritate
1280 4238 1595 4300 praesumat.
1638 4227 1750 4284 Nec
1790 4227 1882 4282 illa

295 4329 458 4382 etiam
489 4345 607 4397 qua:
637 4326 787 4380 utilia
820 4333 965 4389 sunt,
997 4323 1054 4376 id
1080 4330 1184 4387 est,
1224 4330 1317 4376 aut
1358 4321 1548 4376 cellam
1579 4322 1842 4378 mundare
1862 4364 1878 4389 ,

298 4430 397 4474 aut
444 4437 639 4490 aquam
690 4418 920 4480 deferre,
955 4425 1047 4470 aut
1078 4415 1120 4470 si
1150 4414 1280 4484 quid
1325 4413 1470 4467 aliud
1515 4423 1878 4482 oppon‘unum

292 4519 398 4575 est,
419 4509 536 4564 sine
554 4508 885 4564 conscientia
911 4515 965 4562 et
991 4506 1330 4561 ordinatione
1353 4503 1436 4560 sui
1461 4504 1696 4559 senioris
1719 4521 1877 4559 usur-

292 4612 406 4674 pet.
443 4601 820 4655 Mcditantibus
845 4600 1010 4655 etiam
1057 4597 1316 4652 fratribus
1341 4595 1474 4650 nulli
1510 4595 1673 4650 liceat
1713 4597 1878 4651 rebus

292 4711 351 4748 se
378 4693 500 4748 aliis
523 4692 810 4763 implicari,
837 4705 938 4746 nec
965 4690 1195 4744 liberum
1225 4687 1433 4758 iudicet
1459 4687 1528 4742 ab
1553 4687 1737 4743 schola
1769 4688 1880 4744 dis.

292 4784 508 4839 cedere.
543 4783 641 4850 Qui
671 4799 801 4838 vero
840 4783 894 4837 in
943 4782 1048 4836 hac
1090 4780 1512 4850 prmsnmptione
1536 4779 1874 4849 proruperit,

291 4874 842 4930 excommunicationi
890 4881 950 4928 nt
975 4873 1168 4943 dignus
1193 4880 1276 4925 est
1306 4868 1626 4937 subiacebit.
1659 4870 1716 4924 Si
1745 4885 1877 4925 vero

290 4981 394 5038 pro
420 4965 744 5019 utilitatibus
777 4962 1094 5018 monasterii
1143 4961 1339 5015 missus
1377 4960 1458 5014 ire
1496 4958 1752 5026 noluerit,
1788 4967 1883 5013 aut

289 5065 442 5112 certe
466 5054 749 5111 ambulans
776 5052 1219 5117 murmuraverit,
1255 5050 1340 5106 vel
1366 5065 1492 5106 cum
1535 5049 1714 5120 aliqua
1763 5057 1879 5104 tar-

291 5149 462 5204 ditate
507 5147 660 5205 exire
704 5146 957 5210 voluerit,
1004 5145 1048 5200 si
1078 5142 1345 5216 placuerit
1380 5141 1584 5207 abbati,
1625 5141 1740 5212 jam
1770 5155 1878 5198 non

1993 3235 2137 3292 Iiinc
2165 3238 2467 3294 Cassianus
2491 3240 2626 3294 dicit
2655 3259 2666 3293 :
2699 3241 2790 3294 Ilia
2814 3251 2898 3296 est
2921 3259 3048 3297 vera
3085 3245 3409 3308 obedientia,
3433 3259 3585 3312 quae,

1990 3328 2240 3397 quamvis
2267 3330 2468 3398 aliquid
2497 3329 2715 3387 dilIiciie
2738 3332 2789 3387 ei
2823 3333 3138 3402 imperetur,
3163 3335 3237 3388 nil
3263 3343 3441 3389 tamen
3467 3336 3568 3391 dis-

1990 3418 2222 3482 cutiens,
2273 3419 2394 3474 sine
2440 3420 2618 3488 aliqua
2668 3421 3009 3477 batsitatione
3045 3423 3310 3492 perﬁcere
3359 3424 3580 3480 nititur~

1988 3507 2132 3562 Nihil
2163 3510 2229 3563 de
2255 3510 2691 3580 impossibilitate
2737 3528 3110 3580 murmurans,
3138 3515 3232 3569 sed
3261 3516 3420 3584 plena
3467 3517 3577 3570 ﬁde

1987 3616 2052 3660 ac
2096 3605 2381 3658 devotione
2423 3602 2684 3675 quidquid
2715 3603 2920 3658 dictum
2955 3602 3139 3666 fuerit,
3172 3619 3279 3658 non
3311 3613 3574 3674 tanquam

1985 3699 2053 3752 ab
2078 3697 2319 3762 homine,
2349 3695 2442 3750 sed
2473 3704 2728 3766 tanquam
2758 3709 2788 3748 ιι
2814 3695 2926 3750 Deo
2957 3696 3184 3766 sttseiplt
3221 3696 3572 3765 imperatum.

1984 3788 2061 3842 Ita
2092 3787 2236 3841 enim
2266 3785 2518 3839 omnibus
2542 3783 2838 3839 virtutibus
2862 3782 3104 3854 ρεπεαπὶ
3132 3784 3293 3840 debet
3317 3786 3573 3840 obedien-

1986 3879 2082 3943 tia,
2117 3886 2178 3932 ut
2205 3877 2330 3931 huic
2352 3876 2535 3931 omnia
2561 3884 2976 3946 postponantur,
3000 3885 3057 3931 et
3077 3876 3331 3932 universa
3357 3877 3574 3944 dispen-

1983 3969 2070 4023 dia
2114 3968 2410 4023 monachus
2452 3966 2637 4020 subire
2686 3973 2981 4021 contentus
3027 3966 3122 4032 sit,
3173 3966 3466 4021 dummodo
3515 3967 3574 4027 in

1983 4059 2131 4115 nullo
2159 4058 2366 4114 violare
2390 4057 2662 4112 videatur.

2539 4165 2770 4222 CAPUT
2802 4164 2991 4220 LXIX.

1984 4282 2052 4338 Ut
2096 4283 2152 4339 in
2178 4281 2494 4337 monasterio
2538 4297 2644 4335 non
2663 4289 2973 4420 fprgmnmat
3019 4280 3154 4337 alter
3202 4280 3427 4336 alterum
3476 4280 3569 4338 de-

2685 4368 2747 4404 cn
2789 4367 2892 4405 ere.

2685 4367 2892 4405 enuere.

2052 4487 2394 4558 SummOpere
2433 4485 2828 4556 priscaveudnm
2859 4495 2936 4539 est
2970 4502 3032 4540 ne
3067 4486 3248 4557 quavis
3294 4487 3570 4544 occasione

1983 4588 2265 4652 prostituat
2299 4578 2436 4632 alter
2477 4577 2698 4632 alterum
2728 4575 3007 4646 defendere
3034 4579 3346 4634 tuanec/mm
3375 4581 3427 4633 in
3454 4596 3564 4632 Inoa

1983 4671 2234 4734 nasterio,
2255 4679 2346 4723 ant
2360 4668 2512 4739 quasi
2531 4668 2688 4721 tueri.
2709 4667 2869 4722 Tueri
2884 4668 3026 4743 enim
3053 4666 3252 4722 dicitur
3273 4667 3565 4735 sustinere,

1982 4776 2141 4830 Opem
2163 4759 2328 4821 ferre,
2356 4757 2440 4812 vel
2482 4757 2734 4827 praesidio
2779 4772 2922 4814 esse.
2966 4756 3103 4811 Hinc
3152 4757 3466 4810 terribiliter
3510 4766 3564 4811 et.

1983 4852 2212 4907 Basilius
2243 4850 2318 4904 ait
2346 4867 2358 4903 :
2389 4848 2491 4916 Qui
2521 4848 2794 4903 consentit
2835 4847 3187 4918 peccantibus
3230 4856 3286 4906 ct
3322 4848 3566 4904 defendit

1980 4946 2146 5002 Ilium
2173 4941 2598 5011 delinquentes»
2631 4939 2949 4994 maledicus
2975 4938 3080 4993 erit
3105 4940 3245 5009 apud
3273 4938 3563 4994 Dominum

1977 5043 2034 5092 et
2056 5034 2326 5100 homines,
2353 5041 2411 5087 et
2432 5031 2760 5100 corripiet-ur
2782 5030 3152 5099 increpatione
3192 5031 3561 5086 severissima.

1976 5125 2115 5182 lIinc
2142 5131 2199 5179 et
2224 5124 2419 5178 beatus
2447 5137 2588 5192 papa
2620 5120 2916 5192 Gregorius
2950 5121 3081 5176 dicit
3107 5141 3119 5174 :
3149 5121 3473 5177 Poet-stores
3505 5122 3563 5175 in

288 5241 559 5306 mittatur,
595 5249 644 5295 et
675 5240 860 5296 statim
886 5235 1465 5294 excommunicationis
1493 5251 1710 5306 plenam
1752 5249 1876 5289 sus-

1999 5231 2083 5286 ιιιο
2106 5223 2239 5272 sunt
2258 5214 2361 5268 sibi
2391 5208 2617 5275 conscii,
2651 5211 2709 5265 in
2741 5227 2806 5266 eo
2834 5221 2889 5266 et
2932 5213 3096 5266 alium
3131 5222 3442 5283 peccantem
3470 5212 3559 5264 de»

288 5333 474 5403 cipiat,
507 5341 563 5387 et
591 5333 727 5386 sciat
751 5347 810 5387 se
834 5332 1084 5400 adeptum
1109 5326 1417 5396 superbiam
1443 5333 1498 5381 et
1523 5324 1876 5395 βηθαριίοηὶ

289 5439 597 5496 Npugnare
625 5423 841 5480 divinat.

838 5510 1068 5570 CAPUT
1106 5509 1336 5565 LXVIII.

577 5607 643 5665 Si
670 5607 828 5678 fratri
857 5600 1202 5675 impossibilia
1230 5599 1598 5670 injungantur.

365 5697 423 5757 Si
458 5699 542 5755 cui
589 5699 746 5772 fratri
779 5696 957 5766 aliqua
990 5695 1123 5764 forte
1163 5692 1344 5763 gravia
1393 5699 1484 5743 aut
1538 5685 1878 5759 impossibilia

1981 5307 2228 5363 lanciunt.
2255 5305 2368 5358 Sibi
2393 5303 2537 5358 enim
2566 5303 2792 5376 quisque
2823 5304 3000 5373 timet,
3041 5321 3164 5363 cum
3207 5305 3368 5359 alium
3416 5303 3560 5354 videt

1983 5398 2202 5468 corripi.
2231 5396 2354 5450 Ideo
2380 5405 2566 5452 contra
2590 5399 2756 5453 verba
2777 5399 3187 5467 corripientium
3232 5395 3560 5450 unanimiter

1983 5501 2235 5564 surgunt.
2259 5490 2397 5546 IIinc
2422 5491 2676 5548 Salomon
2701 5492 2810 5548 ait;
2834 5491 3034 5561 Stuppa
3057 5488 3272 5544 collecta
3293 5503 3566 5559 synagoga

1982 5588 2309 5658 peccantium
2330 5584 2522 5656 (Eccli.
2548 5587 2688 5659 XXI).
2715 5587 2974 5654 Sequitur
2997 5601 3010 5636 :

2061 5680 2282 5736 Etiamsi
2304 5680 2528 5752 qualibet
2550 5677 3016 5748 consanguinitatis
3035 5675 3421 5747 propinquitate
3433 5676 3564 5747 jnnn
