3992 6206
469 320 576 379 927

1729 271 2088 370 smmum
2122 311 2418 368 ABBATIS

3615 312 3717 367 99.8

471 445 682 507 gantur.
711 430 821 487 Nec
841 432 1064 503 quolibet
1087 431 1243 486 modo
1258 431 1314 484 id
1333 448 1365 483 a
1385 429 1652 485 monachis
1672 435 2045 497 pra-sumatur,
2073 429 2124 487 Α
2220 423 2362 479 Nam
2383 425 2441 480 in
2461 423 2670 494 fortiori
2694 431 2846 477 aetate
2866 424 2954 493 qui
2976 421 3362 493 pra'suntpserit
3390 420 3720 491 aliquatenus

468 528 596 598 quia
637 525 822 579 exinde
880 523 1185 593 gravissima
1231 517 1434 575 occasio
1490 518 1860 573 scandalorttm
1915 518 2044 571 oriri

468 624 656 685 potest.
697 611 856 678 Quod
886 614 930 666 si
961 612 1078 682 quis
1117 612 1228 664 haec
1261 620 1620 680 transgressus
1654 609 1836 679 fuerit,
1869 609 2045 662 acrius

469 711 788 758 coercentur.
814 701 951 756 Hinc
977 707 1036 755 et
1067 701 1208 754 alius
1232 701 1393 754 Pater
1420 716 1433 752 :
1463 697 1522 753 Si
1557 700 1682 768 quis
1703 697 1872 753 errori
1908 696 2044 752 alte-

470 796 584 850 rius
611 794 972 858 consenserit,
1002 803 1057 847 et
1087 793 1163 847 illi
1191 792 1476 846 consilium
1515 791 1723 846 dederit
1751 798 1812 844 ut
1849 804 1909 844 se
1935 796 2047 842 tar-

468 886 593 941 dius
615 886 882 957 humiliet,
915 885 1054 940 sciat
1091 899 1151 939 se
1187 899 1310 939 cum
1353 882 1444 937 illo
1471 882 1632 938 simili
1669 881 1828 936 modo
1862 879 2045 949 culpa-

468 977 634 1032 bilem
655 977 1026 1045 iudicandum.
1065 975 1202 1030 llinc
1229 984 1284 1028 et
1309 974 1499 1029 beatus
1525 973 1892 1028 Columbanus
1933 970 2038 1025 ait:

468 1067 768 1122 Defendere
795 1067 1120 1137 proximum,
1153 1065 1236 1120 vel
1262 1065 1723 1135 consanguineum
1764 1063 1818 1118 iu
1857 1078 2043 1117 mona-

466 1157 636 1212 sterio
665 1156 811 1212 nullo
837 1156 999 1211 modo
1030 1157 1410 1227 permittimus.
1454 1155 1656 1225 thuid
1693 1155 1838 1210 enim
1877 1155 2042 1209 alium

465 1248 727 1316 defendit,
764 1249 855 1319 qui
887 1249 997 1320 jam
1036 1249 1137 1304 sibi
1168 1265 1274 1304 non
1300 1248 1462 1312 vivit,
1493 1248 1586 1303 sed
1611 1246 1850 1310 Christo,
1881 1261 2039 1314 quem

465 1338 729 1405 imitatur,
758 1349 939 1394 manet
975 1339 1300 1395 cruciﬁxus?
1337 1339 1439 1405 Qui
1473 1353 1604 1408 ergo
1647 1337 1894 1407 proprias
1919 1350 2042 1404 per-

464 1430 602 1485 didit
648 1431 976 1497 voluntates,
1024 1440 1085 1487 ut
1111 1431 1312 1488 Christi
1371 1433 1424 1487 in
1475 1445 1533 1486 se
1567 1429 1899 1485 voluntatem
1939 1430 2040 1483 im-

463 1521 656 1593 pleret,
693 1538 792 1578 cur
832 1523 1060 1576 aliorum
1105 1522 1298 1575 delicta
1347 1520 1634 1575 defendat?
1686 1517 1770 1573 Sit
1812 1534 1942 1589 ergo
1986 1519 2036 1573 ei

464 1629 654 1682 aequus
683 1628 837 1668 amor
866 1621 973 1668 tam
1024 1613 1076 1666 in
1121 1611 1524 1681 consanguineo
1548 1625 1710 1679 quam
1761 1609 1812 1663 in
1843 1618 2038 1664 (κείω-ο

464 1701 635 1758 fratre
681 1702 773 1772 qui
817 1703 866 1758 ei
911 1703 1188 1773 sanguinis
1218 1701 1476 1756 afﬁnitate
1516 1715 1621 1754 non
1647 1699 1908 1770 jungitur,
1937 1716 2036 1755 nec

2143 516 2256 569 sine
2299 523 2556 584 prrrcepto
2599 514 2837 578 abbatis,
2883 511 2960 566 vel
3002 513 3056 565 in
3101 511 3228 581 ipsis
3278 511 3570 580 infantibus
3611 513 3721 569 sine

2143 607 2453 660 discretione
2493 606 2770 670 exarserit,
2805 603 3099 676 disciplima
3148 603 3379 673 regulari
3427 605 3716 675 subjaceat.

2145 696 2283 751 llinc
2311 696 2598 752 Ferreolus
2626 697 2704 751 ait
2751 713 2764 750 :
2817 695 3118 752 Monachus
3159 696 3214 750 in
3263 696 3590 752 monachum
3639 697 3712 753 in-

2144 784 2469 851 ﬂammatus,
2510 785 2653 856 quod
2693 793 2778 841 est.
2825 785 3219 856 turpissimum,
3263 801 3455 842 manus
3501 787 3718 856 injicere

2143 889 2250 928 non
2276 884 2590 944 praesumat,
2614 883 2813 945 praeter
2848 875 2968 932 illos
3011 876 3079 930 ad
3106 891 3244 946 quos
3270 877 3507 948 pertinet
3535 895 3719 936 corre-

2142 963 2338 1018 ctionis
2373 963 2459 1019 vel
2499 979 2659 1020 nosse
2694 965 2937 1030 modum,
2977 965 3061 1020 vel
3111 973 3296 1021 tenere
3330 965 3618 1035 judicium,
3656 985 3722 1026 ne

2141 1067 2250 1105 uno
2274 1061 2533 1124 peccante
2567 1055 2781 1113 ueteris
2821 1056 3184 1126 praesumendi
3216 1066 3429 1113 crescat
3472 1059 3718 1115 audacia.

2142 1138 2436 1210 Sequitur:

2212 1230 2349 1296 Quia
2387 1233 2638 1303 scriptum
2673 1243 2747 1288 est
2771 1252 2789 1290 :
2815 1232 2969 1300 Quod
3003 1235 3097 1288 tibi
3127 1252 3229 1289 non
3254 1235 3330 1289 vis
3368 1236 3504 1305 fieri,
3535 1238 3630 1291 alii
3662 1257 3724 1292 ne

2141 1324 2325 1392 feceris
2364 1323 2519 1394 (Tob.
2552 1341 2636 1391 tv;
2673 1325 2865 1380 Matth.
2896 1328 3016 1398 vn).
3066 1326 3236 1382 Nemo
3276 1329 3419 1381 enim
3462 1329 3574 1382 vult
3617 1331 3720 1386 sibi

2139 1430 2170 1467 a
2204 1431 2474 1486 quoquam
2513 1417 2728 1482 noceri,
2777 1433 2876 1472 nec
2915 1419 3030 1488 ipse
3071 1418 3236 1488 igitur
3272 1420 3522 1487 cuiquam
3563 1421 3722 1476 debet

2139 1523 2370 1572 nocere,
2413 1508 2507 1563 sed
2551 1509 2728 1578 potius
2777 1509 2920 1562 inter
2965 1516 3226 1578 utrosque
3272 1509 3432 1564 debet
3478 1509 3719 1566 fraterna

2138 1600 2379 1656 Charitas
2409 1614 2696 1664 crescere,
2723 1609 2778 1656 ct
2811 1600 2878 1654 ad
2913 1616 3007 1656 eos
3040 1617 3177 1672 quos
3216 1601 3412 1672 aliquis
3453 1603 3716 1672 increpat,

2138 1691 2299 1746 talem
2336 1691 2499 1747 debet
2545 1691 2798 1747 allectum
2847 1707 3082 1756 servare,
3126 1694 3338 1764 qualem
3377 1705 3532 1764 pater
3561 1697 3627 1750 ad
3658 1696 3719 1750 li-

461 1807 786 1862 quemquam
809 1793 912 1847 sub
927 1792 1222 1861 disciplina:
1245 1790 1612 1845 moderamine
1631 1790 1866 1860 positum
1895 1790 2035 1845 tueri

2145 1781 2290 1847 lium,
2317 1789 2410 1834 aut
2437 1782 2678 1837 medicus
2707 1783 2774 1836 ad
2801 1791 3083 1851 aegrotum.

463 1881 702 1947 studeat,
732 1897 799 1936 ne
823 1883 1015 1936 vitium
1055 1882 1373 1937 defendendi
1411 1882 1464 1935 in
1492 1880 1612 1937 aliis
1642 1881 1900 1935 dimittat.
1934 1881 2036 1948 Qui

461 1971 608 2025 enim
654 1973 807 2026 timet
835 1973 1141 2037 Dominum,
1171 1972 1216 2027 si
1253 1971 1450 2026 viderit
1481 1970 1708 2025 fratrem
1750 1986 1905 2025 suum
1951 1985 2039 2026 er-

464 2077 624 2125 rare,
667 2077 788 2132 qua:
815 2072 1001 2117 sancta
1031 2070 1158 2117 sunt
1181 2061 1342 2116 debet
1368 2061 1418 2115 ei
1442 2060 1840 2126 demonstrare,
1869 2069 1924 2114 et
1953 2075 2038 2116 re-

461 2164 610 2209 ctum
664 2156 768 2210 iter
803 2155 1122 2218 ostendere,
1173 2163 1234 2208 ut
1266 2167 1390 2208 eum
1437 2153 1630 2207 timore
1656 2152 1751 2206 Dei
1784 2153 2040 2208 incedens

464 2245 611 2298 illam
636 2245 940 2299 Salomonis
987 2245 1208 2316 impleat
1229 2244 1575 2310 sententiam,
1609 2259 1729 2314 qua:
1757 2245 1926 2300 dicit:
1950 2244 2039 2298 Li-

461 2334 586 2387 bera
613 2351 723 2400 eos,
743 2337 832 2405 qui
851 2335 1116 2389 ducuntur
1141 2338 1211 2389 ad
1233 2343 1477 2400 mortem,
1507 2344 1554 2388 et
1589 2335 1654 2388 de
1677 2335 1890 2399 interitu
1912 2335 2039 2390 libe-

463 2440 584 2479 rare
610 2441 712 2479 non
737 2442 924 2480 cesses.
1561 2415 1564 2418 ’

1023 2519 1254 2576 CAPUT
1302 2520 1466 2575 LXX.

464 2603 534 2659 Ut
571 2621 674 2661 non
717 2619 1000 2678 prtesttmat
1034 2611 1312 2694 quisquam
1346 2611 1573 2694 aliquem
1609 2612 1803 2683 passim
1841 2614 2041 2679 cadere

953 2690 1044 2734 aut
1085 2690 1478 2736 excommunico
1487 2699 1559 2736 re.

530 2788 740 2843 Possim
779 2790 980 2845 dicitur
1017 2790 1348 2857 inordinate,
1378 2792 1672 2864 incognite,
1710 2802 1764 2848 et
1803 2794 1921 2850 sine
1951 2811 2041 2849 ra-

460 2879 625 2934 tionis
653 2881 832 2934 modo.

532 2966 598 3020 Ut
619 2969 811 3022 citetur
833 2970 887 3023 in
912 2973 1228 3026 monasteria
1254 2974 1420 3027 omnis
1441 2975 1859 3045 pra‘sumptionis
1887 2993 2039 3030 occa-

454 3062 555 3126 sio,
571 3062 876 3117 ordinamus
901 3073 1056 3134 atque
1074 3065 1437 3120 constituimus
1463 3075 1517 3118 ut
1545 3065 1676 3119 nulli
1696 3066 2039 3137 liceatquent-

2701 1872 2929 1928 CAPUT
2966 1873 3155 1929 LXXI.

2353 1959 2420 2016 Ut
2451 1962 2744 2018 obedientes
2775 1963 2876 2018 sint
2911 1965 3010 2018 sibi
3037 1965 3258 2019 invicem
3287 1967 3499 2036 fratres.

2212 2051 2530 2107 Obedientite
2575 2052 2766 2108 bonum
2803 2071 2908 2108 non
2946 2053 3117 2109 solum
3156 2055 3330 2109 abbati
3373 2057 3714 2111 exhibendum

2137 2154 2213 2198 est
2249 2145 2314 2199 ab
2348 2145 2612 2212 omnibus,
2651 2146 2742 2200 sed
2785 2147 2943 2201 etiam
2980 2147 3080 2201 sibi
3115 2148 3329 2202 invicem
3369 2149 3442 2202 ita
3477 2149 3716 2203 obediont

2138 2234 2352 2304 fratres,
2377 2237 2595 2291 scientes
2617 2254 2670 2291 se
2689 2254 2782 2306 per
2799 2237 2941 2290 hanc
2959 2237 3261 2291 obedientia.’
3289 2239 3427 2291 viam
3453 2239 3615 2291 izuros
3649 2239 3716 2291 ad

2136 2323 2328 2378 Deum.
2356 2324 2494 2380 lliuc
2520 2332 2577 2380 et
2597 2324 2688 2380 alii
2713 2324 2904 2380 Patres
2934 2325 3220 2380 dixerunt:
3249 2325 3439 2380 Virtus
3462 2327 3565 2383 obe
3585 2327 3714 2380 lien-

2136 2416 2228 2472 tia:
2269 2419 2572 2488 expetenda
2593 2426 2697 2480 est,
2729 2427 2782 2472 et
2811 2419 3102 2473 secundum
3131 2419 3274 2473 vires
3300 2418 3717 2488 uniuscujusque

2137 2508 2441 2563 exercenda
2465 2517 2572 2574 est,
2599 2517 2652 2564 et
2678 2510 2746 2563 ad
2771 2509 3006 2578 primum
3030 2509 3253 2565 verbum
3277 2511 3508 2566 senioris
3532 2528 3719 2567 ornncs

2137 2600 2228 2668 qui
2276 2600 2547 2656 audierint
2597 2616 2665 2655 ex
2719 2599 2979 2656 fratribus
3028 2617 3311 2672 assurgere
3356 2612 3590 2672 oportet.
3655 2604 3716 2657 Et

2137 2691 2228 2761 qui
2259 2707 2364 2746 non
2393 2693 2710 2754 surrexerit,
2743 2692 2956 2747 veniam
2981 2701 3148 2762 petat,
3179 2703 3234 2747 et
3262 2693 3525 2763 pceniteat
3550 2710 3716 2763 quan-

2138 2790 2252 2836 tum
2277 2781 2599 2851 iudicaverit
2640 2783 2842 2848 senior,
2871 2791 2926 2838 et
2952 2783 3171 2853 impleat
3195 2784 3337 2852 quod
3362 2784 3586 2862 jussum‘
3611 2794 3714 2840 est.

2209 2871 2492 2928 Pra'misso
2514 2890 2635 2942 ergo
2667 2874 2869 2928 abbatis
2900 2884 2991 2928 aut
3020 2869 3422 2946 priepositorum
3441 2879 3531 2949 qui
3561 2879 3625 2932 ab
3660 2896 3722 2933 eo

2137 2963 2526 3016 constituuntur
2563 2963 2800 3032 imperio.
2853 2963 3140 3020 Praemisso
3191 2966 3343 3033 dicit,
3394 2970 3720 3039 anteposito,

2137 3060 2263 3107 ante
2298 3053 2581 3123 imperato,
2614 3055 2882 3118 ordinato,
2911 3055 2995 3111 vel
3021 3058 3292 3113 mandato.

455 3168 615 3222 quant
655 3152 883 3220 fratrum
935 3171 1149 3208 suorum
1192 3158 1643 3210 ercommunicore
1688 3168 1778 3210 aut
1810 3159 2031 3222 ardere,

2206 3143 2305 3198 Cui
2357 3162 2461 3199 non
2521 3149 2866 3216 permittimus
2918 3150 3122 3218 privata
3187 3150 3406 3223 imperia
3460 3158 3718 3225 pra'poni.

458 3241 562 3293 nisi
603 3242 690 3293 cui
729 3252 954 3311 potestas
998 3243 1064 3296 ab
1119 3244 1303 3298 abbate
1340 3245 1467 3298 data
1506 3247 1680 3314 fuerit.
1726 3246 1842 3302 Non
1888 3249 2031 3302 enim

453 3333 749 3388 secundum
785 3337 1288 3402 commonitionem,
1317 3337 1400 3392 vel
1429 3337 1829 3394 animositatem
1855 3341 2036 3395 cordis

455 3423 619 3477 debet
644 3421 814 3479 frater
847 3425 901 3479 in
929 3424 1153 3481 fratrem
1178 3428 1245 3481 ad
1270 3427 1680 3497 percutiendum
1721 3444 1913 3483 manus
1941 3445 2034 3482 ex-

455 3513 698 3580 tendere,
726 3515 821 3571 sed
849 3516 1028 3572 studio
1055 3517 1341 3573 charitatis
1369 3517 1636 3587 castigare
1661 3533 1784 3572 eum
1814 3519 2033 3573 humili-

454 3613 543 3659 ter
564 3605 724 3659 debet
753 3613 916 3675 atque
941 3607 1236 3678 corrigere.
1270 3607 1406 3663 Hinc
1430 3608 1624 3663 beatus
1650 3608 1900 3664 Aurelius
1924 3609 2029 3663 ait:

455 3693 652 3749 Frater
691 3695 744 3748 in
786 3694 1010 3751 fratrem
1052 3698 1096 3752 si
1137 3713 1302 3752 ausus
1338 3697 1502 3753 fuerit
1539 3714 1759 3754 manum
1794 3700 2032 3768 mittere,

454 3781 754 3853 legitimam
787 3785 1126 3856 disciplinam
1151 3789 1402 3858 accipiat.

533 3871 818 3929 Peccantes
863 3886 1040 3931 autem
1091 3895 1271 3932 coram
1320 3879 1558 3934 omnibus
1607 3891 1918 3951 arguantur,
1977 3893 2035 3936 ut

456 3967 633 4020 ca'teri
668 3977 860 4021 metunt
891 3969 1134 4023 habeant.
1177 3969 1245 4024 Et
1281 3970 1335 4026 in
1365 3971 1604 4026 Levitico
1637 3972 1894 4041 scriptum
1920 3983 2029 4028 est:

460 4054 544 4109 Ne
563 4057 738 4110 oderis
771 4057 988 4127 fratrem
1017 4068 1165 4113 tuum
1195 4061 1252 4114 in
1277 4061 1435 4116 corde
1462 4071 1576 4127 tuo,
1602 4063 1692 4116 sed
1715 4063 1918 4133 publice
1947 4081 2035 4117 ar-

452 4161 553 4214 gue
571 4162 712 4212 eum,
749 4163 811 4200 ne
839 4149 1031 4204 habeas
1053 4167 1212 4221 super
1245 4151 1340 4206 illo
1371 4162 1640 4222 peccatum
1680 4153 1866 4224 (Leuit.
1894 4153 2028 4222 xix).

455 4235 592 4290 Hinc
634 4237 827 4293 beatus
867 4237 1200 4311 Augustinus
1253 4243 1330 4296 ait
1372 4261 1386 4296 :
1431 4242 1547 4297 Non
1593 4251 1675 4298 cst
1727 4245 2033 4300 contrarius

452 4327 742 4396 Apostolus
764 4329 1010 4396 Domino,
1040 4332 1133 4402 qui
1161 4333 1294 4389 dicit
1317 4351 1330 4389 :
1357 4332 1640 4388 Peccantes
1665 4351 1840 4388 coram
1867 4336 2035 4389 omni-

454 4420 548 4473 bus
575 4438 754 4491 argue,
777 4431 832 4475 ut
859 4426 1032 4477 ca'teri
1058 4425 1296 4478 timorem
1316 4425 1558 4489 habeant,
1591 4442 1713 4480 cum
1744 4426 1832 4480 ille
1854 4427 2026 4481 dicat:

452 4510 668 4582 Corripe
697 4530 816 4567 eum
840 4514 976 4568 inter
995 4523 1043 4568 te
1063 4525 1111 4568 et
1134 4516 1303 4585 ipsum
1329 4513 1500 4569 solum
1525 4535 1544 4574 :
1569 4526 1860 4586 utrumque
1880 4517 2026 4571 enim

2136 3232 2352 3288 Privata
2387 3236 2521 3291 dicit
2559 3237 2850 3308 singillata,
2894 3240 2975 3294 vel
3017 3242 3256 3312 propria,
3291 3254 3344 3298 et
3388 3249 3718 3310 communia,

2137 3325 2581 3399 singulorumque
2627 3332 2885 3402 imperia;
2923 3335 3130 3404 privata
3167 3336 3500 3408 singulorum
3540 3341 3724 3394 dimit-

2138 3419 2299 3471 tenda
2332 3428 2461 3474 sunt
2493 3431 2714 3492 propter
2741 3425 2954 3481 abbatis
2992 3425 3075 3480 vel
3105 3429 3511 3498 praepositorum
3552 3431 3721 3501 impe-

2137 3508 2238 3575 ria,
2265 3527 2372 3566 non
2400 3528 2562 3582 super
2588 3514 2798 3569 illorum
2828 3516 3112 3587 imperium
3139 3521 3369 3590 agenda.
3401 3520 3690 3593 Sequitur:

2216 3597 2296 3652 De
2343 3611 2529 3656 cwtero
2573 3619 2750 3658 omnes
2790 3605 3067 3674 juniores,
3115 3609 3378 3678 prioribus
3421 3612 3532 3665 suis
3577 3630 3720 3666 omni

2135 3688 2387 3745 cltaritotc
2414 3701 2462 3745 et
2485 3692 2838 3749 sollicitudine
2875 3696 3138 3754 obediant.
3179 3698 3335 3765 Quod
3363 3703 3408 3755 si
3433 3704 3550 3773 quis
3588 3721 3716 3756 con-

2135 3781 2386 3835 tentiosus
2419 3784 2694 3850 reperitur,
2727 3787 3064 3856 corripiatur.
3111 3789 3265 3845 Licet
3293 3791 3485 3846 durum
3528 3795 3715 3848 videa-

2137 3876 2244 3934 tur,
2275 3871 2576 3926 obcdientia
2608 3890 2777 3945 usque
2821 3877 2888 3930 ad
2917 3889 3145 3934 mortem
3195 3880 3438 3937 facientia
3483 3895 3587 3951 est,
3634 3903 3716 3941 ετ,

2135 3962 2370 4017 eundum
2415 3965 2721 4047 exemplum
2755 3968 2962 4025 Domini
3007 3971 3309 4028 obedientis
3362 3974 3510 4029 Patri
3542 3994 3717 4047 usque

2135 4055 2204 4108 aal
2249 4044 2514 4119 titortem,
2562 4065 2618 4111 et
2665 4074 3103 4132 [unumquemque
3156 4072 3373 4133 Oportet
3415 4064 3568 4118 fratri
3619 4044 3732 4122 suo

2135 4143 2364 4209 servire,
2396 4144 2534 4199 sicut
2567 4146 2746 4201 abbati
2776 4150 2995 4219 proprio
3023 4151 3102 4204 vel
3126 4153 3290 4222 patri,
3319 4154 3460 4209 sicut
3487 4155 3717 4225 Apustoo

2133 4236 2218 4291 lus
2247 4238 2414 4292 dicit:
2442 4238 2640 4294 Sert'ite
2665 4240 2879 4295 invicem
2910 4243 2962 4296 in
2983 4245 3168 4298 timore
3190 4244 3383 4300 Christi
3414 4246 3612 4316 (Colat.
3639 4250 3717 4319 v).

2204 4326 2263 4381 Si
2293 4329 2410 4398 quis
2439 4339 2614 4382 autem
2641 4329 2807 4398 frater
2831 4349 2927 4401 pro
2952 4334 3132 4403 quavis
3169 4335 3385 4391 minima
3427 4354 3610 4402 causa,
3651 4341 3720 4392 ab

2134 4417 2338 4484 abbate,
2370 4418 2445 4474 vel
2475 4437 2508 4474 a
2537 4437 2842 4492 quocunque
2865 4424 3038 4492 priore
3068 4441 3165 4480 suo
3199 4428 3518 4495 corripiatur
3543 4430 3720 4485 ouoli-

2133 4507 2213 4560 bet
2250 4509 2428 4572 modo,
2467 4509 2543 4564 t'el
2579 4511 2625 4565 si
2658 4512 2834 4570 leviter
2871 4515 3090 4572 senserit
3126 4518 3357 4575 animum
3391 4521 3583 4588 prioris
3625 4537 3724 4575 cu-

456 4603 762 4658 faciendum
795 4612 898 4658 est.
951 4603 1104 4660 Sicut
1141 4604 1474 4660 inﬁrmitatis
1501 4606 1790 4660 diversitas
1817 4622 2030 4673 eorum,
2119 4598 2415 4670 juscuuque
2451 4613 2636 4656 contra
2665 4619 2719 4656 se
2754 4603 2971 4669 iratum.
3011 4605 3087 4660 re!
3114 4619 3450 4673 commotum,
3478 4614 3720 4680 quamvis

453 4712 590 4763 quos
616 4697 804 4766 utique
839 4713 945 4751 non
974 4697 1298 4767 perdendos,
1326 4697 1422 4752 sed
1458 4698 1810 4768 corrigendos
1837 4713 2034 4752 curan-

453 4783 660 4853 dosque
694 4787 1046 4856 suscepimus,
1078 4795 1132 4840 et
1159 4785 1295 4841 alius
1322 4786 1422 4854 sic,
1454 4787 1592 4858 alius
1622 4796 1802 4843 autem
1831 4788 1913 4844 sic
1945 4804 2033 4844 sa-

455 4875 664 4930 nandus
691 4884 794 4931 cst.

527 4965 824 5035 Infantibus
850 4985 967 5023 vero
999 4986 1160 5040 usque
1185 4969 1254 5023 ad
1273 4969 1513 5040 quintum
1545 4969 1804 5023 decimum
1834 4987 2030 5025 annum

454 5059 648 5123 a’tatis,
675 5059 964 5130 disciplinis
985 5061 1252 5132 diligentia
1275 5063 1364 5127 sit,
1388 5071 1436 5116 et
1457 5059 1696 5116 custodia
1717 5064 2032 5118 adhibeatur

453 5149 521 5202 ab
549 5148 806 5202 omnibus.
846 5149 948 5203 Sed
970 5161 1017 5203 et
1040 5153 1136 5206 hoc
1161 5170 1278 5206 cum
1302 5152 1444 5207 omni
1468 5169 1712 5207 mensura
1735 5163 1782 5207 et
1807 5155 2027 5208 ratione.

455 5239 593 5297 Hinc
627 5248 684 5296 et
715 5241 934 5312 quidam
976 5247 1359 5314 monachorum
1405 5245 1664 5316 magister
1703 5246 1817 5299 ait:
1854 5245 2032 5300 Infan-

455 5332 600 5388 tulos
622 5349 753 5390 vero
781 5347 951 5404 usque
987 5335 1054 5389 ad
1083 5335 1347 5391 decimum
1387 5338 1632 5407 quintum
1677 5353 1876 5392 annum
1922 5352 2027 5391 non

392 5451 411 5468 ο
454 5426 932 5492 cxcommnnicari,
958 5425 1050 5480 sed
1077 5427 1417 5496 prmeipimus
1434 5429 1686 5498 vapulare
1707 5446 1806 5501 pro
1831 5429 2024 5500 culpis.

457 5513 586 5569 Post
629 5516 934 5586 quindecim
965 5530 1092 5571 vero
1121 5531 1292 5572 annos
1315 5515 1428 5586 jam
1479 5535 1586 5574 non
1613 5521 1892 5589 vapulare,
1931 5523 2028 5577 sed

458 5609 915 5664 cxcommunicari
947 5609 1226 5673 condecet,
1261 5609 1386 5678 quia
1421 5607 1535 5677 jam
1567 5611 1870 5681 intelligunt
1897 5625 2005 5680 quo

460 5698 617 5755 modo
640 5698 905 5768 paenitere
935 5709 990 5756 et
1018 5701 1305 5756 emendare
1331 5700 1582 5756 debeant.

2145 4697 2363 4761 nodice,
2405 4713 2528 4751 mox
2567 4699 2678 4750 sine
2717 4715 2864 4752 mora
2910 4701 3095 4754 tandiu
3140 4712 3436 4772 prostratus
3473 4704 3528 4757 in
3573 4716 3719 4760 terra

2129 4797 2248 4841 ante
2275 4789 2428 4857 pedes
2461 4789 2578 4858 ejus
2609 4790 2792 4859 jaceat
2823 4791 3177 4860 satisfaciens,
3211 4810 3371 4863 usque
3405 4795 3533 4848 dum
3565 4795 3719 4850 benc-

2129 4877 2354 4932 dictione
2389 4890 2604 4933 sanetur
2642 4879 2734 4933 illa
2771 4882 3068 4935 commotio.
3102 4881 3241 4938 Hinc
3265 4885 3457 4939 beatus
3483 4885 3722 4941 Basilius

2132 4968 2209 5024 ait
2235 4987 2248 5023 :
2277 4969 2355 5024 Eo
2390 4969 2586 5026 affectu
2624 4973 2830 5028 obediri
2875 4983 3089 5043 oportet
3128 4975 3176 5029 ei
3215 4974 3306 5044 qui
3356 4990 3458 5031 nos
3483 4976 3552 5030 ad
3576 4993 3719 5046 opus

2133 5060 2373 5116 mandati
2411 5063 2752 5127 cohortatur,
2791 5076 2899 5134 quo
2937 5065 3184 5120 esuriens
3221 5064 3479 5135 parvulus
3517 5067 3717 5120 nutriri

2131 5155 2474 5223 obtemperat
2515 5156 2583 5210 ad
2626 5156 2789 5210 verba
2836 5156 3120 5226 imperanti
3148 5197 3164 5220 ,
3216 5157 3301 5213 vel
3353 5173 3462 5226 quo
3516 5157 3717 5211 affectu

2131 5245 2309 5300 omnis
2342 5246 2506 5301 homo
2542 5246 2772 5315 suscipit
2814 5247 2883 5304 ab
2929 5247 3109 5318 aliquo
3151 5264 3215 5306 ea
3262 5266 3383 5320 quae
3427 5251 3495 5304 ad
3543 5249 3716 5304 vitam

2126 5333 2432 5402 pertinent;
2506 5333 2614 5392 imo
2659 5343 2712 5388 et
2754 5335 2800 5388 si
2848 5335 2976 5406 quid
3025 5336 3255 5406 amplius
3304 5353 3404 5408 pro
3451 5352 3517 5392 eo
3565 5336 3716 5407 quod

2129 5424 2298 5478 multo
2319 5433 2403 5479 est
2427 5424 2713 5494 pretiosior
2736 5423 2918 5480 futura
2946 5428 3053 5481 vita
3084 5443 3247 5497 quam
3277 5443 3540 5498 praesens,
3567 5428 3714 5483 sicut

2127 5521 2183 5567 ct
2212 5515 2471 5568 Dominus
2505 5514 2642 5568 dixit
2683 5532 2699 5573 ξ
2741 5514 2880 5580 Quia
2921 5517 3171 5574 mandata
3204 5534 3321 5572 mea
3361 5519 3465 5572 vita
3513 5528 3711 5573 a'tenra

2131 5615 2246 5658 sunt
2283 5604 2468 5673 (Joan.
2501 5605 2619 5676 xu).

2200 5697 2352 5766 Quod
2397 5698 2440 5752 si
2483 5700 2598 5766 quis
2637 5701 2994 5770 contempserit
3042 5699 3253 5769 facere,
3300 5709 3390 5756 aut
3445 5699 3716 5767 corporali
