3968 6204
371 307 476 364 935

1685 305 2037 365 SMARAGDI
2067 294 2361 366 seueris

3510 310 3612 368 936

370 413 601 469 Tanaim
628 419 731 477 est,
764 421 822 467 ut
847 412 989 481 quod
1016 412 1222 481 emisisti
1259 412 1459 467 bonum
1485 411 1751 482 perﬁcias,
1776 420 1828 468 et
1854 428 1944 469 us-
1972 422 2023 482 Α
2046 416 2354 473 describere
2371 418 2534 481 viam,
2562 430 2667 486 qua
2693 415 2971 471 ambulans
3005 428 3113 471 non
3142 416 3371 473 habebis
3388 416 3616 473 utendi-

371 516 477 572 que
504 504 570 558 ad
602 502 1013 574 perseverantiae
1042 502 1203 558 linem
1239 503 1537 573 perducas;
1569 504 1696 573 quia
1723 518 1828 558 non
1851 505 1944 574 qui

371 597 724 662 incboaverit,
750 597 844 652 sed
876 597 967 667 qui
1005 599 1456 668 perseveraverit,
1488 598 1670 653 salvus
1701 597 1826 652 erit.
1863 596 1944 650 En

367 686 480 757 jam
508 686 789 757 aggrediar
811 686 1037 741 Domino
1072 687 1368 742 miserante
1400 688 1499 742 tibi
1520 727 1536 753 ,
1581 700 1708 749 rex,
1740 686 1944 756 regium

2046 510 2248 576 culum,
2267 511 2362 571 sed
2384 505 2680 579 perfectum
2702 508 2756 562 in
2779 507 2938 561 linem
2958 515 3328 577 :eternumque
3352 522 3474 562 eum
3496 523 3621 578 gau-

2048 602 2194 657 diora
2222 600 2450 657 Domino
2470 598 2711 670 excipias
2732 614 2978 669 regnum,
3000 598 3057 655 in
3078 614 3186 669 qua
3211 599 3299 655 via
3319 600 3623 658 dilectionis

2049 694 2275 767 gradum
2297 690 2680 747 convenienter
2696 690 2947 760 ponimus
2970 689 3225 761 primum.

2617 822 3098 836 ~.————-_—.—.

3132 821 3611 838 ————————_—

1447 924 1983 1095 INCIPIT
2087 917 2538 1069 LIBER.

1805 1102 2140 1124 ...ιιι-...ι’-

884 1172 1111 1230 CAPUT
1147 1166 1438 1228 PRIMUM.

738 1263 816 1319 De
832 1264 1107 1319 dilectione
1141 1263 1235 1318 Dei
1261 1274 1307 1318 et
1336 1258 1582 1334 proximi.

442 1352 613 1423 Dilige
652 1367 802 1423 ergo,
843 1352 1126 1409 mitissime
1164 1367 1282 1417 rex,
1324 1350 1633 1415 Dominum,
1676 1345 1818 1405 sicut
1858 1342 1948 1404 ille

370 1443 644 1511 prmeepit,
689 1440 897 1496 scilicet
930 1457 996 1496 ex
1029 1449 1142 1496 toto
1168 1441 1362 1504 corde,
1396 1448 1506 1494 tota
1545 1439 1723 1493 anima
1752 1445 1807 1491 et
1837 1445 1947 1491 tota

371 1534 570 1587 virtute
597 1542 684 1586 tua
718 1531 988 1604 (Deut.vl,
1014 1533 1088 1604 5).
1106 1529 1276 1603 Dilige
1298 1533 1422 1601 quia
1451 1531 1829 1601 priordilexit.
1858 1528 1948 1585 Sic

370 1624 514 1677 enim
529 1622 764 1678 Joannes
780 1623 868 1677 ille
883 1624 971 1693 qui
998 1638 1159 1693 super
1172 1624 1473 1678 dilectionis
1496 1623 1695 1677 fmtem
1717 1622 1770 1676 in
1791 1634 1947 1676 uena

2051 1157 2358 1215 dilectionis
2379 1150 2677 1222 inculcans,
2705 1157 2819 1212 ait:
2860 1152 3175 1213 Mandatum
3204 1176 3392 1217 novum
3428 1160 3497 1216 do
3531 1179 3627 1223 so-

2052 1251 2172 1316 bis;
2210 1260 2264 1303 ut
2290 1248 2527 1318 diligatis
2550 1248 2770 1302 inuicem
2812 1248 2946 1301 sicut
2984 1247 3282 1303 dilexit-us.
3314 1249 3384 1304 In
3414 1252 3512 1306 hoc
3536 1268 3626 1306 co-

2048 1350 2294 1413 gnoscent
2320 1355 2496 1394 omnes
2522 1338 2646 1410 quia
2671 1336 2918 1408 discipuli
2937 1340 3039 1392 mei
3059 1340 3203 1401 estis,
3226 1341 3274 1393 si
3296 1340 3626 1397 dilectionem

2051 1431 2337 1488 habueritis
2378 1431 2448 1484 ad
2469 1429 2684 1484 invicem
2703 1426 2884 1500 (Joan.
2917 1442 3037 1495 xm,
3054 1429 3144 1491 54,
3170 1429 3284 1501 55).
3308 1428 3441 1486 Nam
3460 1443 3517 1486 et
3536 1432 3628 1489 ille

2050 1521 2367 1592 discipulus,
2397 1519 2489 1591 qui
2525 1518 2594 1574 de
2622 1525 2841 1589 pectore
2876 1516 3090 1574 Domini
3120 1518 3402 1577 cluat-italis
3428 1520 3625 1579 ﬂuenta

2046 1609 2286 1679 putabat,
2307 1604 2652 1671 diminuam
2676 1606 2772 1662 Dei
2796 1615 2855 1662 et
2871 1609 3101 1677 proximi
3126 1624 3393 1679 vaporaus
3415 1612 3622 1667 a'ebat:

374 1717 643 1781 recubuit,
681 1717 733 1771 in
766 1716 1001 1786 Epistula
1027 1732 1119 1771 sua
1150 1714 1263 1771 ait:
1295 1714 1534 1781 Fratres,
1564 1715 1843 1785 diligamus
1866 1715 1945 1768 in-

2050 1700 2381 1766 Charissimi,
2408 1698 2689 1770 diligamns
2710 1715 2804 1754 nos
2823 1700 2896 1753 ad
2920 1700 3160 1767 invicem,
3178 1702 3425 1772 quoniam
3454 1704 3627 1758 chari-

370 1806 552 1870 ricem,
577 1808 824 1876 quoniam
849 1805 937 1860 ille
956 1806 1101 1876 prior
1120 1806 1303 1861 dilexit
1342 1822 1434 1860 nos
1457 1804 1509 1877 (1
1530 1805 1690 1860 Joan.
1721 1821 1775 1860 Iv
1793 1845 1808 1872 ,
1835 1805 1945 1875 i9).

371 1894 555 1964 Neque
579 1895 721 1949 enim
744 1902 956 1964 poterat
989 1895 1273 1949 Dominum
1310 1890 1572 1966 fragilitas
1600 1890 1821 1965 diligere
1848 1895 1951 1948 hu—

368 2002 552 2049 mana,
584 1986 688 2040 nisi
720 1986 807 2041 ille
834 1987 1067 2058 primum
1106 1996 1345 2042 nostram
1389 1984 1637 2058 diligeret
1678 1993 1949 2039 nawram.

367 2076 515 2131 Illius
540 2083 624 2131 est
642 2076 787 2131 enim
815 2090 975 2130 omne
998 2077 1140 2147 quod
1161 2091 1486 2147 possumus;
1525 2072 1616 2131 illo
1650 2074 1953 2130 viviﬁcante

368 2166 623 2233 vivimus,
648 2164 851 2237 illoque
873 2176 1158 2238 vegetante
1187 2183 1485 2223 movemur.
1510 2164 1655 2222 Nihil
1680 2164 1825 2221 enim
1855 2167 1951 2222 ba-

368 2258 461 2312 bet
492 2256 656 2314 homo
693 2259 835 2328 quod
882 2274 989 2312 non
1035 2259 1340 2330 acceperit;
1382 2273 1483 2314 nec
1527 2259 1666 2314 bene
1710 2258 1847 2315 velle
1892 2256 1949 2313 in

368 2344 595 2403 arbitrio
635 2356 848 2404 constat
887 2348 1146 2414 humano,
1187 2360 1392 2420 quanto
1436 2351 1608 2422 magis
1649 2351 1951 2421 perlicere?

368 2434 564 2490 Dilexit
604 2437 768 2491 etiam
797 2445 851 2492 te
876 2435 1188 2508 priusquam
1234 2438 1411 2502 esses,
1460 2445 1517 2495 et
1554 2436 1675 2494 ideo
1706 2447 1766 2494 ut
1802 2455 1951 2496 esses

366 2524 591 2578 creavit.
615 2524 696 2579 illi
734 2534 916 2579 autem
953 2525 1167 2582 laudem
1209 2526 1452 2584 referens
1497 2537 1683 2585 sancta
1710 2529 1950 2586 clamitat

367 2618 647 2691 Scriptura
672 2638 686 2676 :
730 2620 918 2683 Diligis
947 2624 1087 2677 enim
1112 2622 1287 2678 omnia
1307 2640 1425 2695 qua:
1450 2631 1593 2689 sunt,
1619 2634 1670 2680 et
1690 2623 1767 2680 nil
1794 2625 1952 2680 odisti

363 2713 551 2767 horum
571 2730 688 2784 quae
709 2713 898 2783 fecisti,
927 2731 1020 2770 nec
1038 2715 1175 2769 enim
1196 2714 1377 2770 adiens
1402 2714 1603 2788 aliquid
1630 2716 1949 2772 constituists
1996 2757 2000 2761 -

366 2800 521 2873 (Sap.
553 2819 630 2867 ιι,
661 2802 774 2873 25).
801 2801 1041 2876 Diligens
1067 2804 1267 2860 etenim
1294 2803 1584 2871 Dominus,
1609 2821 1642 2861 ο
1663 2806 1949 2863 mitissime

368 2908 481 2954 rex,
509 2893 715 2949 creavit
738 2903 824 2961 te,
864 2902 920 2950 et
961 2895 1272 2962 viviﬁcavit,
1301 2895 1530 2951 nutrivit.
1555 2905 1607 2951 et
1638 2895 1947 2963 custodivit,

363 2989 418 3034 ct
440 2981 506 3037 ad
533 2983 806 3038 lavacrum
842 2985 1271 3055 regenerationis
1310 2984 1592 3056 perduxit,
1633 2985 1945 3053 renovavit,

364 3072 707 3142 gubernavit,
734 3081 789 3129 et
812 3073 879 3128 ad
913 3075 1302 3146 intelligibilem
1323 3075 1576 3146 perduxit
1597 3082 1848 3143 aetatem;
1889 3085 1945 3132 et
1971 3079 2018 3145 C

365 3162 490 3215 dum
514 3164 692 3216 adhuc
714 3163 969 3232 parvulus
998 3178 1147 3220 esses
1165 3206 1180 3230 ,
1225 3165 1389 3236 regali
1421 3175 1470 3220 te
1493 3166 1619 3222 sede
1643 3167 1947 3227 sublimiter

361 3251 560 3306 evexit.
590 3250 717 3307 limo
746 3254 925 3307 omnia
949 3254 1046 3309 tibi
1075 3254 1497 3310 misericorditer
1516 3262 1570 3310 et
1594 3270 1692 3327 per
1709 3256 1946 3314 dilectio-

364 3356 486 3398 nem
516 3350 768 3414 operatus
802 3353 887 3400 est
921 3345 1082 3403 Deus.
1124 3344 1285 3418 Aperi
1319 3361 1481 3416 ergo,
1516 3362 1550 3404 o
1594 3364 1721 3415 rex,
1760 3349 1946 3406 oculos

362 3436 560 3502 cordis,
587 3444 643 3490 et
670 3436 724 3491 ln
750 3440 957 3492 tantum
982 3447 1035 3493 te
1055 3452 1085 3492 a
1108 3435 1235 3494 Jesu
1256 3437 1473 3495 Christo
1494 3436 1723 3496 Domino
1756 3449 1945 3498 nostro

363 3535 654 3598 antequam
694 3543 845 3585 esses
881 3542 1147 3601 cognosce
1189 3529 1467 3596 dilectum,
1508 3538 1568 3585 ut
1609 3546 1709 3603 pro
1751 3540 1802 3587 te
1829 3532 1945 3602 ejus

361 3622 680 3691 sanguinem
717 3638 823 3678 non
863 3622 1078 3679 dubites
1103 3622 1304 3681 fusum.
1336 3623 1617 3697 Suspende
1654 3642 1751 3682 cor
1793 3635 1944 3683 tuum

362 3711 431 3765 ad
457 3711 799 3767 dilectionem
826 3712 1103 3769 Creatoris
1127 3715 1203 3769 tui
1231 3730 1246 3781 ;
1287 3722 1343 3771 et
1384 3731 1490 3770 non
1520 3716 1810 3782 modicum,
1850 3726 1944 3773 aut

363 3815 427 3854 ex
451 3788 655 3870 aliquo,
684 3801 775 3856 sed
803 3802 944 3857 sicut
969 3803 1215 3873 superius
1238 3803 1441 3859 dictum
1462 3812 1564 3866 est.
1598 3819 1665 3860 ex
1690 3814 1804 3861 toto
1828 3821 1946 3861 eor-

363 3891 464 3954 de,
494 3898 550 3945 et
575 3905 642 3945 ex
681 3898 792 3946 tota
839 3892 1052 3958 anima,
1097 3901 1154 3948 et
1192 3908 1257 3950 ex
1289 3901 1399 3949 tota
1435 3893 1635 3950 virtute
1665 3902 1753 3950 tua
1785 3896 1944 3968 dilige

365 3978 649 4037 Dominum
670 3980 839 4036 Deum
862 3990 1034 4047 tuum,
1051 3982 1125 4037 ita
1152 3990 1213 4037 ut
1232 3982 1430 4039 nullius
1452 3983 1790 4041 dilectionem
1813 4001 1944 4056 pra!-

362 4082 532 4139 ponas
560 4066 831 4128 dilectioni
866 4071 1077 4130 Domini
1120 4074 1215 4129 tui.
1248 4073 1316 4130 Et
1353 4074 1471 4145 ipso
1500 4084 1554 4132 te
1595 4077 1823 4133 docente
1856 4076 1944 4133 in-

362 4158 543 4229 tellige
566 4174 581 4225 ;
621 4160 697 4213 ait
718 4162 860 4216 enim
886 4181 899 4216 :
940 4161 1047 4229 Qui
1068 4162 1239 4233 diligit
1263 4173 1464 4234 patrem
1488 4175 1537 4220 et
1557 4177 1779 4222 matrem
1798 4166 1944 4238 plus-

360 4264 520 4319 quam
560 4265 677 4315 me,
716 4265 818 4305 non
847 4261 922 4305 est
953 4269 1034 4308 me
1059 4253 1248 4324 dignus
1292 4252 1506 4326 (Matth.
1554 4272 1608 4321 Χ,
1649 4257 1761 4330 57).
1803 4259 1944 4315 Vere

362 4339 507 4393 enim
546 4339 591 4393 si
629 4339 796 4394 Deum
838 4350 948 4397 toto
972 4343 1137 4398 corde
1161 4344 1467 4415 diligimus,
1513 4344 1783 4403 dilectioni
1824 4347 1942 4417 ejus

2050 1798 2130 1842 tas
2152 1804 2218 1844 ea:
2243 1786 2355 1843 Deo
2376 1797 2547 1853 est,>et
2584 1788 2754 1842 omnis
2783 1789 2875 1859 qui
2910 1788 3080 1859 diligit
3116 1790 3334 1859 fratrem
3361 1808 3529 1857 suum,
3554 1808 3625 1848 ex

2049 1875 2160 1932 Deo
2188 1886 2343 1933 natus
2366 1886 2463 1944 est,
2490 1888 2540 1932 et
2562 1879 2827 1948 cognoscit
2847 1876 3055 1933 Deum:
3080 1878 3172 1949 qui
3204 1887 3381 1935 autem
3408 1896 3506 1936 non
3524 1883 3623 1937 ’δί-ε

2049 1966 2164 2037 ligit
2182 1966 2399 2036 fratrem
2420 1983 2595 2031 suum,
2617 1982 2722 2021 non
2744 1965 2897 2021 habet
2923 1967 3256 2034 duritatem,
3279 1977 3332 2023 et
3359 1986 3457 2023 non
3478 1971 3620 2025 nouit

2048 2057 2237 2113 Deum.
2266 2055 2325 2112 Si
2345 2057 2627 2128 diligamus
2648 2057 2890 2123 inuicem,
2922 2056 3068 2112 Deus
3093 2059 3153 2114 in
3174 2059 3324 2115 nobis
3347 2069 3515 2116 manet
3532 2101 3547 2127 ,
3570 2071 3637 2117 ει·

2048 2146 2280 2201 citat-itas
2298 2146 2414 2217 ejus
2435 2148 2493 2201 in
2514 2146 2663 2202 nobis
2679 2146 2912 2217 perfecta
2939 2154 3017 2202 est
3044 2146 3098 2220 (Ι
3111 2148 3276 2204 locu.
3294 2164 3371 2215 tv,
3383 2149 3462 2223 7).
3490 2149 3636 2222 Nam

2048 2244 2103 2292 et
2116 2233 2311 2292 Petrus
2321 2236 2576 2306 princeps
2590 2236 2974 2308 apostolorum,
2992 2245 3053 2292 ut
3071 2251 3172 2293 nos
3189 2238 3479 2310 diligamus
3497 2239 3630 2296 invi-

2032 2322 2187 2393 ‘cem,
2215 2326 2446 2384 dulciter
2468 2328 2765 2384 exhortans
2786 2327 2866 2383 ait
2882 2344 2901 2383 :
2930 2327 3112 2385 Estote
3132 2330 3310 2401 itaque
3328 2330 3629 2402 prudentes,

2048 2418 2229 2486 sobrii,
2246 2418 2515 2491 vigilasses
2532 2420 2590 2475 in
2610 2419 2933 2476 orationibus
2946 2433 2967 2474 :
2986 2431 3110 2477 ante
3128 2422 3307 2476 omnia
3324 2431 3501 2478 autem
3518 2439 3634 2477 mu-

2048 2517 2195 2563 tuam
2216 2510 2272 2564 in
2291 2510 2667 2585 nobismetipsis
2691 2512 2999 2568 duritatem
3020 2513 3325 2569 continuam
3342 2514 3630 2579 iubentes;

2046 2597 2172 2670 quia
2192 2598 2423 2655 claritas
2441 2602 2605 2671 operit
2628 2600 3030 2658 multitudinem
3042 2611 3376 2674 peccatorum
3394 2601 3450 2675 (1
3481 2601 3630 2659 Patr.

2050 2704 2121 2754 tv,
2142 2688 2223 2758 8).
2239 2688 2638 2748 Attendcndum
2660 2702 2747 2749 est
2765 2692 2894 2763 quia
2913 2706 3024 2750 non
3045 2692 3186 2748 dixit
3205 2708 3220 2747 :
3250 2692 3631 2763 Temper-siem

2002 2794 2013 2805 ο
2048 2777 2244 2835 habete
2267 2780 2608 2849 cbaritatem,
2621 2797 2744 2854 qua
2760 2782 3049 2854 aliquando
3060 2784 3135 2839 sit
3146 2783 3450 2849 vobiscum,
3462 2793 3520 2839 et
3539 2784 3637 2839 sli—

2047 2869 2266 2938 quaudo
2285 2869 2529 2928 discedat
2552 2887 2585 2928 a
2615 2873 2796 2941 vobis;
2818 2875 2916 2930 sed
2936 2874 3266 2940 continuam,
3294 2874 3635 2947 inquiunt

2045 2957 2329 3015 vobiscum
2364 2974 2724 3032 perseverans
2744 2972 2985 3033 maneat,
3016 2973 3074 3022 et
3096 2980 3132 3023 a
3157 2967 3413 3024 cordibus
3438 2969 3633 3025 vus-is

2046 3062 2326 3119 nunquam
2352 3049 2615 3107 discedat.
2658 3052 2824 3109 Beata
2860 3053 3034 3111 virtus
3064 3055 3377 3114 dilectionis
3410 3066 3468 3113 et
3503 3057 3635 3113 eba-

2048 3139 2246 3206 ritatis,
2271 3155 2394 3210 quae
2414 3142 2495 3198 sic
2532 3143 2710 3214 aperit
2732 3144 3131 3202 multitudinem
3168 3155 3514 3218 peccatoru-
3530 3189 3550 3216 ,
3577 3157 3641 3204 et

2046 3222 2195 3285 delet
2236 3245 2269 3285 a
2313 3232 2567 3289 cordibus
2606 3232 2870 3303 ﬁdelium,
2899 3243 2962 3291 ut
2998 3251 3278 3309 nonquia
3312 3247 3540 3310 pereant
3575 3240 3635 3296 iu

2046 3329 2331 3378 internum.
3028 3368 3035 3369 ,

2047 3511 2156 3558 tam
2183 3519 2441 3575 germane
2459 3507 2704 3579 praecipit
2723 3509 2949 3582 diligere
2970 3509 3134 3567 Dens.
3155 3509 3266 3566 Nos
3288 3525 3421 3567 vero
3441 3512 3638 3581 proxi-

2046 3610 2215 3664 mum,
2238 3597 2451 3655 ﬁdelem
2473 3613 2692 3657 omnem
2719 3601 2951 3658 dicimus
2978 3602 3349 3659 (ms-inimum
3368 3642 3385 3669 ,
3406 3604 3501 3674 qui
3520 3618 3635 3661 nou

2044 3694 2218 3749 solum
2246 3695 2645 3753 rationabiliter
2665 3688 2968 3768 prosimus,
2996 3698 3091 3755 sed
3113 3707 3171 3756 et
3205 3698 3437 3755 ﬁdeliter
3458 3698 3637 3756 frater

2044 3793 2308 3840 vocatur:
2346 3800 2515 3841 unum
2543 3786 2689 3843 enim
2730 3788 2901 3846 Deum
2945 3789 3233 3855 habentes,
3269 3790 3637 3861 condemno

2045 3875 2285 3942 Patrem,
2308 3874 2427 3946 ejus
2450 3879 2625 3949 gratia
2651 3879 2847 3946 renati,
2878 3895 3153 3936 vocamus.
3187 3881 3330 3954 Ergo
3366 3883 3637 3954 σαιαωῦ-
3656 3914 3671 3921 -

2046 3975 2133 4023 ter
2149 3968 2326 4023 omnis
2349 3968 2718 4038 Christianus,
2749 3970 3059 4027 Christiano
3090 3974 3374 4043 prosimus
3390 3974 3636 4045 appella-

2044 4066 2170 4131 tur:
2198 4058 2354 4129 cujus
2374 4058 2645 4130 sigillatim
2683 4075 2891 4131 ponens
2917 4061 3148 4133 species,
3176 4060 3470 4133 Apostolus
3494 4080 3636 4135 pra-

2043 4147 2176 4218 cipit
2191 4146 2492 4219 diligendus
2516 4165 2532 4203 :
2568 4147 2701 4213 Viri,
2726 4150 2933 4221 diligite
2950 4166 3140 4206 mm
3166 4160 3383 4215 uestras,
3402 4160 3451 4207 et
3471 4152 3636 4207 nolite

2044 4239 2215 4293 amari
2243 4256 2353 4294 esse
2371 4239 2443 4294 ad
2469 4239 2592 4295 illas
2618 4240 3061 4312 (cantemus).
3091 4240 3164 4297 Ut
3188 4241 3287 4296 sua
3313 4241 3632 4313 ἀιιιαιηιιιπ,

2046 4326 2191 4382 idem
2223 4326 2515 4397 Apostolus
2541 4327 2817 4398 admonet.
2836 4338 3115 4399 parentes,
3153 4330 3379 4386 dicens:
3417 4331 3634 4396 Patres,

361 4444 468 4485 non
496 4429 831 4500 parentum,
870 4448 973 4489 nec
1014 4432 1246 4491 filiorum
1295 4436 1636 4493 dilectionem
1681 4416 1939 4511 przel‘erre

2044 4416 2202 4473 nolite
2229 4418 2299 4472 ad
2325 4419 2659 4473 iracundiam
2680 4436 2967 4490 procurare
3001 4419 3142 4490 ﬁlios
3183 4430 3378 4477 vestros
3407 4421 3632 4493 (Ephes.

362 4521 647 4576 debemus.

433 4607 540 4665 Sed
565 4609 611 4665 si
633 4609 811 4681 diligis
836 4611 1021 4679 Deum,
1061 4628 1095 4669 o
1120 4615 1360 4686 piissime
1387 4629 1505 4684 rex,
1540 4632 1605 4673 ex
1638 4627 1752 4675 toto
1779 4622 1942 4678 cerde

361 4710 417 4754 et
439 4715 507 4754 ex
533 4707 647 4755 tota
668 4702 848 4757 anima
877 4709 985 4768 tua,
1015 4712 1072 4758 et
1098 4721 1163 4761 ex
1188 4715 1298 4764 tota
1326 4710 1526 4765 virtute
1565 4718 1679 4777 tua,
1721 4726 1942 4769 necesse

363 4798 447 4845 est
473 4798 532 4845 ut
555 4791 745 4863 diligas
784 4793 1087 4863 proximum
1121 4804 1271 4852 tuum
1314 4799 1454 4855 sicut
1492 4804 1759 4873 teipsum:
1799 4803 1938 4870 Quia

363 4880 418 4934 in
461 4880 543 4934 liis
572 4879 776 4935 duobus
818 4882 1081 4939 mandatis
1126 4888 1366 4942 universa
1408 4888 1494 4944 lex
1533 4891 1718 4960 pendet
1745 4901 1792 4945 et
1817 4908 1940 4963 pro-

361 4968 530 5041 pheta:
550 4967 767 5041 (lauti.
790 4986 925 5036 un,
950 4972 1063 5040 40).
1088 4974 1231 5046 Ergo
1250 4976 1420 5047 legem
1444 4986 1499 5033 et
1520 4980 1810 5049 prophetas
1828 4996 1939 5036 non

363 5059 572 5131 implet,
598 5060 694 5130 qui
721 5061 891 5116 Deum
917 5065 1328 5143 proximumque
1356 5084 1463 5125 non
1491 5070 1685 5141 diligit.
1717 5070 1784 5126 Et
1809 5088 1939 5127 vera

361 5150 708 5224 perfectaque
757 5151 815 5206 lu
861 5153 964 5208 hoc
1005 5158 1254 5214 consistit
1291 5161 1544 5227 dilectio,
1585 5170 1647 5218 ut
1685 5163 1942 5235 diligatur

366 5245 538 5311 Deus,
579 5241 837 5313 diligatur
877 5249 929 5296 et
962 5245 1276 5314 prosiums;
1320 5253 1583 5322 scriptum
1630 5261 1716 5309 est
1750 5254 1939 5309 enim:

362 5335 468 5402 Qui
490 5348 596 5392 non
618 5332 793 5404 diligit
811 5331 1028 5403 fratrem
1048 5350 1200 5389 suum
1223 5355 1372 5408 quem
1392 5343 1548 5408 ridet,
1572 5344 1759 5410 Deum,
1781 5361 1935 5417 quem

361 5448 466 5487 non
492 5431 652 5497 uidet,
673 5429 934 5502 quomodo
959 5438 1124 5515 potest
1146 5430 1360 5501 diligere
1375 5436 1400 5488 .9
1419 5435 1487 5489 Et
1509 5437 1607 5490 hoc
1628 5439 1931 5493 mandatum

359 5520 607 5576 habemus
631 5539 664 5576 a
694 5520 823 5587 Deo,
838 5527 895 5574 ut
914 5520 1005 5592 qui
1023 5517 1196 5590 diligit
1223 5518 1411 5587 Deum,
1431 5522 1614 5595 diligat
1640 5534 1692 5580 et
1715 5526 1933 5596 fratrem

361 5626 514 5664 suum
544 5610 596 5681 (I
617 5610 778 5666 Ioan.
804 5628 881 5676 Iv,
905 5610 1017 5684 ΞΟ).
1044 5610 1161 5683 Ipse
1182 5625 1410 5681 namque
1427 5623 1614 5670 auctor
1630 5616 1934 5671 dilectionis

294 5706 297 5707 '
365 5700 623 5757 Dominus
644 5701 801 5759 Iesus
822 5702 1070 5760 Christus
1099 5703 1367 5760 mentibus
1393 5707 1594 5763 nostris
1623 5705 1931 5763 mandatum

2048 4526 2123 4575 vr,
2152 4510 2231 4584 4).
2265 4511 2338 4567 Ut
2361 4512 2505 4566 servi
2528 4512 2841 4583 diligantur,
2872 4512 3014 4568 idem
3032 4511 3323 4583 Apostolus
3349 4513 3635 4581 admouet,

2045 4603 2262 4659 dicens:
2295 4603 2531 4670 Domini,
2558 4603 2699 4674 quod
2733 4603 2942 4673 justum
2966 4612 3041 4658 est
3070 4612 3121 4657 et
3151 4619 3363 4675 munt
3383 4614 3639 4674 prestat:

2043 4700 2224 4765 seruis,
2253 4701 2471 4755 scientes
2497 4701 2749 4771 quoniam
2773 4710 2823 4755 et
2859 4717 2945 4756 eos
2974 4700 3139 4755 Deum
3164 4700 3379 4756 habetis
3402 4701 3460 4755 in
3486 4702 3636 4759 catis

2043 4785 2270 4859 (Coloss.
2296 4804 2371 4854 iv,
2401 4790 2425 4843 i
2474 4789 2515 4859 ).
2563 4786 2699 4844 Nam
2725 4798 2783 4844 et
2802 4789 2937 4845 alibi
2967 4790 3037 4846 de
3059 4789 3170 4846 illis
3196 4787 3483 4860 Scriptura
3510 4790 3631 4847 ait:

2042 4877 2194 4932 Siest
2214 4878 2310 4932 tibi
2330 4880 2780 4951 serous,sitquai
2805 4880 3637 4951 animulua,quasifratremsic

2038 4988 2157 5026 eum
2182 4981 2354 5027 tracta
2380 4971 2572 5046 (Eccli.
2598 4988 2796 5041 ιιιιιι,
2812 4974 2926 5047 3i).
2948 4975 3020 5031 Ut
3039 4975 3248 5031 amicus
3273 4975 3486 5046 puriter
3508 4976 3638 5033 diii-

2039 5077 2200 5138 gatur
2222 5075 2278 5124 et
2301 5068 2577 5135 inimicus,
2599 5069 2847 5141 pmdpit
2867 5068 3181 5141 Apostolus,
3200 5070 3295 5126 ubi
3314 5069 3558 5126 amicum
3577 5069 3637 5127 in
3662 5102 3667 5109 ο

2040 5161 2233 5227 Deum,
2264 5169 2322 5217 et
2358 5160 2639 5217 inimicum
2663 5168 2884 5233 propter
2912 5160 3083 5217 Deum
3117 5160 3377 5217 admouet
3403 5159 3637 5230 diligen-

2039 5255 2188 5311 dum.
2213 5252 2350 5309 Nam
2380 5262 2436 5308 et
2464 5253 2726 5309 Dominus
2750 5254 2807 5309 in
2836 5252 3132 5325 Evangelia
3154 5253 3264 5308 ait:
3293 5250 3511 5322 Diligise
3532 5250 3635 5306 ini-

2041 5346 2205 5401 micos
2231 5354 2424 5401 uestros
2442 5385 2458 5411 ,
2485 5344 2771 5416 benefacite
2793 5344 2875 5400 liis
2912 5343 3004 5416 qui
3024 5342 3245 5399 oderunt
3274 5356 3394 5397 vos:
3412 5348 3462 5395 et
3481 5348 3665 5395 orate:

2039 5451 2134 5505 pro
2153 5434 2573 5507 persequentibus
2585 5443 2633 5489 et
2647 5433 3089 5491 calumniantibus
3110 5449 3198 5491 res
3209 5430 3496 5505 (latina,
3511 5429 3632 5503 μ).

2041 5524 2182 5581 Ecce
2200 5523 2405 5596 liquido
2423 5533 2571 5596 potet
2588 5539 2751 5596 quem
2773 5525 3081 5597 proximum
3098 5521 3348 5595 νεώρει
3367 5521 3635 5577 Dii-im

2040 5618 2391 5688 diligendum,
2423 5633 2648 5675 uxorem
2669 5618 2917 5675 videlicet
2933 5627 2989 5675 et
3011 5616 3168 5683 ﬁlios,
3186 5629 3393 5679 servos,
3417 5613 3632 5669 amicos

2039 5721 2093 5770 et
2120 5713 2387 5784 inimicos,
2418 5714 2472 5771 in
2501 5714 2698 5785 quibus
2732 5715 3039 5773 nominibus
3074 5712 3251 5770 omnis
3276 5708 3639 5769 Christianae
