3992 6206
311 356 412 413 θίῑἼ

1746 344 1859 402 VIA
1902 344 2127 402 Ill-36M.

3471 343 3575 400 938

307 468 654 538 cognoscitur
682 466 787 520 dici
816 466 1114 536 proximus,
1139 464 1420 532 omnisque
1439 475 1473 516 a
1504 461 1731 516 Domino
1759 475 1895 530 prm-
1925 465 1973 522 Λ
2000 459 2286 514 dilectione
2309 458 2520 514 Domini
2547 457 2779 527 repletus
2803 458 2854 512 in
2879 457 3113 526 Epistula
3139 473 3238 513 sua
3265 459 3370 512 ait:
3398 459 3464 516 In
3485 462 3580 514 hoc

307 565 504 634 cipitur
538 560 857 630 diligendus.
900 559 1066 614 Beata
1112 573 1242 630 ergo
1279 558 1454 612 virtus
1488 555 1796 611 dilectionis
1841 564 1899 609 et

307 651 616 715 charitatis,
643 663 762 720 quae
787 663 977 704 omnes
1005 649 1361 720 amplectitur,
1397 663 1586 703 omnes
1617 646 1813 718 diligit,
1843 655 1899 701 et

310 743 460 817 quasi
484 742 646 797 unius
679 741 911 810 proximi
941 741 996 796 in
1023 740 1220 796 mentis
1246 755 1446 795 arcana
1472 739 1712 795 omnium
1748 753 1900 794 amo-

309 847 425 889 rem
469 831 734 887 recondit.
767 831 906 886 Vere
947 832 1126 895 beata,
1174 846 1295 900 quae
1328 830 1497 885 nutrit
1539 831 1792 894 virtutes,
1844 838 1900 884 et

307 925 452 980 delet
474 929 720 993 peccata,
743 921 1002 991 opprimit
1031 921 1167 975 iram
1189 961 1203 986 ,
1236 921 1464 975 recludit
1489 921 1612 976 odia
1632 963 1645 985 ,
1677 921 1897 992 expellit

309 1017 594 1072 avaritiam
614 1057 628 1082 ,
662 1014 975 1085 comprimit
1020 1015 1214 1078 rixam,
1246 1012 1447 1084 ell‘ugat
1487 1014 1690 1084 pariter
1717 1014 1896 1068 omnia

309 1107 459 1172 vitia,
490 1104 672 1160 omnia
702 1103 920 1167 tolerat,
947 1103 1129 1156 omnia
1157 1103 1348 1167 credit,
1380 1103 1562 1157 omnia
1595 1109 1799 1172 sperat,
1823 1102 1898 1155 in-

311 1205 397 1250 ter
420 1193 708 1264 opprobria
737 1207 929 1246 secura
957 1200 1060 1256 est,
1087 1193 1228 1247 inter
1255 1193 1377 1246 odia
1411 1191 1651 1247 beneﬁca
1671 1233 1685 1258 ,
1723 1193 1790 1247 in’
1805 1208 1898 1248 ve-

316 1284 474 1337 ritate
502 1281 678 1346 flrma,
708 1297 737 1334 a
765 1280 946 1350 pravis
975 1280 1439 1350 impugnatoribus
1468 1297 1574 1336 non
1610 1282 1894 1352 diripitur,

310 1392 341 1430 a
370 1374 669 1430 latronibus
697 1389 806 1428 non
833 1371 1064 1437 furatur,
1093 1389 1124 1426 a
1153 1372 1497 1442 praedonibus
1526 1388 1631 1428 non
1664 1374 1892 1442 rapitur,

310 1481 340 1518 a
370 1451 590 1517 flumine
619 1478 724 1516 non
751 1461 1066 1526 destruitur,
1094 1462 1161 1516 ab
1184 1463 1434 1518 incendio
1463 1478 1568 1518 non
1599 1475 1890 1527 crematur,

312 1555 380 1608 ab
410 1552 602 1608 haeresi
625 1567 730 1606 non
763 1551 1058 1618 dividitur;
1102 1553 1374 1607 individua
1398 1561 1524 1619 stat,
1555 1555 1891 1625 inexpugna-

311 1643 436 1700 bilis
465 1650 664 1707 manet,
697 1641 1087 1710 inexplicabilis
1115 1643 1309 1708 durat,
1353 1645 1672 1700 inconcussa
1713 1660 1896 1714 perse-

312 1743 489 1798 verat,
521 1734 830 1803 incorrupta
866 1733 1117 1797 lmtatur;
1161 1733 1510 1803 Iigamentum
1543 1744 1627 1790 est
1649 1737 1891 1791 omnium

1998 551 2191 604 scimus
2217 550 2465 620 quoniam
2495 549 2824 618 cognovimus
2849 564 2987 613 eum,
3011 548 3057 601 si
3080 547 3330 602 mandata
3352 549 3466 619 ejus
3493 552 3582 602 ob«

1997 655 2279 696 seruemus.
2325 638 2429 704 Qui
2472 638 2599 694 dicit
2632 654 2688 692 se
2730 654 2879 692 nosse
2909 655 3060 703 eum,
3098 649 3146 692 et
3187 640 3438 696 mandata
3467 640 3584 710 ejus

1997 747 2104 784 non
2138 731 2384 794 custodit,
2431 730 2658 786 mendas-
2685 739 2782 794 est,
2821 740 2872 784 et
2905 731 2962 785 in
2995 731 3092 786 hoc
3119 732 3307 788 ueritas
3343 749 3445 788 non
3483 745 3581 788 est.

1999 818 2104 884 Qui
2131 828 2306 878 autem
2330 828 2503 873 seruat
2529 819 2737 889 uerbum
2765 820 2917 890 ejus,
2965 837 3077 874 vere
3111 823 3166 876 in
3211 823 3308 877 hoc
3352 824 3584 878 Charitas

1996 908 2096 963 Dei
2128 910 2360 979 perfecta
2395 920 2470 964 est
2511 910 2561 981 (I
2588 911 2752 965 Joan.
2802 928 2871 976 II,
2910 911 2988 983 5).
3031 913 3196 971 Liber
3231 931 3444 986 quoque
3481 915 3585 972 Job

1996 1013 2093 1054 ore
2120 999 2334 1056 Domini
2361 1008 2608 1055 sacratus
2633 1000 2700 1055 de
2742 1002 2845 1057 hoc
2873 1003 2989 1073 ipso
3019 1004 3172 1060 testis
3197 1013 3282 1060 est
3299 1046 3314 1070 ,
3350 1009 3581 1066 nissime

1995 1088 2064 1142 de
2092 1089 2310 1158 regibus
2340 1089 2557 1144 dicens:
2593 1089 2717 1145 Non
2746 1091 2986 1160 aufertur
2993 1092 3142 1161 justo
3165 1093 3342 1152 oculos
3368 1113 3508 1159 suos,
3533 1108 3580 1151 et

1996 1195 2139 1250 reges
2177 1180 2232 1235 in
2269 1179 2400 1236 solio
2421 1179 2641 1236 collocat
2665 1182 2718 1235 in
2745 1194 3071 1252 perpetuum,
3099 1193 3147 1237 et
3174 1184 3253 1244 illi
3283 1187 3577 1256 eriguntur.

1998 1271 2265 1326 Reuelabit
2303 1290 2508 1344 quoque
2536 1290 2717 1332 aurem
2755 1291 2966 1341 eorum,
3007 1287 3062 1330 ut
3103 1279 3394 1349 corripiat;
3425 1288 3474 1336 et
3505 1279 3582 1332 lo-

1994 1355 2184 1429 quetur
2220 1371 2274 1417 ut
2310 1373 2637 1417 revertantur
2679 1365 2743 1420 ab
2791 1365 3086 1436 iniquitate.
3134 1367 3196 1422 Si
3245 1369 3507 1427 audierint
3536 1380 3582 1423 et

1996 1455 2399 1522 observaverint,
2432 1457 2756 1526 complebunt
2787 1460 2898 1514 dies
2921 1477 3044 1515 suos
3074 1461 3126 1514 in
3158 1461 3313 1528 bona,
3340 1472 3390 1520 et
3416 1478 3582 1517 annos

1993 1561 2117 1598 suos
2145 1546 2198 1599 in
2218 1545 2388 1614 gloria
2412 1561 2429 1597 :
2467 1548 2513 1599 si
2540 1556 2715 1600 autem
2743 1565 2846 1600 non
2867 1549 3152 1613 audierint,
3177 1551 3470 1608 transibunt
3494 1570 3586 1620 per

1994 1633 2264 1704 gladium“
2283 1647 2340 1689 ut
2379 1645 2757 1690 consumantur
2791 1637 2845 1691 in
2874 1637 3100 1692 stultitia
3132 1638 3254 1710 (Job
3288 1656 3448 1699 xxxvi
3474 1682 3488 1706 ,
3530 1643 3581 1702 7.

1996 1728 2065 1781 10
2090 1726 2276 1798 seqq.).
2307 1727 2385 1783 De
2421 1743 2481 1783 se
2505 1743 2719 1798 quoque
2752 1729 2865 1798 ipse
2893 1728 2996 1784 .lob
3022 1730 3222 1787 bonum
3272 1741 3585 1802 rectumque

311 1826 595 1888 virtutum,
624 1823 804 1893 gluten
831 1831 915 1877 est
943 1823 1266 1888 animarum,
1291 1825 1578 1879 concordia
1603 1827 1892 1892 mentium;
1925 1818 1971 1880 Β
1998 1818 2132 1874 dans
2164 1820 2552 1886 testimonium.
2589 1821 2703 1875 ait:
2760 1820 2986 1892 νεεεὶθὶα
3025 1822 3121 1877 Dei
3152 1833 3361 1884 secutus
3395 1835 3472 1880 est
3494 1844 3583 1897 pes

313 1915 545 1970 societas
574 1914 868 1968 electorum
907 1924 962 1966 et
1001 1913 1291 1969 exsultatio
1327 1915 1675 1986 angelorum:
1707 1933 1776 1972 ne
1800 1919 1895 1973 ad-

311 2005 660 2063 versitatibus
683 2003 978 2075 frangatur,
1024 2005 1238 2062 fortiter
1273 2015 1507 2062 mentem
1534 2009 1787 2075 roborat;
1827 2025 1896 2064 nc

257 2166 260 2168 η
312 2097 392 2151 ira
447 2103 770 2167 superetur,
827 2095 1219 2150 rationabiliter
1267 2097 1530 2166 reprimit.
1580 2099 1717 2153 Vere
1751 2100 1894 2154 enim

311 2189 451 2251 haec,
481 2194 541 2240 ut
568 2185 745 2250 video,
773 2185 969 2256 regalis
1001 2193 1086 2240 est
1111 2186 1309 2251 virtus,
1333 2202 1453 2257 quae
1486 2189 1696 2243 cunctis
1722 2188 1775 2242 in
1801 2203 1896 2258 pa-

310 2278 443 2333 latio
482 2293 676 2348 panem
719 2277 918 2332 laetitiae
955 2276 1177 2347 frangit,
1202 2280 1412 2333 cunctis
1439 2279 1622 2334 vinum
1642 2279 1894 2349 jucundi-

309 2369 439 2422 tatis
461 2367 706 2437 porrigit,
731 2367 904 2421 dulcia
929 2367 1140 2421 cunctis
1161 2368 1341 2422 oscula
1363 2369 1571 2435 tribuit,
1592 2379 1646 2424 et
1664 2370 1890 2442 diligens

308 2475 500 2514 omnes
526 2459 668 2513 ulnis
693 2458 933 2514 extensis
965 2459 1326 2529 amplectitur.
1363 2460 1508 2516 Tene
1544 2478 1673 2533 ergo
1699 2464 1855 2518 istam
1875 2505 1890 2530 ,

308 2568 344 2606 ο
371 2551 675 2607 clarissime
703 2566 820 2616 rex,
852 2559 961 2604 tam
994 2551 1195 2606 claram
1239 2560 1295 2606 et
1327 2553 1540 2607 beatam
1582 2555 1892 2627 regiamquc

307 2643 602 2708 virtutem;
644 2651 821 2698 tecum
852 2643 942 2708 sit,
985 2653 1159 2697 tecum
1195 2653 1441 2709 maneat,
1480 2654 1655 2700 tecum
1685 2657 1888 2718 surgat,

309 2745 487 2789 tecum
527 2742 749 2804 pergat,
785 2741 965 2788 tecum
1006 2733 1218 2789 lauetur
1256 2745 1310 2791 et
1348 2735 1701 2802 convivetur;
1738 2738 1892 2794 decet

306 2825 454 2880 enim
480 2826 535 2880 in
561 2826 807 2881 convivio
829 2826 970 2898 regis
997 2835 1104 2881 tam
1134 2827 1334 2899 regiam
1363 2826 1565 2899 jugiter
1583 2829 1760 2886 inesse
1786 2831 1891 2885 vir-

311 2926 502 2973 tutem.

939 2987 1168 3045 CAPUT
1207 2990 1270 3044 ll.

603 3079 680 3134 De
706 3079 1041 3136 observandis
1066 3081 1328 3137 mandatis
1361 3081 1590 3138 Domini.

1997 1925 2162 1976 meus,
2189 1911 2326 1965 viam
2349 1911 2465 1981 ejus
2504 1911 2782 1977 custodiri,
2811 1921 2861 1967 et
2903 1929 3005 1966 non
3045 1913 3303 1974 declinavi
3343 1932 3409 1970 ea:
3436 1934 3522 1982 ea,
3553 1937 3584 1971 ιι

1996 2000 2260 2054 mandatis
2292 2000 2552 2055 labiorum
2580 2002 2697 2072 ejus
2725 2019 2828 2056 non
2873 2004 3094 2069 recessi,
3135 2015 3182 2058 et
3212 2005 3268 2058 in
3307 2006 3427 2061 sinu
3470 2023 3586 2061 meo

1995 2090 2244 2145 abscondi
2286 2093 2444 2146 verba
2479 2093 2590 2148 oris
2635 2093 2750 2163 ejus
2791 2091 2914 2165 (Job
2953 2109 3122 2160 nm,
3165 2096 3224 2150 il
3248 2135 3265 2162 ,
3312 2096 3424 2169 12).
3457 2097 3587 2152 Tala

1995 2195 2126 2250 ergo
2151 2181 2217 2236 de
2246 2191 2320 2246 te,
2348 2197 2382 2236 ο
2405 2181 2546 2239 bone
2573 2197 2688 2245 rex,
2710 2184 2956 2242 volumus
2979 2201 3196 2256 semper
3218 2187 3410 2244 audire
3435 2190 3586 2244 testi-

1998 2273 2258 2338 monium,
2291 2273 2398 2328 tale
2425 2274 2611 2329 videre
2633 2275 2947 2345 frequenter
2970 2286 3026 2332 et
3051 2293 3208 2349 opus.

2070 2363 2187 2432 Ipse
2237 2379 2453 2436 quoque
2506 2365 2767 2423 Dominus
2818 2368 2887 2424 de
2934 2368 3225 2427 dilectione
3273 2386 3370 2428 sua
3425 2381 3587 2444 atque

1997 2453 2375 2510 mamlatorum
2409 2471 2629 2512 suorum
2653 2458 2998 2514 observantia
3034 2460 3290 2530 populum
3330 2461 3586 2519 lsmeliti-

1995 2559 2120 2598 cum
2141 2545 2462 2614 admonens,
2485 2549 2643 2604 dicit:
2668 2548 2738 2602 Et
2761 2566 2921 2616 nunc,
2949 2550 3146 2616 Israel,
3177 2554 3305 2608 audi
3329 2565 3584 2626 pra'cepta

1993 2645 2042 2688 et
2062 2635 2295 2704 judicia,
2326 2639 2444 2709 qius
2481 2657 2576 2711 ego
2607 2641 2767 2696 doceo
2807 2651 2889 2708 te,
2917 2653 2972 2697 ut
2999 2643 3198 2713 faciens
3223 2662 3309 2711 ea,
3349 2648 3490 2703 uiuas
3531 2650 3584 2703 in

1993 2727 2089 2780 eis.
2116 2725 2344 2783 Observa
2368 2740 2417 2784 et
2441 2747 2565 2785 care
2591 2733 2877 2802 nequando
2897 2734 3221 2790 obliviscaris
3249 2736 3466 2794 Domini
3488 2738 3584 2796 Dei

1993 2817 2091 2871 tui.
2126 2817 2191 2871 Et
2219 2836 2386 2885 nunc,
2419 2820 2619 2887 Israel,
2663 2823 2791 2894 quid
2834 2822 3089 2880 Dominus
3130 2824 3272 2883 Deus
3313 2836 3434 2884 tuus
3461 2830 3583 2898 petit

1993 2924 2027 2961 a
2058 2917 2138 2974 te,
2182 2910 2282 2963 nisi
2316 2921 2371 2964 ut
2404 2912 2587 2967 timeas
2613 2912 2783 2969 Deum
2825 2923 2991 2978 tuum,
3035 2925 3084 2968 et
3125 2915 3359 2971 ambules
3400 2917 3454 2971 in
3490 2919 3582 2972 viis

1993 2999 2131 3068 ejus,
2154 3009 2204 3053 et
2231 3000 2422 3072 diligas
2465 3019 2606 3068 eum,
2652 3020 2716 3058 ac
2756 3006 2954 3060 servias
2984 3004 3208 3060 Domino
3235 3006 3345 3062 Deo
3374 3017 3466 3064 tuo
3484 3051 3499 3075 ,
3528 3011 3582 3064 in

1995 3099 2105 3143 toto
2132 3092 2285 3146 corde
2312 3102 2422 3157 tuo,
2445 3103 2492 3147 et
2513 3098 2569 3150 in
2589 3104 2697 3148 tota
2719 3097 2920 3161 anima,
2943 3098 3311 3170 custodiasque
3329 3102 3582 3156 mandata

379 3195 515 3264 Quia
542 3176 766 3250 Domino
795 3195 1090 3252 auxiliante
1115 3196 1256 3252 viam
1285 3197 1485 3268 regiam
1516 3199 1754 3257 scribere
1781 3215 1890 3258 cm,
1918 3173 1964 3234 C
1995 3177 2229 3245 Domini,
2259 3190 2308 3234 et
2339 3183 2678 3237 cwremonias
2699 3184 2835 3253 ejus,
2861 3202 2991 3255 quas
3016 3187 3170 3242 hodie
3192 3190 3442 3260 pra'eipio
3464 3191 3582 3254 tibi,

310 3286 507 3357 pimus,
532 3299 750 3340 necesse
779 3294 862 3341 est
889 3293 949 3339 ut
979 3286 1033 3340 in
1056 3301 1119 3340 ea
1143 3285 1322 3357 aperis
1347 3302 1566 3358 gressus
1589 3287 1816 3344 firmiter
1838 3297 1893 3344 et

309 3375 612 3447 diligenter,
638 3384 690 3430 et
711 3377 953 3432 ordinate
980 3393 1262 3448 ponamus,
1304 3388 1364 3434 ut
1393 3395 1620 3436 currens
1645 3396 1742 3452 per
1771 3397 1890 3435 eam

309 3480 417 3521 non
443 3467 511 3520 ibi
542 3467 860 3522 damnosum
884 3467 1286 3534 offendiculum,
1314 3471 1408 3525 sed
1437 3471 1707 3526 lucrosum
1736 3481 1893 3526 aiter-

311 3573 548 3627 numque
573 3558 814 3612 inveniat
837 3560 1108 3632 gaudium.
1127 3560 1416 3614 Videamus
1439 3563 1580 3630 quod
1604 3561 1758 3616 nobis
1779 3562 1894 3632 ipse

307 3646 612 3702 dilectionis
641 3655 829 3702 auctor
857 3658 978 3719 post
1005 3651 1403 3706 exsecutionem
1428 3651 1731 3706 dilectionis
1759 3668 1889 3706 con-

308 3736 632 3790 servandum
665 3737 927 3793 concedat
951 3747 1314 3810 praeceptum;
1357 3740 1432 3794 ait
1465 3740 1606 3795 enim
1633 3759 1644 3794 :
1677 3739 1734 3795 Si
1770 3742 1892 3795 diti-

305 3825 428 3894 gitis
448 3826 818 3888 me,mandata
842 3843 958 3881 mea
985 3837 1214 3882 servate:
1238 3837 1286 3882 et
1319 3844 1411 3900 ego
1441 3829 1632 3900 rogabo
1655 3828 1889 3896 Patrem,

305 3923 356 3967 et
398 3913 560 3967 aliunt
591 3912 926 3970 Paracletum
951 3916 1094 3971 dabit
1124 3919 1280 3983 vobis,
1312 3929 1364 3972 ut
1397 3929 1602 3974 maneat
1631 3920 1891 3974 vobiscum

305 4007 365 4058 in
387 4003 1028 4074 wternitm(loan.xw,15,
1048 4006 1392 4076 I6).Attende
1416 4025 1566 4083 ergo,
1592 4026 1625 4066 ο
1652 4012 1890 4067 clemen-

309 4093 520 4150 tissime
547 4111 640 4150 rex
664 4111 728 4150 ac
755 4097 1060 4163 mitissime,
1086 4107 1345 4169 quantum
1378 4116 1476 4156 nos
1498 4102 1684 4173 diligat
1711 4103 1893 4158 Domi-

307 4174 417 4240 nus
455 4195 641 4242 noster
669 4187 826 4244 Jesus
849 4189 1116 4256 Christus,
1161 4193 1250 4261 qui
1294 4209 1415 4247 cum
1465 4195 1822 4263 promissione
1859 4211 1888 4250 a

307 4274 466 4329 nobis
490 4291 640 4330 suam
669 4278 834 4349 exigit
859 4279 1198 4338 dilectionem
1218 4323 1232 4347 ,
1263 4292 1317 4337 et
1353 4282 1611 4353 Spiritum
1643 4295 1887 4341 sanctum

306 4363 440 4418 dicit
468 4366 748 4420 nobiscum
774 4381 895 4422 esse
935 4369 988 4423 in
1026 4379 1285 4426 aeternum
1331 4388 1666 4438 mansurum,
1693 4376 1736 4430 si
1767 4387 1888 4444 post

305 4451 651 4508 dilectionem
696 4471 848 4511 suam
888 4459 1140 4514 mandata
1183 4460 1299 4528 ejus
1339 4464 1754 4520 servaverimus.
1802 4467 1884 4520 Ab

305 4542 427 4612 ipso
467 4545 609 4598 enim
656 4545 746 4616 (ut
786 4546 900 4616 jam
935 4549 1182 4620 superius
1219 4551 1480 4623 diximus)
1510 4554 1665 4610 nobis
1702 4558 1882 4612 omnia

306 4633 453 4688 bona
499 4637 826 4703 creduntur,
867 4647 922 4692 et
959 4639 1094 4694 velle
1135 4640 1331 4695 bonum
1359 4651 1413 4696 et
1441 4644 1654 4712 operari
1697 4645 1765 4701 ab
1795 4647 1884 4703 illo

303 4723 460 4793 prius
501 4726 654 4780 nobis
693 4727 937 4796 largitur.
964 4729 1249 4801 Diligimur
1282 4733 1424 4787 enim
1471 4744 1529 4790 ut
1566 4736 1880 4805 diligamus,

305 4829 560 4869 amamur
585 4827 646 4872 ut
673 4834 942 4884 amemus,
976 4825 1352 4892 cognoscimnr
1378 4833 1438 4880 ut
1460 4843 1847 4897 cognoscamus
1868 4873 1885 4898 ,

305 4907 631 4974 adjuvamur
658 4918 715 4963 ut
743 4927 1027 4982 operemur
1057 4922 1112 4969 et
1131 4918 1402 4985 operando
1432 4918 1719 4976 virtutibus
1743 4921 1884 4976 ditc-

305 5013 451 5052 mtrr.
496 4999 636 5070 Ergo
671 5003 718 5056 si
753 5011 806 5057 te
837 5004 1050 5060 dilectio
1082 5007 1174 5061 Dei
1203 5009 1543 5079 proximique
1580 5012 1880 5081 demulcet,

304 5103 644 5160 consequens
665 5100 750 5147 est
771 5101 830 5147 ut
855 5093 1021 5150 facias
1043 5098 1182 5165 quod
1224 5098 1310 5153 ille
1345 5103 1600 5171 prmcepit
1621 5144 1635 5167 .
1676 5107 1798 5175 quia
1829 5107 1882 5162 in

305 5188 521 5236 tantum
551 5182 746 5252 diligis,
774 5185 827 5241 in
859 5196 1115 5254 quantum
1149 5187 1299 5243 facis.
1332 5189 1514 5263 Neque
1541 5195 1682 5250 enim
1707 5206 1885 5268 potest

307 5273 522 5327 sincere
547 5272 713 5327 Deum
736 5275 976 5346 diligere,
1001 5278 1092 5346 qui
1114 5279 1362 5334 mandata
1391 5280 1506 5349 ejus
1527 5283 1755 5339 ﬁdeliter
1774 5303 1880 5341 non

313 5357 526 5428 implet.
548 5358 667 5428 Ipse
687 5368 740 5415 te
753 5359 983 5416 Domino
997 5361 1230 5418 docente
1249 5361 1486 5433 intellige
1505 5384 1518 5429 ;
1540 5367 1616 5419 ait
1633 5367 1778 5421 enim
1801 5384 1814 5420 :
1835 5367 1890 5421 Si

310 5451 430 5516 quis
445 5448 618 5520 diligit
634 5466 732 5514 me,
748 5468 1039 5507 sermonem
1055 5472 1226 5509 meum
1245 5458 1493 5517 servabit:
1511 5457 1730 5514 etPater
1749 5477 1891 5516 meus

309 5543 494 5613 diliget
517 5527 660 5608 eum,
687 5555 736 5599 et
765 5549 834 5601 ad
867 5565 985 5603 eum
1009 5551 1287 5612 veniemus,
1318 5561 1366 5605 et
1409 5554 1550 5618 apud
1586 5569 1704 5612 eam
1741 5571 1888 5608 mun-

309 5635 513 5689 sionem
529 5636 804 5706 faciemus.
829 5639 894 5693 ΕΙ
919 5644 1007 5712 qui
1034 5659 1136 5697 non
1159 5644 1334 5715 diligit
1350 5662 1446 5710 me,
1468 5663 1730 5700 sermones
1751 5664 1890 5706 meos

309 5742 417 5783 non
446 5741 621 5785 servat
654 5731 836 5796 (Ibid,
856 5733 946 5797 25,
965 5735 1078 5802 2i).
1099 5736 1338 5794 Joannes
1361 5755 1575 5811 quoque
1609 5742 1888 5812 apostolus

631 5828 902 5892 ΡΑτηοι..
944 5831 1069 5892 Cll.

1908 4516 1962 4576 D

1993 3278 2050 3322 ut
2075 3269 2199 3325 bene
2217 3271 2284 3325 sit
2309 3272 2447 3326 tibi?
2482 3270 2541 3326 Si
2571 3288 2746 3328 au'em
2773 3277 3006 3332 audieris
3039 3295 3212 3334 uocem
3247 3279 3457 3337 Domini
3486 3283 3583 3337 Dei

1992 3360 2091 3423 tui,
2125 3369 2180 3413 ut
2223 3361 2391 3429 facias
2436 3373 2591 3433 atque
2633 3367 2901 3422 custodias
2939 3372 3117 3425 omnia
3145 3374 3399 3428 mandata
3434 3377 3582 3446 ejus,

1990 3464 2108 3517 qure
2140 3465 2233 3517 ego
2264 3450 2358 3502 tibi
2379 3452 2626 3520 principio
2659 3453 2835 3518 hodie,
2873 3457 3031 3524 faciet
3069 3469 3118 3512 te
3158 3459 3414 3519 Dominus
3442 3465 3582 3521 Deus

1993 3550 2112 3592 tuus
2156 3539 2490 3594 excelsiorem
2542 3547 2742 3598 cunctis
2787 3547 3022 3616 gentibus
3065 3567 3182 3620 qute
3225 3565 3500 3609 versantur
3526 3560 3580 3614 in

1991 3641 2130 3685 terra
2149 3644 2166 3682 :
2197 3633 2500 3703 venientque
2518 3651 2675 3705 super
2696 3647 2746 3690 te
2770 3639 3020 3695 universa:
3043 3641 3421 3700 benedictiones
3444 3648 3576 3712 ista',

1993 3733 2042 3777 et
2065 3723 2449 3793 apprehendent
2478 3735 2554 3791 te,
2597 3729 2644 3781 si
2681 3740 2854 3784 tamen
2883 3741 3138 3803 prwcepta
3177 3734 3294 3804 ejus
3323 3738 3576 3793 audieris.

1993 3813 2305 3869 Benedictus
2327 3825 2384 3869 tu
2410 3817 2465 3871 in
2482 3819 2716 3883 civitate,
2748 3831 2796 3874 et
2826 3821 3124 3879 benedictus
3153 3827 3208 3880 in
3235 3844 3385 3898 agro.
3412 3829 3581 3884 Bene-

1992 3906 2161 3961 dictus
2184 3909 2390 3979 [ruc.'us
2410 3915 2598 3966 centris
2620 3915 2780 3978 tui,et
2809 3916 3011 3984 fructus
3029 3929 3185 3974 terra:
3207 3931 3332 3988 tutu,
3351 3923 3582 3993 fructus-

1990 4013 2089 4067 que
2111 3998 2472 4067 jumentorum
2494 4011 2726 4066 tuorum,
2753 4021 2932 4074 greges
2953 4018 3313 4064 armentorum
3343 4021 3576 4078 tuorum,

1991 4098 2040 4142 et
2066 4088 2234 4143 caulre
2254 4092 2425 4144 ouium
2454 4101 2690 4147 tuarum.
2726 4095 2940 4149 Emittet
2972 4097 3228 4154 Dominus
3265 4102 3578 4160 benedictio-

1994 4196 2110 4234 nem
2132 4197 2288 4252 super
2306 4181 2523 4237 cellaria
2546 4195 2658 4249 tua,
2681 4195 2728 4239 et
2751 4203 2906 4256 super
2929 4189 3104 4242 omnia
3140 4207 3296 4260 opera
3325 4210 3575 4249 manuum

1991 4279 2225 4324 tuarum.
2252 4271 2408 4326 Dabit
2433 4273 2688 4330 Dominus
2721 4277 2960 4332 inimicos
2996 4288 3113 4333 tuos
3135 4283 3226 4350 qui
3254 4295 3576 4354 consurgunt

1991 4360 2266 4416 adversum
2293 4373 2360 4425 te,
2386 4375 2684 4421 corruentes
2714 4367 2768 4421 in
2793 4383 3069 4441 conspectu
3097 4384 3187 4427 tuo
3207 4373 3385 4445 (Deut.
3413 4392 3485 4444 tv,
3509 4380 3532 4432 i
3558 4395 3572 4442 ;

1996 4464 2051 4518 ι,
2094 4454 2161 4510 12
2189 4470 2342 4524 ;vm,
2377 4459 2474 4530 ll;
2529 4473 2717 4524 xxvtn,
2754 4459 2776 4513 l
2807 4461 2994 4531 seqq.).

2056 4564 2271 4621 Addens
2309 4584 2521 4638 quoque
2562 4569 2820 4628 Dominus
2860 4574 3033 4631 adhuc
3077 4578 3144 4632 ad
3173 4579 3459 4648 lsraclcm,
3489 4586 3572 4640 di-

1985 4655 2060 4712 cit
2093 4675 2106 4710 :
2138 4655 2196 4710 Si
2225 4657 2280 4710 in
2326 4661 2595 4729 pra'ceptis
2627 4662 2756 4715 meis
2797 4663 3206 4734 ambulaveritis,
3233 4680 3278 4722 et
3322 4673 3570 4728 mandata

1986 4763 2101 4800 mea
2144 4746 2513 4815 custodiet-itis,
2538 4760 2585 4804 et
2630 4751 2857 4820 feceritis
2899 4771 2978 4818 ea,
3013 4756 3148 4812 dabo
3191 4759 3332 4817 vobis
3368 4762 3572 4836 pluvias

1985 4838 2296 4907 temporibus
2322 4840 2452 4904 suis,
2481 4850 2529 4894 et
2571 4852 2709 4896 terra
2739 4845 2912 4915 gignet
2939 4863 3146 4916 germen
3184 4867 3365 4919 suum,
3393 4864 3440 4911 et
3477 4873 3571 4927 po—

1986 4928 2083 4982 mis
2109 4929 2321 4984 arbores
2342 4929 2690 5000 replebuntur.
2719 4934 3077 5005 Apprehendet
3111 4942 3350 4998 messium
3375 4946 3567 5002 tritura

1985 5018 2316 5084 vindemiam,
2359 5029 2406 5074 et
2456 5021 2712 5076 vindemia
2744 5025 3014 5094 occupabit
3051 5041 3326 5087 sementem
3355 5048 3373 5086 .'
3403 5046 3450 5090 et
3483 5054 3566 5090 co-

1985 5108 2198 5162 medetis
2219 5125 2405 5180 panem
2439 5120 2660 5165 vestrum
2688 5111 2740 5165 in
2769 5115 3064 5184 saturitate,
3092 5128 3140 5173 et
3166 5122 3355 5194 absque
3380 5142 3568 5195 pavore

1983 5199 2283 5258 habitabilis
2308 5204 2361 5257 in
2401 5211 2537 5257 terra
2568 5215 2755 5259 ucstra.
2791 5205 2932 5261 Dabo
2958 5227 3138 5280 pacem
3172 5220 3225 5268 tn
3262 5215 3453 5284 ﬁnibus
3484 5233 3560 5270 ue-

1983 5295 2146 5348 stris:
2188 5294 2476 5359 dormictis,
2519 5305 2565 5348 et
2599 5313 2700 5350 non
2737 5298 2832 5350 eri:
2865 5299 2958 5369 qui
2989 5311 3264 5359 exterreat.
3313 5304 3562 5374 Auferam

1990 5382 2158 5437 malas
2192 5383 2402 5448 bestias,
2438 5394 2486 5438 et
2520 5383 2726 5455 gladius
2767 5404 2868 5442 non
2916 5392 3156 5446 transibit
3197 5393 3440 5447 terminos
3474 5411 3561 5447 ve-

1989 5483 2144 5530 stros.
2181 5474 2568 5548 Persequemini
2601 5478 2839 5534 inimicos
2877 5491 3086 5547 vestros,
3117 5492 3164 5534 et
3199 5496 3441 5538 corruerit
3481 5503 3565 5540 co-

1992 5584 2103 5622 ram
2149 5567 2308 5622 vobis.
2361 5566 2743 5639 Persequentur
2779 5572 3002 5642 quinque
3034 5573 3097 5626 de
3135 5575 3314 5626 castris
3358 5589 3560 5634 centum

1991 5653 2210 5720 alienos,
2243 5666 2289 5709 ct
2331 5667 2532 5710 centum
2572 5659 2634 5711 de
2664 5660 2798 5713 vobis
2832 5660 3004 5712 decem
3029 5659 3213 5722 millia,
3242 5662 3424 5715 cadent
3459 5664 3559 5718 ini-

1993 5746 2113 5800 mici
2159 5748 2309 5802 vestri
2351 5747 2525 5818 gladio
2569 5749 2622 5800 in
2669 5756 2941 5816 conspectu
2986 5757 3170 5802 vestro.
3205 5748 3355 5814 Quod
3382 5754 3426 5806 si
3457 5771 3559 5812 nor

2968 5840 3046 5900 30
