3992 6206
407 324 523 382 959

1702 318 2053 376 SMARAGDI
2091 317 2383 374 ABBA'I‘IS

3563 323 3690 380 980

418 435 691 491 audieritis
722 448 823 498 me,
861 448 954 486 nec
991 431 1216 501 feceritis
1260 432 1434 485 omnia
1484 431 1734 485 mandata
1760 447 1909 493 mea,
1946 429 1993 483 si
2019 433 2069 490 Α
2095 444 2214 500 gem
2245 444 2430 499 regum
2473 428 2701 496 clamet,
2747 429 2979 492 eLdicat
3012 448 3026 483 :
3064 429 3294 500 Adjutor
3330 442 3380 488 et
3414 445 3694 503 protector

366 525 370 528 ’
416 528 708 602 spreveritis
735 525 868 596 leges
898 539 1059 586 meas,
1085 531 1133 576 et
1162 522 1370 593 judicia
1412 539 1527 576 mea
1563 523 1990 593 contempseritis,

417 633 474 676 ut
507 637 608 675 non
654 618 861 686 faciatis
892 630 954 667 ea
998 630 1116 679 qua:
1145 631 1178 667 a
1217 629 1299 667 me
1341 615 1622 668 constituta
1659 623 1807 681 sunt,
1837 621 1888 668 et
1923 612 1992 666 ad

416 708 628 762 irritum
661 700 962 772 perducatis
1004 708 1217 769 paetum
1255 714 1458 764 meum,
1506 715 1599 770 ego
1639 714 1844 769 quoque
1881 698 1994 752 haec

415 797 610 868 faciam
639 792 797 848 vobis.
830 789 1064 845 Visitabo
1095 805 1186 843 vos
1209 789 1450 843 velociter
1473 790 1528 844 in
1557 798 1804 859 egestate,
1829 798 1879 844 et
1907 805 1995 843 ar-

415 887 543 939 dore
575 885 667 955 qui
694 881 939 950 conﬁciat
966 879 1145 934 oculos
1175 889 1393 944 vestros,
1421 890 1469 934 et
1496 888 1764 934 consumat
1787 881 1992 934 animas

415 994 630 1038 vestras.
678 981 903 1034 Frustra
940 979 1121 1034 seretis
1163 987 1459 1040 sementem,
1500 993 1618 1047 qua:
1655 975 1720 1029 ab
1759 974 1992 1029 hostibus

415 1073 766 1127 devorabitur.
802 1069 1004 1123 Ponam
1039 1069 1226 1138 faciem
1255 1083 1425 1120 meam
1453 1074 1634 1119 contra
1663 1081 1772 1130 vos,
1799 1073 1847 1118 et
1878 1080 1994 1117 eor-

416 1163 577 1217 ruetis
619 1177 794 1215 coram
827 1160 1058 1214 hostibus
1092 1159 1302 1224 vestris,
1332 1167 1380 1211 et
1408 1154 1755 1225 subjiciemini
1796 1155 1877 1208 Itis
1901 1154 1991 1224 qui

415 1251 634 1306 oderunt
656 1262 774 1303 vos:
801 1249 1011 1318 fugietis
1034 1247 1236 1301 nemine
1253 1252 1584 1316 persequente
1609 1241 1795 1314 (Leuit.
1818 1241 1989 1310 xva).

413 1340 519 1394 Per
546 1339 742 1394 Isaiam
767 1352 982 1407 quoque
1012 1336 1268 1392 Dominus
1295 1337 1362 1390 ad
1387 1333 1551 1389 Israel
1580 1333 1800 1400 clamat,
1828 1343 1883 1389 et
1909 1335 1992 1388 di-

413 1432 526 1486 cit:
560 1429 768 1484 Utinam
805 1429 1112 1487 attendisses
1141 1427 1391 1480 mandata
1427 1425 1576 1479 mea!
1609 1423 1780 1478 Facta
1808 1424 1991 1494 fuisset

411 1522 544 1575 sicut
568 1522 766 1590 ﬂumen
785 1535 891 1589 pax
915 1527 1027 1582 tua,
1054 1527 1102 1571 et
1122 1517 1332 1586 justitia
1359 1526 1449 1568 tua
1473 1515 1606 1569 sicut
1631 1514 1858 1585 gurgites
1883 1531 1994 1567 ma-

413 1616 520 1679 ris;
547 1622 596 1668 et
626 1613 807 1683 fuisset
835 1610 986 1683 quasi
1011 1626 1170 1664 arena
1196 1624 1368 1663 semen
1392 1617 1560 1671 tuum,
1591 1614 1639 1660 et
1673 1606 1830 1675 stirps
1857 1607 1991 1659 uteri

411 1709 492 1760 tui
515 1716 571 1761 ut
597 1704 764 1775 lapilli
785 1705 897 1774 ejus
922 1718 940 1756 :
968 1719 1071 1756 non
1096 1701 1392 1764 interiissct,
1420 1708 1470 1754 et
1497 1715 1601 1752 non
1626 1698 1808 1767 fuisset
1835 1697 1991 1750 attri—

411 1809 523 1853 tum
549 1812 733 1850 nomen
755 1795 868 1864 ejus
895 1791 1029 1862 (Isa.
1053 1805 1242 1856 xLVIII,
1271 1789 1357 1853 18,
1383 1787 1491 1858 19).

482 1887 689 1942 Bonum
714 1899 846 1955 ergo
887 1883 985 1937 tibi
1019 1888 1131 1946 est,
1168 1895 1202 1935 ο
1233 1894 1348 1943 rex,
1391 1886 1452 1932 ut
1480 1878 1673 1948 diligas
1702 1877 1990 1932 Dominum

411 1979 582 2034 Deum
611 1985 782 2040 tuum,
809 1981 866 2029 et
891 1973 960 2028 ob
993 1972 1334 2027 dilectionem
1360 1967 1478 2037 ejus
1506 1967 1727 2022 nimiam
1759 1966 1989 2023 sollicite

408 2079 467 2127 et
497 2069 780 2140 diligenter
816 2065 1089 2121 custodias
1128 2060 1244 2133 ejus
1282 2068 1570 2130 prmeepta.
1617 2059 1818 2114 Sancta
1863 2066 1991 2113 sunt

407 2161 555 2220 enim
586 2159 835 2214 mandata
861 2156 977 2227 ejus
1015 2164 1072 2211 et
1098 2155 1266 2224 justa,
1303 2160 1357 2209 et
1389 2150 1803 2207 observantibus
1833 2149 1989 2204 valde

408 2251 685 2308 salutaria.
721 2249 1010 2318 Propterea
1038 2247 1196 2300 Pater
1219 2253 1275 2300 et
1299 2243 1468 2298 Filius
1495 2251 1551 2297 et
1580 2241 1818 2312 Spiritus
1858 2257 1986 2296 san-

409 2351 529 2396 ctus
549 2341 616 2396 ad
645 2348 700 2395 te
725 2339 958 2400 venient,
986 2344 1040 2391 et
1065 2335 1204 2405 apud
1230 2343 1280 2388 te
1309 2335 1362 2388 in
1389 2332 1610 2403 proprio
1637 2331 1815 2386 laetam
1840 2345 1986 2384 man-

411 2433 618 2486 sionem
645 2427 866 2491 facient,
893 2435 951 2480 et
983 2425 1178 2480 beatus
1207 2425 1319 2478 eris
1362 2423 1418 2477 in
1463 2428 1726 2492 perpetuo
1770 2420 1864 2475 tali
1891 2420 1988 2474 ho-

407 2522 545 2590 spite
585 2518 852 2574 visitatus.
883 2515 1178 2585 Propterea
1221 2511 1635 2581 complebuntur
1671 2510 1724 2564 in
1768 2510 1986 2564 benedi-

407 2613 678 2667 ctionibus
725 2609 841 2664 dies
887 2607 982 2672 tui,
1015 2614 1070 2662 et
1114 2605 1168 2660 in
1196 2604 1368 2676 gloria
1405 2603 1532 2659 anni
1562 2601 1659 2656 tui.
1691 2601 1984 2670 Propterea

406 2717 512 2771 pax
549 2709 638 2755 tua
675 2698 903 2755 feliciter
952 2694 1414 2765 multiplicabitur,
1457 2701 1514 2749 et
1543 2691 1800 2764 gaudium
1843 2692 1984 2748 sicut

406 2792 605 2848 flumen
635 2791 689 2845 in
714 2797 974 2845 aeternum
997 2785 1380 2856 eomplebitur.

1016 2896 1244 2952 CAPUT
1275 2896 1358 2952 Ill.

1027 2967 1106 3020 De
1141 2969 1345 3022 timore.

474 3059 616 3115 Ecce
655 3056 766 3126 iam
805 3057 1098 3111 auxiliante
1145 3057 1255 3111 Deo
1294 3057 1360 3111 ad
1405 3058 1626 3112 tertium
1670 3057 1772 3112 via:
1819 3057 1980 3128 regiae

404 3149 748 3220 pervenimus
780 3147 1038 3217 gradum,
1089 3147 1142 3200 in
1187 3162 1296 3216 quo
1337 3148 1517 3217 Operis
1557 3147 1732 3201 nostri
1773 3155 1983 3204 rectum

405 3241 661 3295 debemus
721 3236 887 3307 ﬁgere
941 3251 1206 3307 gressum.
1257 3235 1367 3291 Sed
1416 3236 1542 3306 quia
1597 3251 1694 3306 per
1739 3244 1981 3291 nosmet-

405 3333 551 3402 ipsos
592 3344 754 3401 agere
787 3343 894 3385 non
927 3329 1188 3395 valemus,
1223 3328 1551 3400 Prophetam
1590 3328 1828 3398 ejusdem
1872 3331 1981 3386 Do-

403 3421 571 3486 mini,
629 3421 781 3492 cujus
838 3421 982 3475 viam
1045 3421 1352 3492 gradimur,
1400 3420 1690 3494 diligenter
1749 3423 1983 3479 interro-

405 3524 610 3583 gemus.

475 3599 646 3657 Adest
688 3600 845 3655 nobis
890 3601 1178 3656 benevolus
1206 3602 1534 3673 humilisque
1577 3603 1745 3658 David
1775 3602 1981 3673 Spiritu

404 3697 594 3746 sancto
641 3689 898 3759 repletus.
927 3699 982 3746 et
1009 3692 1098 3747 ubi
1127 3700 1249 3762 post
1274 3693 1670 3748 observantiam
1701 3695 1983 3750 mandato-

405 3796 526 3835 rum
554 3781 668 3845 Dei,
713 3781 1100 3850 servitiumque
1143 3783 1357 3837 beatum
1384 3784 1572 3853 pedem
1603 3786 1782 3853 operis
1810 3786 1979 3839 nostri

406 3871 572 3942 llgere
593 3872 1163 3938 debeamusostendit,
1190 3873 1377 3930 dicens
1402 3893 1415 3927 :
1447 3873 1646 3928 Servite
1679 3874 1900 3930 Domino
1924 3877 1979 3930 in

402 3963 589 4015 timore
617 3977 637 4016 :
665 3970 714 4016 et
752 3960 1012 4016 exsultate
1045 3963 1092 4016 ei
1135 3979 1253 4016 cum
1292 3973 1514 4018 tremore
1555 3961 1726 4034 (Psal.
1765 3982 1837 4033 II,
1866 3964 1976 4036 ll).

402 4050 538 4110 Nam
576 4059 632 4106 et
658 4050 945 4120 Apostolus
972 4066 1126 4121 teque
1151 4067 1248 4106 nos
1284 4053 1555 4115 admonet,
1586 4053 1808 4108 dicens:
1843 4053 1978 4107 Cum

401 4143 589 4198 timore
624 4151 843 4197 vestram
889 4140 1109 4196 salutem
1170 4143 1456 4211 operamini
1507 4141 1726 4212 (Philip.
1754 4160 1824 4208 II,
1855 4144 1974 4214 12).

400 4230 540 4290 Ecce
566 4232 835 4302 quomodo
874 4233 958 4286 via
995 4233 1142 4303 regia
1178 4240 1353 4301 patet,
1398 4247 1525 4287 ecce
1567 4234 1832 4300 quomodo
1859 4250 1980 4304 per-

401 4321 584 4390 spicua
609 4329 710 4386 est,
742 4335 870 4376 ecce
897 4321 1166 4390 quomodo
1191 4321 1332 4376 ultro
1363 4337 1422 4376 se
1450 4323 1858 4378 occurrentibus
1897 4323 1978 4379 of-

401 4408 542 4464 fert:
575 4409 789 4480 planam
818 4425 875 4464 se
921 4411 1028 4464 iter
1055 4411 1338 4481 agentibus
1383 4412 1596 4476 sternit,
1637 4421 1694 4466 et
1739 4412 1971 4470 lucidam

401 4513 462 4554 se
513 4499 848 4556 calcantibus
897 4501 1117 4570 prmbet.
1167 4499 1306 4567 Quid
1371 4501 1513 4556 enim
1558 4501 1798 4556 clarius?
1841 4504 1970 4573 quid

402 4588 665 4646 lucidius?
714 4591 909 4660 quidve
964 4591 1349 4660 congruentius
1401 4606 1522 4646 esse
1561 4599 1764 4660 potest,
1810 4608 1971 4662 quam

401 4686 460 4731 ut
500 4680 591 4748 qui
637 4681 810 4751 diligit
851 4681 1165 4745 Dominum,
1200 4681 1450 4735 mandata
1484 4678 1600 4748 ejus
1635 4682 1886 4736 observet
1919 4690 1974 4736 et

400 4776 653 4836 operetur
682 4768 733 4821 in
783 4769 893 4824 eis?
919 4778 974 4822 et
1013 4769 1105 4838 qui
1145 4777 1415 4837 operatur,
1448 4785 1552 4822 non
1596 4770 1848 4836 inaniter,
1879 4778 1970 4824 aut

397 4855 681 4924 jactanter,
709 4857 799 4910 sed
830 4873 952 4912 cum
985 4859 1176 4912 timore
1219 4857 1313 4911 Dei
1340 4867 1612 4927 operetur,
1643 4869 1696 4913 et
1736 4875 1840 4914 non
1869 4860 1969 4916 sibi

401 4942 465 4997 de
510 4943 649 4995 bono
679 4959 840 5014 opere
867 4947 1053 5001 inanes
1077 4955 1130 5000 et
1161 4961 1356 5001 vacuas
1397 4946 1597 4999 tribuat
1641 4947 1843 5010 laudes,
1876 4951 1970 5004 sed

399 5031 628 5086 Domino
659 5030 861 5104 iugiter
885 5035 1073 5105 dignas
1106 5037 1307 5106 gratias
1350 5035 1564 5098 referat,
1610 5037 1701 5108 qui
1748 5053 1868 5093 eum
1918 5048 1973 5094 et

401 5119 577 5174 fructu
619 5120 743 5174 boni
783 5123 964 5193 operis
1019 5124 1268 5194 impleat,
1311 5134 1366 5179 et
1414 5125 1468 5182 in
1517 5128 1787 5195 Operando
1842 5131 1967 5183 felix

399 5210 448 5264 ei
487 5209 810 5282 adjutorium
850 5214 1103 5284 prrebeat.
1139 5215 1407 5285 Scriptum
1437 5225 1519 5270 est
1553 5217 1734 5271 enim:
1768 5217 1871 5283 Qui
1905 5220 1971 5273 ti-

398 5309 536 5354 ment
564 5299 868 5366 Dominum,
896 5315 1225 5371 speraverant
1260 5307 1312 5359 in
1343 5305 1566 5362 Domino
1589 5321 1607 5364 ,'
1639 5307 1851 5379 adjutor
1881 5327 1968 5364 eo-

399 5406 516 5444 rum
543 5399 591 5446 et
618 5401 878 5461 protector
900 5407 1076 5444 eorum
1100 5402 1171 5445 est
1197 5391 1366 5466 (Psal.
1391 5411 1542 5463 exui,
1571 5397 1678 5467 ll).

467 5481 620 5537 Time
647 5498 793 5553 ergo,
819 5499 853 5538 o
879 5483 1159 5538 mitissime
1203 5500 1314 5546 rex,
1343 5485 1532 5552 Deum,
1579 5496 1638 5542 ut
1677 5489 1966 5557 protectio-

399 5585 520 5632 nem
547 5574 638 5628 tibi
659 5573 861 5644 jugiter
886 5581 939 5628 et
964 5573 1287 5647 adjutorium
1315 5574 1440 5630 felix
1481 5577 1765 5643 ministret,
1793 5587 1848 5632 et
1874 5587 1964 5633 tua

401 5674 502 5714 vox
525 5675 650 5719 cum
674 5678 807 5720 voce
847 5663 1046 5732 Matina,
1083 5664 1248 5737 Moysi
1275 5673 1328 5719 et
1361 5663 1541 5721 Aaron
1585 5667 1730 5723 unita
1759 5666 1826 5725 ad
1857 5667 1964 5723 εἶρε

2095 535 2238 572 meus
2266 518 2541 585 Dominus,
2569 530 2618 574 et
2649 520 2820 588 factus
2854 529 2930 574 est
2971 519 3099 574 mihi
3141 521 3196 575 in
3225 521 3447 577 salutem
3474 524 3691 594 (Exod.

2095 623 2186 674 xv,
2207 607 2285 678 2).
2308 607 2523 664 Necnon
2544 617 2600 664 et
2627 625 2728 664 vox
2755 621 2844 664 tua
2869 625 2992 666 cum
3023 610 3164 681 regis
3191 610 3361 668 David
3391 629 3520 670 voce
3545 631 3695 672 eon-

2088 699 2312 771 juncta,
2349 701 2630 771 jubiloque
2683 702 3063 758 exsultationis
3117 703 3322 774 repleta
3369 707 3698 764 vociferans

2096 790 2309 857 clamet,
2335 799 2396 847 et
2419 792 2602 856 dicat:
2643 792 2899 846 Dominus
2932 793 3094 846 virtus
3118 811 3257 858 mea,
3285 795 3696 863 ﬁrmamentum

2093 897 2286 947 meum,
2326 892 2376 936 et
2410 882 2668 952 refugium
2696 899 2900 946 meum,
2930 891 2978 936 et
3019 882 3269 938 liberator
3308 903 3450 941 meus
3480 901 3498 940 :
3531 889 3695 945 Dem

2095 988 2257 1036 meus,
2291 973 2506 1043 adjutor
2547 991 2712 1038 meus,
2755 983 2803 1028 et
2845 974 3064 1044 sperabo
3114 977 3170 1030 in
3196 993 3349 1032 eum.
3405 978 3697 1035 Protector-

2094 1077 2260 1128 meus,
2287 1071 2333 1116 et
2374 1079 2537 1143 co’rnu
2575 1062 2759 1117 salutis
2787 1079 2936 1128 mete,
2958 1073 3005 1117 et
3034 1073 3301 1134 susceptor
3333 1083 3494 1122 meus.
3531 1069 3696 1122 Lass-

2093 1148 2226 1203 dans
2267 1150 2514 1204 invocabo
2541 1150 2848 1217 Dominum,
2873 1160 2922 1205 et
2966 1152 3030 1206 ab
3073 1153 3300 1207 inimicis
3335 1156 3462 1210 meis
3496 1157 3697 1214 salvus

2093 1257 2182 1294 ero
2207 1239 2380 1310 (Psal.
2398 1258 2534 1314 xVII,
2559 1244 2700 1316 24).

2166 1331 2318 1387 Time
2341 1347 2473 1402 ergo
2495 1333 2686 1399 Deum,
2711 1348 2829 1399 rex,
2856 1341 2917 1387 ut
2940 1331 3124 1404 jugem
3164 1335 3262 1390 tibi
3289 1336 3480 1393 animm
3500 1339 3697 1394 virtu-

2094 1430 2202 1476 tem
2227 1423 2578 1492 corporisque
2619 1424 2910 1492 ministret,
2943 1424 3341 1483 ﬁrmamentum
3383 1431 3582 1486 mentis
3617 1442 3696 1488 et

2094 1511 2417 1581 adjutorium
2442 1515 2705 1570 concedat
2726 1522 3009 1580 atternum,
3035 1531 3201 1572 cornu
3234 1520 3381 1588 regni
3411 1521 3483 1574 tui
3508 1521 3696 1580 faciat

2093 1599 2340 1663 sublime,
2371 1612 2427 1658 et
2463 1604 2744 1659 brachium
2776 1603 3106 1661 fortitudinis
3133 1607 3329 1664 robore
3366 1612 3688 1670 conﬁrmet.

2093 1691 2150 1746 In
2175 1693 2384 1748 timoris
2403 1695 2603 1749 etenim
2625 1695 2838 1750 laudem
2863 1693 3115 1751 Salomon
3137 1697 3243 1751 ait:
3269 1697 3444 1754 Timor
3459 1701 3690 1760 Domini

2019 1771 2067 1832 B
2094 1793 2313 1854 apponet
2341 1785 2454 1840 dies
2481 1783 2666 1857 (Prov.
2690 1801 2753 1849 χ,
2795 1785 2909 1857 ‘27).
2942 1786 3093 1842 Time
3117 1803 3246 1859 ergo
3273 1788 3458 1856 Deum,
3486 1807 3520 1846 ο
3552 1809 3682 1859 rex,

2088 1873 2184 1928 sed
2231 1873 2321 1928 illo
2367 1875 2579 1942 timore,
2624 1877 2715 1944 qui
2765 1885 2987 1933 sanctus
3015 1888 3297 1948 permanet
3325 1882 3378 1936 in
3415 1885 3683 1942 saeculum

2089 1961 2299 2028 saeculi;
2337 1963 2428 2018 illo
2458 1971 2608 2019 casto
2652 1965 2863 2030 timore,
2907 1967 2999 2036 qui
3031 1967 3127 2022 tibi
3163 1969 3232 2022 ad
3265 1969 3384 2027 dies
3412 1976 3685 2042 temporis

2087 2049 2246 2118 hujus
2274 2051 2490 2120 adjiciet
2515 2052 2634 2108 dies
2659 2061 2912 2119 aeternos,
2941 2056 3059 2111 dies
3093 2068 3402 2128 perpetuos,
3429 2062 3544 2118 dies
3574 2063 3683 2118 ἰω-

2087 2140 2364 2207 mortales,
2391 2142 2506 2197 dies
2531 2158 2794 2212 perennes
2829 2163 2841 2198 :
2889 2145 2997 2200 imo
3034 2147 3174 2202 diem
3204 2164 3372 2204 unum
3413 2153 3529 2207 sine
3581 2170 3686 2209 ve-

2087 2245 2242 2301 spera
2268 2240 2321 2287 et
2348 2232 2636 2298 inﬁnitum,
2665 2234 2808 2288 diem
2849 2235 2990 2292 felici
3020 2239 3215 2307 gaudio
3241 2240 3481 2310 plenum,
3513 2244 3684 2300 inde-

2088 2320 2299 2395 flciente
2327 2324 2444 2378 luce
2481 2323 2764 2390 refertum,
2791 2328 3034 2398 angelico
3063 2332 3324 2386 comitatu
3365 2333 3680 2404 suﬂultum,

2086 2411 2228 2466 diem
2255 2426 2414 2481 quem
2457 2429 2563 2468 nox
2598 2429 2705 2468 non
2735 2416 3046 2488 interpolat,
3077 2421 3311 2476 tenebrae
3340 2438 3447 2480 non
3471 2425 3683 2483 obscu-

2084 2509 2228 2566 rant,
2260 2501 2501 2556 nubilum
2527 2518 2634 2557 non
2659 2503 2905 2572 od‘uscat,
2946 2507 3342 2577 importabilem
3368 2528 3474 2568 non
3503 2494 3684 2572 edicit

2085 2589 2235 2644 calor
2263 2592 2490 2657 aestatis,
2515 2593 2728 2664 pigrum
2756 2610 2862 2650 non
2895 2597 3068 2652 reddit
3100 2599 3272 2670 frigus
3296 2603 3526 2660 hiemis:
3555 2607 3684 2663 dies

2085 2679 2175 2750 qui
2227 2680 2435 2737 tibimet
2463 2698 2602 2738 unus
2643 2683 2748 2752 erit
2778 2699 2900 2739 cum
2945 2688 3168 2754 sanctis,
3199 2694 3499 2750 cnnmunis
3545 2711 3706 2752 cum.

2082 2769 2310 2842 angelis,
2351 2779 2585 2827 internus
2626 2789 2748 2828 cum
2785 2775 3050 2845 utrisque,
3081 2779 3175 2847 qui
3219 2780 3318 2836 tibi
3348 2798 3472 2837 cum
3520 2785 3680 2846 felici

2083 2862 2278 2930 gaudio
2326 2865 2656 2918 consortium
2704 2865 2906 2920 tribuat
2954 2868 3308 2939 angelorum,
3355 2881 3410 2928 et
3456 2879 3677 2936 socium

2082 2951 2245 3008 faciat
2289 2955 2717 3024 patriarcharum
2743 2997 2758 3022 ,
2813 2957 2868 3012 in
2919 2974 3146 3016 numero
3203 2974 3480 3035 computet
3532 2984 3674 3038 pro-

2082 3043 2394 3114 phetarum,
2447 3045 2503 3100 in
2556 3047 2914 3105 exsultatione
2959 3051 3166 3110 socium
3210 3053 3378 3112 faciat
3432 3070 3667 3129 aposto-

2009 3116 2056 3178 C
2086 3133 2279 3189 lorum.

2153 3221 2271 3292 Ipse
2309 3224 2505 3295 quippe
2555 3223 2810 3282 Salomon
2837 3225 2904 3284 de
2933 3227 3094 3288 laude
3138 3232 3263 3289 boni
3307 3236 3515 3294 timoris
3545 3239 3620 3296 ait
3647 3260 3666 3298 :

2086 3310 2264 3366 Timor
2284 3311 2497 3369 Domini
2521 3314 2636 3382 fons
2657 3317 2773 3372 vine
2802 3316 2986 3386 (Ibid.,
3013 3337 3124 3389 xiv,
3151 3323 3263 3394 27).
3292 3327 3453 3399 Ergo,
3480 3330 3528 3387 si
3555 3333 3666 3400 vis,

2080 3418 2195 3469 rex,
2228 3404 2283 3458 in
2307 3415 2566 3460 aeternum
2593 3407 2823 3464 feliciter
2843 3409 3044 3477 vivere,
3072 3413 3324 3473 alacriter
3352 3421 3421 3474 ad
3451 3420 3664 3481 fontem

2080 3494 2554 3586 debesrecurrere
2589 3499 2733 3553 vitae
2774 3499 2894 3570 Ipse
2933 3503 3076 3559 enim
3105 3513 3190 3576 est
3233 3504 3355 3564 fons
3383 3511 3527 3578 vitai,
3565 3517 3665 3586 qui

2071 3581 2199 3656 juge
2228 3584 2361 3640 dans
2399 3587 2666 3656 poculum,
2697 3598 2952 3646 mternam
2989 3593 3199 3651 auferet
3230 3599 3399 3667 sitim,
3442 3611 3498 3660 et
3529 3581 3659 3662 cum

2079 3675 2249 3746 gloria
2294 3677 2492 3733 tribuet
2521 3679 2938 3738 immortalitatis
2978 3700 3254 3742 coronam.
3297 3689 3415 3760 Ipse
3461 3693 3656 3752 iterum

2082 3767 2332 3824 Salomon
2367 3771 2481 3825 ait:
2524 3772 2700 3828 Timor
2735 3773 2947 3830 Domini
2974 3777 3066 3832 dat
3112 3780 3273 3835 vitam
3317 3783 3510 3853 (lbid.,
3535 3804 3653 3856 xIx,

2076 3859 2189 3926 25).
2218 3860 2376 3915 Vides
2403 3877 2552 3934 ergo,
2584 3878 2699 3929 rex,
2736 3865 2862 3936 quia
2901 3866 2956 3921 in
2997 3868 3189 3924 timore
3231 3872 3441 3929 Domini
3485 3877 3656 3946 pleni—

2080 3951 2204 4004 tudo
2235 3951 2506 4008 invenitur
2530 3955 2690 4010 vitse:
2720 3955 2868 4011 vides
2896 3957 3024 4026 quia
3055 3961 3216 4017 timor
3248 3962 3460 4021 Domini
3495 3969 3650 4025 nobis

2078 4037 2434 4094 immortalem
2477 4049 2532 4096 et
2576 4050 2834 4100 aeternam
2864 4048 3135 4104 ministrat
3181 4053 3366 4108 vitam.
3408 4055 3653 4114 Praesens

2077 4125 2273 4181 ctenim
2300 4129 2407 4182 vita
2435 4129 2643 4184 dierum
2671 4133 3001 4201 plenitudine
3027 4151 3133 4191 non
3165 4137 3407 4207 fulcitur,
3447 4147 3539 4200 sed
3568 4147 3651 4201 fu-

2078 4221 2218 4268 tura.
2242 4215 2298 4269 In
2327 4217 2544 4272 dimidio
2564 4235 2795 4291 namque
2817 4223 3027 4278 dierum
3051 4238 3357 4285 nostrorum
3381 4233 3644 4303 tollimur;

2075 4310 2130 4355 et
2172 4303 2253 4393 ab!
2289 4303 2410 4370 ista,
2441 4305 2566 4359 dum
2610 4307 2786 4365 adhuc
2817 4311 2997 4366 vivere
3035 4316 3356 4386 cogitamus,
3409 4325 3651 4393 rapimur

2074 4391 2203 4446 vita.
2233 4391 2323 4448 Sic
2356 4395 2500 4448 enim
2543 4411 2640 4451 rex
2661 4395 2840 4465 justus
2865 4400 3125 4461 Ezechias
3154 4406 3268 4462 ait:
3300 4409 3413 4484 Ego
3453 4391 3564 4467 dixi
3593 4415 3649 4469 ia

2075 4483 2292 4539 dimidio
2331 4484 2533 4540 dierum
2561 4503 2832 4545 meorum:
2868 4489 3070 4548 Vadam
3106 4495 3174 4548 ad
3220 4509 3400 4566 portas
3451 4504 3645 4574 inferi,

2074 4584 2179 4630 etc.
2211 4573 2440 4629 Prtecisa
2467 4586 2540 4629 est
2572 4577 2708 4631 velut
2737 4597 2769 4633 a
2791 4589 2990 4636 texente
3028 4585 3130 4638 vita
3154 4603 3301 4653 mea;
3325 4591 3450 4646 dum
3473 4594 3644 4650 adhuc

2074 4665 2294 4730 ordirer,
2328 4667 2546 4720 succidit
2575 4684 2656 4720 me
2677 4685 2695 4722 :
2727 4669 2790 4722 de
2819 4687 2971 4726 mane
2995 4690 3154 4753 usque
3191 4677 3259 4729 ad
3285 4696 3544 4749 vesperam
3577 4685 3644 4759 ῥ-

2075 4757 2183 4810 nies
2216 4773 2297 4810 me
2341 4757 2494 4829 (Isai.
2519 4775 2750 4826 xxxvm,
2782 4762 2984 4835 lO-lﬁ).
3008 4764 3142 4819 Nam
3183 4770 3323 4838 quod
3351 4773 3432 4826 in-
3453 4757 3644 4830 timore

2074 4845 2167 4900 Dei
2208 4847 2482 4918 plenitudo
2524 4850 2593 4904 sit
2619 4852 2917 4920 sapientiae,
2946 4863 3000 4908 et
3043 4855 3314 4925 plenitudo
3345 4861 3639 4931 fructuum,

2075 4951 2130 4996 et
2173 4943 2446 5012 plenitudo
2473 4948 2851 5014 generationis,
2885 4958 2938 5003 et
2970 4951 3257 5009 thesaurus
3296 4957 3506 5022 salutis,
3537 4977 3640 5015 una

2073 5033 2340 5088 sententia
2367 5035 2765 5104 comprehcndit
2792 5038 2995 5106 pariter
3037 5039 3448 5100 Ecclesiasticus
3485 5048 3639 5115 liber,

2071 5131 2125 5177 et
2169 5122 2338 5176 dicit:
2372 5121 2646 5181 Plenitudo
2693 5124 2960 5194 sapientia:
3008 5139 3081 5184 est
3125 5131 3303 5186 timere
3349 5133 3558 5203 Deum;
3588 5154 3637 5194 ct

2069 5212 2336 5283 plenitudo
2363 5230 2394 5266 a
2429 5213 2682 5282 fructibus
2720 5213 2854 5283 ejus,
2885 5233 3087 5277 omnem
3123 5220 3336 5279 domum
3378 5225 3518 5280 illius
3545 5227 3640 5288 int-

2067 5300 2223 5371 plebit
2259 5319 2290 5354 a
2319 5303 2757 5374 generationibus,
2781 5315 2828 5358 et
2873 5309 3197 5377 receptacula
3224 5329 3257 5366 α
3283 5314 3542 5372 thesauri;
3577 5318 3641 5372 ει.

2065 5390 2185 5446 lius.
2213 5389 2418 5451 Corona
2451 5392 2718 5462 sapientia!
2758 5394 2912 5449 timor
2933 5395 3160 5463 Domini,
3207 5401 3410 5472 replens
3435 5422 3636 5476 pacem,

2065 5493 2115 5538 et
2159 5483 2350 5568 salutis,
2396 5485 2623 5548 fructum
2666 5499 2684 5536 :
2729 5495 2774 5540 et
2814 5487 2972 5554 vidit,
3000 5498 3046 5542 et
3080 5490 3438 5566 ‘dinurneravit
3486 5514 3637 5565 eam,

2063 5585 2284 5646 utraque
2329 5585 2498 5629 autem
2541 5586 2662 5630 sunt
2693 5576 2832 5630 dona
2877 5577 2976 5633 Dei
3021 5579 3208 5650 (Eccli.
3278 5600 3331 5648 I,
3361 5584 3473 5656 20).
3519 5586 3636 5657 Ipso

2064 5666 2257 5724 iterum
2288 5675 2340 5742 te
2376 5659 2565 5727 timere
2593 5667 2877 5723 Dominum
2922 5670 3231 5728 salutariter
3255 5674 3532 5738 admonet.
3561 5679 3636 5736 di-
