3992 6206
381 336 480 391 9H

1824 320 1937 378 VIA
1976 315 2206 377 REGIA.
2226 370 2231 375 ,

3527 312 3632 368 943

380 461 512 505 cens
538 463 551 498 :
580 443 742 498 Serva
783 442 925 498 illius
955 442 1212 506 timorem,
1237 452 1284 495 et
1326 441 1380 495 in
1409 438 1499 493 illo
1535 447 1808 495 eeterasce.
1846 433 1956 489 He—
1985 444 2033 504 Α
2059 432 2250 493 altera.
2290 432 2358 489 Et
2388 430 2508 491 ideo
2536 428 2780 500 proxime
2804 435 2930 483 sunt
2952 441 2981 480 a
3028 427 3183 487 nobis
3211 416 3487 496 potiendae,
3523 443 3629 483 non

381 548 581 595 tuentes
640 533 924 589 Dominum
969 533 1220 588 sustinete
1266 528 1676 587 misericordiam
1727 525 1875 595 ejus,
1911 533 1960 577 et

382 646 489 688 non
520 626 811 698 deﬂectatis
842 624 909 677 ab
936 623 1028 678 illo
1067 641 1131 680 ne
1153 622 1375 679 cadetis.
1403 620 1507 686 Qui
1544 617 1737 673 timetis
1780 613 1963 670 Domi-

380 735 532 785 num,
563 716 756 773 credite
794 714 904 780 illi,
935 723 984 769 et
1024 731 1126 769 non
1169 704 1503 768 evacuabitur
1534 724 1727 764 merces
1771 714 1961 764 uestra.

376 808 489 876 Qui
515 807 708 863 tia-etis
732 805 1036 869 Dominum,
1060 813 1261 875 sperate
1282 803 1339 855 in
1371 800 1541 865 illum,
1573 809 1621 857 et
1659 798 1714 854 in
1739 796 1966 859 oblectav

384 900 524 955 tione
553 897 697 953 vobis
723 895 884 950 ueniet
910 893 1289 947 misericordia.
1315 890 1419 961 Qui
1440 889 1629 947 timetis
1660 887 1963 951 Dominum,

378 992 586 1060 diligite
612 987 783 1051 illum,
810 995 861 1042 et
897 983 1336 1045 illuminabuntur
1371 981 1533 1035 corda
1574 988 1741 1036 vestra
1772 976 1962 1050 (Eccli.

387 1096 453 1143 ιι,
481 1078 559 1149 6).
591 1076 709 1147 Ipse
747 1076 943 1133 iterum
976 1072 1230 1129 Salomon
1256 1072 1371 1127 ait:
1409 1070 1588 1126 Timor
1617 1069 1714 1124 Dei
1742 1077 1819 1123 est
1861 1084 1966 1123 non

387 1168 649 1240 despicere
673 1180 954 1235 pauperem
980 1162 1214 1231 iustum,
1244 1172 1292 1216 et
1332 1160 1441 1216 noli
1466 1159 1806 1231 magniﬁcare
1850 1174 1966 1228 pec-

386 1268 619 1317 catorem
658 1255 887 1313 divitem.
929 1252 1069 1325 Quia
1111 1252 1346 1323 quamvis
1373 1266 1597 1321 magnus
1634 1250 1699 1307 sit
1719 1247 1891 1319 judeJ;
1917 1254 1966 1307 et

386 1357 568 1420 potens
591 1347 649 1400 iu
672 1346 886 1408 honore,
920 1359 1025 1403 non
1051 1350 1127 1401 est
1156 1342 1330 1411 major
1356 1340 1448 1395 illo
1468 1341 1559 1417 qui
1595 1340 1740 1394 timet
1775 1337 1963 1391 Deum.

390 1437 566 1511 Quam
613 1450 833 1506 magnus
871 1434 962 1501 qui
1001 1432 1193 1487 invenit
1227 1431 1540 1502 sapientiam
1577 1438 1626 1483 et
1665 1427 1962 1489 scientiam,

388 1530 481 1587 sed
509 1545 612 1586 non
636 1536 712 1581 est
734 1542 887 1596 super
910 1525 1177 1579 timentem
1200 1523 1388 1577 Deum.
1414 1521 1593 1577 Timor
1617 1520 1715 1574 Dei
1740 1535 1795 1574 se
1815 1533 1971 1587 super

390 1621 570 1678 omnia
595 1617 961 1690 superposuit:
987 1615 1182 1669 Beatus
1208 1616 1362 1669 ltomo
1384 1614 1467 1669 cui
1491 1613 1746 1668 donatum
1772 1618 1847 1665 est
1875 1610 1971 1663 ha-

388 1711 510 1769 bere
541 1708 779 1763 timorem
814 1703 933 1758 Dei.
959 1701 1138 1757 Timor
1171 1701 1384 1755 Domini
1409 1700 1544 1754 sicut
1580 1697 1863 1769 paradisus
1887 1695 1970 1751 be-

2061 530 2327 592 separate.
2357 519 2730 591 Congruenter
2762 532 2893 589 ergo
2927 525 3050 587 post
3095 518 3342 572 timorem
3387 518 3636 586 ponimus

2061 613 2414 684 sapientiam;
2440 612 2567 681 quia
2588 604 2776 669 nonin
2803 608 3117 665 malevolam
3137 610 3394 674 animam,
3423 617 3481 665 ut
3507 610 3639 666 seri-

2061 714 2211 776 ptum
2231 712 2337 769 est,
2361 704 2455 760 sed
2481 703 2535 757 in
2559 703 2837 761 timentem
2860 702 3028 761 Deum
3051 701 3351 772 ingreditur
3374 702 3639 777 sapientia

2064 790 2219 864 (Sep.
2244 809 2293 856 t,
2321 791 2400 862 4).

2134 880 2288 937 Time
2333 895 2482 952 ergo,
2537 879 2834 935 clarissime
2880 896 3008 945 rex,
3054 882 3258 945 Deum,
3299 889 3355 939 et
3399 882 3639 943 animam

2065 979 2213 1027 tuam
2248 986 2492 1041 praepara
2520 970 2591 1023 ad
2617 969 2990 1040 excipiendum
3020 972 3361 1039 sapientiam,
3403 979 3465 1026 ut
3504 972 3645 1028 sicut

2065 1078 2161 1118 rex
2197 1061 2402 1131 regiam
2444 1076 2570 1117 cum
2614 1061 2879 1131 sapientia
2908 1062 3180 1131 sapienter
3208 1062 3382 1132 possis
3418 1076 3646 1133 pergere

2065 1154 2209 1207 viam
2248 1166 2262 1206 :
2306 1151 2524 1223 regibus
2562 1151 2709 1208 enim
2746 1152 2881 1207 liber
2928 1150 3216 1220 Sapientia:
3251 1152 3488 1207 maxime
3530 1152 3641 1206 ιω-

2066 1253 2400 1317 quenterque
2443 1243 2727 1303 clamitans
2755 1243 2830 1297 ait
2857 1258 2872 1297 :
2900 1243 2981 1302 Ad
3004 1260 3091 1299 vos
3120 1260 3241 1314 ergo
3272 1261 3413 1315 reges
3440 1253 3562 1304 sunt
3591 1245 3647 1299 lii

2064 1350 2326 1391 sermones
2357 1335 2485 1400 mei,
2514 1343 2570 1387 ut
2597 1334 2813 1390 discatis
2850 1334 3184 1404 sapientiam,
3217 1346 3265 1389 et
3294 1352 3400 1394 non
3434 1334 3647 1395 excida—

2067 1425 2134 1479 tis
2157 1437 2175 1474 :
2206 1424 2295 1493 qui
2333 1424 2472 1478 enim
2517 1424 2858 1478 custodierint
2889 1423 3069 1492 justa,
3103 1424 3241 1491 iuste
3267 1424 3645 1495 justiﬁcabum

2068 1522 2173 1570 tur.
2211 1515 2370 1571 Clara
2394 1527 2487 1582 est,
2531 1526 2577 1571 et
2604 1534 2721 1587 qua:
2748 1534 3015 1587 nunquam
3045 1518 3313 1572 marcescit
3355 1517 3611 1588 sapientia
3632 1558 3647 1579 ,

2067 1617 2116 1664 et
2145 1606 2300 1676 facile
2325 1606 2526 1663 videtur
2551 1606 2615 1659 ab
2649 1606 2730 1659 his
2758 1606 2847 1676 qui
2873 1605 3099 1674 diligunt
3122 1605 3291 1670 illam,
3315 1615 3364 1658 et
3390 1606 3652 1664 invenitur

2069 1698 2135 1757 ab
2178 1697 2261 1752 Itis
2301 1698 2391 1767 qui
2433 1706 2675 1767 quterunt
2720 1695 2868 1753 illam
2915 1695 3065 1769 (Sap.
3096 1713 3172 1762 γι,
3197 1698 3287 1762 l0,
3324 1698 3433 1768 l3).
3484 1698 3651 1754 Audis

386 1795 721 1860 “dictionis,
747 1802 797 1849 et
817 1809 972 1863 super
993 1807 1197 1846 onmem
1234 1790 1455 1861 gloriam
1483 1798 1797 1861 operuerunt
1824 1785 1974 1847 illum
2002 1792 2048 1855 Β
2073 1806 2224 1862 ergo,
2267 1790 2566 1845 clarissime
2611 1804 2727 1853 rex,
2774 1789 2901 1860 quia
2948 1789 3256 1858 specialiter
3305 1790 3540 1859 regibus,
3583 1804 3649 1843 ex

392 1885 585 1961 (Eccli.
611 1902 671 1952 x,
694 1883 794 1950 25;
826 1898 956 1948 xxv,
986 1878 1081 1948 l3;
1110 1898 1202 1946 ιι,
1228 1881 1335 1951 l8).

464 1976 627 2033 Vides
670 1988 819 2045 ergo,
863 1987 978 2037 rex,
1022 1972 1149 2043 quia
1174 1979 1233 2028 et
1264 1971 1370 2029 ista
1400 1968 1547 2047 regia
1584 1968 1757 2022 virtus
1783 1972 1886 2031 est,
1918 1965 1971 2022 in

388 2085 501 2140 qua
534 2067 730 2123 ﬁducia
774 2063 1106 2120 fortitudinis
1148 2069 1262 2126 est,
1305 2062 1361 2117 in
1398 2075 1505 2131 qua
1544 2059 1668 2113 vitm
1698 2055 1974 2129 plenitudo

394 2157 688 2224 invenitur,
732 2154 789 2210 in
828 2168 935 2227 qua
979 2152 1249 2211 fructuum
1293 2148 1569 2222 plenitudo
1612 2148 1873 2213 nutritur,
1919 2146 1972 2201 in

392 2269 503 2332 qua
530 2249 893 2323 generationis
916 2247 1114 2303 crescit
1134 2245 1410 2320 prosapia,
1440 2258 1538 2314 per
1566 2256 1727 2311 quam
1768 2239 1977 2295 fructus

393 2341 620 2414 pullulat
648 2338 837 2394 salutis
875 2346 931 2393 et
957 2336 1126 2408 pacis,
1156 2350 1254 2406 per
1279 2348 1442 2405 quam
1473 2332 1763 2389 thesaurus
1790 2343 1977 2385 recou-

395 2433 542 2495 ditur
578 2429 852 2495 salutaris,
883 2444 979 2500 per
1019 2442 1182 2501 quam
1225 2424 1669 2480 illuminabuntur
1711 2420 1872 2480 corda
1894 2417 1980 2488 juv

396 2533 629 2587 storum,
670 2535 766 2596 per
791 2534 952 2591 quam
981 2516 1349 2587 multipliciter
1392 2520 1607 2570 crescet
1640 2525 1849 2566 merces
1888 2524 1980 2564 eo-

400 2626 543 2671 rum,
570 2609 708 2670 Vere
752 2623 941 2665 verum
969 2614 1053 2663 est
1076 2625 1092 2661 ι
1124 2606 1320 2660 Beatus
1348 2603 1433 2658 cui
1477 2601 1662 2657 datum
1687 2608 1763 2655 est
1791 2598 1979 2653 habere

398 2703 639 2758 timorem
662 2700 761 2755 Dei
790 2697 982 2771 (Eceli.
1007 2712 1135 2763 xxv,
1161 2695 1271 2767 l5).

468 2791 658 2846 Adhuc
687 2789 809 2845 audi
829 2827 845 2855 ,
874 2796 930 2842 et
970 2787 1254 2858 diligenter
1279 2783 1518 2848 attende,
1551 2796 1668 2848 rex,
1701 2778 1831 2850 quid
1876 2778 1980 2833 Do-

398 2882 580 2941 minus
617 2895 716 2950 per
739 2877 1058 2934 Malachiam
1084 2875 1400 2947 prophetam
1430 2871 1744 2927 timentibus
1773 2883 1832 2925 se
1856 2882 1982 2938 pro-

401 2971 600 3028 mittat.
627 2968 858 3033 Orietur,
888 2964 1083 3035 inquit,
1114 2964 1253 3020 vobis
1280 2962 1578 3023 timentibus
1606 2976 1791 3014 nomen
1813 2975 1981 3012 nicum

401 3060 483 3120 sol
507 3060 747 3133 iustitiae,
770 3067 818 3113 et
842 3057 1042 3117 sanitas
1065 3056 1123 3117 in
1157 3053 1339 3125 pennis
1365 3052 1515 3122 ejus;
1546 3060 1595 3104 et
1623 3049 1979 3121 egredientini,

2074 1881 2272 1952 quibus
2305 1879 2489 1936 divina
2532 1878 2793 1950 largiente
2820 1878 3018 1949 gratia,
3046 1894 3184 1933 unus
3211 1893 3273 1934 es
3309 1886 3384 1943 tu,
3409 1878 3524 1935 haec
3561 1893 3653 1932 su-

2072 1985 2242 2041 perna
2282 1970 2533 2043 dirigitur
2561 1987 2696 2038 vox;
2729 1980 2784 2026 et
2827 1980 2888 2027 ut
2928 1971 3204 2041 sapienter
3227 1979 3418 2042 agant,
3462 1985 3656 2030 oracu-

2073 2062 2185 2117 lum
2226 2060 2467 2116 divinum
2494 2060 2820 2132 frequenter
2854 2062 3075 2133 regibus
3117 2061 3374 2117 clamitat.
3420 2060 3575 2121 Unde
3601 2070 3656 2119 et

2074 2165 2176 2205 nos
2199 2158 2431 2208 vestram
2470 2149 2825 2209 clarissimam
2866 2151 3102 2208 acclines
3143 2150 3446 2229 ﬂagitamus
3474 2153 3656 2207 excel-

2075 2242 2334 2310 lentiam,
2379 2253 2439 2299 ut
2465 2241 2686 2300 sedulus
2730 2242 2970 2298 divinam
3010 2243 3323 2314 claramque
3357 2243 3537 2300 discas
3565 2259 3656 2299 sa.

2076 2333 2357 2403 pientiam,
2384 2341 2440 2389 et
2466 2332 2752 2402 diligenter
2781 2340 2835 2388 et
2878 2334 3093 2393 assidue
3122 2334 3366 2404 requiras
3396 2333 3574 2401 illam,
3605 2344 3661 2388 et

2077 2441 2186 2487 non
2232 2427 2408 2497 tepide
2449 2433 2542 2479 aut
2587 2426 2773 2493 tarde,
2807 2425 2903 2481 sed
2948 2426 3220 2496 sagaciter
3263 2425 3659 2497 vigilanter-que

2079 2517 2371 2588 investiges
2399 2517 2544 2571 illam
2564 2557 2580 2579 ,
2606 2525 2663 2571 et
2689 2532 2851 2586 super
2892 2531 3085 2570 aurum
3112 2523 3171 2571 et
3212 2524 3495 2587 argentum
3533 2531 3664 2572 eon—

2078 2608 2327 2677 cnpiseas
2355 2607 2524 2663 illam.
2565 2607 2656 2663 Sic
2684 2607 2828 2661 enim
2866 2606 3126 2677 scriptum
3154 2616 3240 2662 est
3274 2608 3343 2663 de
3369 2607 3500 2663 illa:
3526 2607 3664 2663 Con-

2078 2696 2394 2767 cupiscentia
2428 2697 2602 2768 itaque
2636 2696 2908 2767 sapientia:
2947 2697 3157 2751 deducit
3195 2697 3264 2751 ad
3294 2714 3452 2769 regna
3488 2715 3663 2770 perpe-

2080 2796 2194 2841 tua.
2221 2786 2284 2841 Si
2305 2801 2426 2855 ergo
2447 2786 2779 2843 delectamini
2804 2786 3013 2845 sedibus
3045 2796 3093 2842 et
3118 2789 3496 2855 stenunatibus,
3520 2804 3664 2860 reges

2079 2876 2280 2947 populi,
2310 2876 2512 2947 diligite
2548 2876 2889 2948 sapientiam,
2914 2887 2971 2931 ut
3011 2878 3068 2935 in
3099 2888 3402 2949 perpetuum
3443 2883 3664 2951 regnetis

2081 2985 2200 3024 cum
2226 2986 2308 3023 ea.
2332 2968 2548 3040 Diligite
2576 2968 2751 3023 lumen
2774 2970 3065 3041 sapientia,
3089 2984 3269 3028 omnes
3306 2971 3395 3042 qui
3431 2974 3666 3042 putastis

2081 3059 2285 3131 populis
2316 3059 2469 3131 (Sap.
2491 3075 2570 3125 vi,
2595 3058 2711 3132 2|).

402 3159 451 3212 et
484 3148 681 3205 salictis
703 3148 837 3202 sicut
866 3144 1015 3201 vituli
1038 3144 1102 3199 de
1123 3151 1389 3208 armento;
1408 3150 1457 3199 et
1483 3139 1751 3195 calcabitis
1772 3138 1979 3209 impios,
2009 3137 2054 3197 C
2153 3146 2383 3203 oramus
2428 3163 2558 3220 ergo
2609 3157 2681 3213 ιθ,
2720 3149 3062 3206 sanctissime
3113 3164 3228 3215 rex,
3268 3150 3554 3223 dﬂigam.
3577 3160 3663 3211 δι,

402 3258 525 3301 eum
550 3240 744 3310 fuerint
769 3239 922 3302 cinis,
945 3236 1041 3291 sub
1075 3235 1255 3307 planta
1285 3233 1475 3306 pedum
1515 3238 1803 3288 vestrorum
1841 3226 1985 3303 (Meo

400 3333 544 3393 lacb.
569 3348 643 3397 ιν,
669 3331 747 3401 2).
782 3331 849 3390 Et
885 3329 983 3389 tibi
1017 3343 1146 3400 ergo
1180 3325 1478 3386 timendum
1512 3331 1596 3379 est
1640 3335 1839 3379 nomen
1880 3321 1987 3375 Do-

403 3423 575 3490 mini,
617 3429 679 3479 ut
706 3421 786 3480 sol
813 3419 1041 3490 iustitia:
1072 3419 1286 3478 tibimet
1327 3418 1534 3483 oriatur
1578 3413 1850 3478 Christus,
1891 3410 1983 3481 qui

404 3516 603 3575 mentis
627 3524 732 3570 tuae
761 3515 1011 3571 tenebras
1032 3511 1275 3583 repellat,
1303 3507 1669 3582 ignorantiam
1693 3503 1874 3559 cordis
1892 3517 1985 3556 au-

406 3609 566 3676 ferat,
594 3617 649 3665 et
676 3608 848 3665 lucem
894 3604 1257 3677 intelligentia:
1288 3601 1556 3666 infundat,
1587 3597 1868 3668 sapientiae
1901 3610 1988 3650 ra-

408 3702 527 3761 dios
551 3701 608 3757 in
637 3709 690 3755 te
713 3699 930 3770 dirigat,
963 3705 1021 3755 et
1044 3694 1387 3756 discretionis
1411 3691 1488 3748 tui
1513 3687 1829 3749 memoriam
1859 3702 1985 3758 por-

408 3791 578 3861 rigat,
620 3788 962 3843 inimicorum
999 3785 1138 3842 colla
1178 3783 1378 3857 plantis
1409 3779 1517 3836 tuis
1559 3777 1822 3834 calcanda
1850 3776 1985 3833 sult-

408 3886 635 3945 sternat,
660 3885 717 3934 et
743 3877 978 3936 fidelium
1017 3890 1182 3947 regna
1226 3875 1294 3930 ab
1323 3870 1670 3931 inimicorum
1697 3866 1910 3923 insidiis
1937 3875 1989 3926 te

410 3969 740 4034 dominante,
768 3965 1043 4023 defendat.

1015 4095 1243 4156 CAPUT
1284 4094 1373 4153 IV.

1011 4207 1089 4263 De
1114 4207 1394 4279 sapientia.

486 4326 692 4383 Uberes
737 4324 847 4380 Deo
885 4323 1089 4394 gratias
1136 4333 1297 4393 agere
1344 4320 1623 4383 debemus,
1649 4319 1740 4388 qui
1780 4331 1881 4371 nos
1923 4316 1989 4369 ad

414 4417 603 4476 coelica
635 4430 799 4486 regna
834 4430 931 4486 per
954 4413 1157 4483 regiam
1180 4412 1335 4482 jubet
1359 4425 1584 4481 pergere
1611 4408 1775 4472 viam,
1807 4416 1866 4461 ut
1894 4422 1991 4476 per

416 4516 561 4563 recta
591 4482 896 4578 gradientes
940 4482 1152 4564 itinera.
1180 4502 1247 4559 ad
1286 4500 1562 4555 ccelestem
1602 4498 1833 4553 feliciter
1875 4512 1987 4551 me-
2017 4482 2067 4543 D

412 4614 635 4655 reamur
673 4596 978 4668 pertingere
1009 4593 1262 4664 patriam.
1311 4592 1452 4662 Ergo
1500 4605 1604 4644 non
1656 4588 1989 4645 declinemus

416 4688 483 4743 ad
522 4687 797 4742 dexteram
833 4693 925 4739 aut
952 4684 1256 4747 sinistram;
1302 4680 1459 4735 ﬁrmo
1502 4679 1780 4748 solidoque
1817 4678 1989 4749 gradu

414 4796 514 4857 per
546 4780 747 4850 regiam
798 4777 953 4843 nobis
1003 4777 1352 4832 incedendum
1396 4783 1479 4831 est
1515 4775 1688 4831 viam.
1732 4780 1787 4827 et
1838 4780 1992 4829 casto

417 4875 711 4938 sanctoque
741 4867 916 4921 timori
945 4865 1181 4921 emlestis
1205 4873 1260 4920 et
1286 4872 1471 4919 sancta
1492 4861 1762 4933 jnngenda
1792 4871 1875 4917 est
1905 4878 1991 4919 sa-

416 4959 642 5036 pientia,
686 4966 744 5014 ut
769 4966 997 5027 utraque
1024 4957 1224 5011 virtute
1267 4956 1470 5011 sociata
1513 4957 1579 5010 ad
1628 4952 1987 5009 immortalem

418 5062 727 5102 mereamur
755 5046 1063 5119 pertingere
1090 5046 1276 5102 vitam.
1303 5042 1514 5102 Corona
1553 5044 1713 5110 enim,
1744 5043 1819 5099 ait
1848 5043 1995 5102 Scri-

416 5145 597 5209 ptura,
623 5136 890 5206 sapientite
924 5137 1079 5194 timor
1108 5134 1318 5190 Domini
1347 5143 1420 5188 est
1448 5132 1637 5204 (Eccli.
1667 5150 1719 5199 ι,
1746 5132 1858 5204 22).
1889 5132 1989 5190 Et:

416 5227 639 5287 Initium
671 5228 940 5298 sapientia:
975 5228 1154 5285 timere
1181 5226 1347 5281 Deum
1379 5225 1567 5296 (lbid.,
1590 5225 1696 5296 l6).
1726 5225 1831 5280 Et:
1871 5222 1993 5279 Ple-

420 5318 602 5380 nitudo
635 5319 903 5389 sapientia:
932 5328 980 5375 et
1010 5318 1162 5373 radix
1200 5317 1488 5388 sapientite.
1516 5324 1576 5372 ut
1600 5316 1731 5373 dicit
1754 5314 1997 5385 Scriptu-

421 5423 480 5462 ra
506 5408 694 5479 (Ibid.,
719 5407 834 5479 20),
877 5409 1035 5467 timor
1067 5407 1273 5467 Domini
1316 5418 1390 5463 est
1427 5406 1617 5481 (Ibid.,
1639 5406 1752 5479 25).
1782 5406 1840 5463 Si
1868 5422 1996 5477 ergo

421 5494 584 5551 timor
624 5496 835 5555 Domini
883 5495 1097 5555 initium
1140 5504 1225 5552 est
1262 5496 1571 5567 sapientiae,
1616 5503 1672 5551 et
1716 5495 1995 5567 plenitudo

420 5582 560 5651 ejus,
594 5592 649 5640 et
677 5596 876 5641 coroaa
925 5585 1117 5656 ipsius,
1171 5586 1430 5661 radixque
1472 5584 1745 5657 ejusdem,
1792 5586 1993 5658 liquide

422 5682 664 5749 apparet,
690 5674 816 5751 quia
845 5689 952 5736 una
996 5674 1061 5735 de
1096 5670 1197 5735 alia
1228 5677 1444 5751 pendet,
1485 5683 1539 5733 et
1567 5675 1722 5738 alteri
1756 5675 1996 5739 succedit

2086 3239 2250 3296 tende
2269 3238 2400 3308 quid
2426 3239 2492 3293 de
2536 3253 2597 3299 se
2625 3238 2904 3302 Salomon,
2936 3240 3066 3310 quid
3105 3241 3172 3296 de
3208 3241 3364 3299 laude
3392 3244 3669 3313 sapientia:

2087 3328 2358 3398 immatur.
2405 3327 2498 3382 Ait
2522 3329 2667 3384 enim
2705 3347 2718 3383 :
2756 3327 2885 3386 Sum
2943 3331 3149 3401 quidem
3198 3341 3247 3386 et
3290 3349 3384 3403 ego
3434 3335 3671 3390 mortalis

2086 3422 2264 3485 homo,
2293 3420 2480 3475 similis
2506 3421 2766 3487 omnibus,
2797 3430 2846 3475 et
2868 3438 2933 3475 ea:
2958 3438 3142 3492 genere
3171 3425 3363 3479 terreni
3386 3424 3553 3493 illius,
3581 3429 3670 3503 qui

2086 3509 2444 3583 priorfactus
2474 3517 2572 3572 est,
2619 3517 2668 3561 et
2710 3510 2765 3562 in
2798 3519 2972 3588 ventre
3017 3511 3200 3569 matris
3245 3512 3503 3583 ﬁguratus
3548 3531 3666 3576 sunt

2089 3613 2249 3663 caro;
2281 3596 2457 3652 decem
2509 3596 2765 3655 mensium
2809 3604 3038 3667 tempore
3088 3599 3395 3670 coagulatus
3444 3619 3561 3657 sum
3608 3604 3664 3658 in

2087 3687 2342 3756 sanguine
2378 3702 2443 3740 ea;
2468 3687 2664 3743 semine
2701 3685 2947 3753 hominis,
2990 3699 3039 3747 et
3085 3689 3458 3751 delectamento
3495 3695 3665 3753 somni

2088 3775 2441 3841 conveniente,
2487 3786 2536 3831 et
2589 3792 2680 3849 ego
2713 3785 2866 3836 natus
2910 3780 3082 3851 accepi
3110 3797 3431 3839 communem
3470 3799 3664 3846 aerem,

2088 3875 2135 3927 et
2162 3867 2217 3921 in
2244 3866 2485 3927 similiter
2520 3866 2714 3936 factam
2748 3868 2919 3927 decidi
2943 3879 3155 3937 terram,
3179 3882 3227 3926 et
3252 3874 3474 3942 primum
3501 3890 3669 3929 vocem

2088 3961 2311 4016 similem
2339 3960 2577 4021 omnibus
2619 3962 2769 4020 emisi
2806 3960 3042 4031 plorans.
3076 3962 3142 4017 In
3179 3961 3539 4022 involumentis
3567 3982 3671 4021 nu-

2090 4052 2246 4105 tritus
2281 4068 2419 4117 sum,
2444 4062 2491 4106 et
2535 4053 2675 4111 curis
2716 4053 2938 4123 magnis.
2974 4052 3143 4108 Nemo
3181 4055 3319 4109 enim
3357 4071 3422 4109 ex
3468 4058 3670 4128 regibus

2090 4141 2236 4196 aliud
2261 4142 2439 4197 habuit
2481 4143 2767 4199 nativitatis
2810 4144 3032 4201 initium.
3083 4142 3228 4200 Unus
3267 4162 3390 4216 ergo
3428 4148 3670 4211 introitus

2089 4240 2163 4286 est
2185 4230 2423 4288 omnibus
2450 4231 2518 4287 ad
2545 4232 2728 4297 vitam,
2759 4242 2807 4287 et
2844 4232 3030 4288 similis
3072 4234 3262 4295 exitus.
3311 4236 3534 4308 Propter
3570 4240 3668 4297 hoc

2090 4323 2283 4392 optavi,
2310 4331 2358 4376 et
2392 4321 2548 4379 datus
2573 4332 2647 4377 est
2692 4323 2820 4381 mihi
2851 4338 3069 4383 sensus:
3096 4335 3143 4384 et
3180 4327 3435 4392 invocavi,
3462 4339 3510 4382 et
3537 4331 3670 4388 venit

2092 4413 2146 4468 in
2178 4430 2259 4466 me
2291 4414 2505 4483 spiritus
2528 4414 2800 4484 sapientia:
2825 4431 2843 4468 :
2879 4425 2925 4470 et
2950 4419 3213 4487 pra-posui
3239 4417 3385 4479 illam
3428 4421 3598 4490 regnis
3619 4432 3670 4477 et

2092 4505 2317 4570 sedibus,
2346 4513 2395 4560 et
2429 4505 2637 4561 divitias
2665 4506 2798 4561 nihil
2832 4506 2961 4565 duxi
2987 4507 3043 4566 in
3069 4511 3456 4581 comparatione
3488 4509 3668 4575 illius;

2093 4610 2183 4648 nec
2215 4595 2511 4664 comparavi
2539 4594 2618 4654 illi
2644 4594 2869 4665 lapidem
2894 4597 3197 4665 pretiosum,
3234 4597 3483 4667 quoniam
3520 4613 3672 4662 autne

2091 4702 2281 4743 aurum
2317 4686 2375 4741 in
2403 4687 2789 4755 comparatione
2832 4686 2975 4743 illius
3005 4704 3167 4742 arena
3210 4698 3282 4741 est
3314 4689 3524 4759 exigua,
3547 4698 3671 4746 tan,

2089 4790 2248 4845 quam
2276 4773 2442 4832 lutum
2468 4775 2812 4836 a'stimabitur
2831 4787 3101 4847 argentum
3130 4778 3184 4835 in
3207 4789 3481 4848 conspectu
3502 4779 3667 4843 illius,

2102 4865 2363 4921 Venerunt
2394 4874 2566 4923 autem
2593 4866 2720 4920 milii
2745 4868 2919 4922 omnia
2956 4867 3087 4921 bona
3118 4869 3315 4937 pariter
3341 4886 3457 4929 cum
3484 4869 3597 4936 illa,
3624 4881 3671 4932 ct

2090 4955 2487 5015 innumerabilis
2526 4956 2768 5015 honestas
2796 4950 2889 5026 per
2917 4973 3103 5017 planus
3156 4959 3321 5026 illius,
3370 4970 3419 5014 et
3461 4960 3671 5022 (tutatus

2092 5064 2208 5104 sum
2254 5049 2310 5102 in
2355 5048 2617 5112 omnibus,
2673 5049 2922 5118 quoniam
2971 5051 3302 5108 antecedebat
3341 5070 3419 5115 me
3447 5055 3545 5116 ista
3579 5071 3669 5117 sa-

2094 5138 2310 5208 pientia,
2354 5146 2459 5193 etc.
2492 5137 2621 5192 llrec
2649 5139 2785 5193 enim
2824 5140 3098 5209 pretiosior
3143 5142 3270 5210 sole,
3305 5153 3354 5201 et
3384 5160 3538 5212 super
3561 5160 3673 5203 ont-

2095 5244 2212 5285 nem
2243 5227 2630 5299 dispositionem
2662 5227 2957 5296 stellarum,
2987 5229 3091 5285 luci
3119 5242 3442 5304 comparata,
3474 5233 3671 5289 invenit

2096 5330 2185 5377 tur
2210 5321 2396 5390 prior;
2425 5318 2505 5372 illi
2526 5320 2663 5377 enim
2686 5320 2914 5381 succedit
2943 5338 3066 5388 nor,
3087 5325 3342 5394 sapientia
3364 5332 3537 5377 autem
3564 5338 3669 5379 non

2096 5407 2324 5462 uincitur
2352 5405 2578 5466 malitia.
2624 5409 2845 5483 Attingit
2872 5426 2993 5485 ergo
3020 5428 3053 5463 a
3084 5411 3190 5479 ﬁne
3226 5427 3387 5481 usque
3413 5409 3483 5462 ad
3515 5409 3672 5477 ﬂuent

2096 5496 2323 5569 fortiter,
2370 5505 2419 5553 et
2460 5496 2687 5567 disponit
2739 5498 2917 5559 omnia
2961 5497 3208 5555 suaviter.
3238 5495 3391 5551 Hanc
3412 5496 3585 5550 amavi
3623 5507 3672 5559 et

2094 5587 2348 5657 exquisivi
2391 5604 2423 5640 a
2451 5586 2722 5659 juventute
2751 5604 2885 5651 mea,
2911 5596 2960 5640 et
2988 5584 3199 5654 qua'sivi
3229 5600 3343 5643 eam
3373 5586 3499 5641 milii
3518 5604 3701 5657 spent.

2095 5692 2208 5739 sum
2239 5694 2523 5750 assumere,
2570 5688 2616 5743 et
2664 5694 2847 5738 ornans
2883 5676 3052 5752 [actus
3090 5689 3205 5736 sum
3257 5673 3442 5750 formae
3486 5675 3659 5741 illius.
