3992 6206
343 297 446 392 si:

1627 331 1982 388 SMABAGDI
2017 332 2309 389 ABBATIS

3505 337 3609 392 θιι

339 451 736 524 generositatem
780 449 924 504 illius
968 447 1250 518 gloriﬁcat,
1294 445 1686 501 contubernium
1726 446 1922 501 habens
1951 449 2000 509 Α
2025 447 2183 501 timor
2209 447 2418 502 Domini
2446 446 2561 518 ipsa
2603 455 2680 501 est
2726 447 3003 518 sapientia,
3050 454 3097 499 et
3147 445 3382 500 recedere
3408 464 3440 500 a
3471 451 3615 507 malo

341 547 472 612 Dei;
505 545 592 599 sed
615 554 661 598 et
692 542 922 596 omnium
949 539 1204 593 Dominus
1229 538 1411 593 dilexit
1455 537 1624 592 illam.
1659 536 1923 592 Sobrieta-

341 648 444 694 tem
468 638 606 692 enim
635 645 683 690 et
702 633 1036 706 prudentiam
1081 632 1250 697 docet,
1295 641 1343 686 et
1376 630 1662 701 justitiam,
1691 640 1740 683 et
1763 631 1926 684 virtu-

340 738 463 793 tem,
495 725 680 797 quibus
707 723 890 777 utilius
917 721 1048 776 nihil
1081 731 1154 775 est
1190 721 1246 774 in
1267 721 1371 773 vita
1420 717 1738 772 hominibus.
1789 715 1926 771 Pro-

339 826 454 887 pter
506 815 640 867 hanc
698 811 893 866 habebo
945 808 1438 874 immortalitatem,
1503 817 1551 862 et
1614 809 1924 862 memoriam

341 915 591 960 arternam
628 904 708 958 his
743 904 834 974 qui
859 911 973 973 post
1000 918 1079 956 me
1108 901 1275 970 futuri
1313 909 1432 954 sunt
1461 899 1750 971 relinquam
1772 913 1790 950 :
1819 897 1927 952 ἀτε-

340 1013 532 1067 ponam
561 993 801 1065 populos,
832 1004 877 1047 et
903 992 1138 1046 nationes
1185 991 1311 1044 mihi
1356 998 1505 1043 erunt
1553 988 1793 1043 subditaz.
1839 985 1928 1040 Ti-

341 1086 550 1139 mebunt
581 1102 659 1138 me
685 1084 954 1138 audientes
986 1097 1128 1151 reges
1154 1079 1423 1144 horrendi,
1445 1089 1493 1132 et
1514 1081 1569 1132 in
1592 1076 1926 1132 multitudine

343 1175 552 1229 videbor
587 1175 772 1239 bonus,
804 1182 850 1228 et
888 1173 942 1226 in
971 1170 1104 1226 bello
1127 1169 1276 1239 fortis
1307 1167 1458 1240 (Sap.
1489 1184 1585 1233 vn,
1619 1167 1778 1231 1-29;
1803 1181 1924 1231 vm,

345 1266 573 1338 4-7-15).

414 1355 797 1410 Animadverte
831 1361 886 1409 et
912 1351 1169 1421 intelligo,
1219 1365 1251 1404 ο
1291 1347 1626 1404 nobilissime
1658 1353 1714 1401 et
1738 1345 1929 1401 claris-

344 1449 481 1503 sime
516 1463 634 1511 rex,
666 1449 792 1517 quia
831 1444 1093 1514 sapientia
1124 1443 1297 1496 virtus
1330 1441 1475 1510 regia
1507 1446 1609 1503 est,
1634 1453 1754 1508 qua:
1783 1439 1931 1492 inve-

345 1538 665 1609 stigabiliter
713 1551 742 1590 a
784 1535 929 1605 regis
959 1547 1144 1602 regum
1189 1529 1470 1600 prmdivite
1505 1526 1750 1597 procedit
1806 1526 1925 1582 the-

345 1642 528 1693 sauro,
559 1634 614 1680 et
639 1641 744 1680 non
771 1621 1162 1694 negligentibus
1191 1626 1284 1673 aut
1310 1616 1580 1688 superbis,
1611 1614 1811 1670 invidis
1836 1621 1930 1669 aut

345 1718 627 1775 malevolis
659 1717 845 1781 datur;
874 1714 966 1768 sed
1002 1711 1240 1775 mitibus,
1271 1708 1565 1763 humilibus
1593 1715 1648 1762 et
1690 1705 1928 1761 timenti-

2023 537 2364 609 intelligentia
2401 536 2523 609 (Job
2573 553 2766 603 xxvm,
2800 537 2886 602 12,
2917 538 2985 591 15
3039 545 3087 590 et
3113 535 3302 608 seqq.).

2094 629 2325 685 Grandis
2347 630 2490 684 enim
2530 630 2640 695 hic,
2665 644 2757 685 rex
2784 629 3106 692 clarissime,
3151 639 3210 682 ut
3239 629 3407 693 vides,
3441 640 3498 685 et
3533 633 3618 686 in-

2025 720 2351 791 vestigabilis
2376 719 2515 774 tanta
2539 722 2605 776 de
2631 720 2893 791 sapientia
2920 728 3110 785 sonat;
3143 721 3288 790 regia
3313 720 3432 774 sine
3451 721 3617 776 dubio

2024 810 2199 864 virtus
2219 817 2322 874 est,
2346 809 2430 865 cui
2459 824 2564 864 non
2596 816 2944 879 comparatur
2986 821 3179 862 aurum
3220 809 3501 874 mundum,
3529 810 3616 864 vel

2025 902 2311 972 obryzum,
2357 915 2456 956 nec
2497 899 2873 970 adsequabitur
2913 907 3199 969 argentum
3226 898 3612 965 clarissimum,

2026 1009 2128 1049 nec
2163 992 2444 1048 confertur
2479 991 2679 1046 vitrum
2722 989 3082 1060 perlucidum.
3123 988 3184 1044 In
3212 990 3366 1060 cujus
3401 1005 3617 1062 compa-

2027 1085 2238 1141 ratione
2264 1085 2400 1154 lapis
2428 1083 2636 1138 vilescit
2660 1083 3052 1152 sardonychus,
3076 1095 3178 1151 pro
3208 1081 3380 1136 nihilo
3401 1083 3617 1138 ducitur

2028 1176 2337 1245 sapphirus,
2360 1173 2768 1243 parvipenditur
2791 1172 3055 1242 topazius.
3075 1171 3254 1226 Aurea
3273 1187 3378 1226 non
3407 1173 3617 1244 magni-

2029 1266 2130 1320 ﬁce
2160 1265 2410 1321 feruntur
2443 1262 2681 1328 vascula,
2710 1261 3080 1316 mundissimae
3108 1275 3214 1316 non
3245 1263 3617 1332 appendentur

2029 1357 2297 1419 tincturae,
2325 1369 2424 1410 nec
2461 1353 2664 1423 aliquid
2698 1353 2921 1422 pretiosi
2957 1359 3013 1406 et
3040 1351 3177 1406 varii
3202 1352 3618 1408 aestimabuntur

2029 1444 2213 1516 lapilli.
2245 1442 2395 1507 Vere,
2433 1450 2492 1498 ut
2517 1443 2684 1502 vides,
2729 1442 2878 1513 regia
2899 1442 3072 1497 virtus
3109 1449 3194 1496 est
3233 1442 3517 1511 sapientia,
3559 1451 3618 1498 et

2030 1550 2061 1590 a
2085 1533 2304 1605 regibus
2330 1533 2564 1588 maxime
2591 1532 2878 1602 diligenda.

2100 1623 2274 1693 Dilige
2302 1638 2432 1694 ergo
2460 1621 2626 1686 illam,
2652 1637 2686 1677 o
2714 1621 3015 1676 clarissime
3042 1636 3159 1687 rex,
3195 1629 3254 1676 ut
3274 1621 3517 1692 diligaris
3545 1624 3615 1679 ab

2033 1715 2124 1771 illa
2155 1732 2169 1769 :
2204 1714 2386 1769 taliter
2405 1713 2551 1768 enim
2585 1727 2688 1768 vox
2719 1711 2835 1780 ejus
2861 1713 2916 1766 in
2944 1712 3251 1767 Proverbiis
3280 1721 3466 1768 sonat:
3501 1713 3612 1784 Ego

345 1811 448 1864 bus
481 1809 650 1863 Deum
685 1805 1018 1862 conceditur.
1044 1800 1184 1856 Vere
1212 1799 1356 1854 enim
1387 1799 1504 1853 sine
1537 1797 1698 1852 dubio
1722 1795 1929 1865 sapien-
1956 1803 2003 1863 Β
2029 1805 2302 1876 diligente;
2331 1821 2430 1871 me,
2456 1804 2649 1874 inquit,
2685 1803 2846 1874 diligo
2878 1817 2897 1856 :
2925 1812 2974 1858 et
3010 1804 3100 1874 qui
3125 1820 3279 1857 mane
3307 1804 3519 1875 uigilant
3543 1817 3610 1858 aa

344 1900 418 1953 tia
444 1901 617 1952 virtus
652 1904 737 1952 est
765 1895 934 1966 regia,
965 1893 1032 1947 ad
1071 1905 1208 1961 quos
1251 1888 1575 1960 specialiter,
1620 1893 1682 1941 ut
1719 1887 1929 1941 discant

344 1987 688 2058 sapientiam,
717 1999 896 2040 sermo
922 1981 1270 2052 propheticus
1297 1978 1556 2035 clamitat.
1585 1977 1750 2047 Regia
1779 1990 1929 2030 nam-

344 2093 449 2146 que
476 2078 648 2132 virtus
681 2084 768 2131 est
797 2072 1080 2145 sapientia,
1110 2070 1236 2142 quia
1272 2070 1410 2124 bene
1441 2075 1730 2139 operantes
1773 2079 1929 2136 reges

339 2170 620 2241 jnstiﬂcat,
655 2177 711 2224 et
751 2168 930 2222 lumen
957 2164 1196 2220 scientiae
1233 2162 1338 2218 illis
1366 2156 1799 2228 inexstinguibile
1842 2171 1929 2210 ra-

346 2263 479 2326 diat,
501 2259 690 2316 oculos
713 2257 894 2313 cordis
920 2255 1208 2318 illuminat,
1235 2267 1427 2307 sensus
1449 2249 1646 2304 mentis
1674 2247 1925 2312 illustrat,

345 2349 599 2404 subtilem
663 2345 993 2402 intellectum
1048 2341 1354 2406 ministrat,
1409 2339 1636 2395 salutem
1684 2337 1928 2407 corporis

343 2449 589 2512 praestat,
644 2439 987 2494 honestatem
1038 2433 1281 2491 moribus
1328 2427 1612 2496 concedit,’
1646 2430 1928 2484 thesauros

345 2531 586 2589 inﬁnitos
619 2528 959 2598 multiplicat,
988 2527 1242 2581 virtutem
1275 2525 1424 2595 regni
1449 2523 1686 2587 roborat,
1712 2530 1768 2576 et
1801 2535 1929 2590 par-

345 2623 564 2693 ticipem
589 2619 684 2674 Dei
717 2618 970 2674 amicitiae
998 2614 1297 2679 constituit,
1328 2614 1520 2684 spiritu
1560 2611 1836 2682 sapientiae
1872 2620 1927 2666 et

346 2711 671 2774 intellectus,
702 2707 911 2763 consilii
940 2714 994 2760 et
1026 2704 1375 2766 fortitudinis,
1406 2701 1648 2757 scicntia:
1674 2710 1728 2755 et
1759 2700 1930 2768 pieta-

344 2803 434 2866 tis,
463 2808 519 2856 et
558 2798 767 2854 timoris
801 2795 1014 2851 Domini
1055 2793 1246 2865 replet.
1293 2791 1565 2848 Justitiam
1613 2791 1830 2861 regibus
1873 2797 1928 2844 et

344 2892 685 2964 prudentiam
707 2930 722 2954 ,
772 2886 1143 2945 fortitudinem
1177 2893 1232 2941 et
1274 2883 1686 2956 temperantiam
1740 2881 1925 2948 donat,

345 2963 600 3039 virtutem
625 2988 681 3036 et
703 2979 1049 3035 sobrietatem
1095 2976 1386 3041 ministrat,
1433 2963 1652 3029 stabiles
1701 2971 1831 3028 facit
1872 2972 1927 3027 in

343 3090 542 3147 regno,
584 3079 763 3128 certos
803 3069 859 3125 in
901 3068 1092 3134 verbo,
1133 3066 1315 3122 dulces
1357 3065 1408 3119 in
1451 3064 1695 3134 eloquio,
1727 3062 1927 3117 hilares

329 3139 594 3230 .invdatu,
638 3164 696 3217 in
740 3157 1109 3216 misericordia
1136 3159 1421 3218 humanos,
1467 3156 1519 3209 in
1551 3152 1926 3223 respondendo
1953 3139 1997 3201 C

345 3270 570 3320 suaves,
624 3254 678 3307 in
747 3248 1104 3306 discernendo
1165 3259 1414 3317 sagaces,
1464 3245 1517 3298 in
1569 3241 1926 3312 prosperitate

343 3353 539 3416 mites,
579 3349 646 3404 .in
695 3344 1023 3403 adversitate
1077 3355 1340 3406 securos,
1393 3346 1582 3396 acutos
1626 3338 1678 3391 in
1728 3350 1923 3401 sensu,

344 3445 401 3498 in
454 3441 598 3496 facto
648 3437 915 3510 placidos,
969 3433 1226 3490 candidos
1272 3432 1327 3485 in
1370 3429 1519 3485 vultu
1563 3437 1620 3484 et
1664 3427 1832 3483 fortes
1872 3427 1927 3480 in

343 3535 503 3590 bello.
564 3531 839 3603 Sapientia
893 3527 1110 3598 regibus
1149 3523 1400 3580 concedit
1441 3521 1542 3578 sibi
1573 3521 1786 3576 subdita
1817 3520 1928 3574 dis-

344 3635 493 3680 crete
549 3623 834 3692 disponere
890 3632 1086 3688 regna,
1144 3623 1202 3694 et
1263 3613 1500 3669 suaviter
1549 3610 1773 3682 populos
1817 3608 1928 3678 jam

346 3715 452 3770 sibi
489 3712 619 3766 facit
660 3711 866 3766 servire
908 3721 1216 3778 possessus.
1258 3706 1488 3760 Exteras
1534 3704 1701 3758 etiam
1743 3711 1931 3772 gentes

347 3807 564 3862 fortiter
601 3802 730 3857 facit
763 3800 1032 3856 debellare
1073 3798 1332 3861 minaces,
1357 3804 1415 3851 et
1456 3797 1703 3850 nationes
1738 3793 1930 3864 subjici

348 3901 520 3966 diras,
562 3906 620 3953 et
665 3909 820 3967 reges
869 3893 1069 3950 calcari
1091 3891 1322 3958 feroces,
1365 3900 1421 3948 et
1446 3899 1506 3946 ut
1543 3891 1617 3946 ita
1645 3891 1844 3957 dicam,
1878 3891 1931 3945 in

348 3990 611 4061 sapientia
644 3995 857 4043 constat
885 3985 1034 4056 regni
1063 3983 1344 4053 dispositio
1378 3990 1594 4039 cuncta.
1619 3981 1932 4036 Thesaurus

349 4085 547 4140 etenim
589 4095 818 4151 magnus
859 4085 944 4134 est
979 4077 1270 4148 sapientia,
1307 4091 1471 4145 quam
1513 4075 1604 4146 qui
1642 4073 1929 4139 invenerit,

339 4175 586 4230 inveniet
639 4172 838 4231 vitam,
889 4177 944 4224 et
986 4169 1078 4238 qui
1123 4166 1456 4238 possederit,
1510 4164 1933 4220 immortalitatis

347 4264 570 4321 habebit
595 4274 888 4315 .coronam.
921 4257 1232 4313 Thesaurus
1278 4265 1363 4312 est
1407 4256 1551 4310 enim
1587 4254 1801 4309 Domini
1841 4268 1934 4310 oc-

342 4355 528 4410 cultus
571 4360 627 4409 et
667 4365 777 4408 non
816 4349 1067 4405 omnibus
1112 4345 1511 4402 manifestatus.
1560 4343 1652 4399 Sic
1683 4343 1829 4398 enim
1867 4344 1933 4399 de

350 4445 612 4515 sapientia
634 4438 1139 4497 vir'famosissimus
1157 4436 1260 4491 Job
1284 4444 1532 4500 testatur,
1561 4435 1749 4490 dicens
1777 4452 1790 4487 :
1827 4434 1930 4489 Sa-

346 4534 547 4606 pientia
591 4549 710 4588 vero
740 4531 826 4584 ubi
871 4527 1168 4583 invenitur?
1209 4527 1400 4596 etquis
1432 4533 1507 4578 est
1545 4523 1690 4578 locus
1736 4523 1932 4577 intelli-

349 4625 578 4695 gentiw?
617 4623 776 4678 nescit
815 4623 969 4676 homo
1011 4620 1230 4689 pretium
1273 4617 1410 4686 ejus,
1455 4633 1547 4669 nec
1580 4617 1840 4669 inuenitur
1875 4615 1930 4668 in

340 4715 747 4770 terrasuaviter
787 4712 1086 4768 viventium.
1138 4709 1366 4780 Abyssus
1395 4709 1521 4762 dicit
1553 4721 1573 4761 :
1609 4706 1736 4762 Non
1765 4718 1840 4762 est
1876 4708 1931 4762 in

352 4821 470 4870 me;
491 4814 549 4858 et
572 4820 728 4858 mare
756 4803 988 4875 loquitur
1014 4815 1032 4854 .'
1066 4800 1190 4856 Non
1215 4810 1290 4856 est
1316 4815 1537 4854 mecum.
1572 4797 1692 4853 Non
1721 4799 1934 4852 dabitur

350 4912 546 4951 aurum
592 4895 840 4965 obryzum
880 4911 975 4966 pro
1011 4910 1091 4958 ea,
1139 4909 1231 4948 nec
1285 4891 1606 4963 appendetur
1659 4901 1932 4962 argentum

353 4988 412 5041 in
445 4988 846 5040 commutatione
891 4986 1026 5056 ejus.
1061 4985 1184 5040 Non
1232 4984 1524 5056 a’quabitur
1553 4984 1601 5036 ei
1637 4999 1827 5037 aurum
1857 4983 1933 5038 vel

355 5080 568 5143 uitrum,
589 5094 680 5131 nec
700 5079 1154 5131 commutabantur
1179 5093 1273 5148 pro
1303 5093 1364 5131 ea
1394 5092 1516 5130 uasa
1548 5076 1668 5128 auri
1691 5088 1709 5126 :
1730 5074 1932 5130 excelsa

356 5181 405 5225 et
441 5169 720 5223 eminentia
751 5185 855 5222 non
894 5169 1320 5223 memorabuntur
1360 5168 1747 5239 comparatione
1774 5159 1932 5238 ejus:

358 5261 588 5320 traliit-ur
611 5268 784 5313 autem
817 5259 1073 5327 sapientia
1109 5259 1172 5312 de
1206 5258 1439 5324 occultis,
1473 5267 1577 5313 etc.
1633 5255 1781 5312 Unde
1814 5274 1934 5329 ergo

361 5352 617 5422 sapientia
643 5349 820 5406 venit?
861 5359 910 5402 et
950 5349 1066 5418 quis
1095 5359 1170 5403 est
1199 5350 1344 5404 locus
1385 5351 1780 5422 intelligentiae?
1805 5353 1936 5408 Abs-

362 5443 574 5499 condita
598 5451 674 5497 est
701 5441 765 5496 ab
803 5439 966 5495 oculis
992 5439 1221 5494 omnium
1249 5441 1542 5507 viventium,
1572 5444 1800 5498 uolucres
1826 5444 1938 5498 caeli

365 5551 567 5607 quoque
593 5534 739 5590 latet.
771 5533 1003 5590 Perditio
1028 5543 1076 5586 et
1105 5548 1242 5586 mors
1272 5533 1513 5586 dixerunt
1549 5549 1566 5586 :
1604 5533 1830 5588 Auribus
1853 5551 1942 5588 no-

369 5627 490 5680 stris
521 5627 813 5681 andivimus
840 5626 1035 5694 famam
1058 5625 1191 5695 ejus.
1226 5623 1361 5678 Deus
1379 5624 1620 5695 intelligit
1643 5627 1776 5681 uiam
1801 5628 1939 5698 ejus,

373 5725 421 5768 et
445 5716 552 5776 iose
585 5718 719 5772 norit
756 5716 924 5772 locum
954 5716 1118 5783 illius,
1141 5725 1247 5774 etc.
1287 5714 1352 5772 Et
1380 5714 1733 5772 dixit—homini
1759 5731 1776 5768 :
1808 5717 1942 5773 Ecce

2026 1912 2132 1963 me,
2161 1897 2422 1951 invenient
2450 1913 2530 1950 me
2574 1895 2758 1970 (Prov.
2782 1912 2903 1960 vm,
2950 1896 3060 1970 l7).
3105 1895 3234 1952 Tale
3279 1905 3427 1952 tuum
3458 1898 3613 1954 bonis

2027 1987 2238 2042 actibus
2287 1986 2496 2056 regium
2528 2001 2774 2057 prmpara
2816 1997 3023 2056 pectus,
3065 1993 3126 2040 ut
3155 1996 3248 2042 tuo
3283 2001 3498 2057 semper
3532 1990 3613 2041 in-

2027 2091 2147 2133 esse
2175 2076 2400 2132 consilio
2435 2077 2750 2132 delectetur.
2779 2076 3010 2132 lnternis
3037 2087 3088 2132 te
3121 2077 3312 2132 doceat
3334 2077 3612 2144 cogitatio-

2027 2169 2186 2223 nibus
2245 2167 2508 2237 quidquid
2554 2182 2746 2238 gerere
2789 2167 2952 2223 debcs
2995 2167 3265 2237 operibus.
3320 2167 3491 2222 Suum
3531 2177 3614 2223 est

2026 2258 2170 2314 enim
2217 2257 2525 2321 consilium,
2573 2267 2630 2312 et
2675 2257 2761 2312 cui
2809 2257 2920 2312 vult
2967 2258 3180 2312 intimat
3205 2258 3366 2324 illud;
3411 2275 3505 2313 sua
3533 2267 3616 2314 est

2026 2347 2332 2418 prudentia,
2371 2354 2426 2402 et
2470 2347 2554 2402 cui
2592 2347 2704 2401 vult
2751 2347 2980 2418 porrigit
3027 2347 3206 2414 illam;
3247 2363 3344 2404 sua
3391 2359 3475 2404 est
3512 2349 3614 2404 for-

2027 2437 2222 2502 titudo,
2252 2446 2310 2492 et
2348 2438 2435 2492 cui
2476 2437 2592 2492 vult
2615 2438 2806 2493 tribuit
2842 2439 3016 2504 illam;
3061 2455 3216 2494 suum
3242 2448 3327 2496 est
3365 2455 3611 2511 regnum,

2027 2539 2084 2585 et
2111 2529 2197 2584 cui
2228 2527 2344 2585 vult
2371 2538 2426 2585 et
2459 2539 2719 2600 quantum
2766 2531 2880 2585 vult
2922 2532 3265 2587 commendat
3312 2532 3466 2587 illud.
3505 2532 3614 2588 Sua

2026 2621 2227 2675 etenim
2251 2635 2354 2676 vox
2385 2636 2483 2690 per
2507 2620 2848 2677 Salomonem
2883 2623 2934 2677 in
2969 2621 3277 2679 Proverbiis
3301 2623 3484 2680 taliter
3508 2624 3614 2680 cla-

2027 2709 2182 2764 mitat
2206 2728 2220 2764 .
2256 2710 2367 2780 Ego
2393 2712 2647 2781 sapientia
2661 2711 2840 2766 habito
2865 2712 2919 2765 in
2946 2712 3184 2778 consilio,
3211 2721 3260 2767 et
3281 2713 3500 2769 eruditis
3527 2717 3612 2769 in-

2027 2809 2219 2854 tersum
2241 2802 2664 2871 cogitationibus.
2695 2801 2873 2855 Meum
2898 2812 2973 2856 est
2995 2803 3270 2857 consilium
3294 2811 3352 2875 et
3369 2807 3609 2875 (equites.

2025 2906 2142 2944 mea
2179 2899 2254 2944 est
2298 2891 2598 2962 prudentia,
2635 2908 2750 2946 mea
2798 2902 2872 2947 est
2920 2892 3195 2961 fortitudo.
3229 2872 3445 2949 Per.me
3472 2912 3612 2966 reges

2027 2990 2266 3052 regnant,
2296 2989 2344 3035 et
2362 2981 2655 3036 conditores
2678 2981 2849 3052 legum
2880 2982 3026 3051 justo
3063 2983 3366 3038 decernunt.
3398 2982 3502 3038 Per
3530 3001 3612 3038 me

2027 3071 2286 3141 principes
2333 3071 2611 3141 imperant,
2652 3079 2701 3124 et
2746 3081 2978 3142 potentes
3015 3072 3298 3126 decernunt
3325 3073 3610 3143 justitiam.

2031 3161 2142 3233 Ego
2161 3161 2434 3233 diligentes
2461 3180 2542 3217 me
2563 3163 2747 3237 diligo,
2789 3173 2838 3218 et
2869 3167 2957 3238 qui
2988 3181 3139 3219 mane
3163 3164 3378 3236 uigilant
3407 3165 3475 3219 ad
3509 3182 3613 3231 me,

2027 3250 2284 3307 invenient
2317 3270 2416 3308 me.
2448 3253 2654 3309 Mecum
2681 3266 2800 3310 sunt
2821 3257 3016 3311 divitiae
3058 3267 3105 3310 et
3149 3256 3336 3326 g'oria,
3381 3274 3500 3328 opes
3527 3275 3615 3312 su-

2027 3342 2198 3414 perba:
2227 3353 2274 3397 et
2294 3344 2527 3416 justitia.
2562 3345 2751 3400 Melior
2785 3357 2859 3400 est
2903 3349 3039 3401 enim
3079 3348 3280 3416 fructus
3308 3365 3454 3402 meus
3483 3365 3614 3402 auro

2028 3443 2078 3488 et
2105 3433 2280 3506 lapide
2303 3438 2547 3506 pretioso,
2575 3448 2623 3492 et
2653 3439 2912 3509 genimina
2943 3457 3056 3494 mea
3091 3451 3307 3511 argento
3337 3440 3517 3495 electo.
3547 3439 3612 3494 In

2029 3525 2124 3578 uiis
2153 3526 2369 3594 iustitia:
2408 3528 2638 3594 ambulo,
2662 3532 2716 3584 in
2757 3531 2924 3585 medio
2965 3532 3268 3585 semitarum
3305 3531 3516 3602 judicii,
3556 3543 3613 3584 ut

2029 3612 2188 3668 ditem
2212 3615 2483 3686 diligentes
2504 3633 2606 3684 nte,
2623 3628 2669 3672 et
2691 3619 2963 3673 thesauros
2983 3637 3160 3674 eorum
3185 3620 3408 3691 repleam
3430 3619 3610 3691 (Prov.

2030 3717 2150 3769 vm,
2188 3703 2411 3777 12-21).
2446 3706 2588 3778 Ergo
2624 3723 2738 3775 rex,
2759 3718 2816 3762 ut
2841 3716 3087 3764 terrenos
3113 3709 3396 3765 thesauros
3420 3710 3513 3765 tibi
3536 3725 3614 3764 re-

2030 3793 2174 3863 pleat
2190 3795 2459 3865 Christus,
2489 3808 2546 3854 et
2571 3800 2830 3854 concedat
2869 3808 3123 3865 aeternos,
3169 3801 3344 3856 clama
3370 3801 3614 3857 medullis

2030 3883 2234 3951 cordis,
2251 3888 2420 3943 clama
2436 3896 2547 3943 tota
2568 3889 2865 3944 intentione
2881 3890 3097 3955 mentis,
3113 3900 3167 3945 et
3186 3906 3306 3944 cum
3331 3889 3613 3947 Salomone

2032 3997 2136 4036 non
2169 3994 2350 4035 cesses
2375 3978 2443 4032 ad
2471 3977 2756 4032 Dominum
2783 3976 3008 4033 fundere
3027 3993 3248 4047 preces;
3276 3995 3371 4036 ora
3391 3981 3612 4051 jugiter,

2031 4087 2125 4128 ora
2183 4070 2526 4139 frequenter,
2585 4082 2681 4122 ora
2740 4068 3036 4135 instanter,
3091 4084 3186 4124 ora
3248 4069 3613 4125 indesinenter

2033 4165 2223 4228 Deum,
2263 4169 2318 4216 et
2343 4161 2464 4215 die:
2500 4159 2636 4214 Deus
2675 4170 2883 4230 patrum
2924 4179 3155 4217 meorum
3190 4171 3238 4215 et
3269 4161 3492 4215 Domine
3517 4161 3614 4214 mi-

2031 4250 2354 4314 sericordiae,
2387 4250 2476 4319 qui
2507 4248 2676 4318 fecisti
2713 4252 2889 4304 omnia
2927 4253 3078 4305 verba
3117 4262 3228 4316 tuo,
3271 4260 3318 4305 et
3359 4250 3612 4305 sapientia

2033 4353 2125 4398 tua
2149 4340 2464 4396 constituisti
2487 4340 2748 4395 hominem
2772 4351 2828 4394 ut
2848 4341 3213 4396 dominaretur
3230 4351 3406 4396 creatu
3415 4358 3484 4394 ra:
3501 4355 3614 4412 qua

2033 4451 2065 4488 a
2089 4443 2137 4488 te
2163 4434 2308 4504 facta
2333 4441 2432 4497 est,
2457 4442 2513 4486 ut
2542 4432 2784 4503 disponat
2807 4436 2980 4488 orbem
3005 4444 3262 4488 terrarum
3293 4433 3347 4488 in
3376 4432 3615 4502 a’quitate

2032 4539 2083 4580 et
2105 4525 2342 4596 justitia,
2368 4533 2417 4578 et
2459 4525 2514 4578 in
2551 4524 2832 4579 directione
2878 4525 3050 4579 cordis
3087 4523 3350 4595 judicium
3376 4524 3614 4594 judicet:

2031 4616 2116 4671 Da
2154 4616 2282 4670 mihi
2311 4616 2511 4670 sedium
2551 4625 2765 4670 tuarum
2813 4617 3130 4671 assi‘stricem
3171 4613 3519 4686 Sapientiam,
3566 4620 3615 4666 et

2033 4710 2140 4766 noli
2168 4727 2247 4764 me
2277 4711 2554 4782 reprobare
2575 4730 2607 4766 a
2635 4714 2809 4782 pueris
2851 4712 2976 4778 tuis,
3022 4710 3268 4782 quoniam
3298 4725 3473 4764 servus
3497 4719 3616 4761 tuus

2032 4819 2283 4874 ego-sum,
2316 4813 2365 4859 et
2393 4805 2535 4874 ﬁlius
2562 4805 2770 4859 ancilla:
2801 4815 2923 4870 tute,
2962 4807 3116 4860 homo
3145 4804 3387 4875 inﬁmus
3422 4811 3470 4856 et
3508 4803 3615 4856 exi-

2032 4898 2122 4967 gui
2144 4898 2408 4969 temporis,
2439 4908 2486 4955 et
2515 4899 2688 4953 minor
2707 4898 2776 4952 ad
2796 4896 3112 4952 intellectum
3138 4896 3328 4967 judicii
3357 4906 3404 4950 et
3423 4895 3613 4965 legum.

2019 4981 2190 5043 .Mitte
2229 4989 2374 5044 illam
2405 4991 2470 5046 de
2502 4990 2640 5046 caelis
2671 4992 2865 5046 sanctis
2902 4991 3029 5052 tuis,
3055 4999 3102 5042 et
3127 5006 3156 5042 a
3186 4989 3305 5042 sede
3351 4989 3616 5058 magnitu-

2039 5077 2176 5133 dinis
2206 5089 2309 5132 tua:
2355 5090 2408 5134 ut
2448 5097 2647 5135 mecum
2682 5081 2748 5135 sit
2777 5095 2824 5134 et
2863 5069 3064 5132 mecum
3108 5076 3326 5142 laboret,
3358 5086 3414 5128 ut
3454 5075 3614 5128 sciam

2038 5169 2163 5238 quid
2207 5179 2473 5240 acceptum
2517 5171 2582 5223 sit
2614 5170 2754 5239 apud
2782 5179 2849 5222 te.
2897 5166 3007 5221 Scit
3050 5167 3186 5220 enim
3222 5164 3315 5218 illa
3347 5164 3541 5224 omnia,
3567 5170 3613 5214 et

2039 5258 2302 5329 intelligit,
2347 5270 2394 5312 et
2424 5259 2640 5314 deducet
2685 5275 2765 5312 me
2811 5260 2865 5311 in
2909 5257 3146 5327 operibus
3191 5254 3317 5308 meis
3350 5253 3536 5316 sobrie,
3567 5259 3614 5304 et

2041 5349 2292 5403 custodiet
2319 5351 2372 5402 in
2397 5366 2493 5403 sua
2515 5359 2765 5420 potentia,
2795 5357 2841 5402 et
2873 5357 3024 5400 erunt
3061 5354 3268 5408 accepta
3295 5359 3451 5411 opera
3479 5357 3615 5405 mea.

2041 5451 2091 5494 et
2115 5441 2388 5511 disponam
2421 5440 2672 5511 populum
2717 5448 2863 5494 tuum
2902 5438 3062 5509 juste,
3105 5445 3151 5492 et
3177 5451 3264 5489 ero
3310 5436 3497 5505 dignus
3538 5447 3616 5487 seb

2043 5532 2186 5586 dium
2211 5527 2377 5602 pairis
2406 5533 2508 5586 mei
2536 5531 2689 5603 (Sap.
2728 5547 2805 5598 ix,
2838 5531 2910 5603 l).

2116 5631 2277 5697 Vere,
2330 5647 2446 5698 rex,
2484 5632 2643 5688 beata
2677 5640 2760 5685 est
2781 5630 2954 5685 virtus
2991 5628 3300 5697 sapienti-.e;
3331 5637 3385 5680 et
3414 5625 3504 5698 qui
3539 5626 3620 5681 in-

2049 5722 2194 5776 venit
2233 5737 2375 5789 eam,
2417 5723 2605 5777 beatus
2649 5719 2876 5776 cllicitur
2910 5721 2977 5774 ab
3023 5712 3134 5774 illa.
3177 5717 3453 5787 Sapientia
3496 5716 3620 5770 ﬁliis
