3992 6206
404 389 514 449 9i5

1849 376 1961 433 VIA
2002 375 2228 432 REGIA.

3566 373 3672 433 916

401 521 517 563 suis
540 503 705 559 vitam
729 504 1016 572 praeparat,
1043 496 1388 570 diligentibus
1427 510 1486 553 se
1519 493 1786 566 justitiam
1824 493 1983 548 mini-
2007 495 2060 556 Α
2140 493 2310 564 Dilige
2336 506 2488 563 ergo,
2521 506 2633 558 rex,
2665 490 2807 547 hanc
2830 489 3185 546 clarissimam
3211 491 3523 564 regiamque
3560 497 3673 552 vir-

400 603 562 658 strat,
587 591 894 647 amantibus
919 605 977 644 se
1001 589 1342 660 prudentiam
1384 586 1588 643 donat:
1633 587 1725 656 qui
1754 584 1988 640 tenuerit

401 686 566 748 illam,
597 683 768 738 vitam
794 679 1132 736 bmreditabit
1159 685 1447 744 aeternam;
1479 675 1652 748 diligit
1679 675 1821 732 enim
1845 675 1986 729 Deus

402 779 556 836 illum
596 777 688 847 qui
749 773 926 844 diligit
972 771 1310 843 sapientiam.
1341 768 1399 825 In
1433 768 1727 824 tentatione
1747 766 1987 821 ambulat

401 884 526 924 cum
550 881 635 930 eo,
659 873 710 922 et
737 865 791 919 in
826 861 1017 934 primis
1054 862 1204 933 eligit
1223 875 1368 926 eum,
1390 869 1445 915 et
1471 858 1707 914 ﬁrmabit
1735 857 1909 923 illum,
1931 865 1986 913 et

310 999 325 1019 .
402 957 509 1013 iter
547 956 778 1011 adducet
821 953 1086 1009 directum
1126 945 1194 1008 ad
1237 950 1409 1017 illum,
1453 957 1510 1006 et
1537 949 1832 1006 denudabit
1864 949 1985 1004 abs-

403 1063 567 1105 consa
612 1062 710 1102 sua
758 1045 852 1109 illi,
893 1052 949 1099 et
987 1041 1319 1100 thesaurizat
1342 1056 1507 1112 super
1529 1040 1677 1096 illum
1700 1039 1984 1096 scientiam

403 1148 460 1196 et
483 1137 815 1194 intellectum
840 1133 1157 1207 prudentia}.

716 1239 723 1243 ·
1026 1223 1252 1280 CAPUT
1291 1223 1358 1278 ν.

988 1312 1063 1367 De
1100 1313 1401 1384 prudentia.

475 1405 607 1462 Post
639 1401 1087 1459 illuminationcm
1127 1415 1255 1470 ergo
1289 1400 1566 1470 sapientiae
1592 1401 1985 1470 thesaurosque

405 1499 668 1562 scientiae,
719 1501 936 1566 oportet
983 1493 1131 1548 illum
1182 1493 1273 1563 qui
1311 1493 1459 1564 cupit
1508 1493 1714 1563 regiam
1757 1491 1986 1547 feliciter

405 1603 628 1646 currere
671 1587 834 1652 viam,
886 1583 1112 1639 Domino
1153 1585 1408 1648 donante,
1446 1583 1654 1654 impleri
1676 1583 1980 1653 prudentia.

405 1680 573 1751 Regia
613 1678 815 1734 etenim
849 1677 1022 1731 virtus
1066 1682 1149 1730 est
1195 1674 1501 1746 prudentia,
1549 1683 1605 1729 et
1637 1690 1668 1727 a
1713 1674 1986 1743 prioribus

407 1771 623 1840 regibus
673 1767 897 1822 nimium
941 1765 1164 1830 dilecta;
1214 1765 1293 1819 sic
1344 1763 1486 1819 enim
1539 1763 1605 1817 de
1652 1762 1819 1817 David
1859 1777 1983 1833 rege

408 1860 668 1929 scriptum
708 1866 829 1912 est:
866 1855 1246 1926 Egrediebatur
1278 1871 1482 1926 quoque
1514 1854 1584 1907 ad
1628 1854 1804 1934 omnia
1844 1870 1989 1924 qutr-
2017 1841 2063 1900 Β

410 1964 612 2020 cunque
658 1948 882 2002 misisset
927 1961 1044 2000 eum
1092 1943 1240 2008 Saul,
1297 1955 1346 1999 et
1382 1944 1668 2016 prudenter
1712 1961 1766 1999 se
1803 1944 1990 2014 agebat

409 2036 463 2109 (I
491 2035 618 2107 Reg.
644 2051 796 2099 xvul,
823 2034 898 2107 5).
923 2033 1213 2090 Prudentia
1233 2034 1377 2089 enim
1408 2035 1560 2105 quasi
1593 2035 1988 2106 porrovidentia

409 2128 628 2184 dicitur.
680 2127 848 2181 Porro
886 2134 1064 2180 autem
1107 2132 1161 2180 et
1199 2141 1229 2180 a
1276 2125 1433 2196 longe
1475 2126 1757 2196 providere
1780 2134 1991 2196 oportet

410 2235 591 2291 regem
633 2219 760 2288 quid
812 2233 973 2289 agere
1015 2218 1226 2284 debeat,
1257 2233 1327 2273 ne
1365 2227 1486 2288 post
1513 2226 1691 2273 actum
1727 2219 1902 2290 egisse
1931 2234 1990 2274 se

408 2311 690 2381 pteniteat.
715 2308 908 2364 Omnia
932 2323 1161 2376 namque
1185 2323 1303 2378 qua:
1331 2309 1442 2379 agit
1469 2316 1521 2363 et
1562 2323 1688 2380 erga
1729 2307 1896 2363 Deum
1937 2317 1991 2364 et

409 2415 539 2472 erga
583 2399 867 2463 homines,
918 2399 1212 2468 prudenter
1248 2413 1407 2468 agere
1448 2399 1606 2454 debet
1650 2406 1705 2454 et
1744 2399 1987 2468 provide.

409 2489 600 2548 Omnia
633 2489 801 2560 juste,
842 2489 1022 2545 omnia
1051 2498 1217 2556 recte,
1263 2489 1442 2544 omnia
1477 2490 1749 2561 sapienter
1780 2498 1836 2546 et
1866 2506 1988 2546 cum

407 2581 690 2654 prudentia
720 2594 940 2635 necesse
973 2589 1058 2634 est
1102 2589 1161 2634 ut
1204 2579 1386 2646 faciat,
1418 2595 1488 2636 ne
1532 2581 1674 2651 regis
1713 2595 1877 2652 opera
1905 2563 1992 2637 vel

410 2671 652 2736 consilia,
673 2680 733 2726 ut
753 2679 1068 2726 caeterorum
1090 2671 1390 2739 hominum,
1429 2675 1868 2743 reprehensionis
1905 2691 1990 2732 re-

411 2763 613 2833 cipiant
656 2761 915 2835 linguam.
963 2761 1064 2830 Qui
1107 2763 1253 2817 enim
1297 2763 1459 2817 multa
1505 2763 1732 2819 Domino
1757 2765 1993 2823 donante

411 2853 692 2925 gubernat,
723 2868 947 2909 necesse
971 2860 1053 2908 est
1074 2861 1134 2908 ut
1156 2853 1264 2909 alto
1293 2855 1518 2910 consilio
1544 2857 1838 2927 prudenter
1859 2872 1991 2913 cun-

415 2953 504 3000 cta
536 2945 801 3016 disponat.
846 2944 938 3001 Sic
979 2945 1123 3000 enim
1160 2946 1610 3016 prudentissimus
1650 2946 1904 3004 Salomon
1935 2949 1991 3005 in

411 3037 721 3094 Proverbiis
753 3039 827 3093 ait
854 3056 866 3092 :
901 3037 1006 3104 Qui
1030 3038 1235 3109 sapiens
1261 3048 1357 3104 est,
1389 3038 1556 3093 multa
1587 3040 1838 3110 gubernat
1866 3057 1994 3111 pru-

413 3130 614 3185 dentia.
654 3129 784 3185 Item
808 3131 922 3201 ipse
950 3131 1027 3185 ait
1055 3147 1068 3182 :
1100 3129 1369 3200 Sapientia
1407 3129 1759 3198 wdiﬁcabitur
1781 3131 1989 3198 domus,

413 3231 463 3275 et
501 3220 778 3291 prudentia
827 3219 1158 3274 roborabitur
1202 3215 1384 3290 (Prov.
1424 3234 1584 3284 xnv,
1631 3218 1707 3291 3).
1757 3217 1989 3275 Grandis

417 3313 564 3369 enim
591 3314 763 3368 virtus
785 3320 887 3378 est,
914 3312 1147 3368 maxime
1171 3311 1225 3366 in
1253 3320 1472 3382 pectore
1493 3311 1655 3382 regis,
1682 3313 1986 3382 prudentia,

417 3420 540 3475 qua:
567 3413 758 3460 cuncta
802 3405 1093 3474 prudenter
1128 3418 1290 3474 regna
1335 3403 1474 3474 regit
1508 3412 1672 3474 atque
1705 3404 1988 3476 gubernat.

416 3493 707 3552 Prudentia
751 3509 982 3564 namque
1019 3501 1395 3550 ornamentum
1439 3502 1521 3551 est
1549 3496 1790 3550 omnium
1819 3497 1992 3551 virtu-

418 3593 556 3652 tum,
582 3587 751 3657 gloria
774 3586 924 3641 verbi
951 3586 1219 3655 decusque
1251 3587 1539 3650 sermonis,
1572 3586 1710 3641 sicut
1733 3587 1994 3656 scriptum

419 3683 551 3731 est:
601 3675 976 3730 Ornamentum
1019 3691 1236 3728 aureum
1290 3673 1558 3745 prudentis
1610 3675 1849 3730 doctrina
1875 3716 1889 3742 ,
1948 3685 1997 3731 et

422 3767 576 3839 quasi
619 3765 880 3820 brachiale
924 3765 978 3819 in
1027 3764 1238 3820 brachio
1276 3764 1459 3818 dextro
1502 3763 1690 3835 (Eccli.
1726 3781 1840 3832 sm,
1881 3765 1993 3839 24).

419 3857 710 3913 Prudentia
741 3865 922 3912 custos
949 3863 1032 3912 est
1070 3857 1203 3922 oris,
1244 3856 1560 3926 gubernatio
1585 3857 1833 3923 actionis,
1863 3865 1998 3912 tem-

419 3945 669 4017 perantia
725 3944 944 4010 cordis,
1005 3943 1304 3999 moderatio
1359 3943 1588 4016 linguae,
1651 3946 2002 4016 omniumque

421 4041 622 4090 statera
665 4035 952 4089 verborum
997 4042 1053 4090 et
1094 4034 1411 4104 ponderatio
1459 4049 1661 4090 rerum.
1719 4035 1810 4092 Sic
1853 4037 2000 4092 enim

423 4124 684 4202 scriptum
707 4133 826 4180 est:
875 4123 1037 4179 Verba
1060 4125 1393 4196 prudentium
1434 4124 1490 4179 in
1522 4134 1715 4181 statera
1744 4128 2001 4198 pondera-

426 4219 621 4273 buntur
654 4218 840 4291 (Ibid.,
875 4235 923 4272 υ.
959 4217 1072 4292 28).
1100 4217 1298 4274 Iterum
1347 4218 1608 4289 scriptum
1644 4227 1728 4273 est
1757 4236 1770 4272 :
1799 4219 2003 4273 Aurum

373 4373 386 4390 ‘
427 4319 577 4363 tuum
599 4320 646 4363 et
673 4317 945 4380 argentum
982 4318 1129 4362 tuum
1156 4310 1346 4378 conﬂa,
1391 4319 1440 4363 et
1476 4309 1640 4363 verbis
1679 4310 1781 4364 tuis
1811 4311 1896 4381 {ac
1921 4327 2005 4364 os-

427 4398 580 4463 tiola,
608 4408 654 4452 et
683 4398 856 4467 frenos
885 4399 965 4451 ori
985 4407 1072 4451 tuo
1102 4397 1463 4461 rectostEccli.
1494 4413 1682 4464 xxvltl,
1711 4397 1825 4464 29,.
1859 4399 2002 4453 Rur-

2091 593 2281 651 tutem,
2331 599 2452 654 qum
2495 583 2592 638 tibi
2637 583 2785 654 regni
2833 584 3278 654 gubernationem
3320 585 3591 658 disponat,
3617 599 3674 646 et

2085 676 2463 732 discretionem
2517 675 2745 730 actionis
2800 673 3082 740 conferat;
3131 691 3252 745 qum
3300 677 3394 732 tibi
3447 695 3670 750 gressus

2082 768 2262 838 operis
2289 767 2502 837 dirigat,
2550 776 2604 822 et
2649 766 2992 838 cegitationis
3034 776 3187 823 actus
3228 767 3509 838 disponat;
3550 787 3671 840 qua:

2083 855 2180 908 tibi
2203 853 2406 924 regiam
2433 853 2778 922 prolibusque
2803 852 3089 908 fecundam
3115 853 3362 921 aediﬁcet,
3412 865 3468 910 et
3508 859 3677 913 aedi--

2084 945 2296 1002 tleatam
2338 946 2588 1011 roboret;
2634 959 2756 1014 qua:
2781 945 2878 1001 tibi
2919 955 3236 1001 ornamenta
3275 948 3536 1004 virtutum
3579 965 3672 1005 co-

2083 1039 2337 1109 piamque
2365 1039 2637 1093 ministret
2670 1046 2726 1092 et
2765 1051 2977 1105 rerum;
3019 1055 3138 1109 quae
3167 1041 3263 1096 tibi
3309 1042 3463 1113 regni
3501 1057 3668 1098 cornu

2084 1129 2356 1196 sublimet,
2404 1137 2461 1184 et
2496 1128 2719 1184 brachio
2763 1126 3135 1184 fortitudinem
3183 1131 3376 1196 donet;
3423 1147 3544 1202 quae
3587 1147 3671 1189 on

2083 1226 2177 1274 tuo
2201 1218 2369 1290 legem
2393 1219 2637 1274 veritatis
2661 1218 2951 1280 ministret.
2983 1227 3038 1274 et
3057 1220 3210 1276 cordi
3232 1229 3322 1276 tuo
3343 1221 3670 1278 intellectum

2083 1310 2361 1380 sapientia:
2404 1311 2750 1390 multiplicet;
2802 1326 2923 1381 qua?
2961 1311 3056 1366 tibi
3097 1311 3386 1366 multarum
3431 1314 3672 1383 gentium

2084 1399 2221 1454 colla
2268 1395 2556 1470 subjiciat,
2609 1408 2665 1454 et
2715 1409 2768 1456 te
2830 1402 3041 1458 cunctis
3104 1402 3386 1457 amabilem
3449 1405 3673 1469 reddat;

2084 1503 2205 1558 quae
2259 1491 2600 1546 sermonibus
2647 1491 2755 1546 tuis
2800 1506 3024 1546 aureum
3071 1502 3452 1548 ornamentum
3501 1494 3675 1563 impo-

2086 1588 2218 1644 nat,
2282 1588 2338 1635 et
2390 1587 2706 1647 argenteum
2760 1595 2954 1635 munus
3007 1579 3167 1636 labiis
3213 1582 3495 1646 conferat;
3554 1598 3675 1652 quae

2085 1671 2340 1742 operibus
2369 1672 2474 1727 tuis
2493 1669 2679 1743 iugem
2708 1672 3029 1739 custodiam,
3077 1687 3376 1743 congruam
3406 1673 3675 1730 ministret

2087 1773 2142 1820 et
2164 1764 2414 1836 gloriam.

2699 1833 2927 1891 CAPUT
2972 1833 3060 1889 Ἦ.

2643 1927 2717 1982 De
2765 1926 3118 1997 simplicitate.

2159 2039 2350 2111 Magna
2373 2049 2458 2095 est
2481 2039 2697 2109 quidem
2726 2039 3022 2110 prudentiae
3056 2038 3232 2094 virtus
3273 2056 3286 2092 :
3327 2038 3422 2094 sed
3454 2054 3678 2095 necesse

2088 2139 2170 2186 est
2195 2138 2254 2184 ut
2282 2130 2646 2200 simplicitatis
2670 2130 2869 2184 virtute
2893 2137 3248 2199 temperetur.
3283 2127 3374 2184 Sic
3398 2129 3543 2184 enim
3572 2131 3677 2186 Do-

2088 2219 2269 2276 minus
2297 2220 2350 2276 in
2380 2220 2670 2292 Evangelio
2707 2220 2822 2289 ait;
2855 2219 3034 2274 Estote
3070 2220 3348 2291 prudentes
3389 2222 3524 2274 sicut
3568 2238 3677 2275 ser-

2087 2321 2263 2383 pentes
2309 2321 2358 2366 et
2398 2310 2656 2381 simplices
2701 2311 2837 2366 sicut
2886 2309 3137 2364 columba:
3183 2309 3398 2382 (Matth.
3451 2327 3508 2376 ι,
3562 2309 3672 2382 16).

2087 2403 2315 2457 Ambula
2337 2418 2486 2474 ergo,
2514 2402 2846 2458 nobilissime
2872 2418 2987 2468 rex,
3011 2404 3078 2458 de
3098 2403 3298 2458 virtute
3319 2405 3372 2458 in
3397 2403 3674 2470 virtutem,

2089 2501 2144 2548 et
2178 2490 2384 2562 jugiter
2422 2492 2712 2563 proﬁciens
2735 2493 2788 2546 in
2817 2492 3033 2558 melius,
3063 2493 3132 2548 ab
3161 2492 3354 2548 itinere
3379 2509 3483 2548 non
3515 2494 3678 2549 decli-

2090 2598 2188 2638 nes
2212 2584 2389 2654 regio;
2427 2582 2521 2638 sed
2560 2583 2626 2638 de
2661 2582 2947 2654 prudentia
2978 2582 3030 2637 in
3062 2582 3407 2654 simplicitate
3451 2583 3679 2638 ﬁrmiter

2091 2688 2230 2744 pone
2263 2687 2528 2744 gressum.
2567 2672 2666 2726 Via
2715 2673 2862 2727 enim
2889 2673 3036 2743 regia
3064 2681 3148 2727 est
3178 2673 3514 2743 simplicitas,
3560 2683 3616 2729 et
3647 2689 3676 2727 a

2091 2762 2296 2817 sanctis
2322 2762 2541 2832 regibus
2577 2761 2875 2831 antiquitus
2909 2762 3126 2817 dilecta.
3159 2763 3452 2818 Laudabile
3480 2765 3678 2820 etenim

2092 2853 2160 2909 de
2184 2843 2284 2909 .Iob
2312 2853 2563 2908 laudabili
2602 2853 2720 2908 viro
2749 2851 3010 2908 Dominus
3047 2853 3138 2908 dat
3172 2855 3562 2922 testimonium,
3589 2855 3678 2910 di-

2091 2958 2223 3001 cens
2259 2943 2516 3000 diabolo:
2557 2943 2815 3014 Nunquid
2875 2944 3216 2999 considerasti
3261 2961 3465 2999 servum
3506 2962 3680 2999 meum

2092 3036 2218 3104 Job,
2243 3038 2383 3111 quod
2413 3054 2514 3092 non
2543 3038 2608 3092 sit
2633 3039 2679 3092 ei
2704 3036 2889 3092 similis
2923 3039 2978 3092 in
3015 3047 3171 3102 terra,
3198 3038 3350 3092 homo
3389 3037 3608 3109 simplex
3632 3049 3680 3093 et

2094 3137 2265 3182 rectus
2289 3143 2351 3181 ac
2369 3128 2555 3181 timens
2582 3126 2770 3192 Deum,
2795 3136 2843 3180 et
2867 3126 3106 3181 recedens
3134 3144 3165 3180 a
3192 3129 3331 3181 malo
3359 3127 3480 3199 (Job
3535 3145 3572 3193 ι,
3598 3127 3678 3198 8).

2093 3219 2171 3274 De
2213 3219 2398 3290 Moyse
2441 3234 2655 3288 quoque
2704 3217 2985 3288 Scriptura
3033 3226 3420 3272 commemorat
3446 3218 3674 3273 dicens:

2095 3308 2227 3364 Erat
2263 3310 2571 3364 mitissimus
2611 3325 2768 3380 super
2811 3325 2987 3363 omnes
3017 3308 3250 3363 homines
3285 3308 3375 3380 qui
3403 3309 3684 3365 moraban-

2093 3408 2182 3453 tur
2203 3386 2256 3453 in
2287 3409 2428 3454 terra
2465 3398 2655 3471 (Nam.
2685 3414 2783 3462 xu,
2812 3398 2888 3468 3).
2925 3397 3246 3469 Speeialiter
3287 3412 3519 3466 namque
3547 3397 3684 3454 liber

2095 3489 2386 3559 Sapientia:
2429 3489 2648 3559 regibus
2704 3503 2997 3560 regumque
3051 3488 3317 3543 ministris
3371 3489 3569 3542 clamat
3629 3499 3686 3545 et

2095 3581 2224 3635 dicit
2257 3597 2270 3633 :
2310 3578 2525 3648 Diligite
2545 3579 2832 3649 justitiam,
2871 3580 2960 3649 qui
2972 3578 3230 3648 judicatis
3258 3587 3470 3644 terram,
3498 3581 3683 3633 sentite
3729 3603 3740 3620 κ

2093 3669 2159 3724 de
2184 3669 2406 3723 Domino
2426 3669 2480 3722 in
2505 3669 2752 3735 bonitate,
2793 3679 2842 3723 et
2879 3669 2936 3723 in
2963 3668 3295 3739 simplicitate
3330 3669 3504 3723 cordis
3537 3686 3679 3740 qua:-

2098 3763 2194 3815 rite
2221 3759 2387 3825 illum,
2411 3761 2659 3832 quoniam
2679 3761 2986 3816 invenietur
3023 3761 3087 3814 ab
3130 3762 3208 3815 his
3237 3761 3326 3832 qui
3355 3778 3459 3816 non
3483 3771 3682 3817 tentant

2097 3853 2246 3908 illum
2289 3853 2444 3926 (Sap.
2487 3871 2528 3922 ι,
2557 3853 2632 3927 1).
2663 3854 3000 3910 Generaliter
3031 3863 3210 3909 autem
3240 3863 3296 3911 et
3322 3855 3389 3911 de
3431 3855 3683 3909 omnibus

2099 3945 2303 4000 sanctis
2341 3943 2593 4000 Salomon
2641 3945 2695 4000 in
2737 3945 3046 4001 Proverbiis
3079 3947 3196 4001 ait:
3242 3945 3559 4016 Simplicitas
3594 3947 3682 4017 ju-

2099 4045 2298 4090 storum
2332 4036 2517 4106 diriget
2547 4052 2633 4090 eos
2663 4034 2843 4108 (Prov.
2875 4051 2951 4101 II,
2976 4037 3053 4106 5)‘.
3089 4036 3194 4102 Qui
3226 4038 3458 4090 ambulat
3481 4037 3680 4107 simpli—

2101 4127 2247 4192 citer,
2278 4125 2450 4180 salvus
2480 4127 2578 4180 erit
2599 4123 2784 4198 (Prov.
2814 4142 3008 4192 xxvm,
3038 4126 3146 4189 18).
3179 4126 3377 4181 Paulus
3401 4140 3531 4180 vero
3559 4128 3635 4181 ait
3665 4148 3679 4181 :

2112 4213 2240 4270 Volo
2282 4233 2370 4270 vos
2410 4217 2668 4287 sapientes
2689 4232 2798 4270 esse
2820 4216 2875 4270 in
2905 4217 3056 4283 bono,
3096 4227 3144 4271 et
3181 4217 3437 4287 simplices
3463 4218 3517 4272 in
3541 4217 3682 4273 malo

2104 4307 2282 4380 (Rom.
2312 4325 2423 4375 xvr,
2454 4308 2563 4382 19).
2598 4309 2767 4364 Debet
2797 4309 2994 4363 etenim
3019 4309 3310 4365 electorum
3354 4310 3514 4364 corda
3545 4326 3678 4380 pru-

2104 4399 2286 4454 dentia
2333 4398 2388 4454 in
2429 4400 2630 4454 bonum
2671 4399 2870 4470 iugiter
2897 4415 3110 4464 acuere,
3151 4409 3206 4455 et
3254 4400 3568 4469 simplicitas
3614 4403 3683 4457 ab

429 4502 549 4542 sum
583 4488 840 4557 scriptum
871 4493 988 4542 est:
1028 4486 1183 4556 Aperi
1229 4503 1286 4539 os
1333 4495 1479 4540 tuum
1527 4496 1688 4551 muto,
1733 4497 1781 4540 et
1829 4489 2003 4542 causis
2030 4525 2081 4584 D
2107 4489 2352 4544 acumine
2384 4489 2683 4560 prudentiae
2713 4490 3022 4560 temperari,
3054 4505 3122 4544 ne
3147 4497 3240 4544 aut
3263 4490 3546 4560 prudentia
3569 4506 3682 4548 mo-

431 4579 663 4634 omniwn
711 4579 940 4648 ﬁliorum
985 4579 1072 4648 qui
1125 4587 1506 4648 pertranseunt,
1552 4577 1698 4646 aperi
1738 4595 1796 4633 os
1835 4587 2002 4644 tuum,

432 4671 650 4725 decerne
673 4671 810 4741 quod
838 4671 1046 4740 justum
1085 4679 1179 4733 est,
1211 4678 1258 4722 et
1279 4670 1468 4739 judica
1507 4670 1710 4738 inopem
1739 4678 1788 4724 et
1811 4687 2006 4742 paupe-

433 4778 544 4816 rem
571 4758 751 4832 (Prov.
775 4775 924 4826 xxxx,
953 4760 1029 4830 8).
1071 4758 1209 4823 Quia
1252 4761 1316 4814 de
1353 4760 1528 4830 fructu
1575 4760 1682 4814 oris
1731 4763 1812 4814 sui
1853 4777 2013 4816 unus-

432 4852 649 4923 quisque
668 4849 946 4920 replebitur
971 4849 1140 4914 bonis,
1168 4858 1216 4902 et
1232 4849 1392 4918 juxta
1430 4865 1586 4919 opera
1614 4866 1864 4903 manuum
1885 4867 2010 4904 sua-

434 4955 554 4994 rum
590 4939 906 4993 retribuetur
929 4940 978 4993 ei
1003 4937 1183 5012 (Prov.
1211 4955 1312 5005 xu,
1344 4939 1453 5005 M).
1483 4939 1770 4996 Malachias
1796 4955 2010 5011 quoque

432 5043 502 5085 ex
531 5043 758 5099 persona
805 5028 1014 5083 Domini
1049 5045 1062 5082 :
1095 5027 1293 5096 Delevi,
1341 5029 1532 5098 inquit,
1563 5040 1772 5100 pactum
1816 5047 2009 5097 meum,

434 5123 575 5193 quod
603 5123 702 5193 fuit
727 5138 845 5176 cum
873 5138 956 5188 eo,
981 5123 1098 5177 vita:
1140 5131 1189 5177 et
1233 5123 1398 5195 pacis,
1439 5133 1486 5177 et
1529 5123 1650 5178 dedi
1676 5125 1724 5178 ei
1751 5125 2008 5189 timorem,

435 5221 486 5265 et
513 5211 686 5265 timuit
714 5228 818 5277 me,
850 5221 898 5266 et
920 5228 953 5266 a
981 5211 1116 5280 facie
1145 5212 1367 5267 nominis
1405 5213 1506 5266 mei
1527 5213 1763 5283 pavebat.
1790 5213 1898 5267 Lex
1921 5230 2010 5267 ve-

437 5303 612 5358 ritatis
636 5303 740 5373 {uit
759 5303 816 5356 in
844 5318 932 5357 ore
951 5303 1085 5373 ejus,
1115 5311 1164 5358 et
1205 5302 1452 5374 iniquitas
1475 5319 1576 5358 non
1603 5313 1678 5358 est
1713 5303 1919 5358 inventa
1957 5303 2012 5356 in

439 5392 593 5446 labiis
619 5393 755 5463 ejus,
789 5393 846 5446 in
864 5409 990 5463 pace
1015 5403 1063 5448 et
1083 5394 1139 5448 in
1168 5395 1430 5466 (equitate,
1469 5393 1750 5450 ambulavit
1787 5411 2007 5458 mecum,

439 5493 488 5538 et
512 5483 700 5538 multos
723 5484 906 5539 avertit
950 5484 1016 5538 ab
1052 5485 1322 5556 iniquitate
1347 5485 1600 5558 (Malaclt.
1627 5501 1685 5550 η,
1713 5485 1791 5557 5).
1814 5484 2012 5542 Paulus

442 5575 510 5631 ad
535 5575 881 5632 Colossenses
910 5574 1006 5649 (tv,
1051 5576 1106 5649 6)
1148 5578 1260 5632 ait:
1287 5576 1467 5632 Sermo
1511 5589 1675 5633 vester
1711 5571 1914 5649 semper
1960 5580 2015 5632 in

444 5666 616 5736 gratia
640 5665 751 5720 sale
781 5668 850 5721 sit
874 5667 1132 5734 conditus,
1164 5679 1217 5723 ut
1245 5669 1422 5724 sciatis
1445 5669 1654 5740 quando
1675 5679 1906 5740 oporteat
1929 5686 2014 5725 vos

451 5758 728 5830 animique
753 5759 1075 5829 respondere.

2110 4581 2236 4634 dum
2265 4580 2605 4636 rectitudinis
2637 4581 2880 4647 excedat,
2908 4589 3001 4634 aut
3027 4580 3341 4652 simplicitas
3370 4581 3684 4652 ignorantia:

2109 4667 2319 4721 fallacia
2348 4675 2638 4737 torpescat.

2180 4755 2349 4828 Regia
2376 4757 2575 4812 etenim
2598 4758 2685 4813 via
2715 4768 2800 4814 est
2831 4759 3166 4829 simplicitas,
3196 4774 3316 4830 qua:
3344 4774 3530 4832 regum
3557 4761 3688 4816 sim-

2107 4845 2322 4916 pliciter
2360 4847 2542 4918 dirigit
2582 4863 2818 4920 gressus,
2864 4858 2924 4904 ut
2969 4849 3037 4904 ad
3085 4850 3346 4917 caelestia,
3397 4867 3494 4922 per
3537 4854 3683 4924 regia

2109 4939 2413 5008 gradientes
2439 4939 2655 5006 itinera,
2694 4939 2924 4994 feliciter
2953 4941 3275 5009 perveniant
3300 4958 3483 5015 regna.
3515 4942 3684 4998 Curre

2110 5044 2264 5100 ergo,
2312 5043 2430 5097 rex,
2478 5031 2707 5086 ﬁrmiter
2737 5047 2836 5100 per
2879 5031 3237 5103 simplicitatis
3287 5034 3502 5101 itinera,
3531 5043 3589 5089 ut
3615 5035 3684 5089 ad

2111 5141 2402 5195 perennem
2439 5126 2600 5181 citius
2627 5126 2910 5194 pervenias
2936 5126 3122 5192 vitam,
3163 5135 3219 5182 et
3263 5127 3685 5184 immortalitatis

2112 5215 2222 5270 cito
2249 5215 2482 5284 accipias
2505 5215 2748 5286 praemia,
2789 5224 2849 5271 et
2872 5216 3009 5272 stola
3049 5218 3289 5276 induaris
3317 5221 3464 5289 pacis
3491 5229 3545 5274 et
3571 5217 3684 5288 glo-

2115 5307 2229 5362 riae.

2661 5378 2932 5439 CAPUT
2993 5384 3138 5440 VII.

2714 5469 2792 5525 De
2817 5474 3088 5542 patientia.

2189 5581 2383 5636 Transi
2419 5581 2634 5650 iterum,
2665 5599 2780 5651 rex,
2811 5587 2876 5640 de
2919 5585 3112 5638 virtute
3142 5581 3195 5635 in
3225 5581 3504 5646 virtutem,
3529 5591 3587 5636 et
3615 5581 3688 5636 de

2119 5670 2463 5742 simplicitate
2520 5674 2573 5729 in
2629 5674 2939 5743 patientiam
2991 5670 3219 5725 feliciter
3244 5685 3384 5740 pone
3435 5671 3682 5740 gradum.

2121 5761 2341 5817 Posside
2365 5763 2696 5833 patientiam,
2747 5763 2790 5815 si
2836 5761 2916 5814 vis
2965 5770 3109 5814 tuam
3140 5759 3367 5813 dulciter
3410 5762 3686 5831 pessidere
