3992 6206
331 340 436 402 957

1606 339 1956 402 smmum
1995 316 2283 398 annuis

3487 331 3598 399 95$

328 463 583 518 animam.
615 459 706 516 Sic
729 461 872 518 enim
897 456 1037 515 Deus
1065 467 1252 514 auctor
1280 465 1479 516 nostrm
1509 452 1698 514 salutis
1734 465 1788 512 et
1813 473 1906 528 pa—
1931 459 1984 520 Α
2008 455 2226 509 dicens:
2252 451 2516 508 Descende
2540 452 2594 507 in
2623 451 2834 506 domum
2879 451 3014 522 regis
3062 448 3231 514 Iuda,
3279 459 3326 503 et
3368 449 3598 521 loqueris

327 557 407 612 cis
432 556 485 608 in
508 553 800 622 Evangelia
823 553 900 606 ait
944 570 957 606 :
1002 550 1068 606 In
1101 553 1354 622 patientia
1377 562 1544 607 vestra
1581 550 1909 622 possidebitis

327 647 532 699 animas
567 653 759 701 vestras
785 642 934 712 (Luc.
985 657 1097 709 xxi,
1140 643 1250 712 19).
1282 642 1535 698 Salomon
1572 657 1786 712 quoque
1822 641 1906 696 di—

326 737 400 791 cit
431 753 443 788 :
475 734 726 795 Doctrina
756 734 850 787 viri
896 751 988 804 per
1022 735 1216 805 patient
1229 738 1327 788 'am
1376 735 1623 798 noscitur,
1663 743 1710 787 et
1741 732 1911 803 gloria

326 829 440 897 ejus
480 835 554 880 est
583 827 762 894 iniqua
805 825 1136 895 praztergredi
1183 823 1364 896 (Prov.
1407 841 1532 888 xxx,
1563 823 1674 894 ll).
1713 823 1911 878 Paulus

326 931 540 988 quoque
570 917 647 977 ait
678 933 690 969 :
723 915 936 970 Induite
959 933 1045 970 vos
1085 932 1205 986 ergo
1231 917 1365 969 sicut
1399 914 1546 969 electi
1571 913 1690 977 Dei,
1718 908 1909 976 sancti,

325 1017 373 1062 et
409 1006 586 1062 dilecti
617 1008 812 1064 viscera
854 1006 1243 1070 misericordiae,
1274 1006 1660 1076 benignitatem,
1698 1001 1912 1056 humili-

325 1108 504 1164 tatem,
532 1099 862 1162 modestiam,
901 1098 1227 1168 patientiam,
1277 1104 1638 1167 supportantes
1673 1095 1906 1154 invicem,

326 1199 375 1246 et
419 1188 674 1244 donantes
723 1188 1094 1257 vobismetipsis
1133 1189 1180 1242 si
1223 1188 1340 1258 quis
1384 1187 1634 1241 adversus
1685 1184 1912 1254 aliquem

327 1283 480 1336 habet
510 1279 818 1352 querelam:
848 1279 983 1333 sicut
1015 1277 1272 1332 Dominus
1318 1277 1528 1331 donavit
1556 1276 1716 1338 vobis,
1752 1275 1830 1328 ita
1865 1281 1912 1326 et

329 1387 414 1426 vos
445 1368 670 1443 (Coloss.
710 1385 794 1433 ut,
840 1368 908 1422 12
948 1378 996 1423 et
1025 1366 1210 1439 seqq.).
1235 1365 1371 1422 Nam
1402 1367 1544 1436 quod
1586 1373 1642 1420 et
1678 1365 1781 1420 ista
1807 1364 1914 1417 vir-

331 1469 416 1516 tus
465 1460 770 1530 principum
806 1458 978 1514 virtus
1007 1458 1094 1522 sit,
1129 1457 1383 1514 Salomon
1412 1457 1465 1511 iu
1489 1455 1802 1512 Proverbiis
1835 1463 1911 1509 tea

328 1561 519 1616 statur,
568 1552 752 1606 dicens
779 1568 792 1603 :
823 1547 1088 1604 Patientia
1132 1549 1325 1603 lenitur
1352 1549 1610 1618 princeps,
1642 1555 1688 1602 et
1719 1545 1914 1615 lingua

329 1644 501 1699 mollis
530 1643 725 1712 frangit
763 1641 1008 1694 duritiem
1057 1639 1240 1712 (Prov.
1291 1655 1415 1703 xxv,
1469 1635 1576 1710 15).
1626 1637 1915 1708 Apostolus

328 1740 458 1788 vero
487 1733 554 1787 ad
583 1733 799 1786 eosdem
828 1729 1102 1800 principes
1141 1731 1360 1796 clamat,
1392 1729 1577 1785 dicens
1610 1747 1622 1782 :
1657 1727 1914 1797 Corripite

2013 551 2086 605 ibi
2113 548 2318 605 verbum
2355 547 2476 614 hoc,
2511 556 2558 601 et
2597 547 2738 600 dices
2769 558 2786 597 :
2816 543 2952 599 Audi
2985 545 3193 597 verbum
3233 541 3472 609 Domini,
3507 561 3597 600 rex

2008 639 2180 708 Iuda,
2213 641 2302 712 qui
2328 639 2477 694 sedes
2514 654 2670 709 super
2699 635 2890 691 solium
2937 634 3107 689 David
3131 648 3150 686 :
3181 645 3238 690 tu
3267 645 3314 689 et
3335 637 3470 690 servi
3495 638 3593 703 tui,

2009 741 2058 786 et
2085 729 2307 802 populus
2333 739 2472 794 tuus,
2499 729 2589 800 qui
2615 724 2946 797 ingredimini
2965 741 3058 794 per
3081 733 3259 794 portas
3290 724 3440 778 istas.
3465 724 3594 779 ch

2010 822 2134 876 dicit
2159 821 2413 875 Dominus
2436 834 2455 872 :
2481 818 2664 873 Facite
2685 817 2948 888 judicium
2986 824 3033 870 et
3055 815 3344 885 justitiam,
3386 826 3436 870 et
3473 816 3596 872 libo-

2011 913 2196 968 ratevi
2226 924 2524 982 oppressum
2574 910 2638 965 de
2687 924 2847 962 manu
2897 906 3315 972 columniatoris,
3344 918 3394 962 et
3443 909 3594 964 adve-

2012 1019 2153 1069 nam,
2176 1012 2224 1056 et
2251 1000 2525 1073 pupillum,
2553 1011 2600 1054 et
2638 999 2847 1054 viduam
2880 996 3038 1051 nolite
3078 997 3400 1062 contristari,
3435 1016 3594 1069 neque

2013 1096 2318 1166 opprimatis
2343 1095 2518 1164 inique
2541 1107 2556 1144 :
2581 1103 2629 1146 et
2651 1093 2957 1161 sanguinem
2992 1090 3320 1144 innocentem
3343 1107 3406 1145 ne
3433 1092 3598 1159 effun-

2011 1185 2149 1239 datis
2175 1185 2230 1238 in
2257 1184 2370 1238 loco
2394 1185 2513 1238 isto.
2544 1181 2602 1236 Si
2642 1182 2778 1236 enim
2826 1182 3073 1250 facientes
3117 1179 3347 1248 feceritis
3386 1180 3597 1234 verbum

2011 1275 2175 1340 istud,
2213 1275 2571 1344 ingredientur
2609 1289 2700 1342 per
2727 1280 2905 1342 portas
2931 1269 3117 1324 domus
3158 1268 3317 1339 hujus
3340 1285 3482 1339 reges
3510 1285 3596 1324 se-

2011 1366 2189 1421 dentes
2209 1366 2272 1418 de
2297 1375 2444 1436 gente
2471 1362 2660 1427 David,
2701 1378 2857 1431 super
2893 1361 3139 1415 thronum
3167 1361 3300 1430 ejus,
3328 1370 3375 1415 et
3415 1378 3597 1417 ascen—

2011 1457 2189 1511 dentes
2217 1472 2403 1510 currus
2429 1465 2476 1510 et
2497 1471 2676 1525 equos,
2699 1453 2798 1524 ipsi
2820 1461 2866 1507 et
2897 1453 3051 1517 servi,
3073 1461 3120 1506 et
3146 1452 3368 1523 populus
3393 1469 3594 1509 eorum.

2015 1550 2169 1616 Quod
2190 1548 2236 1605 si
2257 1566 2358 1604 non
2382 1548 2653 1602 audieritis
2695 1547 2849 1602 verba
2897 1548 3046 1614 lucc;
3081 1548 3138 1602 in
3167 1549 3467 1618 memetipso
3503 1549 3599 1618 ju-

2015 1641 2145 1706 ravi,
2175 1640 2300 1694 dicit
2331 1638 2607 1702 Dominus,
2645 1638 2770 1708 quia
2818 1637 2874 1691 in
2918 1637 3256 1691 solitudinem
3284 1639 3381 1693 erit
3411 1638 3597 1692 domus

2015 1729 2364 1802 htec(1erem.
2395 1746 2536 1797 xxii,
2565 1729 2700 1799 1-5).
2734 1729 2904 1799 Dilige
2936 1745 3065 1802 ergo
3083 1728 3373 1799 justitiam,
3401 1745 3519 1796 rex,
3549 1728 3600 1786 si

329 1824 604 1895 inquietos,
652 1822 992 1877 consolamini
1043 1821 1421 1892 pusillanimes,
1472 1820 1717 1890 suscipite
1764 1818 1912 1887 inﬁr—
1939 1809 1987 1870 B
2014 1820 2098 1875 vis
2136 1829 2395 1889 perpetua
2431 1817 2536 1873 frui
2564 1819 2698 1884 vita,
2740 1820 2786 1875 si
2831 1820 2912 1874 vis
2943 1820 3200 1874 honorari
3247 1820 3301 1874 in
3337 1828 3598 1890 perpetuo

331 1929 462 1979 mos,
492 1913 744 1984 patientes
771 1921 932 1966 estote
953 1912 1020 1965 ad
1050 1928 1225 1966 omnes
1253 1911 1304 1982 (I
1339 1910 1516 1964 Thess.
1541 1926 1592 1974 v,
1626 1909 1734 1980 14).
1760 1907 1912 1963 Jaco-

329 2004 430 2058 bus
451 2001 726 2072 apostolus
746 2001 821 2056 ait
840 2019 852 2052 :
878 1999 1144 2054 Patientia
1171 2010 1347 2054 autem
1364 2015 1493 2070 opus
1513 1999 1798 2069 perfectum
1823 1998 1913 2050 han

331 2093 441 2147 bet:
459 2101 512 2146 ut
531 2093 647 2147 sitis
665 2091 880 2161 perfecti
903 2101 950 2145 et
977 2092 1185 2162 integri,
1207 2092 1263 2145 in
1285 2090 1429 2144 nullo
1451 2089 1746 2158 deﬁcientes
1766 2081 1907 2160 (Jac.
1933 2087 1940 2094 ’

332 2193 372 2249 l,
399 2179 476 2256 4).
509 2183 689 2238 Virtus
706 2197 835 2254 ergo
861 2197 980 2251 quae
1004 2181 1136 2236 lenit
1156 2180 1446 2251 principes,
1478 2188 1535 2235 et
1561 2179 1720 2235 docet
1743 2179 1915 2233 corri-

332 2289 459 2345 pere
486 2273 776 2343 inquietos,
804 2280 860 2327 et
879 2285 1014 2342 opus
1034 2285 1218 2341 regum
1234 2271 1300 2324 ad
1321 2267 1616 2340 perfectum
1644 2267 1910 2340 perducit,

331 2366 449 2421 sine
480 2364 641 2420 dubio
667 2363 839 2422 virtus
877 2371 962 2417 est
1004 2361 1170 2432 regia.
1193 2359 1442 2415 'Ambula
1486 2375 1615 2430 ergo
1643 2374 1741 2428 per
1768 2373 1910 2422 eam,

332 2456 617 2512 mitissime
657 2470 775 2520 rex,
805 2463 860 2509 et
898 2454 1058 2525 dilige
1085 2469 1228 2518 eam,
1260 2454 1386 2524 quia
1415 2468 1644 2509 currens
1668 2469 1766 2523 per
1789 2467 1912 2507 eam

332 2561 437 2600 non
463 2545 683 2601 habebis
717 2544 1116 2609 oﬂ‘endiculum,
1163 2545 1257 2600 sed
1295 2543 1510 2614 plenum
1555 2551 1611 2598 et
1647 2552 1913 2599 aeternum

333 2638 386 2692 in
409 2635 590 2691 futuro
615 2635 860 2691 invenies
899 2635 1171 2706 gaudium.
1218 2634 1406 2705 Magna
1448 2635 1593 2690 enim
1631 2643 1716 2690 est
1743 2635 1916 2690 virtus

332 2729 611 2798 patientia,
653 2743 772 2797 qua:
815 2726 1096 2783 laedentem
1137 2741 1197 2783 se
1239 2740 1347 2782 non
1376 2726 1542 2793 laedit,
1570 2727 1664 2784 sed
1704 2727 1910 2798 diligit;

331 2836 452 2892 qua;
493 2820 770 2892 injurianti
809 2815 1038 2892 injurias
1082 2820 1326 2886 remittit,
1366 2833 1474 2874 non
1505 2819 1712 2885 reddit;
1747 2818 1912 2891 [quae]

330 2914 417 2969 eui
446 2929 642 2970 nocere
669 2922 847 2984 potest
888 2928 994 2967 non
1043 2921 1220 2978 nocet,
1270 2911 1363 2967 sed
1404 2912 1599 2981 parcit.
1648 2910 1915 2966 Patientia

330 3013 561 3074 estquae
605 3019 704 3059 nos
749 3004 862 3061 Deo
907 3003 1270 3068 commendat,
1304 3011 1357 3058 et
1393 3017 1424 3058 a
1472 3002 1627 3057 malis
1667 3003 1918 3058 omnibus

331 3096 567 3152 custodit
595 3105 648 3150 et
670 3105 867 3151 servat.
899 3096 1017 3165 Ipsa
1046 3104 1129 3150 est
1159 3111 1279 3165 qua:
1319 3096 1456 3150 iram
1484 3104 1775 3164 temperat;
1803 3096 1918 3165 ipsa

2011 1913 2079 1968 ab
2103 1925 2188 1966 ea.
2222 1909 2494 1980 Scriptum
2521 1919 2605 1966 est
2630 1911 2774 1966 enim
2802 1930 2815 1965 :
2849 1909 2906 1965 Si
2928 1909 3156 1982 sequeris
3187 1911 3476 1981 justitiam,
3503 1927 3598 1982 ap-

2011 2003 2293 2073 prehendes
2322 2004 2493 2069 illam,
2522 2012 2570 2058 et
2608 2002 2792 2058 induas
2817 2001 2967 2072 quasi
3006 2001 3250 2072 poderem
3281 2001 3518 2068 honoris,
3547 2012 3597 2057 et

2011 2088 2322 2148 inhabitabis
2362 2108 2482 2146 cum
2524 2109 2606 2156 ea,
2656 2099 2704 2145 et
2749 2101 2974 2161 proteget
3021 2101 3070 2145 te
3119 2092 3173 2145 in
3203 2092 3596 2160 sempiternum,

2012 2195 2060 2240 et
2099 2187 2152 2240 in
2199 2185 2284 2239 die
2324 2185 2606 2256 agnitionis
2652 2184 2879 2239 invenies
2925 2184 3314 2254 ﬁrmamentum
3376 2175 3572 2248 (Eccli.

2012 2291 2182 2347 xxvu,
2195 2273 2292 2352 9):

2084 2369 2164 2424 Tu
2191 2383 2323 2439 ergo
2350 2383 2474 2424 cum
2503 2367 2581 2423 sis
2623 2379 2718 2420 rex
2747 2366 2801 2421 in
2834 2373 3002 2430 terra,
3034 2371 3094 2418 ut
3139 2363 3216 2419 sis
3244 2361 3388 2417 ﬁlius
3434 2357 3598 2432 Regis

2015 2462 2067 2515 in
2118 2459 2280 2524 caelo,
2313 2458 2476 2528 dilige
2495 2456 2759 2527 judicium
2797 2463 2853 2512 et
2886 2455 3172 2526 justitiam.
3213 2452 3432 2508 Imitare
3466 2465 3596 2521 ope-

2015 2552 2166 2608 ribus
2193 2566 2354 2624 quem
2380 2549 2597 2606 Patrem
2626 2549 2831 2606 clamas
2855 2548 3215 2605 sermonibus.
3245 2546 3419 2618 Dilige
3437 2544 3596 2614 justi-

2016 2643 2146 2698 tiam
2174 2650 2231 2699 et
2272 2656 2501 2712 operare
2526 2637 2582 2695 in
2611 2655 2705 2707 ea;
2738 2640 2864 2710 quia
2904 2638 3066 2694 Pater
3094 2647 3219 2694 tuus
3247 2637 3490 2694 caelestis
3518 2633 3600 2694 di-

2015 2730 2132 2804 ligit
2157 2739 2212 2787 et
2248 2739 2504 2802 operatur
2529 2730 2584 2784 in
2605 2744 2691 2784 ea.
2719 2728 2838 2800 Ipse
2867 2729 3013 2784 enim
3040 2728 3116 2783 ait
3138 2743 3235 2798 per
3263 2726 3554 2783 Jeremiam
3580 2743 3594 2780 :

2017 2822 2131 2892 Ego
2162 2837 2279 2876 sum
2307 2821 2566 2876 Dominus
2594 2819 2686 2890 qui
2737 2819 2880 2890 facio
2926 2817 3341 2873 misericordiam
3367 2826 3416 2872 et
3451 2815 3599 2886 judi-

2017 2914 2158 2967 cium
2187 2921 2235 2967 et
2267 2912 2536 2983 justitiam
2569 2910 2626 2964 in
2668 2918 2812 2964 terra
2843 2925 2861 2963 :
2893 2909 3004 2964 haec
3034 2910 3172 2964 enim
3197 2909 3404 2980 placent
3448 2908 3596 2971 mihi,

2019 3005 2093 3058 ait
2124 3003 2379 3058 Dominus
2434 3002 2650 3072 (Jerem.
2681 3017 2760 3068 rx,
2794 3000 2909 3073 24).
2949 2999 3099 3057 Totis
3147 3001 3353 3056 viribus
3383 3001 3490 3056 tuis
3507 2999 3601 3055 de-

2019 3094 2117 3151 bes
2164 3096 2366 3151 imltari
2406 3093 2578 3162 illum,
2623 3109 2745 3151 cum
2790 3109 2896 3164 quo
2927 3109 3113 3164 speras
3137 3093 3321 3148 vivere
3346 3094 3399 3148 in
3443 3102 3602 3148 aeter-

331 3193 414 3240 est
461 3200 580 3255 qua:
634 3185 869 3255 linguam
919 3185 1182 3249 refrenat;
1230 3186 1344 3255 ipsa
1397 3194 1482 3240 est
1521 3200 1640 3255 qua:
1679 3193 1914 3241 mentem
1943 3183 1986 3245 C
2019 3203 2168 3242 num.
2194 3186 2285 3242 Sic
2323 3187 2466 3242 enim
2498 3186 2757 3241 Dominus
2782 3201 2877 3255 per
2909 3186 3227 3255 prophetam
3265 3184 3600 3240 Ezechielem

331 3277 624 3346 gubernat;
651 3275 764 3346 ipsa
789 3283 872 3330 est
899 3291 1018 3346 quae
1041 3290 1226 3345 pacem
1251 3276 1517 3341 custodit;
1545 3277 1658 3346 ipsa
1681 3284 1765 3332 est
1803 3291 1922 3345 qua:

332 3364 668 3434 disciplinam
717 3365 993 3421 moderate
1029 3367 1264 3437 peragit;
1308 3366 1424 3435 ipsa
1461 3367 1702 3423 libidinis
1750 3366 1922 3437 impe-

334 3465 448 3512 tum
477 3457 706 3528 frangit;
745 3459 861 3527 ipsa
903 3457 1102 3514 furoris
1144 3459 1454 3514 violentiam
1483 3461 1809 3531 comprimit,
1839 3461 1922 3515 in-

331 3546 584 3602 cendium
640 3547 931 3602 simultatis
981 3549 1306 3620 exstinguit,
1357 3559 1574 3606 coercet
1623 3552 1920 3620 potentiam

332 3637 580 3700 divitum,
627 3637 834 3693 refovet
877 3639 1111 3710 inopiam
1162 3655 1477 3709 pauperum,
1517 3639 1647 3696 facit
1688 3642 1920 3697 humiles

335 3727 387 3781 in
411 3728 702 3797 prosperis,
745 3727 912 3784 fortes
963 3730 1016 3784 in
1065 3731 1330 3796 adversis,
1361 3739 1550 3786 contra
1594 3731 1820 3801 injurias
1863 3740 1921 3787 et

333 3817 688 3873 contumelias
729 3819 909 3886 mites,
959 3819 1284 3875 tentationes
1329 3830 1618 3892 expugnat,
1669 3837 1922 3892 persecu-

336 3907 511 3962 tiones
554 3907 768 3962 tolerat.
800 3908 917 3978 lpsa
943 3917 1025 3966 est
1048 3925 1168 3980 qua:
1193 3910 1314 3964 fidei
1346 3919 1544 3967 nostra:
1573 3910 1919 3967 fundamenta

336 4000 548 4056 fortiter
569 4002 774 4067 munit;
808 4002 921 4072 ipsa
949 4013 1032 4058 est
1072 4019 1192 4073 qua:
1222 4004 1552 4060 incrementa
1583 4005 1698 4076 spei
1721 4015 1922 4062 nostra:

335 4092 639 4147 sublimiter
680 4095 957 4161 provehit;
1010 4095 1123 4163 ipsa
1179 4111 1277 4151 nos
1325 4103 1382 4150 ut
1425 4105 1609 4154 tenere
1653 4098 1922 4166 possimus

231 4181 239 4188 '
336 4183 478 4237 viam
508 4181 732 4249 Christi,
763 4185 1057 4256 gubernat;
1108 4187 1224 4256 ipsa
1266 4195 1326 4242 ut
1356 4187 1451 4242 filii
1481 4187 1574 4243 Dei
1602 4205 1918 4259 persevere-

339 4281 478 4339 unus,
510 4275 815 4330 confirmat.

408 4359 562 4420 liano
598 4380 727 4436 ergo
766 4381 909 4431 ama,
949 4381 1064 4433 rex,
1091 4366 1365 4433 virtutem,
1405 4371 1544 4426 hanc
1573 4370 1754 4441 dilige,
1782 4371 1921 4427 hanc

2022 3280 2100 3334 ait
2129 3297 2142 3333 :
2183 3275 2274 3332 Vir
2296 3278 2342 3332 si
2373 3278 2532 3347 fuerit
2549 3277 2755 3348 justus,
2781 3285 2828 3330 et
2862 3276 3040 3346 fecerit
3059 3275 3329 3346 judicium
3369 3285 3418 3330 et
3439 3276 3600 3344 justi-

2020 3371 2170 3435 tiam,
2207 3370 2264 3424 in
2296 3369 2558 3424 montibus
2589 3385 2691 3423 non
2721 3367 3022 3432 comederit,
3060 3375 3107 3420 et
3142 3365 3318 3420 oculos
3349 3383 3471 3419 suos
3497 3383 3600 3419 non

2019 3463 2266 3518 levaverit
2294 3463 2364 3516 ad
2395 3459 2540 3515 idola
2581 3461 2767 3515 domus
2797 3458 2966 3514 Israel
2998 3471 3015 3510 :
3044 3467 3092 3512 et
3130 3473 3346 3512 uxorem
3375 3459 3600 3528 proximi

2019 3556 2102 3610 sui
2131 3571 2236 3609 non
2269 3553 2558 3619 violaverit,
2601 3561 2650 3607 et
2675 3552 2745 3606 ad
2786 3549 3054 3605 mulierem
3099 3547 3469 3603 menstrualem
3499 3563 3600 3602 non

2021 3647 2328 3712 accesserit;
2360 3655 2408 3699 et
2436 3645 2699 3698 hominem
2727 3659 2830 3697 non
2859 3642 3274 3705 contristaverit;
3308 3642 3492 3710 pignus
3518 3640 3604 3694 de-

2021 3740 2178 3794 bitori
2205 3737 2525 3801 reddiderit;
2557 3745 2607 3792 et
2636 3735 2836 3793 nudum
2859 3735 3118 3804 aperuerit
3139 3735 3440 3788 vestimento
3465 3747 3483 3784 :
3511 3749 3603 3802 pa-

2021 3849 2138 3887 nem
2165 3847 2322 3887 suum
2345 3829 2597 3886 esurienti
2633 3828 2864 3893 dederit;
2909 3844 3002 3898 per
3027 3827 3133 3880 vim
3167 3825 3296 3880 nihil
3341 3825 3602 3894 rapuerit;

2022 3921 2092 3975 ad
2128 3936 2346 3975 usuram
2386 3935 2490 3974 non
2531 3915 2956 3980 commodaverit,
3007 3926 3055 3970 et
3097 3914 3324 3985 amplius
3373 3931 3479 3968 non
3513 3929 3603 3966 ac-

2021 4011 2254 4082 ceperit;
2311 4010 2376 4065 ab
2431 4010 2710 4081 iniquitate
2771 4008 3014 4063 averterit
3075 4007 3266 4077 faciem
3313 4022 3497 4071 suam,
3553 4013 3601 4058 et

2025 4101 2278 4158 iudicium
2309 4116 2489 4154 verum
2511 4099 2687 4169 fecerit
2713 4098 2849 4152 inter
2877 4099 3047 4152 virum
3085 4108 3133 4152 et
3159 4099 3360 4162 virum,
3391 4100 3445 4153 in
3466 4112 3598 4168 pre-

2022 4191 2180 4263 ceptis
2211 4191 2338 4245 meis
2362 4188 2724 4253 ambulaverit,
2755 4196 2804 4242 et
2836 4187 3048 4258 judicia
3073 4204 3189 4241 mea
3215 4187 3519 4242 custodierit
3543 4195 3600 4239 ut

2023 4282 2186 4353 faciat
2219 4281 2508 4345 veritatem,
2542 4279 2625 4332 hic
2641 4279 2824 4348 justus
2859 4289 2957 4344 est,
2995 4279 3100 4333 vita
3125 4279 3272 4344 vivet,
3305 4281 3381 4334 ait
3421 4279 3602 4332 Domi-

2025 4390 2121 4429 nus
2153 4372 2372 4444 (Ezech.
2425 4386 2582 4434 xvm,
2614 4369 2751 4440 5-9).
2787 4371 2958 4441 Dilige
3001 4385 3154 4441 ergo,
3189 4385 3304 4434 rex,
3333 4369 3601 4440 justitiam

335 4462 459 4508 eum
501 4456 696 4526 gaudio
721 4465 776 4512 et
803 4459 931 4514 totis
972 4459 1178 4514 viribus
1226 4459 1477 4529 amplecti
1522 4460 1738 4517 festina.
1780 4461 1921 4516 Vere
2023 4461 2388 4531 etjudicium,
2419 4476 2540 4531 quas
2580 4469 2664 4516 est
2687 4462 2773 4516 via
2801 4461 2968 4531 regia,
3000 4470 3056 4516 et
3087 4477 3118 4516 a
3164 4461 3438 4530 prioribus
3467 4461 3605 4532 regi-

337 4547 480 4600 enim
510 4548 655 4617 regia
697 4549 780 4603 via
824 4559 928 4616 est,
959 4561 1013 4604 et
1038 4567 1135 4620 per
1163 4564 1222 4606 se
1246 4551 1554 4618 gradientes
1597 4551 1828 4608 feliciter
1855 4554 1920 4607 ad
1953 4551 2002 4610 D
2027 4553 2126 4608 bus
2179 4552 2476 4622 antiquitus
2522 4551 2669 4606 trita.
2723 4549 2830 4606 Per
2863 4565 2984 4605 eam
3033 4549 3360 4606 desiderium
3405 4552 3603 4607 bonum

343 4648 566 4705 regnum
626 4639 870 4708 perducit
918 4648 1200 4695 aeternum.
1262 4641 1403 4696 Cave
1451 4657 1520 4696 ne
1565 4643 1803 4699 declines
1857 4644 1925 4698 ad
2020 4643 2183 4714 justis
2221 4642 2468 4708 dabitur;
2500 4657 2598 4713 per
2623 4656 2742 4697 eam
2769 4641 2836 4696 de
2865 4641 3112 4711 angustia
3137 4641 3270 4709 justi
3301 4641 3607 4696 liberabam

339 4723 622 4780 dexteram
653 4735 744 4782 aut
787 4729 853 4784 ad
875 4728 1173 4784 sinistram.
1205 4728 1356 4786 Scito
1380 4731 1506 4800 quia
1534 4731 1675 4786 sicut
1714 4732 1925 4786 Domini

341 4826 426 4873 est
451 4817 648 4875 bonum
673 4822 950 4892 patientia,
980 4823 1055 4877 ita
1078 4822 1278 4877 diaboli
1301 4822 1502 4878 malum
1533 4832 1616 4879 est
1644 4824 1926 4892 impatien-

345 4907 438 4962 tia.
471 4907 539 4963 Et
576 4909 710 4964 sicut
742 4911 831 4966 ille
860 4912 912 4967 in
939 4927 1047 4982 quo
1076 4911 1342 4967 inhabitat
1367 4919 1422 4966 et
1443 4919 1628 4966 manet
1655 4913 1922 4977 Christus,

344 5001 555 5071 patiens
585 5002 887 5072 invenitur;
920 5007 994 5061 ita
1045 5007 1333 5078 impatiens
1362 5022 1572 5077 semper
1616 5007 1705 5062 ille
1743 5009 1928 5064 existit

345 5088 499 5158 cujus
543 5100 775 5147 mentem
824 5095 1020 5151 diaboli
1063 5097 1306 5167 nequitia
1357 5096 1616 5168 possidet.
1655 5093 1733 5153 Tu
1777 5113 1924 5164 vero,

348 5191 468 5248 rex,
499 5184 704 5252 regiam
732 5185 874 5238 viam
907 5194 1049 5250 tene,
1090 5196 1147 5243 et
1181 5204 1288 5243 non
1317 5189 1555 5244 declines
1603 5189 1672 5242 ab
1698 5203 1783 5253 ea,
1833 5190 1927 5245 sed

349 5274 453 5334 ista
485 5277 624 5334 felici
657 5280 917 5349 beateque
944 5281 1163 5348 virtute,
1194 5283 1246 5336 in
1293 5299 1410 5337 eam
1451 5299 1571 5352 quae
1601 5293 1822 5338 vocatur
1842 5282 1928 5351 jus

350 5372 521 5438 stitia,
549 5365 779 5428 actionis
810 5381 913 5426 tum
943 5370 1170 5428 feliciter
1197 5390 1336 5444 pone
1361 5377 1570 5444 pedem.

880 5478 1149 5539 CAPUT
1209 5484 1384 5537 Vill.

971 5553 1048 5608 De
1063 5553 1298 5623 justitia.

424 5645 574 5712 Quod
604 5643 783 5714 regale
823 5644 894 5699 sit
921 5639 1154 5700 officium
1189 5643 1364 5700 facere
1404 5636 1668 5713 justitiam
1709 5653 1764 5700 et
1795 5636 1929 5712 judi-

360 5735 523 5800 cium.
559 5736 820 5794 Jeremias
857 5747 1102 5804 testatur,
1139 5738 1227 5796 ubi
1257 5758 1268 5794 :
1299 5739 1367 5795 Et
1389 5741 1630 5812 praecepit
1655 5738 1930 5806 Dominus,

2028 4747 2146 4802 tur;
2178 4751 2274 4806 per
2306 4750 2425 4791 eam
2455 4750 2638 4791 semen
2671 4749 2860 4790 eorum
2891 4734 2944 4788 in
2973 4743 3234 4790 aeternum
3260 4733 3601 4798 fundabitur;

2029 4844 2124 4898 per
2145 4828 2288 4884 illam
2319 4828 2513 4883 domus
2537 4841 2724 4882 eorum
2755 4825 3042 4895 plurimam
3073 4825 3304 4896 accipiet
3329 4824 3604 4880 fortitudi-

2027 4935 2170 4974 nem.
2199 4919 2350 4974 lllam
2392 4919 2623 4974 tenendo
2659 4919 2762 4972 erit
2805 4917 3064 4972 memoria
3086 4917 3248 4987 justis
3275 4931 3400 4970 cum
3431 4915 3606 4970 laudi-

2027 5009 2157 5073 bus;
2204 5007 2353 5062 illam
2383 5007 2660 5077 sequendo
2690 5006 2867 5061 sancti
2903 5006 3190 5076 diligentur
3218 5019 3248 5058 a
3277 5004 3422 5070 Deo;
3457 5004 3606 5058 illam

2027 5100 2379 5156 custodiendo
2419 5099 2802 5153 cxaltabuutur
2845 5099 2914 5153 ab
2958 5112 3053 5162 eo;
3086 5096 3233 5152 illam
3266 5096 3605 5152 observando

2028 5188 2530 5246 honoriﬁcahuntur
2571 5189 2641 5244 ab
2685 5204 2788 5253 eo;
2833 5188 3000 5243 inan
3029 5187 3243 5246 ﬁdendo
3270 5189 3472 5257 absque
3501 5196 3608 5243 ter-

2031 5297 2154 5337 rore
2171 5289 2336 5337 erunt
2351 5280 2502 5349 quasi
2532 5278 2636 5334 leo.
2659 5279 2992 5334 Laborantes
3014 5278 3070 5336 in
3092 5293 3156 5335 ea
3175 5279 3606 5334 benedictionem

2031 5379 2429 5438 consequentur
2455 5378 2745 5434 teternam;
2795 5379 3081 5439 cperantes
3107 5384 3230 5423 cum
3272 5369 3362 5424 illa
3403 5384 3610 5424 merce-

2031 5465 2152 5522 dem
2173 5465 2447 5535 accipient
2461 5463 2849 5535 sempiternam
2870 5479 2886 5528 ;
2903 5461 3046 5518 sicut
3063 5459 3329 5532 scriptum
3346 5468 3436 5515 est
3457 5477 3470 5513 :
3493 5457 3608 5512 Da-

2036 5559 2108 5611 tio
2125 5558 2218 5612 Dei
2234 5566 2506 5626 permanet
2515 5556 2702 5626 justis,
2722 5563 2771 5609 et
2789 5554 3077 5608 benedictio
3113 5555 3228 5623 ejus
3245 5553 3300 5606 in
3316 5549 3603 5605 mercedem

2035 5651 2146 5720 ejus
2166 5651 2382 5720 festinat
2402 5648 2594 5720 (Eccli.
2615 5664 2690 5715 st,
2716 5647 2933 5716 17.2l).
2956 5645 3081 5702 [hcc
3112 5655 3197 5702 est
3218 5645 3302 5698 via
3321 5643 3490 5712 regis.
3509 5653 3608 5708 per

2035 5759 2218 5812 quam,
2253 5759 2369 5810 rex,
2411 5743 2665 5814 gradiens
2717 5741 2828 5797 cito
2863 5739 3147 5809 pv'rveuies
3210 5737 3274 5791 ad
3341 5741 3608 5803 perpetua
