  <div class='ocr_page' id='page_1' title='image "/cluster/home/n/w/nwhite01/storage/ocr_20150623/102/hvd.32044052820032/480.png"; bbox 0 0 3992 6206; ppageno 0'>
   <div class='ocr_carea' id='block_1_1' title="bbox 369 342 474 420">
    <p class='ocr_par' dir='ltr' id='par_1_1' title="bbox 369 342 474 420">
     <span class='ocr_line' id='line_1_1' title="bbox 369 342 474 420; baseline -0.057 0"><span class='ocrx_word' id='word_1_1' title='bbox 369 342 474 420; x_wconf 71' lang='lat' dir='ltr'><strong>sto</strong></span> 
     </span>
    </p>
   </div>
   <div class='ocr_carea' id='block_1_2' title="bbox 1824 310 2206 406">
    <p class='ocr_par' dir='ltr' id='par_1_2' title="bbox 1824 310 2206 406">
     <span class='ocr_line' id='line_1_2' title="bbox 1824 310 2206 406; baseline -0.003 -1"><span class='ocrx_word' id='word_1_2' title='bbox 1824 349 1934 406; x_wconf 70' lang='lat' dir='ltr'><strong>VIA</strong></span> <span class='ocrx_word' id='word_1_3' title='bbox 1974 310 2206 406; x_wconf 69' lang='lat' dir='ltr'><strong>suam.</strong></span> 
     </span>
    </p>
   </div>
   <div class='ocr_carea' id='block_1_3' title="bbox 3541 349 3658 406">
    <p class='ocr_par' dir='ltr' id='par_1_3' title="bbox 3541 349 3658 406">
     <span class='ocr_line' id='line_1_3' title="bbox 3541 349 3658 406; baseline -0.017 0"><span class='ocrx_word' id='word_1_4' title='bbox 3541 349 3658 406; x_wconf 66' lang='lat'><strong>956‘</strong></span> 
     </span>
    </p>
   </div>
   <div class='ocr_carea' id='block_1_4' title="bbox 367 459 3645 544">
    <p class='ocr_par' dir='ltr' id='par_1_4' title="bbox 367 459 3645 544">
     <span class='ocr_line' id='line_1_4' title="bbox 367 459 3645 544; baseline -0.004 -13"><span class='ocrx_word' id='word_1_5' title='bbox 367 488 555 544; x_wconf 83' lang='lat' dir='ltr'><strong>regna.</strong></span> <span class='ocrx_word' id='word_1_6' title='bbox 594 469 704 528; x_wconf 86' lang='lat' dir='ltr'><strong>Sed</strong></span> <span class='ocrx_word' id='word_1_7' title='bbox 745 476 985 539; x_wconf 88' lang='lat' dir='ltr'><strong>tempera</strong></span> <span class='ocrx_word' id='word_1_8' title='bbox 1023 465 1316 540; x_wconf 88' lang='lat' dir='ltr'><strong>justitiam,</strong></span> <span class='ocrx_word' id='word_1_9' title='bbox 1356 474 1412 522; x_wconf 91' lang='lat' dir='ltr'><strong>et</strong></span> <span class='ocrx_word' id='word_1_10' title='bbox 1455 465 1789 522; x_wconf 74' lang='lat' dir='ltr'><strong>crudelitatis</strong></span> <span class='ocrx_word' id='word_1_11' title='bbox 1823 462 1964 518; x_wconf 84' lang='lat' dir='ltr'><strong>solli-</strong></span> <span class='ocrx_word' id='word_1_12' title='bbox 1988 465 2042 525; x_wconf 75' lang='grc' dir='ltr'><strong>Α</strong></span> <span class='ocrx_word' id='word_1_13' title='bbox 2063 460 2380 532; x_wconf 88' lang='lat' dir='ltr'><strong>populorum</strong></span> <span class='ocrx_word' id='word_1_14' title='bbox 2411 459 2750 531; x_wconf 87' lang='lat' dir='ltr'><strong>constipatur</strong></span> <span class='ocrx_word' id='word_1_15' title='bbox 2777 459 3034 526; x_wconf 75' lang='lat' dir='ltr'><strong>catenis,</strong></span> <span class='ocrx_word' id='word_1_16' title='bbox 3056 459 3166 516; x_wconf 91' lang='lat' dir='ltr'><strong>illic</strong></span> <span class='ocrx_word' id='word_1_17' title='bbox 3205 461 3388 516; x_wconf 87' lang='lat' dir='ltr'><strong>choris</strong></span> <span class='ocrx_word' id='word_1_18' title='bbox 3415 464 3645 518; x_wconf 84' lang='lat' dir='ltr'><strong>comita-</strong></span> 
     </span>
    </p>
   </div>
   <div class='ocr_carea' id='block_1_5' title="bbox 369 553 1967 629">
    <p class='ocr_par' dir='ltr' id='par_1_5' title="bbox 369 553 1967 629">
     <span class='ocr_line' id='line_1_5' title="bbox 369 553 1967 629; baseline -0.008 -9"><span class='ocrx_word' id='word_1_19' title='bbox 369 565 477 620; x_wconf 90' lang='lat' dir='ltr'><strong>cite</strong></span> <span class='ocrx_word' id='word_1_20' title='bbox 495 576 629 618; x_wconf 84' lang='lat' dir='ltr'><strong>cave</strong></span> <span class='ocrx_word' id='word_1_21' title='bbox 654 558 952 616; x_wconf 79' lang='lat' dir='ltr'><strong>sinistram.</strong></span> <span class='ocrx_word' id='word_1_22' title='bbox 983 558 1310 629; x_wconf 88' lang='lat' dir='ltr'><strong>Temperata</strong></span> <span class='ocrx_word' id='word_1_23' title='bbox 1339 559 1542 614; x_wconf 91' lang='lat' dir='ltr'><strong>etenim</strong></span> <span class='ocrx_word' id='word_1_24' title='bbox 1566 555 1732 625; x_wconf 88' lang='lat' dir='ltr'><strong>justia</strong></span> <span class='ocrx_word' id='word_1_25' title='bbox 1763 553 1967 625; x_wconf 77' lang='lat' dir='ltr'><strong>regiam</strong></span> 
     </span>
    </p>
   </div>
   <div class='ocr_carea' id='block_1_6' title="bbox 369 649 1967 722">
    <p class='ocr_par' dir='ltr' id='par_1_6' title="bbox 369 649 1967 722">
     <span class='ocr_line' id='line_1_6' title="bbox 369 649 1967 722; baseline -0.005 -12"><span class='ocrx_word' id='word_1_26' title='bbox 369 663 517 711; x_wconf 88' lang='lat' dir='ltr'><strong>tenet</strong></span> <span class='ocrx_word' id='word_1_27' title='bbox 535 654 700 709; x_wconf 87' lang='lat' dir='ltr'><strong>viam.</strong></span> <span class='ocrx_word' id='word_1_28' title='bbox 729 652 883 720; x_wconf 84' lang='lat' dir='ltr'><strong>Quod</strong></span> <span class='ocrx_word' id='word_1_29' title='bbox 907 653 952 708; x_wconf 89' lang='lat' dir='ltr'><strong>si</strong></span> <span class='ocrx_word' id='word_1_30' title='bbox 973 660 1134 708; x_wconf 88' lang='lat' dir='ltr'><strong>caute</strong></span> <span class='ocrx_word' id='word_1_31' title='bbox 1158 667 1265 707; x_wconf 91' lang='lat' dir='ltr'><strong>non</strong></span> <span class='ocrx_word' id='word_1_32' title='bbox 1304 659 1660 722; x_wconf 83' lang='lat' dir='ltr'><strong>temperetur,</strong></span> <span class='ocrx_word' id='word_1_33' title='bbox 1685 651 1739 704; x_wconf 90' lang='lat' dir='ltr'><strong>in</strong></span> <span class='ocrx_word' id='word_1_34' title='bbox 1771 649 1967 703; x_wconf 59' lang='lat' dir='ltr'><strong>crude~</strong></span> 
     </span>
    </p>
   </div>
   <div class='ocr_carea' id='block_1_7' title="bbox 368 745 1024 804">
    <p class='ocr_par' dir='ltr' id='par_1_7' title="bbox 368 745 1024 804">
     <span class='ocr_line' id='line_1_7' title="bbox 368 745 1024 804; baseline -0.009 0"><span class='ocrx_word' id='word_1_35' title='bbox 368 749 574 804; x_wconf 89' lang='lat' dir='ltr'><strong>litatem</strong></span> <span class='ocrx_word' id='word_1_36' title='bbox 604 747 714 802; x_wconf 91' lang='lat' dir='ltr'><strong>cito</strong></span> <span class='ocrx_word' id='word_1_37' title='bbox 743 745 1024 801; x_wconf 84' lang='lat' dir='ltr'><strong>dilabitur.</strong></span> 
     </span>
    </p>
   </div>
   <div class='ocr_carea' id='block_1_8' title="bbox 988 835 1356 894">
    <p class='ocr_par' dir='ltr' id='par_1_8' title="bbox 988 835 1356 894">
     <span class='ocr_line' id='line_1_8' title="bbox 988 835 1356 894; baseline -0.008 -1"><span class='ocrx_word' id='word_1_38' title='bbox 988 835 1218 894; x_wconf 82' lang='lat' dir='ltr'><strong>CAPUT</strong></span> <span class='ocrx_word' id='word_1_39' title='bbox 1258 836 1356 891; x_wconf 76' lang='lat' dir='ltr'><strong>IX.</strong></span> 
     </span>
    </p>
   </div>
   <div class='ocr_carea' id='block_1_9' title="bbox 996 928 1326 998">
    <p class='ocr_par' dir='ltr' id='par_1_9' title="bbox 996 928 1326 998">
     <span class='ocr_line' id='line_1_9' title="bbox 996 928 1326 998; baseline -0.009 -15"><span class='ocrx_word' id='word_1_40' title='bbox 996 928 1076 983; x_wconf 89' lang='lat' dir='ltr'><strong>De</strong></span> <span class='ocrx_word' id='word_1_41' title='bbox 1091 928 1326 998; x_wconf 86' lang='lat' dir='ltr'><strong>judicio.</strong></span> 
     </span>
    </p>
   </div>
   <div class='ocr_carea' id='block_1_10' title="bbox 441 1014 1964 1081">
    <p class='ocr_par' dir='ltr' id='par_1_10' title="bbox 441 1014 1964 1081">
     <span class='ocr_line' id='line_1_10' title="bbox 441 1014 1964 1081; baseline -0.002 -7"><span class='ocrx_word' id='word_1_42' title='bbox 441 1016 550 1074; x_wconf 88' lang='lat' dir='ltr'><strong>Sed</strong></span> <span class='ocrx_word' id='word_1_43' title='bbox 591 1029 661 1072; x_wconf 89' lang='lat' dir='ltr'><strong>ne</strong></span> <span class='ocrx_word' id='word_1_44' title='bbox 698 1016 804 1072; x_wconf 88' lang='lat' dir='ltr'><strong>hoc</strong></span> <span class='ocrx_word' id='word_1_45' title='bbox 838 1015 935 1072; x_wconf 91' lang='lat' dir='ltr'><strong>tibi</strong></span> <span class='ocrx_word' id='word_1_46' title='bbox 977 1016 1210 1081; x_wconf 84' lang='lat' dir='ltr'><strong>eveniat,</strong></span> <span class='ocrx_word' id='word_1_47' title='bbox 1257 1014 1571 1070; x_wconf 85' lang='lat' dir='ltr'><strong>salutariter</strong></span> <span class='ocrx_word' id='word_1_48' title='bbox 1606 1024 1660 1071; x_wconf 91' lang='lat' dir='ltr'><strong>te</strong></span> <span class='ocrx_word' id='word_1_49' title='bbox 1709 1016 1964 1071; x_wconf 88' lang='lat' dir='ltr'><strong>admonet</strong></span> 
     </span>
    </p>
   </div>
   <div class='ocr_carea' id='block_1_11' title="bbox 358 1104 1962 1177">
    <p class='ocr_par' dir='ltr' id='par_1_11' title="bbox 358 1104 1962 1177">
     <span class='ocr_line' id='line_1_11' title="bbox 358 1104 1962 1177; baseline -0.002 -12"><span class='ocrx_word' id='word_1_50' title='bbox 358 1105 664 1177; x_wconf 79' lang='lat' dir='ltr'><strong>Seriptura,</strong></span> <span class='ocrx_word' id='word_1_51' title='bbox 693 1107 877 1162; x_wconf 86' lang='lat' dir='ltr'><strong>dicens</strong></span> <span class='ocrx_word' id='word_1_52' title='bbox 913 1125 925 1160; x_wconf 93' lang='lat'>:</span> <span class='ocrx_word' id='word_1_53' title='bbox 957 1106 1023 1160; x_wconf 91' lang='lat' dir='ltr'><strong>In</strong></span> <span class='ocrx_word' id='word_1_54' title='bbox 1045 1104 1340 1176; x_wconf 86' lang='lat' dir='ltr'><strong>judicando</strong></span> <span class='ocrx_word' id='word_1_55' title='bbox 1372 1115 1481 1159; x_wconf 89' lang='lat' dir='ltr'><strong>esto</strong></span> <span class='ocrx_word' id='word_1_56' title='bbox 1510 1105 1723 1176; x_wconf 88' lang='lat' dir='ltr'><strong>pupillis</strong></span> <span class='ocrx_word' id='word_1_57' title='bbox 1753 1108 1962 1161; x_wconf 88' lang='lat' dir='ltr'><strong>miseri-</strong></span> 
     </span>
    </p>
   </div>
   <div class='ocr_carea' id='block_1_12' title="bbox 369 1197 1963 1271">
    <p class='ocr_par' dir='ltr' id='par_1_12' title="bbox 369 1197 1963 1271">
     <span class='ocr_line' id='line_1_12' title="bbox 369 1197 1963 1271; baseline -0.003 -16"><span class='ocrx_word' id='word_1_58' title='bbox 369 1216 487 1255; x_wconf 92' lang='lat' dir='ltr'><strong>cors</strong></span> <span class='ocrx_word' id='word_1_59' title='bbox 510 1210 564 1254; x_wconf 91' lang='lat' dir='ltr'><strong>ut</strong></span> <span class='ocrx_word' id='word_1_60' title='bbox 585 1210 753 1271; x_wconf 84' lang='lat' dir='ltr'><strong>pater,</strong></span> <span class='ocrx_word' id='word_1_61' title='bbox 779 1210 827 1254; x_wconf 90' lang='lat' dir='ltr'><strong>et</strong></span> <span class='ocrx_word' id='word_1_62' title='bbox 846 1217 938 1271; x_wconf 90' lang='lat' dir='ltr'><strong>pro</strong></span> <span class='ocrx_word' id='word_1_63' title='bbox 968 1201 1078 1254; x_wconf 82' lang='lat' dir='ltr'><strong>viro</strong></span> <span class='ocrx_word' id='word_1_64' title='bbox 1101 1199 1259 1252; x_wconf 84' lang='lat' dir='ltr'><strong>matri</strong></span> <span class='ocrx_word' id='word_1_65' title='bbox 1288 1197 1500 1252; x_wconf 87' lang='lat' dir='ltr'><strong>illorum</strong></span> <span class='ocrx_word' id='word_1_66' title='bbox 1523 1216 1540 1252; x_wconf 92' lang='lat'><strong><em>:</em></strong></span> <span class='ocrx_word' id='word_1_67' title='bbox 1567 1208 1612 1252; x_wconf 91' lang='lat' dir='ltr'><strong>et</strong></span> <span class='ocrx_word' id='word_1_68' title='bbox 1642 1199 1745 1252; x_wconf 87' lang='lat' dir='ltr'><strong>eris</strong></span> <span class='ocrx_word' id='word_1_69' title='bbox 1775 1207 1833 1251; x_wconf 88' lang='lat' dir='ltr'><strong>tu</strong></span> <span class='ocrx_word' id='word_1_70' title='bbox 1859 1198 1963 1252; x_wconf 84' lang='lat' dir='ltr'><strong>vel-</strong></span> 
     </span>
    </p>
   </div>
   <div class='ocr_carea' id='block_1_13' title="bbox 372 1291 1959 1362">
    <p class='ocr_par' dir='ltr' id='par_1_13' title="bbox 372 1291 1959 1362">
     <span class='ocr_line' id='line_1_13' title="bbox 372 1291 1959 1362; baseline 0.001 -17"><span class='ocrx_word' id='word_1_71' title='bbox 372 1300 429 1346; x_wconf 90' lang='lat' dir='ltr'><strong>ut</strong></span> <span class='ocrx_word' id='word_1_72' title='bbox 476 1291 621 1361; x_wconf 81' lang='lat' dir='ltr'><strong>[ilius</strong></span> <span class='ocrx_word' id='word_1_73' title='bbox 651 1291 906 1346; x_wconf 83' lang='lat' dir='ltr'><strong>Altissimi</strong></span> <span class='ocrx_word' id='word_1_74' title='bbox 948 1291 1211 1356; x_wconf 86' lang='lat' dir='ltr'><strong>obedicns,</strong></span> <span class='ocrx_word' id='word_1_75' title='bbox 1250 1301 1298 1345; x_wconf 91' lang='lat' dir='ltr'><strong>et</strong></span> <span class='ocrx_word' id='word_1_76' title='bbox 1337 1291 1664 1345; x_wconf 78' lang='lat' dir='ltr'><strong>miserebitur</strong></span> <span class='ocrx_word' id='word_1_77' title='bbox 1690 1293 1766 1344; x_wconf 88' lang='lat' dir='ltr'><strong>tui</strong></span> <span class='ocrx_word' id='word_1_78' title='bbox 1793 1293 1959 1362; x_wconf 88' lang='lat' dir='ltr'><strong>magis</strong></span> 
     </span>
    </p>
   </div>
   <div class='ocr_carea' id='block_1_14' title="bbox 369 1381 1957 1454">
    <p class='ocr_par' dir='ltr' id='par_1_14' title="bbox 369 1381 1957 1454">
     <span class='ocr_line' id='line_1_14' title="bbox 369 1381 1957 1454; baseline 0 -18"><span class='ocrx_word' id='word_1_79' title='bbox 369 1399 528 1454; x_wconf 89' lang='lat' dir='ltr'><strong>quam</strong></span> <span class='ocrx_word' id='word_1_80' title='bbox 555 1393 724 1436; x_wconf 89' lang='lat' dir='ltr'><strong>mater</strong></span> <span class='ocrx_word' id='word_1_81' title='bbox 751 1382 942 1454; x_wconf 86' lang='lat' dir='ltr'><strong>(Eccli.</strong></span> <span class='ocrx_word' id='word_1_82' title='bbox 969 1398 1044 1447; x_wconf 79' lang='lat' dir='ltr'><strong>IV,</strong></span> <span class='ocrx_word' id='word_1_83' title='bbox 1079 1381 1189 1452; x_wconf 87' lang='grc'><strong>10).</strong></span> <span class='ocrx_word' id='word_1_84' title='bbox 1217 1381 1318 1438; x_wconf 81' lang='lat' dir='ltr'><strong>Job</strong></span> <span class='ocrx_word' id='word_1_85' title='bbox 1353 1397 1568 1453; x_wconf 78' lang='lat' dir='ltr'><strong>quoque</strong></span> <span class='ocrx_word' id='word_1_86' title='bbox 1592 1381 1668 1435; x_wconf 85' lang='lat' dir='ltr'><strong>ait</strong></span> <span class='ocrx_word' id='word_1_87' title='bbox 1705 1397 1718 1434; x_wconf 92' lang='lat'>:</span> <span class='ocrx_word' id='word_1_88' title='bbox 1757 1381 1957 1437; x_wconf 90' lang='lat' dir='ltr'><strong>Oculus</strong></span> 
     </span>
    </p>
   </div>
   <div class='ocr_carea' id='block_1_15' title="bbox 369 1471 1958 1543">
    <p class='ocr_par' dir='ltr' id='par_1_15' title="bbox 369 1471 1958 1543">
     <span class='ocr_line' id='line_1_15' title="bbox 369 1471 1958 1543; baseline 0 -17"><span class='ocrx_word' id='word_1_89' title='bbox 369 1473 449 1543; x_wconf 84' lang='lat' dir='ltr'><strong>fui</strong></span> <span class='ocrx_word' id='word_1_90' title='bbox 479 1489 638 1537; x_wconf 67' lang='lat' dir='ltr'><strong>circa,</strong></span> <span class='ocrx_word' id='word_1_91' title='bbox 683 1482 731 1526; x_wconf 90' lang='lat' dir='ltr'><strong>et</strong></span> <span class='ocrx_word' id='word_1_92' title='bbox 769 1490 858 1543; x_wconf 91' lang='lat' dir='ltr'><strong>pes</strong></span> <span class='ocrx_word' id='word_1_93' title='bbox 894 1471 1084 1526; x_wconf 90' lang='lat' dir='ltr'><strong>claudo</strong></span> <span class='ocrx_word' id='word_1_94' title='bbox 1130 1486 1149 1524; x_wconf 90' lang='lat'><em>:</em></span> <span class='ocrx_word' id='word_1_95' title='bbox 1186 1483 1336 1543; x_wconf 89' lang='lat' dir='ltr'><strong>pater</strong></span> <span class='ocrx_word' id='word_1_96' title='bbox 1367 1489 1511 1526; x_wconf 90' lang='lat' dir='ltr'><strong>eram</strong></span> <span class='ocrx_word' id='word_1_97' title='bbox 1563 1489 1869 1543; x_wconf 78' lang='lat' dir='ltr'><strong>pauperum,</strong></span> <span class='ocrx_word' id='word_1_98' title='bbox 1907 1482 1958 1526; x_wconf 88' lang='lat' dir='ltr'><strong>et</strong></span> 
     </span>
    </p>
   </div>
   <div class='ocr_carea' id='block_1_16' title="bbox 369 1562 1951 1632">
    <p class='ocr_par' dir='ltr' id='par_1_16' title="bbox 369 1562 1951 1632">
     <span class='ocr_line' id='line_1_16' title="bbox 369 1562 1951 1632; baseline 0.001 -17"><span class='ocrx_word' id='word_1_99' title='bbox 369 1578 585 1616; x_wconf 80' lang='lat' dir='ltr'><strong>causam</strong></span> <span class='ocrx_word' id='word_1_100' title='bbox 608 1579 766 1632; x_wconf 90' lang='lat' dir='ltr'><strong>quam</strong></span> <span class='ocrx_word' id='word_1_101' title='bbox 789 1563 1099 1626; x_wconf 83' lang='lat' dir='ltr'><strong>nesciebam,</strong></span> <span class='ocrx_word' id='word_1_102' title='bbox 1131 1562 1531 1632; x_wconf 79' lang='lat' dir='ltr'><strong>diligentissime</strong></span> <span class='ocrx_word' id='word_1_103' title='bbox 1555 1563 1951 1632; x_wconf 79' lang='lat' dir='ltr'><strong>inuestigabam,</strong></span> 
     </span>
    </p>
   </div>
   <div class='ocr_carea' id='block_1_17' title="bbox 369 1649 1956 1721">
    <p class='ocr_par' dir='ltr' id='par_1_17' title="bbox 369 1649 1956 1721">
     <span class='ocr_line' id='line_1_17' title="bbox 369 1649 1956 1721; baseline -0.001 -17"><span class='ocrx_word' id='word_1_104' title='bbox 369 1651 695 1705; x_wconf 87' lang='lat' dir='ltr'><strong>canterebam</strong></span> <span class='ocrx_word' id='word_1_105' title='bbox 731 1649 899 1704; x_wconf 88' lang='lat' dir='ltr'><strong>molas</strong></span> <span class='ocrx_word' id='word_1_106' title='bbox 922 1651 1111 1721; x_wconf 89' lang='lat' dir='ltr'><strong>iniqui,</strong></span> <span class='ocrx_word' id='word_1_107' title='bbox 1139 1660 1188 1704; x_wconf 91' lang='lat' dir='ltr'><strong>et</strong></span> <span class='ocrx_word' id='word_1_108' title='bbox 1217 1650 1280 1704; x_wconf 88' lang='lat' dir='ltr'><strong>de</strong></span> <span class='ocrx_word' id='word_1_109' title='bbox 1301 1651 1545 1704; x_wconf 87' lang='lat' dir='ltr'><strong>dentibus</strong></span> <span class='ocrx_word' id='word_1_110' title='bbox 1575 1650 1718 1704; x_wconf 88' lang='lat' dir='ltr'><strong>illius</strong></span> <span class='ocrx_word' id='word_1_111' title='bbox 1745 1649 1956 1718; x_wconf 73' lang='lat' dir='ltr'><strong>aufere-</strong></span> 
     </span>
    </p>
   </div>
   <div class='ocr_carea' id='block_1_18' title="bbox 371 1739 1953 1810">
    <p class='ocr_par' dir='ltr' id='par_1_18' title="bbox 371 1739 1953 1810">
     <span class='ocr_line' id='line_1_18' title="bbox 371 1739 1953 1810; baseline -0.002 -16"><span class='ocrx_word' id='word_1_112' title='bbox 371 1741 490 1794; x_wconf 86' lang='lat' dir='ltr'><strong>bam</strong></span> <span class='ocrx_word' id='word_1_113' title='bbox 516 1741 769 1810; x_wconf 71' lang='lat' dir='ltr'><strong>prazdam.</strong></span> <span class='ocrx_word' id='word_1_114' title='bbox 800 1739 1018 1794; x_wconf 83' lang='lat' dir='ltr'><strong>Flebam</strong></span> <span class='ocrx_word' id='word_1_115' title='bbox 1061 1741 1326 1807; x_wconf 89' lang='lat' dir='ltr'><strong>quondam</strong></span> <span class='ocrx_word' id='word_1_116' title='bbox 1355 1756 1512 1809; x_wconf 83' lang='lat' dir='ltr'><strong>super</strong></span> <span class='ocrx_word' id='word_1_117' title='bbox 1532 1756 1592 1794; x_wconf 92' lang='lat' dir='ltr'><strong>eo</strong></span> <span class='ocrx_word' id='word_1_118' title='bbox 1613 1741 1704 1809; x_wconf 90' lang='lat' dir='ltr'><strong>qui</strong></span> <span class='ocrx_word' id='word_1_119' title='bbox 1733 1740 1953 1809; x_wconf 79' lang='lat' dir='ltr'><strong>aﬂlictus</strong></span> 
     </span>
    </p>
   </div>
   <div class='ocr_carea' id='block_1_19' title="bbox 369 1825 2031 1900">
    <p class='ocr_par' dir='ltr' id='par_1_19' title="bbox 369 1825 2031 1900">
     <span class='ocr_line' id='line_1_19' title="bbox 369 1825 2031 1900; baseline 0.002 -18"><span class='ocrx_word' id='word_1_120' title='bbox 369 1839 499 1892; x_wconf 90' lang='lat' dir='ltr'><strong>erat,</strong></span> <span class='ocrx_word' id='word_1_121' title='bbox 531 1838 578 1883; x_wconf 90' lang='lat' dir='ltr'><strong>et</strong></span> <span class='ocrx_word' id='word_1_122' title='bbox 601 1828 1014 1898; x_wconf 86' lang='lat' dir='ltr'><strong>compatiebatur</strong></span> <span class='ocrx_word' id='word_1_123' title='bbox 1039 1829 1218 1882; x_wconf 87' lang='lat' dir='ltr'><strong>anima</strong></span> <span class='ocrx_word' id='word_1_124' title='bbox 1243 1845 1357 1882; x_wconf 88' lang='lat' dir='ltr'><strong>mea</strong></span> <span class='ocrx_word' id='word_1_125' title='bbox 1387 1830 1606 1899; x_wconf 89' lang='lat' dir='ltr'><strong>pauperi</strong></span> <span class='ocrx_word' id='word_1_126' title='bbox 1633 1828 1756 1900; x_wconf 83' lang='lat' dir='ltr'><strong>(Job</strong></span> <span class='ocrx_word' id='word_1_127' title='bbox 1798 1845 1950 1895; x_wconf 73' lang='lat' dir='ltr'><strong>XXIX,</strong></span> <span class='ocrx_word' id='word_1_128' title='bbox 1983 1825 2031 1885; x_wconf 84' lang='grc' dir='ltr'><strong>Β</strong></span> 
     </span>
    </p>
   </div>
   <div class='ocr_carea' id='block_1_20' title="bbox 373 1919 1954 1990">
    <p class='ocr_par' dir='ltr' id='par_1_20' title="bbox 373 1919 1954 1990">
     <span class='ocr_line' id='line_1_20' title="bbox 373 1919 1954 1990; baseline 0.001 -17"><span class='ocrx_word' id='word_1_129' title='bbox 373 1919 485 1990; x_wconf 80' lang='grc'><strong>15).</strong></span> <span class='ocrx_word' id='word_1_130' title='bbox 515 1919 648 1974; x_wconf 79' lang='lat' dir='ltr'><strong>Nam</strong></span> <span class='ocrx_word' id='word_1_131' title='bbox 677 1928 732 1974; x_wconf 88' lang='lat' dir='ltr'><strong>et</strong></span> <span class='ocrx_word' id='word_1_132' title='bbox 753 1921 893 1975; x_wconf 84' lang='lat' dir='ltr'><strong>hanc</strong></span> <span class='ocrx_word' id='word_1_133' title='bbox 920 1921 1124 1990; x_wconf 79' lang='lat' dir='ltr'><strong>regiam</strong></span> <span class='ocrx_word' id='word_1_134' title='bbox 1152 1935 1273 1975; x_wconf 91' lang='lat' dir='ltr'><strong>esse</strong></span> <span class='ocrx_word' id='word_1_135' title='bbox 1302 1921 1557 1975; x_wconf 86' lang='lat' dir='ltr'><strong>virtutem</strong></span> <span class='ocrx_word' id='word_1_136' title='bbox 1577 1937 1671 1975; x_wconf 89' lang='lat' dir='ltr'><strong>rex</strong></span> <span class='ocrx_word' id='word_1_137' title='bbox 1700 1920 1954 1975; x_wconf 89' lang='lat' dir='ltr'><strong>Salomon</strong></span> 
     </span>
    </p>
   </div>
   <div class='ocr_carea' id='block_1_21' title="bbox 371 2009 1959 2081">
    <p class='ocr_par' dir='ltr' id='par_1_21' title="bbox 371 2009 1959 2081">
     <span class='ocr_line' id='line_1_21' title="bbox 371 2009 1959 2081; baseline 0.001 -18"><span class='ocrx_word' id='word_1_138' title='bbox 371 2011 652 2081; x_wconf 84' lang='lat' dir='ltr'><strong>approbat,</strong></span> <span class='ocrx_word' id='word_1_139' title='bbox 692 2009 878 2066; x_wconf 91' lang='lat' dir='ltr'><strong>dicens</strong></span> <span class='ocrx_word' id='word_1_140' title='bbox 911 2028 924 2064; x_wconf 92' lang='lat'><strong>:</strong></span> <span class='ocrx_word' id='word_1_141' title='bbox 971 2010 1082 2064; x_wconf 75' lang='lat' dir='ltr'><strong>Rea:</strong></span> <span class='ocrx_word' id='word_1_142' title='bbox 1102 2012 1192 2080; x_wconf 90' lang='lat' dir='ltr'><strong>qui</strong></span> <span class='ocrx_word' id='word_1_143' title='bbox 1209 2011 1408 2077; x_wconf 84' lang='lat' dir='ltr'><strong>iudicat</strong></span> <span class='ocrx_word' id='word_1_144' title='bbox 1439 2012 1494 2065; x_wconf 89' lang='lat' dir='ltr'><strong>in</strong></span> <span class='ocrx_word' id='word_1_145' title='bbox 1517 2012 1733 2065; x_wconf 86' lang='lat' dir='ltr'><strong>veritate</strong></span> <span class='ocrx_word' id='word_1_146' title='bbox 1763 2027 1959 2081; x_wconf 88' lang='lat' dir='ltr'><strong>paupe-</strong></span> 
     </span>
    </p>
   </div>
   <div class='ocr_carea' id='block_1_22' title="bbox 372 2100 1954 2172">
    <p class='ocr_par' dir='ltr' id='par_1_22' title="bbox 372 2100 1954 2172">
     <span class='ocr_line' id='line_1_22' title="bbox 372 2100 1954 2172; baseline 0.001 -19"><span class='ocrx_word' id='word_1_147' title='bbox 372 2117 476 2165; x_wconf 88' lang='lat' dir='ltr'><strong>res,</strong></span> <span class='ocrx_word' id='word_1_148' title='bbox 506 2102 725 2171; x_wconf 82' lang='lat' dir='ltr'><strong>thronus</strong></span> <span class='ocrx_word' id='word_1_149' title='bbox 749 2101 864 2170; x_wconf 84' lang='lat' dir='ltr'><strong>ejus</strong></span> <span class='ocrx_word' id='word_1_150' title='bbox 890 2101 946 2154; x_wconf 91' lang='lat' dir='ltr'><strong>in</strong></span> <span class='ocrx_word' id='word_1_151' title='bbox 981 2109 1232 2155; x_wconf 64' lang='lat' dir='ltr'><strong>internum</strong></span> <span class='ocrx_word' id='word_1_152' title='bbox 1253 2100 1556 2169; x_wconf 79' lang='lat' dir='ltr'><strong>ﬁrmabitur</strong></span> <span class='ocrx_word' id='word_1_153' title='bbox 1589 2100 1771 2172; x_wconf 88' lang='lat' dir='ltr'><strong>(Prov.</strong></span> <span class='ocrx_word' id='word_1_154' title='bbox 1803 2115 1954 2167; x_wconf 69' lang='lat' dir='ltr'><strong>xxu,</strong></span> 
     </span>
    </p>
   </div>
   <div class='ocr_carea' id='block_1_23' title="bbox 374 2191 1958 2264">
    <p class='ocr_par' dir='ltr' id='par_1_23' title="bbox 374 2191 1958 2264">
     <span class='ocr_line' id='line_1_23' title="bbox 374 2191 1958 2264; baseline 0.001 -18"><span class='ocrx_word' id='word_1_155' title='bbox 374 2193 484 2264; x_wconf 77' lang='lat' dir='ltr'><strong>M).</strong></span> <span class='ocrx_word' id='word_1_156' title='bbox 540 2191 597 2247; x_wconf 92' lang='lat' dir='ltr'><strong>Si</strong></span> <span class='ocrx_word' id='word_1_157' title='bbox 628 2194 710 2247; x_wconf 86' lang='lat' dir='ltr'><strong>vis</strong></span> <span class='ocrx_word' id='word_1_158' title='bbox 735 2198 888 2264; x_wconf 80' lang='lat' dir='ltr'><strong>ergo,</strong></span> <span class='ocrx_word' id='word_1_159' title='bbox 920 2207 954 2247; x_wconf 90' lang='grc' dir='ltr'><strong>ο</strong></span> <span class='ocrx_word' id='word_1_160' title='bbox 1001 2207 1120 2258; x_wconf 87' lang='lat' dir='ltr'><strong>rex,</strong></span> <span class='ocrx_word' id='word_1_161' title='bbox 1167 2201 1226 2246; x_wconf 92' lang='lat' dir='ltr'><strong>ut</strong></span> <span class='ocrx_word' id='word_1_162' title='bbox 1252 2194 1476 2247; x_wconf 89' lang='lat' dir='ltr'><strong>thronus</strong></span> <span class='ocrx_word' id='word_1_163' title='bbox 1511 2200 1637 2247; x_wconf 88' lang='lat' dir='ltr'><strong>tuus</strong></span> <span class='ocrx_word' id='word_1_164' title='bbox 1663 2208 1692 2247; x_wconf 91' lang='lat' dir='ltr'><strong>a</strong></span> <span class='ocrx_word' id='word_1_165' title='bbox 1728 2192 1958 2248; x_wconf 90' lang='lat' dir='ltr'><strong>Domino</strong></span> 
     </span>
    </p>
   </div>
   <div class='ocr_carea' id='block_1_24' title="bbox 374 2282 1958 2353">
    <p class='ocr_par' dir='ltr' id='par_1_24' title="bbox 374 2282 1958 2353">
     <span class='ocr_line' id='line_1_24' title="bbox 374 2282 1958 2353; baseline -0.001 -15"><span class='ocrx_word' id='word_1_166' title='bbox 374 2283 638 2348; x_wconf 84' lang='lat' dir='ltr'><strong>firmetur,</strong></span> <span class='ocrx_word' id='word_1_167' title='bbox 672 2299 778 2338; x_wconf 88' lang='lat' dir='ltr'><strong>non</strong></span> <span class='ocrx_word' id='word_1_168' title='bbox 823 2282 1004 2338; x_wconf 84' lang='lat' dir='ltr'><strong>cesses</strong></span> <span class='ocrx_word' id='word_1_169' title='bbox 1027 2282 1326 2353; x_wconf 85' lang='lat' dir='ltr'><strong>justiﬂcare</strong></span> <span class='ocrx_word' id='word_1_170' title='bbox 1367 2297 1658 2353; x_wconf 86' lang='lat' dir='ltr'><strong>pauperem</strong></span> <span class='ocrx_word' id='word_1_171' title='bbox 1702 2291 1758 2338; x_wconf 89' lang='lat' dir='ltr'><strong>et</strong></span> <span class='ocrx_word' id='word_1_172' title='bbox 1784 2282 1958 2353; x_wconf 86' lang='lat' dir='ltr'><strong>pupil-</strong></span> 
     </span>
    </p>
   </div>
   <div class='ocr_carea' id='block_1_25' title="bbox 373 2373 1957 2444">
    <p class='ocr_par' dir='ltr' id='par_1_25' title="bbox 373 2373 1957 2444">
     <span class='ocr_line' id='line_1_25' title="bbox 373 2373 1957 2444; baseline 0.001 -17"><span class='ocrx_word' id='word_1_173' title='bbox 373 2374 503 2435; x_wconf 89' lang='lat' dir='ltr'><strong>lum,</strong></span> <span class='ocrx_word' id='word_1_174' title='bbox 531 2389 636 2428; x_wconf 91' lang='lat' dir='ltr'><strong>non</strong></span> <span class='ocrx_word' id='word_1_175' title='bbox 680 2386 861 2428; x_wconf 83' lang='lat' dir='ltr'><strong>cesses</strong></span> <span class='ocrx_word' id='word_1_176' title='bbox 895 2373 1186 2428; x_wconf 87' lang='lat' dir='ltr'><strong>subvenire</strong></span> <span class='ocrx_word' id='word_1_177' title='bbox 1225 2373 1400 2428; x_wconf 74' lang='lat' dir='ltr'><strong>vidua:</strong></span> <span class='ocrx_word' id='word_1_178' title='bbox 1433 2382 1489 2427; x_wconf 91' lang='lat' dir='ltr'><strong>et</strong></span> <span class='ocrx_word' id='word_1_179' title='bbox 1516 2387 1801 2444; x_wconf 5' lang='lat' dir='ltr'><strong>(oppresso,</strong></span> <span class='ocrx_word' id='word_1_180' title='bbox 1848 2388 1957 2429; x_wconf 91' lang='lat' dir='ltr'><strong>non</strong></span> 
     </span>
    </p>
   </div>
   <div class='ocr_carea' id='block_1_26' title="bbox 374 2462 1959 2528">
    <p class='ocr_par' dir='ltr' id='par_1_26' title="bbox 374 2462 1959 2528">
     <span class='ocr_line' id='line_1_26' title="bbox 374 2462 1959 2528; baseline -0.001 -9"><span class='ocrx_word' id='word_1_181' title='bbox 374 2477 557 2519; x_wconf 85' lang='lat' dir='ltr'><strong>cesses</strong></span> <span class='ocrx_word' id='word_1_182' title='bbox 583 2462 874 2518; x_wconf 83' lang='lat' dir='ltr'><strong>defendere</strong></span> <span class='ocrx_word' id='word_1_183' title='bbox 896 2463 1158 2517; x_wconf 82' lang='lat' dir='ltr'><strong>advenam</strong></span> <span class='ocrx_word' id='word_1_184' title='bbox 1181 2471 1235 2517; x_wconf 89' lang='lat' dir='ltr'><strong>et</strong></span> <span class='ocrx_word' id='word_1_185' title='bbox 1260 2462 1584 2528; x_wconf 78' lang='lat' dir='ltr'><strong>desolatam,</strong></span> <span class='ocrx_word' id='word_1_186' title='bbox 1614 2462 1836 2518; x_wconf 89' lang='lat' dir='ltr'><strong>subveni</strong></span> <span class='ocrx_word' id='word_1_187' title='bbox 1858 2463 1959 2517; x_wconf 85' lang='lat' dir='ltr'><strong>mi-</strong></span> 
     </span>
    </p>
   </div>
   <div class='ocr_carea' id='block_1_27' title="bbox 372 2551 1960 2624">
    <p class='ocr_par' dir='ltr' id='par_1_27' title="bbox 372 2551 1960 2624">
     <span class='ocr_line' id='line_1_27' title="bbox 372 2551 1960 2624; baseline -0.001 -15"><span class='ocrx_word' id='word_1_188' title='bbox 372 2568 517 2618; x_wconf 82' lang='lat' dir='ltr'><strong>sero,</strong></span> <span class='ocrx_word' id='word_1_189' title='bbox 546 2553 694 2609; x_wconf 87' lang='lat' dir='ltr'><strong>eleva</strong></span> <span class='ocrx_word' id='word_1_190' title='bbox 718 2553 1008 2624; x_wconf 72' lang='lat' dir='ltr'><strong>iacentem,</strong></span> <span class='ocrx_word' id='word_1_191' title='bbox 1033 2553 1204 2608; x_wconf 89' lang='lat' dir='ltr'><strong>solida</strong></span> <span class='ocrx_word' id='word_1_192' title='bbox 1230 2551 1591 2618; x_wconf 88' lang='lat' dir='ltr'><strong>confractum,</strong></span> <span class='ocrx_word' id='word_1_193' title='bbox 1632 2551 1877 2609; x_wconf 81' lang='lat' dir='ltr'><strong>conforta</strong></span> <span class='ocrx_word' id='word_1_194' title='bbox 1902 2561 1960 2608; x_wconf 93' lang='lat' dir='ltr'><strong>et</strong></span> 
     </span>
    </p>
   </div>
   <div class='ocr_carea' id='block_1_28' title="bbox 375 2642 1958 2708">
    <p class='ocr_par' dir='ltr' id='par_1_28' title="bbox 375 2642 1958 2708">
     <span class='ocr_line' id='line_1_28' title="bbox 375 2642 1958 2708; baseline 0.001 -11"><span class='ocrx_word' id='word_1_195' title='bbox 375 2643 573 2697; x_wconf 85' lang='lat' dir='ltr'><strong>robora</strong></span> <span class='ocrx_word' id='word_1_196' title='bbox 612 2642 836 2708; x_wconf 87' lang='lat' dir='ltr'><strong>lassum,</strong></span> <span class='ocrx_word' id='word_1_197' title='bbox 883 2643 1086 2698; x_wconf 78' lang='lat' dir='ltr'><strong>divitiis</strong></span> <span class='ocrx_word' id='word_1_198' title='bbox 1129 2658 1236 2697; x_wconf 91' lang='lat' dir='ltr'><strong>non</strong></span> <span class='ocrx_word' id='word_1_199' title='bbox 1287 2658 1469 2698; x_wconf 87' lang='lat' dir='ltr'><strong>cesses</strong></span> <span class='ocrx_word' id='word_1_200' title='bbox 1516 2642 1708 2698; x_wconf 89' lang='lat' dir='ltr'><strong>fulcire</strong></span> <span class='ocrx_word' id='word_1_201' title='bbox 1750 2643 1958 2700; x_wconf 83' lang='lat' dir='ltr'><strong>mendi-</strong></span> 
     </span>
    </p>
   </div>
   <div class='ocr_carea' id='block_1_29' title="bbox 375 2733 1958 2806">
    <p class='ocr_par' dir='ltr' id='par_1_29' title="bbox 375 2733 1958 2806">
     <span class='ocr_line' id='line_1_29' title="bbox 375 2733 1958 2806; baseline 0.003 -18"><span class='ocrx_word' id='word_1_202' title='bbox 375 2749 522 2798; x_wconf 87' lang='lat' dir='ltr'><strong>cum,</strong></span> <span class='ocrx_word' id='word_1_203' title='bbox 550 2734 618 2789; x_wconf 87' lang='lat' dir='ltr'><strong>de</strong></span> <span class='ocrx_word' id='word_1_204' title='bbox 643 2749 804 2788; x_wconf 89' lang='lat' dir='ltr'><strong>manu</strong></span> <span class='ocrx_word' id='word_1_205' title='bbox 825 2735 1131 2804; x_wconf 82' lang='lat' dir='ltr'><strong>peccatoris</strong></span> <span class='ocrx_word' id='word_1_206' title='bbox 1155 2749 1262 2788; x_wconf 92' lang='lat' dir='ltr'><strong>non</strong></span> <span class='ocrx_word' id='word_1_207' title='bbox 1284 2749 1465 2790; x_wconf 89' lang='lat' dir='ltr'><strong>cesses</strong></span> <span class='ocrx_word' id='word_1_208' title='bbox 1485 2733 1717 2790; x_wconf 88' lang='lat' dir='ltr'><strong>liberare</strong></span> <span class='ocrx_word' id='word_1_209' title='bbox 1737 2750 1958 2806; x_wconf 62' lang='lat' dir='ltr'><strong>oppm</strong></span> 
     </span>
    </p>
   </div>
   <div class='ocr_carea' id='block_1_30' title="bbox 376 2825 1958 2898">
    <p class='ocr_par' dir='ltr' id='par_1_30' title="bbox 376 2825 1958 2898">
     <span class='ocr_line' id='line_1_30' title="bbox 376 2825 1958 2898; baseline 0.002 -19"><span class='ocrx_word' id='word_1_210' title='bbox 376 2839 519 2879; x_wconf 86' lang='lat' dir='ltr'><strong>sum.</strong></span> <span class='ocrx_word' id='word_1_211' title='bbox 563 2825 700 2880; x_wconf 79' lang='lat' dir='ltr'><strong>Audi</strong></span> <span class='ocrx_word' id='word_1_212' title='bbox 733 2826 875 2896; x_wconf 86' lang='lat' dir='ltr'><strong>quod</strong></span> <span class='ocrx_word' id='word_1_213' title='bbox 915 2827 1130 2897; x_wconf 77' lang='lat' dir='ltr'><strong>regibus</strong></span> <span class='ocrx_word' id='word_1_214' title='bbox 1160 2825 1746 2898; x_wconf 86' lang='lat' dir='ltr'><strong>regumquejudicibus</strong></span> <span class='ocrx_word' id='word_1_215' title='bbox 1774 2827 1958 2882; x_wconf 81' lang='lat' dir='ltr'><strong>Denti-</strong></span> 
     </span>
    </p>
   </div>
   <div class='ocr_carea' id='block_1_31' title="bbox 377 2918 1956 2991">
    <p class='ocr_par' dir='ltr' id='par_1_31' title="bbox 377 2918 1956 2991">
     <span class='ocr_line' id='line_1_31' title="bbox 377 2918 1956 2991; baseline 0.001 -19"><span class='ocrx_word' id='word_1_216' title='bbox 377 2933 490 2974; x_wconf 84' lang='lat' dir='ltr'><strong>nus</strong></span> <span class='ocrx_word' id='word_1_217' title='bbox 522 2933 619 2988; x_wconf 91' lang='lat' dir='ltr'><strong>per</strong></span> <span class='ocrx_word' id='word_1_218' title='bbox 672 2918 841 2974; x_wconf 87' lang='lat' dir='ltr'><strong>David</strong></span> <span class='ocrx_word' id='word_1_219' title='bbox 892 2918 1136 2975; x_wconf 88' lang='lat' dir='ltr'><strong>clamitat</strong></span> <span class='ocrx_word' id='word_1_220' title='bbox 1156 2918 1660 2974; x_wconf 80' lang='lat' dir='ltr'><strong>dicens:Judicate</strong></span> <span class='ocrx_word' id='word_1_221' title='bbox 1700 2936 1858 2991; x_wconf 80' lang='lat' dir='ltr'><strong>egeno</strong></span> <span class='ocrx_word' id='word_1_222' title='bbox 1907 2929 1956 2974; x_wconf 91' lang='lat' dir='ltr'><strong>et</strong></span> 
     </span>
    </p>
   </div>
   <div class='ocr_carea' id='block_1_32' title="bbox 374 3005 1958 3079">
    <p class='ocr_par' dir='ltr' id='par_1_32' title="bbox 374 3005 1958 3079">
     <span class='ocr_line' id='line_1_32' title="bbox 374 3005 1958 3079; baseline 0.003 -19"><span class='ocrx_word' id='word_1_223' title='bbox 374 3005 576 3078; x_wconf 86' lang='lat' dir='ltr'><strong>pupillo</strong></span> <span class='ocrx_word' id='word_1_224' title='bbox 617 3023 636 3061; x_wconf 91' lang='lat'><strong><em>:</em></strong></span> <span class='ocrx_word' id='word_1_225' title='bbox 677 3007 926 3062; x_wconf 81' lang='lat' dir='ltr'><strong>humilem</strong></span> <span class='ocrx_word' id='word_1_226' title='bbox 979 3019 1028 3062; x_wconf 91' lang='lat' dir='ltr'><strong>et</strong></span> <span class='ocrx_word' id='word_1_227' title='bbox 1077 3024 1356 3078; x_wconf 88' lang='lat' dir='ltr'><strong>pauperem</strong></span> <span class='ocrx_word' id='word_1_228' title='bbox 1394 3007 1705 3077; x_wconf 75' lang='lat' dir='ltr'><strong>justiﬁcate.</strong></span> <span class='ocrx_word' id='word_1_229' title='bbox 1753 3009 1958 3079; x_wconf 83' lang='lat' dir='ltr'><strong>Eripite</strong></span> 
     </span>
    </p>
   </div>
   <div class='ocr_carea' id='block_1_33' title="bbox 2072 549 3646 624">
    <p class='ocr_par' dir='ltr' id='par_1_33' title="bbox 2072 549 3646 624">
     <span class='ocr_line' id='line_1_33' title="bbox 2072 549 3646 624; baseline 0.001 -16"><span class='ocrx_word' id='word_1_230' title='bbox 2072 563 2161 609; x_wconf 88' lang='lat' dir='ltr'><strong>tur</strong></span> <span class='ocrx_word' id='word_1_231' title='bbox 2199 553 2492 624; x_wconf 74' lang='lat' dir='ltr'><strong>angelicis;</strong></span> <span class='ocrx_word' id='word_1_232' title='bbox 2527 552 2616 607; x_wconf 89' lang='lat' dir='ltr'><strong>hic</strong></span> <span class='ocrx_word' id='word_1_233' title='bbox 2643 551 2923 608; x_wconf 87' lang='lat' dir='ltr'><strong>hominum</strong></span> <span class='ocrx_word' id='word_1_234' title='bbox 2950 551 3295 606; x_wconf 83' lang='lat' dir='ltr'><strong>multitudine</strong></span> <span class='ocrx_word' id='word_1_235' title='bbox 3325 549 3646 620; x_wconf 87' lang='lat' dir='ltr'><strong>delectatur,</strong></span> 
     </span>
    </p>
   </div>
   <div class='ocr_carea' id='block_1_34' title="bbox 2066 641 3645 715">
    <p class='ocr_par' dir='ltr' id='par_1_34' title="bbox 2066 641 3645 715">
     <span class='ocr_line' id='line_1_34' title="bbox 2066 641 3645 715; baseline 0.001 -17"><span class='ocrx_word' id='word_1_236' title='bbox 2066 643 2176 699; x_wconf 89' lang='lat' dir='ltr'><strong>lllic</strong></span> <span class='ocrx_word' id='word_1_237' title='bbox 2213 659 2338 700; x_wconf 88' lang='lat' dir='ltr'><strong>cum</strong></span> <span class='ocrx_word' id='word_1_238' title='bbox 2380 643 2693 715; x_wconf 84' lang='lat' dir='ltr'><strong>angelorum</strong></span> <span class='ocrx_word' id='word_1_239' title='bbox 2733 643 2902 697; x_wconf 90' lang='lat' dir='ltr'><strong>choro</strong></span> <span class='ocrx_word' id='word_1_240' title='bbox 2943 642 3178 706; x_wconf 71' lang='lat' dir='ltr'><strong>lauetur,</strong></span> <span class='ocrx_word' id='word_1_241' title='bbox 3216 642 3303 696; x_wconf 88' lang='lat' dir='ltr'><strong>hic</strong></span> <span class='ocrx_word' id='word_1_242' title='bbox 3337 641 3412 696; x_wconf 88' lang='lat' dir='ltr'><strong>illi</strong></span> <span class='ocrx_word' id='word_1_243' title='bbox 3455 644 3645 700; x_wconf 90' lang='lat' dir='ltr'><strong>militia</strong></span> 
     </span>
    </p>
   </div>
   <div class='ocr_carea' id='block_1_35' title="bbox 2066 730 3644 803">
    <p class='ocr_par' dir='ltr' id='par_1_35' title="bbox 2066 730 3644 803">
     <span class='ocr_line' id='line_1_35' title="bbox 2066 730 3644 803; baseline 0 -15"><span class='ocrx_word' id='word_1_244' title='bbox 2066 734 2275 803; x_wconf 89' lang='lat' dir='ltr'><strong>imperii</strong></span> <span class='ocrx_word' id='word_1_245' title='bbox 2315 734 2672 803; x_wconf 88' lang='lat' dir='ltr'><strong>obtemperat,</strong></span> <span class='ocrx_word' id='word_1_246' title='bbox 2703 732 2813 787; x_wconf 90' lang='lat' dir='ltr'><strong>illic</strong></span> <span class='ocrx_word' id='word_1_247' title='bbox 2839 733 2895 787; x_wconf 91' lang='lat' dir='ltr'><strong>in</strong></span> <span class='ocrx_word' id='word_1_248' title='bbox 2920 731 3109 786; x_wconf 88' lang='lat' dir='ltr'><strong>militia</strong></span> <span class='ocrx_word' id='word_1_249' title='bbox 3143 730 3522 800; x_wconf 81' lang='lat' dir='ltr'><strong>Redemptoris</strong></span> <span class='ocrx_word' id='word_1_250' title='bbox 3547 749 3644 788; x_wconf 84' lang='lat' dir='ltr'><strong>cx-</strong></span> 
     </span>
    </p>
   </div>
   <div class='ocr_carea' id='block_1_36' title="bbox 2065 825 3646 897">
    <p class='ocr_par' dir='ltr' id='par_1_36' title="bbox 2065 825 3646 897">
     <span class='ocr_line' id='line_1_36' title="bbox 2065 825 3646 897; baseline 0.001 -17"><span class='ocrx_word' id='word_1_251' title='bbox 2065 827 2260 892; x_wconf 88' lang='lat' dir='ltr'><strong>sultat;</strong></span> <span class='ocrx_word' id='word_1_252' title='bbox 2303 826 2393 881; x_wconf 92' lang='lat' dir='ltr'><strong>hic</strong></span> <span class='ocrx_word' id='word_1_253' title='bbox 2421 826 2559 881; x_wconf 88' lang='lat' dir='ltr'><strong>stola</strong></span> <span class='ocrx_word' id='word_1_254' title='bbox 2587 826 2814 880; x_wconf 90' lang='lat' dir='ltr'><strong>vestitus</strong></span> <span class='ocrx_word' id='word_1_255' title='bbox 2859 825 3025 895; x_wconf 79' lang='lat' dir='ltr'><strong>regali</strong></span> <span class='ocrx_word' id='word_1_256' title='bbox 3067 825 3308 890; x_wconf 83' lang='lat' dir='ltr'><strong>nitescit,</strong></span> <span class='ocrx_word' id='word_1_257' title='bbox 3344 825 3453 880; x_wconf 91' lang='lat' dir='ltr'><strong>illic</strong></span> <span class='ocrx_word' id='word_1_258' title='bbox 3475 826 3646 897; x_wconf 78' lang='lat' dir='ltr'><strong>gloria</strong></span> 
     </span>
    </p>
   </div>
   <div class='ocr_carea' id='block_1_37' title="bbox 2064 915 3644 988">
    <p class='ocr_par' dir='ltr' id='par_1_37' title="bbox 2064 915 3644 988">
     <span class='ocr_line' id='line_1_37' title="bbox 2064 915 3644 988; baseline 0.001 -18"><span class='ocrx_word' id='word_1_259' title='bbox 2064 915 2494 971; x_wconf 86' lang='lat' dir='ltr'><strong>immortalitatis</strong></span> <span class='ocrx_word' id='word_1_260' title='bbox 2518 915 2776 988; x_wconf 75' lang='lat' dir='ltr'><strong>refulget;</strong></span> <span class='ocrx_word' id='word_1_261' title='bbox 2809 917 2901 972; x_wconf 87' lang='lat' dir='ltr'><strong>hic</strong></span> <span class='ocrx_word' id='word_1_262' title='bbox 2935 917 3079 987; x_wconf 87' lang='lat' dir='ltr'><strong>regis</strong></span> <span class='ocrx_word' id='word_1_263' title='bbox 3103 916 3410 972; x_wconf 86' lang='lat' dir='ltr'><strong>diademata</strong></span> <span class='ocrx_word' id='word_1_264' title='bbox 3443 925 3644 986; x_wconf 87' lang='lat' dir='ltr'><strong>portat,</strong></span> 
     </span>
    </p>
   </div>
   <div class='ocr_carea' id='block_1_38' title="bbox 2062 1005 3646 1078">
    <p class='ocr_par' dir='ltr' id='par_1_38' title="bbox 2062 1005 3646 1078">
     <span class='ocr_line' id='line_1_38' title="bbox 2062 1005 3646 1078; baseline 0.001 -18"><span class='ocrx_word' id='word_1_265' title='bbox 2062 1005 2174 1061; x_wconf 91' lang='lat' dir='ltr'><strong>illic</strong></span> <span class='ocrx_word' id='word_1_266' title='bbox 2207 1006 2401 1077; x_wconf 90' lang='lat' dir='ltr'><strong>gaudio</strong></span> <span class='ocrx_word' id='word_1_267' title='bbox 2433 1005 2818 1061; x_wconf 84' lang='lat' dir='ltr'><strong>exsultationis</strong></span> <span class='ocrx_word' id='word_1_268' title='bbox 2843 1006 3113 1071; x_wconf 89' lang='lat' dir='ltr'><strong>resultat;</strong></span> <span class='ocrx_word' id='word_1_269' title='bbox 3145 1006 3235 1062; x_wconf 89' lang='lat' dir='ltr'><strong>hic</strong></span> <span class='ocrx_word' id='word_1_270' title='bbox 3271 1008 3475 1062; x_wconf 87' lang='lat' dir='ltr'><strong>terreni</strong></span> <span class='ocrx_word' id='word_1_271' title='bbox 3504 1008 3646 1078; x_wconf 88' lang='lat' dir='ltr'><strong>regis</strong></span> 
     </span>
    </p>
   </div>
   <div class='ocr_carea' id='block_1_39' title="bbox 2062 1097 3646 1170">
    <p class='ocr_par' dir='ltr' id='par_1_39' title="bbox 2062 1097 3646 1170">
     <span class='ocr_line' id='line_1_39' title="bbox 2062 1097 3646 1170; baseline 0.001 -20"><span class='ocrx_word' id='word_1_272' title='bbox 2062 1097 2204 1152; x_wconf 85' lang='lat' dir='ltr'><strong>filius</strong></span> <span class='ocrx_word' id='word_1_273' title='bbox 2231 1099 2523 1164; x_wconf 83' lang='lat' dir='ltr'><strong>vocitatur,</strong></span> <span class='ocrx_word' id='word_1_274' title='bbox 2577 1099 2687 1154; x_wconf 92' lang='lat' dir='ltr'><strong>illic</strong></span> <span class='ocrx_word' id='word_1_275' title='bbox 2713 1099 2957 1154; x_wconf 74' lang='lat' dir='ltr'><strong>etelestis</strong></span> <span class='ocrx_word' id='word_1_276' title='bbox 2983 1099 3147 1170; x_wconf 77' lang='lat' dir='ltr'><strong>Regis</strong></span> <span class='ocrx_word' id='word_1_277' title='bbox 3178 1099 3322 1154; x_wconf 83' lang='lat' dir='ltr'><strong>[ilius</strong></span> <span class='ocrx_word' id='word_1_278' title='bbox 3359 1098 3646 1154; x_wconf 83' lang='lat' dir='ltr'><strong>conﬁrma-</strong></span> 
     </span>
    </p>
   </div>
   <div class='ocr_carea' id='block_1_40' title="bbox 2061 1189 3648 1261">
    <p class='ocr_par' dir='ltr' id='par_1_40' title="bbox 2061 1189 3648 1261">
     <span class='ocr_line' id='line_1_40' title="bbox 2061 1189 3648 1261; baseline 0 -17"><span class='ocrx_word' id='word_1_279' title='bbox 2061 1197 2187 1256; x_wconf 87' lang='lat' dir='ltr'><strong>tur;</strong></span> <span class='ocrx_word' id='word_1_280' title='bbox 2215 1189 2305 1246; x_wconf 86' lang='lat' dir='ltr'><strong>bic</strong></span> <span class='ocrx_word' id='word_1_281' title='bbox 2331 1190 2531 1246; x_wconf 88' lang='lat' dir='ltr'><strong>terreni</strong></span> <span class='ocrx_word' id='word_1_282' title='bbox 2569 1191 2719 1260; x_wconf 85' lang='lat' dir='ltr'><strong>regni</strong></span> <span class='ocrx_word' id='word_1_283' title='bbox 2745 1190 3006 1246; x_wconf 86' lang='lat' dir='ltr'><strong>decenter</strong></span> <span class='ocrx_word' id='word_1_284' title='bbox 3029 1207 3280 1261; x_wconf 83' lang='lat' dir='ltr'><strong>magnam</strong></span> <span class='ocrx_word' id='word_1_285' title='bbox 3309 1191 3455 1260; x_wconf 86' lang='lat' dir='ltr'><strong>capit</strong></span> <span class='ocrx_word' id='word_1_286' title='bbox 3479 1191 3648 1244; x_wconf 66' lang='lat' dir='ltr'><strong>haere-</strong></span> 
     </span>
    </p>
   </div>
   <div class='ocr_carea' id='block_1_41' title="bbox 2059 1280 3644 1352">
    <p class='ocr_par' dir='ltr' id='par_1_41' title="bbox 2059 1280 3644 1352">
     <span class='ocr_line' id='line_1_41' title="bbox 2059 1280 3644 1352; baseline 0.001 -17"><span class='ocrx_word' id='word_1_287' title='bbox 2059 1280 2302 1346; x_wconf 89' lang='lat' dir='ltr'><strong>ditatem,</strong></span> <span class='ocrx_word' id='word_1_288' title='bbox 2344 1281 2455 1336; x_wconf 92' lang='lat' dir='ltr'><strong>illic</strong></span> <span class='ocrx_word' id='word_1_289' title='bbox 2483 1281 2723 1337; x_wconf 84' lang='lat' dir='ltr'><strong>caelestis</strong></span> <span class='ocrx_word' id='word_1_290' title='bbox 2763 1283 2915 1352; x_wconf 81' lang='lat' dir='ltr'><strong>regni</strong></span> <span class='ocrx_word' id='word_1_291' title='bbox 2948 1281 3160 1337; x_wconf 80' lang='lat' dir='ltr'><strong>felicem</strong></span> <span class='ocrx_word' id='word_1_292' title='bbox 3194 1281 3425 1336; x_wconf 79' lang='lat' dir='ltr'><strong>feliciter</strong></span> <span class='ocrx_word' id='word_1_293' title='bbox 3448 1281 3644 1350; x_wconf 87' lang='lat' dir='ltr'><strong>accipit</strong></span> 
     </span>
    </p>
   </div>
   <div class='ocr_carea' id='block_1_42' title="bbox 2057 1373 3646 1444">
    <p class='ocr_par' dir='ltr' id='par_1_42' title="bbox 2057 1373 3646 1444">
     <span class='ocr_line' id='line_1_42' title="bbox 2057 1373 3646 1444; baseline -0.001 -16"><span class='ocrx_word' id='word_1_294' title='bbox 2057 1373 2384 1444; x_wconf 88' lang='lat' dir='ltr'><strong>portionem.</strong></span> <span class='ocrx_word' id='word_1_295' title='bbox 2413 1373 2541 1429; x_wconf 68' lang='lat' dir='ltr'><strong>Haec</strong></span> <span class='ocrx_word' id='word_1_296' title='bbox 2569 1383 2630 1429; x_wconf 91' lang='lat' dir='ltr'><strong>ut</strong></span> <span class='ocrx_word' id='word_1_297' title='bbox 2654 1374 2748 1428; x_wconf 87' lang='lat' dir='ltr'><strong>tibi</strong></span> <span class='ocrx_word' id='word_1_298' title='bbox 2772 1375 3004 1439; x_wconf 81' lang='lat' dir='ltr'><strong>eveniat,</strong></span> <span class='ocrx_word' id='word_1_299' title='bbox 3033 1374 3336 1428; x_wconf 85' lang='lat' dir='ltr'><strong>clarissime</strong></span> <span class='ocrx_word' id='word_1_300' title='bbox 3377 1389 3491 1437; x_wconf 89' lang='lat' dir='ltr'><strong>rex,</strong></span> <span class='ocrx_word' id='word_1_301' title='bbox 3519 1373 3646 1427; x_wconf 85' lang='lat' dir='ltr'><strong>totis</strong></span> 
     </span>
    </p>
   </div>
   <div class='ocr_carea' id='block_1_43' title="bbox 2057 1464 3646 1531">
    <p class='ocr_par' dir='ltr' id='par_1_43' title="bbox 2057 1464 3646 1531">
     <span class='ocr_line' id='line_1_43' title="bbox 2057 1464 3646 1531; baseline 0.003 -17"><span class='ocrx_word' id='word_1_302' title='bbox 2057 1464 2266 1520; x_wconf 82' lang='lat' dir='ltr'><strong>viribus</strong></span> <span class='ocrx_word' id='word_1_303' title='bbox 2286 1465 2534 1520; x_wconf 89' lang='lat' dir='ltr'><strong>laborare</strong></span> <span class='ocrx_word' id='word_1_304' title='bbox 2557 1481 2664 1520; x_wconf 91' lang='lat' dir='ltr'><strong>non</strong></span> <span class='ocrx_word' id='word_1_305' title='bbox 2693 1481 2905 1530; x_wconf 87' lang='lat' dir='ltr'><strong>cesses;</strong></span> <span class='ocrx_word' id='word_1_306' title='bbox 2934 1465 3113 1520; x_wconf 90' lang='lat' dir='ltr'><strong>nullus</strong></span> <span class='ocrx_word' id='word_1_307' title='bbox 3137 1473 3190 1520; x_wconf 91' lang='lat' dir='ltr'><strong>te</strong></span> <span class='ocrx_word' id='word_1_308' title='bbox 3215 1465 3426 1520; x_wconf 84' lang='lat' dir='ltr'><strong>felicior</strong></span> <span class='ocrx_word' id='word_1_309' title='bbox 3445 1466 3572 1531; x_wconf 86' lang='lat' dir='ltr'><strong>erit,</strong></span> <span class='ocrx_word' id='word_1_310' title='bbox 3599 1464 3646 1519; x_wconf 91' lang='lat' dir='ltr'><strong>si</strong></span> 
     </span>
    </p>
   </div>
   <div class='ocr_carea' id='block_1_44' title="bbox 2061 1554 3645 1621">
    <p class='ocr_par' dir='ltr' id='par_1_44' title="bbox 2061 1554 3645 1621">
     <span class='ocr_line' id='line_1_44' title="bbox 2061 1554 3645 1621; baseline -0.001 -11"><span class='ocrx_word' id='word_1_311' title='bbox 2061 1556 2157 1610; x_wconf 88' lang='lat' dir='ltr'><strong>tibi</strong></span> <span class='ocrx_word' id='word_1_312' title='bbox 2209 1557 2346 1621; x_wconf 59' lang='lat' dir='ltr'><strong>haec,</strong></span> <span class='ocrx_word' id='word_1_313' title='bbox 2399 1557 2694 1610; x_wconf 81' lang='lat' dir='ltr'><strong>auxiliante</strong></span> <span class='ocrx_word' id='word_1_314' title='bbox 2748 1556 2997 1618; x_wconf 90' lang='lat' dir='ltr'><strong>Domino,</strong></span> <span class='ocrx_word' id='word_1_315' title='bbox 3035 1556 3306 1618; x_wconf 83' lang='lat' dir='ltr'><strong>evenerit;</strong></span> <span class='ocrx_word' id='word_1_316' title='bbox 3359 1554 3537 1610; x_wconf 90' lang='lat' dir='ltr'><strong>nullus</strong></span> <span class='ocrx_word' id='word_1_317' title='bbox 3594 1563 3645 1608; x_wconf 88' lang='lat' dir='ltr'><strong>te</strong></span> 
     </span>
    </p>
   </div>
   <div class='ocr_carea' id='block_1_45' title="bbox 2057 1643 3618 1716">
    <p class='ocr_par' dir='ltr' id='par_1_45' title="bbox 2057 1643 3618 1716">
     <span class='ocr_line' id='line_1_45' title="bbox 2057 1643 3618 1716; baseline 0 -18"><span class='ocrx_word' id='word_1_318' title='bbox 2057 1645 2409 1700; x_wconf 88' lang='lat' dir='ltr'><strong>transcendet</strong></span> <span class='ocrx_word' id='word_1_319' title='bbox 2435 1645 2489 1698; x_wconf 94' lang='lat' dir='ltr'><strong>in</strong></span> <span class='ocrx_word' id='word_1_320' title='bbox 2515 1645 2704 1716; x_wconf 87' lang='lat' dir='ltr'><strong>gloria,</strong></span> <span class='ocrx_word' id='word_1_321' title='bbox 2735 1647 2781 1700; x_wconf 94' lang='lat' dir='ltr'><strong>si</strong></span> <span class='ocrx_word' id='word_1_322' title='bbox 2821 1645 2936 1699; x_wconf 67' lang='lat' dir='ltr'><strong>hzec</strong></span> <span class='ocrx_word' id='word_1_323' title='bbox 2961 1645 3054 1700; x_wconf 87' lang='lat' dir='ltr'><strong>tibi</strong></span> <span class='ocrx_word' id='word_1_324' title='bbox 3087 1660 3117 1699; x_wconf 94' lang='lat' dir='ltr'><strong>a</strong></span> <span class='ocrx_word' id='word_1_325' title='bbox 3146 1645 3374 1700; x_wconf 90' lang='lat' dir='ltr'><strong>Domino</strong></span> <span class='ocrx_word' id='word_1_326' title='bbox 3417 1643 3618 1699; x_wconf 78' lang='lat' dir='ltr'><strong>{elicite</strong></span> 
     </span>
    </p>
   </div>
   <div class='ocr_carea' id='block_1_46' title="bbox 2057 1734 2460 1791">
    <p class='ocr_par' dir='ltr' id='par_1_46' title="bbox 2057 1734 2460 1791">
     <span class='ocr_line' id='line_1_46' title="bbox 2057 1734 2460 1791; baseline 0 -3"><span class='ocrx_word' id='word_1_327' title='bbox 2057 1734 2222 1791; x_wconf 85' lang='lat' dir='ltr'><strong>fuerit</strong></span> <span class='ocrx_word' id='word_1_328' title='bbox 2247 1734 2460 1790; x_wconf 85' lang='lat' dir='ltr'><strong>collata.</strong></span> 
     </span>
    </p>
   </div>
   <div class='ocr_carea' id='block_1_47' title="bbox 2690 1803 3022 1860">
    <p class='ocr_par' dir='ltr' id='par_1_47' title="bbox 2690 1803 3022 1860">
     <span class='ocr_line' id='line_1_47' title="bbox 2690 1803 3022 1860; baseline -0.012 0"><span class='ocrx_word' id='word_1_329' title='bbox 2690 1803 2917 1860; x_wconf 77' lang='lat' dir='ltr'><strong>CAPUT</strong></span> <span class='ocrx_word' id='word_1_330' title='bbox 2954 1804 3022 1858; x_wconf 77' lang='grc' dir='ltr'><strong>Χ.</strong></span> 
     </span>
    </p>
   </div>
   <div class='ocr_carea' id='block_1_48' title="bbox 2602 1893 3096 1949">
    <p class='ocr_par' dir='ltr' id='par_1_48' title="bbox 2602 1893 3096 1949">
     <span class='ocr_line' id='line_1_48' title="bbox 2602 1893 3096 1949; baseline -0.004 -1"><span class='ocrx_word' id='word_1_331' title='bbox 2602 1894 2678 1949; x_wconf 87' lang='lat' dir='ltr'><strong>De</strong></span> <span class='ocrx_word' id='word_1_332' title='bbox 2718 1893 3096 1948; x_wconf 85' lang='lat' dir='ltr'><strong>misericordia.</strong></span> 
     </span>
    </p>
   </div>
   <div class='ocr_carea' id='block_1_49' title="bbox 2051 2004 3646 2077">
    <p class='ocr_par' dir='ltr' id='par_1_49' title="bbox 2051 2004 3646 2077">
     <span class='ocr_line' id='line_1_49' title="bbox 2051 2004 3646 2077; baseline -0.004 -13"><span class='ocrx_word' id='word_1_333' title='bbox 2051 2016 2059 2024; x_wconf 93' lang='lat'><strong><em>‘</em></strong></span> <span class='ocrx_word' id='word_1_334' title='bbox 2128 2009 2230 2077; x_wconf 82' lang='lat' dir='ltr'><strong>Qui</strong></span> <span class='ocrx_word' id='word_1_335' title='bbox 2267 2009 2435 2074; x_wconf 91' lang='lat' dir='ltr'><strong>enim,</strong></span> <span class='ocrx_word' id='word_1_336' title='bbox 2484 2008 2712 2063; x_wconf 91' lang='lat' dir='ltr'><strong>Domino</strong></span> <span class='ocrx_word' id='word_1_337' title='bbox 2745 2007 3054 2077; x_wconf 72' lang='lat' dir='ltr'><strong>adiuvante,</strong></span> <span class='ocrx_word' id='word_1_338' title='bbox 3085 2005 3174 2075; x_wconf 87' lang='lat' dir='ltr'><strong>pie</strong></span> <span class='ocrx_word' id='word_1_339' title='bbox 3203 2004 3354 2075; x_wconf 83' lang='lat' dir='ltr'><strong>cupit</strong></span> <span class='ocrx_word' id='word_1_340' title='bbox 3383 2018 3646 2074; x_wconf 84' lang='lat' dir='ltr'><strong>pauperes</strong></span> 
     </span>
    </p>
   </div>
   <div class='ocr_carea' id='block_1_50' title="bbox 2057 2092 3642 2166">
    <p class='ocr_par' dir='ltr' id='par_1_50' title="bbox 2057 2092 3642 2166">
     <span class='ocr_line' id='line_1_50' title="bbox 2057 2092 3642 2166; baseline -0.004 -14"><span class='ocrx_word' id='word_1_341' title='bbox 2057 2108 2113 2152; x_wconf 89' lang='lat' dir='ltr'><strong>et</strong></span> <span class='ocrx_word' id='word_1_342' title='bbox 2141 2098 2352 2163; x_wconf 86' lang='lat' dir='ltr'><strong>viduas,</strong></span> <span class='ocrx_word' id='word_1_343' title='bbox 2384 2097 2621 2154; x_wconf 86' lang='lat' dir='ltr'><strong>advenas</strong></span> <span class='ocrx_word' id='word_1_344' title='bbox 2647 2105 2704 2152; x_wconf 92' lang='lat' dir='ltr'><strong>et</strong></span> <span class='ocrx_word' id='word_1_345' title='bbox 2729 2094 2962 2166; x_wconf 91' lang='lat' dir='ltr'><strong>pupillos</strong></span> <span class='ocrx_word' id='word_1_346' title='bbox 2991 2092 3302 2159; x_wconf 80' lang='lat' dir='ltr'><strong>defendere,</strong></span> <span class='ocrx_word' id='word_1_347' title='bbox 3333 2093 3642 2147; x_wconf 89' lang='lat' dir='ltr'><strong>misericor-</strong></span> 
     </span>
    </p>
   </div>
   <div class='ocr_carea' id='block_1_51' title="bbox 2058 2186 3646 2259">
    <p class='ocr_par' dir='ltr' id='par_1_51' title="bbox 2058 2186 3646 2259">
     <span class='ocr_line' id='line_1_51' title="bbox 2058 2186 3646 2259; baseline -0.002 -14"><span class='ocrx_word' id='word_1_348' title='bbox 2058 2190 2222 2257; x_wconf 88' lang='lat' dir='ltr'><strong>diter,</strong></span> <span class='ocrx_word' id='word_1_349' title='bbox 2247 2191 2293 2246; x_wconf 88' lang='lat' dir='ltr'><strong>si</strong></span> <span class='ocrx_word' id='word_1_350' title='bbox 2323 2191 2488 2257; x_wconf 89' lang='lat' dir='ltr'><strong>valet,</strong></span> <span class='ocrx_word' id='word_1_351' title='bbox 2513 2205 2704 2245; x_wconf 88' lang='lat' dir='ltr'><strong>eorum</strong></span> <span class='ocrx_word' id='word_1_352' title='bbox 2729 2189 2970 2259; x_wconf 88' lang='lat' dir='ltr'><strong>inopiam</strong></span> <span class='ocrx_word' id='word_1_353' title='bbox 3011 2189 3168 2244; x_wconf 87' lang='lat' dir='ltr'><strong>bonis</strong></span> <span class='ocrx_word' id='word_1_354' title='bbox 3200 2187 3314 2244; x_wconf 90' lang='lat' dir='ltr'><strong>suis</strong></span> <span class='ocrx_word' id='word_1_355' title='bbox 3339 2188 3498 2243; x_wconf 85' lang='lat' dir='ltr'><strong>debet</strong></span> <span class='ocrx_word' id='word_1_356' title='bbox 3525 2186 3646 2242; x_wconf 85' lang='lat' dir='ltr'><strong>abs—</strong></span> 
     </span>
    </p>
   </div>
   <div class='ocr_carea' id='block_1_52' title="bbox 2058 2277 3646 2351">
    <p class='ocr_par' dir='ltr' id='par_1_52' title="bbox 2058 2277 3646 2351">
     <span class='ocr_line' id='line_1_52' title="bbox 2058 2277 3646 2351; baseline -0.001 -16"><span class='ocrx_word' id='word_1_357' title='bbox 2058 2288 2290 2351; x_wconf 85' lang='lat' dir='ltr'><strong>tergere,</strong></span> <span class='ocrx_word' id='word_1_358' title='bbox 2338 2289 2394 2336; x_wconf 89' lang='lat' dir='ltr'><strong>et</strong></span> <span class='ocrx_word' id='word_1_359' title='bbox 2444 2281 2846 2336; x_wconf 87' lang='lat' dir='ltr'><strong>mendicitatem</strong></span> <span class='ocrx_word' id='word_1_360' title='bbox 2895 2295 3087 2337; x_wconf 90' lang='lat' dir='ltr'><strong>eorum</strong></span> <span class='ocrx_word' id='word_1_361' title='bbox 3133 2279 3496 2350; x_wconf 87' lang='lat' dir='ltr'><strong>eleemosynis</strong></span> <span class='ocrx_word' id='word_1_362' title='bbox 3539 2277 3646 2333; x_wconf 87' lang='lat' dir='ltr'><strong>fre-</strong></span> 
     </span>
    </p>
   </div>
   <div class='ocr_carea' id='block_1_53' title="bbox 2057 2366 3646 2441">
    <p class='ocr_par' dir='ltr' id='par_1_53' title="bbox 2057 2366 3646 2441">
     <span class='ocr_line' id='line_1_53' title="bbox 2057 2366 3646 2441; baseline -0.001 -17"><span class='ocrx_word' id='word_1_363' title='bbox 2057 2377 2290 2441; x_wconf 88' lang='lat' dir='ltr'><strong>quenter</strong></span> <span class='ocrx_word' id='word_1_364' title='bbox 2310 2371 2469 2425; x_wconf 84' lang='lat' dir='ltr'><strong>debet</strong></span> <span class='ocrx_word' id='word_1_365' title='bbox 2490 2369 2702 2425; x_wconf 89' lang='lat' dir='ltr'><strong>fulcire.</strong></span> <span class='ocrx_word' id='word_1_366' title='bbox 2728 2368 2882 2424; x_wconf 87' lang='lat' dir='ltr'><strong>Sicut</strong></span> <span class='ocrx_word' id='word_1_367' title='bbox 2909 2369 3171 2440; x_wconf 84' lang='lat' dir='ltr'><strong>scriptum</strong></span> <span class='ocrx_word' id='word_1_368' title='bbox 3203 2376 3288 2424; x_wconf 89' lang='lat' dir='ltr'><strong>est</strong></span> <span class='ocrx_word' id='word_1_369' title='bbox 3321 2386 3334 2421; x_wconf 92' lang='lat'><strong>:</strong></span> <span class='ocrx_word' id='word_1_370' title='bbox 3358 2366 3493 2432; x_wconf 84' lang='lat' dir='ltr'><strong>Fili,</strong></span> <span class='ocrx_word' id='word_1_371' title='bbox 3515 2366 3646 2422; x_wconf 82' lang='lat' dir='ltr'><strong>elec—</strong></span> 
     </span>
    </p>
   </div>
   <div class='ocr_carea' id='block_1_54' title="bbox 2056 2458 3647 2531">
    <p class='ocr_par' dir='ltr' id='par_1_54' title="bbox 2056 2458 3647 2531">
     <span class='ocr_line' id='line_1_54' title="bbox 2056 2458 3647 2531; baseline -0.001 -17"><span class='ocrx_word' id='word_1_372' title='bbox 2056 2477 2329 2531; x_wconf 79' lang='lat' dir='ltr'><strong>mosynam</strong></span> <span class='ocrx_word' id='word_1_373' title='bbox 2369 2461 2615 2531; x_wconf 84' lang='lat' dir='ltr'><strong>pauperis</strong></span> <span class='ocrx_word' id='word_1_374' title='bbox 2655 2476 2718 2514; x_wconf 87' lang='lat' dir='ltr'><strong>ne</strong></span> <span class='ocrx_word' id='word_1_375' title='bbox 2749 2459 3054 2528; x_wconf 82' lang='lat' dir='ltr'><strong>defraudes,</strong></span> <span class='ocrx_word' id='word_1_376' title='bbox 3103 2467 3153 2513; x_wconf 87' lang='lat' dir='ltr'><strong>et</strong></span> <span class='ocrx_word' id='word_1_377' title='bbox 3198 2458 3378 2513; x_wconf 90' lang='lat' dir='ltr'><strong>oculos</strong></span> <span class='ocrx_word' id='word_1_378' title='bbox 3416 2470 3535 2512; x_wconf 87' lang='lat' dir='ltr'><strong>tuos</strong></span> <span class='ocrx_word' id='word_1_379' title='bbox 3583 2474 3647 2512; x_wconf 88' lang='lat' dir='ltr'><strong>ne</strong></span> 
     </span>
    </p>
   </div>
   <div class='ocr_carea' id='block_1_55' title="bbox 2058 2553 3646 2626">
    <p class='ocr_par' dir='ltr' id='par_1_55' title="bbox 2058 2553 3646 2626">
     <span class='ocr_line' id='line_1_55' title="bbox 2058 2553 3646 2626; baseline -0.002 -17"><span class='ocrx_word' id='word_1_380' title='bbox 2058 2564 2376 2611; x_wconf 72' lang='lat' dir='ltr'><strong>transvenas</strong></span> <span class='ocrx_word' id='word_1_381' title='bbox 2397 2571 2429 2608; x_wconf 90' lang='lat' dir='ltr'><strong>a</strong></span> <span class='ocrx_word' id='word_1_382' title='bbox 2451 2570 2700 2626; x_wconf 82' lang='lat' dir='ltr'><strong>paupere.</strong></span> <span class='ocrx_word' id='word_1_383' title='bbox 2717 2554 2962 2608; x_wconf 84' lang='lat' dir='ltr'><strong>Animam</strong></span> <span class='ocrx_word' id='word_1_384' title='bbox 2987 2553 3300 2607; x_wconf 82' lang='lat' dir='ltr'><strong>esurientem</strong></span> <span class='ocrx_word' id='word_1_385' title='bbox 3325 2553 3646 2622; x_wconf 74' lang='lat' dir='ltr'><strong>nedespexe-</strong></span> 
     </span>
    </p>
   </div>
   <div class='ocr_carea' id='block_1_56' title="bbox 2058 2646 3645 2720">
    <p class='ocr_par' dir='ltr' id='par_1_56' title="bbox 2058 2646 3645 2720">
     <span class='ocr_line' id='line_1_56' title="bbox 2058 2646 3645 2720; baseline -0.001 -17"><span class='ocrx_word' id='word_1_386' title='bbox 2058 2651 2134 2703; x_wconf 85' lang='lat' dir='ltr'><strong>ris</strong></span> <span class='ocrx_word' id='word_1_387' title='bbox 2157 2690 2172 2714; x_wconf 95' lang='lat'><strong>,</strong></span> <span class='ocrx_word' id='word_1_388' title='bbox 2203 2658 2252 2704; x_wconf 92' lang='lat' dir='ltr'><strong>et</strong></span> <span class='ocrx_word' id='word_1_389' title='bbox 2295 2666 2401 2704; x_wconf 87' lang='lat' dir='ltr'><strong>non</strong></span> <span class='ocrx_word' id='word_1_390' title='bbox 2444 2665 2718 2720; x_wconf 69' lang='lat' dir='ltr'><strong>exasperes</strong></span> <span class='ocrx_word' id='word_1_391' title='bbox 2759 2663 3040 2720; x_wconf 85' lang='lat' dir='ltr'><strong>pauperem</strong></span> <span class='ocrx_word' id='word_1_392' title='bbox 3091 2650 3148 2703; x_wconf 90' lang='lat' dir='ltr'><strong>in</strong></span> <span class='ocrx_word' id='word_1_393' title='bbox 3183 2649 3363 2720; x_wconf 83' lang='lat' dir='ltr'><strong>inopia</strong></span> <span class='ocrx_word' id='word_1_394' title='bbox 3393 2666 3513 2704; x_wconf 84' lang='lat' dir='ltr'><strong>sua.</strong></span> <span class='ocrx_word' id='word_1_395' title='bbox 3540 2646 3645 2703; x_wconf 86' lang='lat' dir='ltr'><strong>Cor</strong></span> 
     </span>
    </p>
   </div>
   <div class='ocr_carea' id='block_1_57' title="bbox 2057 2737 3647 2810">
    <p class='ocr_par' dir='ltr' id='par_1_57' title="bbox 2057 2737 3647 2810">
     <span class='ocr_line' id='line_1_57' title="bbox 2057 2737 3647 2810; baseline -0.001 -18"><span class='ocrx_word' id='word_1_396' title='bbox 2057 2738 2228 2810; x_wconf 85' lang='lat' dir='ltr'><strong>inapis</strong></span> <span class='ocrx_word' id='word_1_397' title='bbox 2246 2755 2310 2792; x_wconf 88' lang='lat' dir='ltr'><strong>ne</strong></span> <span class='ocrx_word' id='word_1_398' title='bbox 2329 2739 2597 2809; x_wconf 70' lang='lat' dir='ltr'><strong>aﬂiixeris,</strong></span> <span class='ocrx_word' id='word_1_399' title='bbox 2622 2749 2670 2792; x_wconf 90' lang='lat' dir='ltr'><strong>ct</strong></span> <span class='ocrx_word' id='word_1_400' title='bbox 2698 2754 2802 2792; x_wconf 87' lang='lat' dir='ltr'><strong>non</strong></span> <span class='ocrx_word' id='word_1_401' title='bbox 2822 2740 3101 2807; x_wconf 82' lang='lat' dir='ltr'><strong>protrahas</strong></span> <span class='ocrx_word' id='word_1_402' title='bbox 3123 2738 3306 2792; x_wconf 89' lang='lat' dir='ltr'><strong>datum</strong></span> <span class='ocrx_word' id='word_1_403' title='bbox 3334 2737 3647 2809; x_wconf 67' lang='lat' dir='ltr'><strong>angustiaru-</strong></span> 
     </span>
    </p>
   </div>
   <div class='ocr_carea' id='block_1_58' title="bbox 2057 2827 3645 2899">
    <p class='ocr_par' dir='ltr' id='par_1_58' title="bbox 2057 2827 3645 2899">
     <span class='ocr_line' id='line_1_58' title="bbox 2057 2827 3645 2899; baseline 0.001 -18"><span class='ocrx_word' id='word_1_404' title='bbox 2057 2828 2098 2881; x_wconf 88' lang='lat' dir='ltr'><strong>ti</strong></span> <span class='ocrx_word' id='word_1_405' title='bbox 2121 2841 2139 2880; x_wconf 92' lang='lat'><em>:</em></span> <span class='ocrx_word' id='word_1_406' title='bbox 2163 2829 2484 2899; x_wconf 84' lang='lat' dir='ltr'><strong>rogationem</strong></span> <span class='ocrx_word' id='word_1_407' title='bbox 2507 2827 2847 2882; x_wconf 87' lang='lat' dir='ltr'><strong>contribulati</strong></span> <span class='ocrx_word' id='word_1_408' title='bbox 2867 2844 2930 2882; x_wconf 87' lang='lat' dir='ltr'><strong>ne</strong></span> <span class='ocrx_word' id='word_1_409' title='bbox 2955 2827 3178 2897; x_wconf 87' lang='lat' dir='ltr'><strong>abjicias</strong></span> <span class='ocrx_word' id='word_1_410' title='bbox 3200 2843 3218 2880; x_wconf 91' lang='lat'><em>:</em></span> <span class='ocrx_word' id='word_1_411' title='bbox 3242 2837 3292 2882; x_wconf 89' lang='lat' dir='ltr'><strong>et</strong></span> <span class='ocrx_word' id='word_1_412' title='bbox 3315 2845 3419 2882; x_wconf 88' lang='lat' dir='ltr'><strong>non</strong></span> <span class='ocrx_word' id='word_1_413' title='bbox 3439 2836 3645 2884; x_wconf 87' lang='lat' dir='ltr'><strong>avertas</strong></span> 
     </span>
    </p>
   </div>
   <div class='ocr_carea' id='block_1_59' title="bbox 2059 2915 3645 2986">
    <p class='ocr_par' dir='ltr' id='par_1_59' title="bbox 2059 2915 3645 2986">
     <span class='ocr_line' id='line_1_59' title="bbox 2059 2915 3645 2986; baseline -0.001 -16"><span class='ocrx_word' id='word_1_414' title='bbox 2059 2915 2254 2986; x_wconf 88' lang='lat' dir='ltr'><strong>faciam</strong></span> <span class='ocrx_word' id='word_1_415' title='bbox 2284 2927 2430 2970; x_wconf 88' lang='lat' dir='ltr'><strong>tuam</strong></span> <span class='ocrx_word' id='word_1_416' title='bbox 2459 2917 2524 2970; x_wconf 87' lang='lat' dir='ltr'><strong>ab</strong></span> <span class='ocrx_word' id='word_1_417' title='bbox 2570 2931 2730 2986; x_wconf 86' lang='lat' dir='ltr'><strong>egeno</strong></span> <span class='ocrx_word' id='word_1_418' title='bbox 2759 2929 2777 2967; x_wconf 90' lang='lat'><strong><em>:</em></strong></span> <span class='ocrx_word' id='word_1_419' title='bbox 2809 2915 2874 2968; x_wconf 89' lang='lat' dir='ltr'><strong>ab</strong></span> <span class='ocrx_word' id='word_1_420' title='bbox 2907 2916 3060 2986; x_wconf 86' lang='lat' dir='ltr'><strong>inope</strong></span> <span class='ocrx_word' id='word_1_421' title='bbox 3105 2933 3170 2970; x_wconf 89' lang='lat' dir='ltr'><strong>ne</strong></span> <span class='ocrx_word' id='word_1_422' title='bbox 3216 2926 3420 2971; x_wconf 82' lang='lat' dir='ltr'><strong>avertas</strong></span> <span class='ocrx_word' id='word_1_423' title='bbox 3466 2916 3645 2971; x_wconf 84' lang='lat' dir='ltr'><strong>oculos</strong></span> 
     </span>
    </p>
   </div>
   <div class='ocr_carea' id='block_1_60' title="bbox 2057 3007 3718 3078">
    <p class='ocr_par' dir='ltr' id='par_1_60' title="bbox 2057 3007 3718 3078">
     <span class='ocr_line' id='line_1_60' title="bbox 2057 3007 3718 3078; baseline -0.002 -18"><span class='ocrx_word' id='word_1_424' title='bbox 2057 3017 2194 3062; x_wconf 85' lang='lat' dir='ltr'><strong>tuos.</strong></span> <span class='ocrx_word' id='word_1_425' title='bbox 2233 3007 2452 3062; x_wconf 89' lang='lat' dir='ltr'><strong>Declina</strong></span> <span class='ocrx_word' id='word_1_426' title='bbox 2499 3008 2718 3078; x_wconf 81' lang='lat' dir='ltr'><strong>pauperi</strong></span> <span class='ocrx_word' id='word_1_427' title='bbox 2758 3008 2869 3061; x_wconf 88' lang='lat' dir='ltr'><strong>sine</strong></span> <span class='ocrx_word' id='word_1_428' title='bbox 2899 3008 3117 3061; x_wconf 88' lang='lat' dir='ltr'><strong>tristitia</strong></span> <span class='ocrx_word' id='word_1_429' title='bbox 3151 3023 3334 3061; x_wconf 88' lang='lat' dir='ltr'><strong>aurem</strong></span> <span class='ocrx_word' id='word_1_430' title='bbox 3371 3017 3537 3070; x_wconf 87' lang='lat' dir='ltr'><strong>tuam,</strong></span> <span class='ocrx_word' id='word_1_431' title='bbox 3594 3017 3643 3061; x_wconf 87' lang='lat' dir='ltr'><strong>et</strong></span> <span class='ocrx_word' id='word_1_432' title='bbox 3715 3053 3718 3056; x_wconf 83' lang='lat'><strong>.</strong></span> 
     </span>
    </p>
   </div>
   <div class='ocr_carea' id='block_1_61' title="bbox 375 3096 3647 3170">
    <p class='ocr_par' dir='ltr' id='par_1_61' title="bbox 375 3096 3647 3170">
     <span class='ocr_line' id='line_1_61' title="bbox 375 3096 3647 3170; baseline -0 -18"><span class='ocrx_word' id='word_1_433' title='bbox 375 3115 676 3169; x_wconf 88' lang='lat' dir='ltr'><strong>pauperem,</strong></span> <span class='ocrx_word' id='word_1_434' title='bbox 715 3109 763 3153; x_wconf 88' lang='lat' dir='ltr'><strong>et</strong></span> <span class='ocrx_word' id='word_1_435' title='bbox 807 3116 1024 3170; x_wconf 84' lang='lat' dir='ltr'><strong>egenum</strong></span> <span class='ocrx_word' id='word_1_436' title='bbox 1084 3099 1150 3152; x_wconf 87' lang='lat' dir='ltr'><strong>de</strong></span> <span class='ocrx_word' id='word_1_437' title='bbox 1200 3115 1360 3152; x_wconf 85' lang='lat' dir='ltr'><strong>manu</strong></span> <span class='ocrx_word' id='word_1_438' title='bbox 1405 3100 1694 3169; x_wconf 85' lang='lat' dir='ltr'><strong>peccatoris</strong></span> <span class='ocrx_word' id='word_1_439' title='bbox 1741 3099 1955 3155; x_wconf 87' lang='lat' dir='ltr'><strong>liberate</strong></span> <span class='ocrx_word' id='word_1_440' title='bbox 2059 3097 2218 3152; x_wconf 85' lang='lat' dir='ltr'><strong>redde</strong></span> <span class='ocrx_word' id='word_1_441' title='bbox 2241 3098 2470 3151; x_wconf 87' lang='lat' dir='ltr'><strong>debitum</strong></span> <span class='ocrx_word' id='word_1_442' title='bbox 2499 3106 2669 3162; x_wconf 88' lang='lat' dir='ltr'><strong>tuum,</strong></span> <span class='ocrx_word' id='word_1_443' title='bbox 2701 3106 2750 3151; x_wconf 90' lang='lat' dir='ltr'><strong>et</strong></span> <span class='ocrx_word' id='word_1_444' title='bbox 2783 3097 3037 3167; x_wconf 87' lang='lat' dir='ltr'><strong>responde</strong></span> <span class='ocrx_word' id='word_1_445' title='bbox 3064 3096 3144 3150; x_wconf 90' lang='lat' dir='ltr'><strong>illi</strong></span> <span class='ocrx_word' id='word_1_446' title='bbox 3163 3097 3388 3167; x_wconf 85' lang='lat' dir='ltr'><strong>paci/ica</strong></span> <span class='ocrx_word' id='word_1_447' title='bbox 3414 3098 3472 3151; x_wconf 84' lang='lat' dir='ltr'><strong>in</strong></span> <span class='ocrx_word' id='word_1_448' title='bbox 3495 3113 3647 3152; x_wconf 90' lang='lat' dir='ltr'><strong>man-</strong></span> 
     </span>
    </p>
   </div>
   <div class='ocr_carea' id='block_1_62' title="bbox 377 3172 3641 3264">
    <p class='ocr_par' dir='ltr' id='par_1_62' title="bbox 377 3172 3641 3264">
     <span class='ocr_line' id='line_1_62' title="bbox 377 3172 3641 3264; baseline -0.001 -22"><span class='ocrx_word' id='word_1_449' title='bbox 377 3188 554 3261; x_wconf 82' lang='lat' dir='ltr'><strong>(Psal.</strong></span> <span class='ocrx_word' id='word_1_450' title='bbox 603 3208 786 3257; x_wconf 77' lang='lat' dir='ltr'><strong>Lxxxl,</strong></span> <span class='ocrx_word' id='word_1_451' title='bbox 827 3192 907 3264; x_wconf 83' lang='lat'><strong>5).</strong></span> <span class='ocrx_word' id='word_1_452' title='bbox 948 3192 1083 3247; x_wconf 73' lang='lat' dir='ltr'><strong>l-luic</strong></span> <span class='ocrx_word' id='word_1_453' title='bbox 1111 3194 1391 3248; x_wconf 62' lang='lat' dir='ltr'><strong>sententiae</strong></span> <span class='ocrx_word' id='word_1_454' title='bbox 1433 3193 1770 3248; x_wconf 89' lang='lat' dir='ltr'><strong>concordans</strong></span> <span class='ocrx_word' id='word_1_455' title='bbox 1820 3190 1957 3247; x_wconf 88' lang='lat' dir='ltr'><strong>liber</strong></span> <span class='ocrx_word' id='word_1_456' title='bbox 1983 3172 2027 3234; x_wconf 62' lang='grc' dir='ltr'><strong>(ἶ</strong></span> <span class='ocrx_word' id='word_1_457' title='bbox 2059 3189 2332 3243; x_wconf 86' lang='lat' dir='ltr'><strong>suetudine</strong></span> <span class='ocrx_word' id='word_1_458' title='bbox 2363 3188 2552 3258; x_wconf 81' lang='lat' dir='ltr'><strong>(Eccli.</strong></span> <span class='ocrx_word' id='word_1_459' title='bbox 2586 3205 2662 3253; x_wconf 78' lang='grc' dir='ltr'><strong>ιν,</strong></span> <span class='ocrx_word' id='word_1_460' title='bbox 2701 3189 2724 3243; x_wconf 95' lang='grc'><strong>1</strong></span> <span class='ocrx_word' id='word_1_461' title='bbox 2759 3199 2807 3243; x_wconf 90' lang='lat' dir='ltr'><strong>et</strong></span> <span class='ocrx_word' id='word_1_462' title='bbox 2837 3188 3026 3260; x_wconf 87' lang='lat' dir='ltr'><strong>seqq.).</strong></span> <span class='ocrx_word' id='word_1_463' title='bbox 3061 3187 3288 3259; x_wconf 88' lang='lat' dir='ltr'><strong>Propter</strong></span> <span class='ocrx_word' id='word_1_464' title='bbox 3331 3189 3641 3242; x_wconf 89' lang='lat' dir='ltr'><strong>mandatum</strong></span> 
     </span>
    </p>
   </div>
   <div class='ocr_carea' id='block_1_63' title="bbox 377 3277 3644 3354">
    <p class='ocr_par' dir='ltr' id='par_1_63' title="bbox 377 3277 3644 3354">
     <span class='ocr_line' id='line_1_63' title="bbox 377 3277 3644 3354; baseline -0.002 -19"><span class='ocrx_word' id='word_1_465' title='bbox 377 3280 790 3337; x_wconf 85' lang='lat' dir='ltr'><strong>Ecclesiasticus</strong></span> <span class='ocrx_word' id='word_1_466' title='bbox 815 3283 890 3337; x_wconf 87' lang='lat' dir='ltr'><strong>ait</strong></span> <span class='ocrx_word' id='word_1_467' title='bbox 933 3300 944 3336; x_wconf 94' lang='lat'>:</span> <span class='ocrx_word' id='word_1_468' title='bbox 981 3282 1168 3337; x_wconf 85' lang='lat' dir='ltr'><strong>Libera</strong></span> <span class='ocrx_word' id='word_1_469' title='bbox 1195 3300 1313 3338; x_wconf 88' lang='lat' dir='ltr'><strong>eum</strong></span> <span class='ocrx_word' id='word_1_470' title='bbox 1350 3285 1440 3354; x_wconf 89' lang='lat' dir='ltr'><strong>qui</strong></span> <span class='ocrx_word' id='word_1_471' title='bbox 1465 3283 1721 3354; x_wconf 86' lang='lat' dir='ltr'><strong>injuriam</strong></span> <span class='ocrx_word' id='word_1_472' title='bbox 1759 3283 1959 3353; x_wconf 88' lang='lat' dir='ltr'><strong>patitur</strong></span> <span class='ocrx_word' id='word_1_473' title='bbox 2060 3296 2268 3335; x_wconf 83' lang='lat' dir='ltr'><strong>assume</strong></span> <span class='ocrx_word' id='word_1_474' title='bbox 2289 3295 2570 3350; x_wconf 87' lang='lat' dir='ltr'><strong>pauperem</strong></span> <span class='ocrx_word' id='word_1_475' title='bbox 2595 3293 2612 3331; x_wconf 89' lang='lat'><strong><em>:</em></strong></span> <span class='ocrx_word' id='word_1_476' title='bbox 2640 3289 2688 3335; x_wconf 85' lang='lat' dir='ltr'><strong>et</strong></span> <span class='ocrx_word' id='word_1_477' title='bbox 2711 3288 2921 3351; x_wconf 81' lang='lat' dir='ltr'><strong>propter</strong></span> <span class='ocrx_word' id='word_1_478' title='bbox 2939 3280 3172 3350; x_wconf 85' lang='lat' dir='ltr'><strong>inopiam</strong></span> <span class='ocrx_word' id='word_1_479' title='bbox 3193 3278 3309 3348; x_wconf 86' lang='lat' dir='ltr'><strong>ejus</strong></span> <span class='ocrx_word' id='word_1_480' title='bbox 3330 3277 3644 3331; x_wconf 89' lang='lat' dir='ltr'><strong>nedimittas</strong></span> 
     </span>
    </p>
   </div>
   <div class='ocr_carea' id='block_1_64' title="bbox 377 3371 1960 3446">
    <p class='ocr_par' dir='ltr' id='par_1_64' title="bbox 377 3371 1960 3446">
     <span class='ocr_line' id='line_1_64' title="bbox 377 3371 1960 3446; baseline 0 -22"><span class='ocrx_word' id='word_1_481' title='bbox 377 3371 445 3425; x_wconf 90' lang='lat' dir='ltr'><strong>de</strong></span> <span class='ocrx_word' id='word_1_482' title='bbox 493 3388 654 3426; x_wconf 88' lang='lat' dir='ltr'><strong>manu</strong></span> <span class='ocrx_word' id='word_1_483' title='bbox 698 3374 903 3443; x_wconf 83' lang='lat' dir='ltr'><strong>superbi</strong></span> <span class='ocrx_word' id='word_1_484' title='bbox 933 3372 1122 3446; x_wconf 84' lang='lat' dir='ltr'><strong>(Eccli.</strong></span> <span class='ocrx_word' id='word_1_485' title='bbox 1177 3389 1254 3438; x_wconf 79' lang='lat' dir='ltr'><strong>tv,</strong></span> <span class='ocrx_word' id='word_1_486' title='bbox 1282 3373 1360 3445; x_wconf 84' lang='lat'><strong>9).</strong></span> <span class='ocrx_word' id='word_1_487' title='bbox 1412 3373 1579 3428; x_wconf 86' lang='lat' dir='ltr'><strong>Isaias</strong></span> <span class='ocrx_word' id='word_1_488' title='bbox 1607 3372 1960 3426; x_wconf 88' lang='lat' dir='ltr'><strong>nihilominus</strong></span> 
     </span>
    </p>
   </div>
   <div class='ocr_carea' id='block_1_65' title="bbox 379 3463 1957 3534">
    <p class='ocr_par' dir='ltr' id='par_1_65' title="bbox 379 3463 1957 3534">
     <span class='ocr_line' id='line_1_65' title="bbox 379 3463 1957 3534; baseline -0.001 -16"><span class='ocrx_word' id='word_1_489' title='bbox 379 3463 684 3534; x_wconf 70' lang='lat' dir='ltr'><strong>prmdicans</strong></span> <span class='ocrx_word' id='word_1_490' title='bbox 706 3465 782 3518; x_wconf 88' lang='lat' dir='ltr'><strong>ait</strong></span> <span class='ocrx_word' id='word_1_491' title='bbox 808 3482 820 3518; x_wconf 90' lang='lat'><strong>:</strong></span> <span class='ocrx_word' id='word_1_492' title='bbox 847 3463 1080 3529; x_wconf 71' lang='lat' dir='ltr'><strong>Quazrite</strong></span> <span class='ocrx_word' id='word_1_493' title='bbox 1099 3463 1381 3534; x_wconf 86' lang='lat' dir='ltr'><strong>judicium,</strong></span> <span class='ocrx_word' id='word_1_494' title='bbox 1409 3464 1672 3518; x_wconf 84' lang='lat' dir='ltr'><strong>subvenite</strong></span> <span class='ocrx_word' id='word_1_495' title='bbox 1694 3478 1957 3532; x_wconf 86' lang='lat' dir='ltr'><strong>oppresso,</strong></span> 
     </span>
    </p>
   </div>
   <div class='ocr_carea' id='block_1_66' title="bbox 371 3552 1962 3624">
    <p class='ocr_par' dir='ltr' id='par_1_66' title="bbox 371 3552 1962 3624">
     <span class='ocr_line' id='line_1_66' title="bbox 371 3552 1962 3624; baseline -0.001 -18"><span class='ocrx_word' id='word_1_496' title='bbox 371 3555 613 3624; x_wconf 84' lang='lat' dir='ltr'><strong>judicate</strong></span> <span class='ocrx_word' id='word_1_497' title='bbox 631 3553 855 3624; x_wconf 91' lang='lat' dir='ltr'><strong>pupillo,</strong></span> <span class='ocrx_word' id='word_1_498' title='bbox 877 3553 1139 3624; x_wconf 77' lang='lat' dir='ltr'><strong>defendite</strong></span> <span class='ocrx_word' id='word_1_499' title='bbox 1154 3555 1368 3608; x_wconf 84' lang='lat' dir='ltr'><strong>viduam</strong></span> <span class='ocrx_word' id='word_1_500' title='bbox 1393 3595 1407 3618; x_wconf 92' lang='lat'><strong>,</strong></span> <span class='ocrx_word' id='word_1_501' title='bbox 1433 3562 1480 3606; x_wconf 91' lang='lat' dir='ltr'><strong>et</strong></span> <span class='ocrx_word' id='word_1_502' title='bbox 1501 3552 1663 3606; x_wconf 88' lang='lat' dir='ltr'><strong>venite</strong></span> <span class='ocrx_word' id='word_1_503' title='bbox 1687 3561 1736 3606; x_wconf 90' lang='lat' dir='ltr'><strong>et</strong></span> <span class='ocrx_word' id='word_1_504' title='bbox 1757 3553 1962 3621; x_wconf 79' lang='lat' dir='ltr'><strong>arguite</strong></span> 
     </span>
    </p>
   </div>
   <div class='ocr_carea' id='block_1_67' title="bbox 379 3641 1960 3713">
    <p class='ocr_par' dir='ltr' id='par_1_67' title="bbox 379 3641 1960 3713">
     <span class='ocr_line' id='line_1_67' title="bbox 379 3641 1960 3713; baseline -0.001 -17"><span class='ocrx_word' id='word_1_505' title='bbox 379 3659 482 3709; x_wconf 86' lang='lat' dir='ltr'><strong>me,</strong></span> <span class='ocrx_word' id='word_1_506' title='bbox 507 3643 634 3697; x_wconf 86' lang='lat' dir='ltr'><strong>dicit</strong></span> <span class='ocrx_word' id='word_1_507' title='bbox 667 3642 944 3698; x_wconf 88' lang='lat' dir='ltr'><strong>Dominus.</strong></span> <span class='ocrx_word' id='word_1_508' title='bbox 973 3642 1030 3698; x_wconf 88' lang='lat' dir='ltr'><strong>Si</strong></span> <span class='ocrx_word' id='word_1_509' title='bbox 1061 3643 1251 3713; x_wconf 78' lang='lat' dir='ltr'><strong>fuerint</strong></span> <span class='ocrx_word' id='word_1_510' title='bbox 1272 3652 1483 3712; x_wconf 89' lang='lat' dir='ltr'><strong>peccata</strong></span> <span class='ocrx_word' id='word_1_511' title='bbox 1512 3651 1678 3695; x_wconf 84' lang='lat' dir='ltr'><strong>vestra</strong></span> <span class='ocrx_word' id='word_1_512' title='bbox 1706 3651 1760 3694; x_wconf 90' lang='lat' dir='ltr'><strong>ut</strong></span> <span class='ocrx_word' id='word_1_513' title='bbox 1791 3641 1960 3694; x_wconf 88' lang='lat' dir='ltr'><strong>cocci-</strong></span> 
     </span>
    </p>
   </div>
   <div class='ocr_carea' id='block_1_68' title="bbox 383 3732 1961 3804">
    <p class='ocr_par' dir='ltr' id='par_1_68' title="bbox 383 3732 1961 3804">
     <span class='ocr_line' id='line_1_68' title="bbox 383 3732 1961 3804; baseline 0.001 -18"><span class='ocrx_word' id='word_1_514' title='bbox 383 3750 527 3799; x_wconf 83' lang='lat' dir='ltr'><strong>num,</strong></span> <span class='ocrx_word' id='word_1_515' title='bbox 569 3735 720 3804; x_wconf 90' lang='lat' dir='ltr'><strong>quasi</strong></span> <span class='ocrx_word' id='word_1_516' title='bbox 767 3736 858 3788; x_wconf 76' lang='lat' dir='ltr'><strong>nia:</strong></span> <span class='ocrx_word' id='word_1_517' title='bbox 909 3734 1328 3798; x_wconf 86' lang='lat' dir='ltr'><strong>dealbabuntur;</strong></span> <span class='ocrx_word' id='word_1_518' title='bbox 1379 3741 1427 3787; x_wconf 89' lang='lat' dir='ltr'><strong>et</strong></span> <span class='ocrx_word' id='word_1_519' title='bbox 1472 3733 1517 3786; x_wconf 90' lang='lat' dir='ltr'><strong>si</strong></span> <span class='ocrx_word' id='word_1_520' title='bbox 1553 3732 1749 3802; x_wconf 79' lang='lat' dir='ltr'><strong>fuerint</strong></span> <span class='ocrx_word' id='word_1_521' title='bbox 1803 3732 1961 3787; x_wconf 87' lang='lat' dir='ltr'><strong>rubra</strong></span> 
     </span>
    </p>
   </div>
   <div class='ocr_carea' id='block_1_69' title="bbox 379 3807 1962 3896">
    <p class='ocr_par' dir='ltr' id='par_1_69' title="bbox 379 3807 1962 3896">
     <span class='ocr_line' id='line_1_69' title="bbox 379 3807 1962 3896; baseline -0.001 -19"><span class='ocrx_word' id='word_1_522' title='bbox 379 3825 534 3896; x_wconf 87' lang='lat' dir='ltr'><strong>quasi</strong></span> <span class='ocrx_word' id='word_1_523' title='bbox 557 3807 886 3889; x_wconf 79' lang='lat' dir='ltr'><strong>vermiculus,</strong></span> <span class='ocrx_word' id='word_1_524' title='bbox 920 3825 1059 3879; x_wconf 90' lang='lat' dir='ltr'><strong>velut</strong></span> <span class='ocrx_word' id='word_1_525' title='bbox 1109 3824 1235 3878; x_wconf 88' lang='lat' dir='ltr'><strong>lana</strong></span> <span class='ocrx_word' id='word_1_526' title='bbox 1263 3822 1384 3876; x_wconf 89' lang='lat' dir='ltr'><strong>alba</strong></span> <span class='ocrx_word' id='word_1_527' title='bbox 1409 3831 1582 3877; x_wconf 87' lang='lat' dir='ltr'><strong>erunt.</strong></span> <span class='ocrx_word' id='word_1_528' title='bbox 1609 3819 1669 3876; x_wconf 97' lang='lat' dir='ltr'><strong>Si</strong></span> <span class='ocrx_word' id='word_1_529' title='bbox 1696 3821 1962 3877; x_wconf 82' lang='lat' dir='ltr'><strong>volueritis</strong></span> 
     </span>
    </p>
   </div>
   <div class='ocr_carea' id='block_1_70' title="bbox 379 3911 1960 3985">
    <p class='ocr_par' dir='ltr' id='par_1_70' title="bbox 379 3911 1960 3985">
     <span class='ocr_line' id='line_1_70' title="bbox 379 3911 1960 3985; baseline -0.002 -15"><span class='ocrx_word' id='word_1_530' title='bbox 379 3926 430 3970; x_wconf 87' lang='lat' dir='ltr'><strong>et</strong></span> <span class='ocrx_word' id='word_1_531' title='bbox 457 3917 732 3970; x_wconf 88' lang='lat' dir='ltr'><strong>audieritis</strong></span> <span class='ocrx_word' id='word_1_532' title='bbox 759 3931 858 3980; x_wconf 91' lang='lat' dir='ltr'><strong>me,</strong></span> <span class='ocrx_word' id='word_1_533' title='bbox 888 3916 1022 3970; x_wconf 88' lang='lat' dir='ltr'><strong>bona</strong></span> <span class='ocrx_word' id='word_1_534' title='bbox 1045 3925 1195 3970; x_wconf 79' lang='lat' dir='ltr'><strong>terra:</strong></span> <span class='ocrx_word' id='word_1_535' title='bbox 1217 3914 1492 3969; x_wconf 86' lang='lat' dir='ltr'><strong>comedetis</strong></span> <span class='ocrx_word' id='word_1_536' title='bbox 1520 3912 1652 3985; x_wconf 88' lang='lat' dir='ltr'><strong>(lsa.</strong></span> <span class='ocrx_word' id='word_1_537' title='bbox 1681 3928 1718 3978; x_wconf 83' lang='grc' dir='ltr'><strong>ι,</strong></span> <span class='ocrx_word' id='word_1_538' title='bbox 1753 3911 1960 3985; x_wconf 84' lang='grc'><strong>17-19).</strong></span> 
     </span>
    </p>
   </div>
   <div class='ocr_carea' id='block_1_71' title="bbox 387 4003 1962 4079">
    <p class='ocr_par' dir='ltr' id='par_1_71' title="bbox 387 4003 1962 4079">
     <span class='ocr_line' id='line_1_71' title="bbox 387 4003 1962 4079; baseline 0.001 -20"><span class='ocrx_word' id='word_1_539' title='bbox 387 4005 518 4061; x_wconf 77' lang='lat' dir='ltr'><strong>Vide</strong></span> <span class='ocrx_word' id='word_1_540' title='bbox 537 4022 665 4077; x_wconf 84' lang='lat' dir='ltr'><strong>ergo</strong></span> <span class='ocrx_word' id='word_1_541' title='bbox 690 4015 744 4062; x_wconf 89' lang='lat' dir='ltr'><strong>et</strong></span> <span class='ocrx_word' id='word_1_542' title='bbox 771 4007 1054 4079; x_wconf 83' lang='lat' dir='ltr'><strong>diligenter</strong></span> <span class='ocrx_word' id='word_1_543' title='bbox 1076 4008 1314 4071; x_wconf 87' lang='lat' dir='ltr'><strong>attende,</strong></span> <span class='ocrx_word' id='word_1_544' title='bbox 1345 4024 1378 4062; x_wconf 89' lang='grc' dir='ltr'><strong>ο</strong></span> <span class='ocrx_word' id='word_1_545' title='bbox 1408 4021 1526 4071; x_wconf 87' lang='lat' dir='ltr'><strong>rex,</strong></span> <span class='ocrx_word' id='word_1_546' title='bbox 1555 4006 1685 4076; x_wconf 88' lang='lat' dir='ltr'><strong>quid</strong></span> <span class='ocrx_word' id='word_1_547' title='bbox 1710 4003 1962 4060; x_wconf 80' lang='lat' dir='ltr'><strong>defenso-</strong></span> 
     </span>
    </p>
   </div>
   <div class='ocr_carea' id='block_1_72' title="bbox 382 4094 1965 4168">
    <p class='ocr_par' dir='ltr' id='par_1_72' title="bbox 382 4094 1965 4168">
     <span class='ocr_line' id='line_1_72' title="bbox 382 4094 1965 4168; baseline -0.001 -18"><span class='ocrx_word' id='word_1_548' title='bbox 382 4095 535 4150; x_wconf 86' lang='lat' dir='ltr'><strong>ribus</strong></span> <span class='ocrx_word' id='word_1_549' title='bbox 572 4097 786 4151; x_wconf 87' lang='lat' dir='ltr'><strong>eveniat</strong></span> <span class='ocrx_word' id='word_1_550' title='bbox 810 4112 1136 4168; x_wconf 89' lang='lat' dir='ltr'><strong>pauperum;</strong></span> <span class='ocrx_word' id='word_1_551' title='bbox 1165 4111 1224 4150; x_wconf 91' lang='lat' dir='ltr'><strong>se</strong></span> <span class='ocrx_word' id='word_1_552' title='bbox 1256 4096 1362 4150; x_wconf 91' lang='lat' dir='ltr'><strong>illis</strong></span> <span class='ocrx_word' id='word_1_553' title='bbox 1392 4109 1512 4150; x_wconf 86' lang='lat' dir='ltr'><strong>esse</strong></span> <span class='ocrx_word' id='word_1_554' title='bbox 1532 4094 1849 4160; x_wconf 87' lang='lat' dir='ltr'><strong>debitorem,</strong></span> <span class='ocrx_word' id='word_1_555' title='bbox 1880 4109 1965 4149; x_wconf 90' lang='lat' dir='ltr'><strong>se-</strong></span> 
     </span>
    </p>
   </div>
   <div class='ocr_carea' id='block_1_73' title="bbox 387 4187 1962 4258">
    <p class='ocr_par' dir='ltr' id='par_1_73' title="bbox 387 4187 1962 4258">
     <span class='ocr_line' id='line_1_73' title="bbox 387 4187 1962 4258; baseline 0.001 -18"><span class='ocrx_word' id='word_1_556' title='bbox 387 4203 492 4257; x_wconf 88' lang='lat' dir='ltr'><strong>que</strong></span> <span class='ocrx_word' id='word_1_557' title='bbox 543 4189 873 4243; x_wconf 90' lang='lat' dir='ltr'><strong>redditorem</strong></span> <span class='ocrx_word' id='word_1_558' title='bbox 901 4189 1219 4258; x_wconf 89' lang='lat' dir='ltr'><strong>pronuntiat</strong></span> <span class='ocrx_word' id='word_1_559' title='bbox 1271 4189 1434 4253; x_wconf 90' lang='lat' dir='ltr'><strong>Deus,</strong></span> <span class='ocrx_word' id='word_1_560' title='bbox 1485 4187 1629 4242; x_wconf 89' lang='lat' dir='ltr'><strong>nivis</strong></span> <span class='ocrx_word' id='word_1_561' title='bbox 1673 4187 1962 4242; x_wconf 88' lang='lat' dir='ltr'><strong>candorem</strong></span> 
     </span>
    </p>
   </div>
   <div class='ocr_carea' id='block_1_74' title="bbox 385 4278 1966 4349">
    <p class='ocr_par' dir='ltr' id='par_1_74' title="bbox 385 4278 1966 4349">
     <span class='ocr_line' id='line_1_74' title="bbox 385 4278 1966 4349; baseline -0.001 -16"><span class='ocrx_word' id='word_1_562' title='bbox 385 4278 762 4348; x_wconf 85' lang='lat' dir='ltr'><strong>peccatoribus</strong></span> <span class='ocrx_word' id='word_1_563' title='bbox 781 4279 1064 4349; x_wconf 86' lang='lat' dir='ltr'><strong>promittit,</strong></span> <span class='ocrx_word' id='word_1_564' title='bbox 1095 4287 1150 4334; x_wconf 88' lang='lat' dir='ltr'><strong>et</strong></span> <span class='ocrx_word' id='word_1_565' title='bbox 1184 4279 1472 4334; x_wconf 74' lang='lat' dir='ltr'><strong>albmlanze</strong></span> <span class='ocrx_word' id='word_1_566' title='bbox 1507 4278 1824 4334; x_wconf 88' lang='lat' dir='ltr'><strong>munditiem</strong></span> <span class='ocrx_word' id='word_1_567' title='bbox 1850 4279 1966 4349; x_wconf 91' lang='lat' dir='ltr'><strong>pol-</strong></span> 
     </span>
    </p>
   </div>
   <div class='ocr_carea' id='block_1_75' title="bbox 383 4368 1965 4438">
    <p class='ocr_par' dir='ltr' id='par_1_75' title="bbox 383 4368 1965 4438">
     <span class='ocr_line' id='line_1_75' title="bbox 383 4368 1965 4438; baseline 0.001 -16"><span class='ocrx_word' id='word_1_568' title='bbox 383 4368 617 4424; x_wconf 75' lang='lat' dir='ltr'><strong>licetur:</strong></span> <span class='ocrx_word' id='word_1_569' title='bbox 650 4377 924 4438; x_wconf 89' lang='lat' dir='ltr'><strong>postremo</strong></span> <span class='ocrx_word' id='word_1_570' title='bbox 953 4372 1098 4426; x_wconf 85' lang='lat' dir='ltr'><strong>bona</strong></span> <span class='ocrx_word' id='word_1_571' title='bbox 1126 4378 1286 4426; x_wconf 78' lang='lat' dir='ltr'><strong>terrae</strong></span> <span class='ocrx_word' id='word_1_572' title='bbox 1308 4371 1593 4427; x_wconf 88' lang='lat' dir='ltr'><strong>comedere</strong></span> <span class='ocrx_word' id='word_1_573' title='bbox 1617 4371 1828 4436; x_wconf 87' lang='lat' dir='ltr'><strong>tribuit,</strong></span> <span class='ocrx_word' id='word_1_574' title='bbox 1860 4379 1965 4425; x_wconf 88' lang='lat' dir='ltr'><strong>ter-</strong></span> 
     </span>
    </p>
   </div>
   <div class='ocr_carea' id='block_1_76' title="bbox 385 4458 1962 4530">
    <p class='ocr_par' dir='ltr' id='par_1_76' title="bbox 385 4458 1962 4530">
     <span class='ocr_line' id='line_1_76' title="bbox 385 4458 1962 4530; baseline 0 -16"><span class='ocrx_word' id='word_1_575' title='bbox 385 4473 463 4514; x_wconf 64' lang='lat' dir='ltr'><strong>rae</strong></span> <span class='ocrx_word' id='word_1_576' title='bbox 489 4458 696 4514; x_wconf 86' lang='lat' dir='ltr'><strong>scilicet</strong></span> <span class='ocrx_word' id='word_1_577' title='bbox 714 4459 856 4514; x_wconf 91' lang='lat' dir='ltr'><strong>illius</strong></span> <span class='ocrx_word' id='word_1_578' title='bbox 880 4461 947 4515; x_wconf 87' lang='lat' dir='ltr'><strong>de</strong></span> <span class='ocrx_word' id='word_1_579' title='bbox 974 4475 1079 4530; x_wconf 89' lang='lat' dir='ltr'><strong>qua</strong></span> <span class='ocrx_word' id='word_1_580' title='bbox 1101 4461 1360 4530; x_wconf 87' lang='lat' dir='ltr'><strong>scriptum</strong></span> <span class='ocrx_word' id='word_1_581' title='bbox 1395 4469 1479 4515; x_wconf 89' lang='lat' dir='ltr'><strong>est</strong></span> <span class='ocrx_word' id='word_1_582' title='bbox 1506 4479 1519 4515; x_wconf 90' lang='lat'><strong>:</strong></span> <span class='ocrx_word' id='word_1_583' title='bbox 1545 4459 1727 4514; x_wconf 82' lang='lat' dir='ltr'><strong>Sancti</strong></span> <span class='ocrx_word' id='word_1_584' title='bbox 1747 4461 1800 4513; x_wconf 87' lang='lat' dir='ltr'><strong>in</strong></span> <span class='ocrx_word' id='word_1_585' title='bbox 1821 4468 1962 4514; x_wconf 89' lang='lat' dir='ltr'><strong>terra</strong></span> 
     </span>
    </p>
   </div>
   <div class='ocr_carea' id='block_1_77' title="bbox 384 4551 1964 4626">
    <p class='ocr_par' dir='ltr' id='par_1_77' title="bbox 384 4551 1964 4626">
     <span class='ocr_line' id='line_1_77' title="bbox 384 4551 1964 4626; baseline 0.001 -22"><span class='ocrx_word' id='word_1_586' title='bbox 384 4567 485 4604; x_wconf 89' lang='lat' dir='ltr'><strong>sua</strong></span> <span class='ocrx_word' id='word_1_587' title='bbox 519 4551 751 4622; x_wconf 87' lang='lat' dir='ltr'><strong>duplicia</strong></span> <span class='ocrx_word' id='word_1_588' title='bbox 797 4553 1132 4623; x_wconf 86' lang='lat' dir='ltr'><strong>possidebunt</strong></span> <span class='ocrx_word' id='word_1_589' title='bbox 1175 4553 1310 4626; x_wconf 89' lang='lat' dir='ltr'><strong>(Isa.</strong></span> <span class='ocrx_word' id='word_1_590' title='bbox 1353 4569 1464 4618; x_wconf 82' lang='lat' dir='ltr'><strong>LXI,</strong></span> <span class='ocrx_word' id='word_1_591' title='bbox 1552 4553 1628 4625; x_wconf 80' lang='grc' dir='ltr'><strong>Ἰ),</strong></span> <span class='ocrx_word' id='word_1_592' title='bbox 1681 4561 1735 4607; x_wconf 90' lang='lat' dir='ltr'><strong>et</strong></span> <span class='ocrx_word' id='word_1_593' title='bbox 1763 4554 1827 4608; x_wconf 93' lang='lat' dir='ltr'><strong>de</strong></span> <span class='ocrx_word' id='word_1_594' title='bbox 1857 4569 1964 4623; x_wconf 90' lang='lat' dir='ltr'><strong>qua</strong></span> 
     </span>
    </p>
   </div>
   <div class='ocr_carea' id='block_1_78' title="bbox 385 4639 1965 4698">
    <p class='ocr_par' dir='ltr' id='par_1_78' title="bbox 385 4639 1965 4698">
     <span class='ocr_line' id='line_1_78' title="bbox 385 4639 1965 4698; baseline 0.001 -3"><span class='ocrx_word' id='word_1_595' title='bbox 385 4639 672 4696; x_wconf 86' lang='lat' dir='ltr'><strong>Psalmista</strong></span> <span class='ocrx_word' id='word_1_596' title='bbox 716 4643 792 4696; x_wconf 86' lang='lat' dir='ltr'><strong>ait</strong></span> <span class='ocrx_word' id='word_1_597' title='bbox 820 4662 832 4696; x_wconf 93' lang='lat'>:</span> <span class='ocrx_word' id='word_1_598' title='bbox 865 4641 1033 4698; x_wconf 87' lang='lat' dir='ltr'><strong>Credo</strong></span> <span class='ocrx_word' id='word_1_599' title='bbox 1069 4645 1242 4698; x_wconf 89' lang='lat' dir='ltr'><strong>videre</strong></span> <span class='ocrx_word' id='word_1_600' title='bbox 1281 4644 1415 4698; x_wconf 88' lang='lat' dir='ltr'><strong>bona</strong></span> <span class='ocrx_word' id='word_1_601' title='bbox 1441 4645 1495 4697; x_wconf 90' lang='lat' dir='ltr'><strong>in</strong></span> <span class='ocrx_word' id='word_1_602' title='bbox 1518 4653 1658 4698; x_wconf 91' lang='lat' dir='ltr'><strong>terra</strong></span> <span class='ocrx_word' id='word_1_603' title='bbox 1685 4645 1965 4698; x_wconf 81' lang='lat' dir='ltr'><strong>viventium</strong></span> 
     </span>
    </p>
   </div>
   <div class='ocr_carea' id='block_1_79' title="bbox 389 4729 1968 4805">
    <p class='ocr_par' dir='ltr' id='par_1_79' title="bbox 389 4729 1968 4805">
     <span class='ocr_line' id='line_1_79' title="bbox 389 4729 1968 4805; baseline 0.004 -23"><span class='ocrx_word' id='word_1_604' title='bbox 389 4729 565 4800; x_wconf 85' lang='lat' dir='ltr'><strong>(Psal.</strong></span> <span class='ocrx_word' id='word_1_605' title='bbox 592 4746 740 4797; x_wconf 75' lang='lat' dir='ltr'><strong>xxvi,</strong></span> <span class='ocrx_word' id='word_1_606' title='bbox 785 4731 894 4805; x_wconf 78' lang='grc'><strong>15).</strong></span> <span class='ocrx_word' id='word_1_607' title='bbox 942 4733 1098 4788; x_wconf 86' lang='lat' dir='ltr'><strong>Vides</strong></span> <span class='ocrx_word' id='word_1_608' title='bbox 1121 4734 1245 4803; x_wconf 90' lang='lat' dir='ltr'><strong>quia</strong></span> <span class='ocrx_word' id='word_1_609' title='bbox 1271 4732 1411 4788; x_wconf 90' lang='lat' dir='ltr'><strong>bona</strong></span> <span class='ocrx_word' id='word_1_610' title='bbox 1436 4739 1599 4787; x_wconf 77' lang='lat' dir='ltr'><strong>terra:</strong></span> <span class='ocrx_word' id='word_1_611' title='bbox 1619 4739 1834 4787; x_wconf 62' lang='lat' dir='ltr'><strong>aeterna:</strong></span> <span class='ocrx_word' id='word_1_612' title='bbox 1859 4733 1968 4788; x_wconf 89' lang='lat' dir='ltr'><strong>illis</strong></span> 
     </span>
    </p>
   </div>
   <div class='ocr_carea' id='block_1_80' title="bbox 388 4825 1967 4898">
    <p class='ocr_par' dir='ltr' id='par_1_80' title="bbox 388 4825 1967 4898">
     <span class='ocr_line' id='line_1_80' title="bbox 388 4825 1967 4898; baseline 0.002 -18"><span class='ocrx_word' id='word_1_613' title='bbox 388 4825 609 4896; x_wconf 88' lang='lat' dir='ltr'><strong>regibus</strong></span> <span class='ocrx_word' id='word_1_614' title='bbox 643 4829 1031 4894; x_wconf 90' lang='lat' dir='ltr'><strong>conceduntur,</strong></span> <span class='ocrx_word' id='word_1_615' title='bbox 1061 4829 1152 4898; x_wconf 90' lang='lat' dir='ltr'><strong>qui</strong></span> <span class='ocrx_word' id='word_1_616' title='bbox 1190 4829 1279 4883; x_wconf 88' lang='lat' dir='ltr'><strong>hic</strong></span> <span class='ocrx_word' id='word_1_617' title='bbox 1324 4842 1621 4898; x_wconf 86' lang='lat' dir='ltr'><strong>pauperum</strong></span> <span class='ocrx_word' id='word_1_618' title='bbox 1654 4826 1967 4883; x_wconf 80' lang='lat' dir='ltr'><strong>defensores</strong></span> 
     </span>
    </p>
   </div>
   <div class='ocr_carea' id='block_1_81' title="bbox 388 4916 1967 4974">
    <p class='ocr_par' dir='ltr' id='par_1_81' title="bbox 388 4916 1967 4974">
     <span class='ocr_line' id='line_1_81' title="bbox 388 4916 1967 4974; baseline 0 -4"><span class='ocrx_word' id='word_1_619' title='bbox 388 4917 652 4971; x_wconf 83' lang='lat' dir='ltr'><strong>existunt.</strong></span> <span class='ocrx_word' id='word_1_620' title='bbox 697 4917 806 4973; x_wconf 87' lang='lat' dir='ltr'><strong>lllis</strong></span> <span class='ocrx_word' id='word_1_621' title='bbox 845 4919 898 4972; x_wconf 91' lang='lat' dir='ltr'><strong>in</strong></span> <span class='ocrx_word' id='word_1_622' title='bbox 933 4933 1114 4974; x_wconf 88' lang='lat' dir='ltr'><strong>escam</strong></span> <span class='ocrx_word' id='word_1_623' title='bbox 1158 4916 1364 4972; x_wconf 89' lang='lat' dir='ltr'><strong>fructus</strong></span> <span class='ocrx_word' id='word_1_624' title='bbox 1410 4924 1627 4972; x_wconf 77' lang='lat' dir='ltr'><strong>acterna:</strong></span> <span class='ocrx_word' id='word_1_625' title='bbox 1654 4917 1967 4971; x_wconf 89' lang='lat' dir='ltr'><strong>conceditur</strong></span> 
     </span>
    </p>
   </div>
   <div class='ocr_carea' id='block_1_82' title="bbox 390 5005 1966 5078">
    <p class='ocr_par' dir='ltr' id='par_1_82' title="bbox 390 5005 1966 5078">
     <span class='ocr_line' id='line_1_82' title="bbox 390 5005 1966 5078; baseline 0.001 -19"><span class='ocrx_word' id='word_1_626' title='bbox 390 5012 572 5069; x_wconf 82' lang='lat' dir='ltr'><strong>terrae,</strong></span> <span class='ocrx_word' id='word_1_627' title='bbox 599 5007 691 5076; x_wconf 86' lang='lat' dir='ltr'><strong>qui</strong></span> <span class='ocrx_word' id='word_1_628' title='bbox 708 5007 797 5062; x_wconf 90' lang='lat' dir='ltr'><strong>hic</strong></span> <span class='ocrx_word' id='word_1_629' title='bbox 813 5021 1076 5078; x_wconf 86' lang='lat' dir='ltr'><strong>pauperes</strong></span> <span class='ocrx_word' id='word_1_630' title='bbox 1101 5007 1276 5062; x_wconf 91' lang='lat' dir='ltr'><strong>sciunt</strong></span> <span class='ocrx_word' id='word_1_631' title='bbox 1302 5005 1591 5060; x_wconf 86' lang='lat' dir='ltr'><strong>defendere</strong></span> <span class='ocrx_word' id='word_1_632' title='bbox 1619 5006 1726 5076; x_wconf 87' lang='lat' dir='ltr'><strong>pie.</strong></span> <span class='ocrx_word' id='word_1_633' title='bbox 1759 5005 1966 5061; x_wconf 89' lang='lat' dir='ltr'><strong>fructus</strong></span> 
     </span>
    </p>
   </div>
   <div class='ocr_carea' id='block_1_83' title="bbox 387 5094 1966 5178">
    <p class='ocr_par' dir='ltr' id='par_1_83' title="bbox 387 5094 1966 5178">
     <span class='ocr_line' id='line_1_83' title="bbox 387 5094 1966 5178; baseline 0.001 -30"><span class='ocrx_word' id='word_1_634' title='bbox 387 5094 624 5165; x_wconf 88' lang='lat' dir='ltr'><strong>optimos</strong></span> <span class='ocrx_word' id='word_1_635' title='bbox 645 5096 852 5152; x_wconf 88' lang='lat' dir='ltr'><strong>scilicet</strong></span> <span class='ocrx_word' id='word_1_636' title='bbox 871 5097 1203 5168; x_wconf 82' lang='lat' dir='ltr'><strong>angelorum,</strong></span> <span class='ocrx_word' id='word_1_637' title='bbox 1237 5095 1445 5150; x_wconf 87' lang='lat' dir='ltr'><strong>fructus</strong></span> <span class='ocrx_word' id='word_1_638' title='bbox 1474 5104 1729 5178; x_wconf 62' lang='lat' dir='ltr'><strong>aeternos,</strong></span> <span class='ocrx_word' id='word_1_639' title='bbox 1759 5095 1966 5150; x_wconf 89' lang='lat' dir='ltr'><strong>fructus</strong></span> 
     </span>
    </p>
   </div>
   <div class='ocr_carea' id='block_1_84' title="bbox 388 5186 1968 5257">
    <p class='ocr_par' dir='ltr' id='par_1_84' title="bbox 388 5186 1968 5257">
     <span class='ocr_line' id='line_1_84' title="bbox 388 5186 1968 5257; baseline 0.001 -16"><span class='ocrx_word' id='word_1_640' title='bbox 388 5195 702 5257; x_wconf 87' lang='lat' dir='ltr'><strong>perpetuos,</strong></span> <span class='ocrx_word' id='word_1_641' title='bbox 726 5187 933 5244; x_wconf 89' lang='lat' dir='ltr'><strong>fructus</strong></span> <span class='ocrx_word' id='word_1_642' title='bbox 954 5188 1292 5244; x_wconf 88' lang='lat' dir='ltr'><strong>dulcissimos</strong></span> <span class='ocrx_word' id='word_1_643' title='bbox 1315 5196 1370 5241; x_wconf 91' lang='lat' dir='ltr'><strong>et</strong></span> <span class='ocrx_word' id='word_1_644' title='bbox 1413 5187 1834 5252; x_wconf 87' lang='lat' dir='ltr'><strong>amantissimos,</strong></span> <span class='ocrx_word' id='word_1_645' title='bbox 1855 5186 1968 5256; x_wconf 92' lang='lat' dir='ltr'><strong>ple-</strong></span> 
     </span>
    </p>
   </div>
   <div class='ocr_carea' id='block_1_85' title="bbox 390 5275 1968 5350">
    <p class='ocr_par' dir='ltr' id='par_1_85' title="bbox 390 5275 1968 5350">
     <span class='ocr_line' id='line_1_85' title="bbox 390 5275 1968 5350; baseline -0.001 -19"><span class='ocrx_word' id='word_1_646' title='bbox 390 5290 492 5331; x_wconf 88' lang='lat' dir='ltr'><strong>nos</strong></span> <span class='ocrx_word' id='word_1_647' title='bbox 534 5278 818 5332; x_wconf 85' lang='lat' dir='ltr'><strong>saturitate</strong></span> <span class='ocrx_word' id='word_1_648' title='bbox 845 5286 898 5332; x_wconf 91' lang='lat' dir='ltr'><strong>et</strong></span> <span class='ocrx_word' id='word_1_649' title='bbox 930 5277 1274 5350; x_wconf 89' lang='lat' dir='ltr'><strong>pinguedine,</strong></span> <span class='ocrx_word' id='word_1_650' title='bbox 1319 5276 1506 5346; x_wconf 90' lang='lat' dir='ltr'><strong>plenos</strong></span> <span class='ocrx_word' id='word_1_651' title='bbox 1531 5275 1718 5330; x_wconf 66' lang='lat' dir='ltr'><strong>laetitia</strong></span> <span class='ocrx_word' id='word_1_652' title='bbox 1757 5283 1812 5330; x_wconf 91' lang='lat' dir='ltr'><strong>et</strong></span> <span class='ocrx_word' id='word_1_653' title='bbox 1838 5291 1968 5347; x_wconf 86' lang='lat' dir='ltr'><strong>gau-</strong></span> 
     </span>
    </p>
   </div>
   <div class='ocr_carea' id='block_1_86' title="bbox 389 5367 1325 5440">
    <p class='ocr_par' dir='ltr' id='par_1_86' title="bbox 389 5367 1325 5440">
     <span class='ocr_line' id='line_1_86' title="bbox 389 5367 1325 5440; baseline 0.001 -19"><span class='ocrx_word' id='word_1_654' title='bbox 389 5367 501 5432; x_wconf 88' lang='lat' dir='ltr'><strong>dio,</strong></span> <span class='ocrx_word' id='word_1_655' title='bbox 533 5367 722 5437; x_wconf 86' lang='lat' dir='ltr'><strong>plenos</strong></span> <span class='ocrx_word' id='word_1_656' title='bbox 759 5368 1012 5424; x_wconf 84' lang='lat' dir='ltr'><strong>felicitate</strong></span> <span class='ocrx_word' id='word_1_657' title='bbox 1045 5377 1100 5424; x_wconf 90' lang='lat' dir='ltr'><strong>et</strong></span> <span class='ocrx_word' id='word_1_658' title='bbox 1135 5368 1325 5440; x_wconf 83' lang='lat' dir='ltr'><strong>gloria.</strong></span> 
     </span>
    </p>
   </div>
   <div class='ocr_carea' id='block_1_87' title="bbox 463 5456 1967 5531">
    <p class='ocr_par' dir='ltr' id='par_1_87' title="bbox 463 5456 1967 5531">
     <span class='ocr_line' id='line_1_87' title="bbox 463 5456 1967 5531; baseline 0.003 -20"><span class='ocrx_word' id='word_1_659' title='bbox 463 5456 509 5512; x_wconf 92' lang='lat'><strong>0</strong></span> <span class='ocrx_word' id='word_1_660' title='bbox 535 5473 697 5528; x_wconf 87' lang='lat' dir='ltr'><strong>quam</strong></span> <span class='ocrx_word' id='word_1_661' title='bbox 743 5459 901 5514; x_wconf 90' lang='lat' dir='ltr'><strong>beata</strong></span> <span class='ocrx_word' id='word_1_662' title='bbox 941 5468 1024 5515; x_wconf 89' lang='lat' dir='ltr'><strong>est</strong></span> <span class='ocrx_word' id='word_1_663' title='bbox 1051 5459 1160 5514; x_wconf 86' lang='lat' dir='ltr'><strong>vita</strong></span> <span class='ocrx_word' id='word_1_664' title='bbox 1206 5475 1392 5531; x_wconf 88' lang='lat' dir='ltr'><strong>regum</strong></span> <span class='ocrx_word' id='word_1_665' title='bbox 1427 5460 1720 5530; x_wconf 85' lang='lat' dir='ltr'><strong>justorum,</strong></span> <span class='ocrx_word' id='word_1_666' title='bbox 1767 5473 1887 5530; x_wconf 67' lang='lat' dir='ltr'><strong>quae</strong></span> <span class='ocrx_word' id='word_1_667' title='bbox 1912 5469 1967 5516; x_wconf 90' lang='lat' dir='ltr'><strong>et</strong></span> 
     </span>
    </p>
   </div>
   <div class='ocr_carea' id='block_1_88' title="bbox 392 5546 1966 5619">
    <p class='ocr_par' dir='ltr' id='par_1_88' title="bbox 392 5546 1966 5619">
     <span class='ocr_line' id='line_1_88' title="bbox 392 5546 1966 5619; baseline 0.003 -17"><span class='ocrx_word' id='word_1_668' title='bbox 392 5546 486 5602; x_wconf 86' lang='lat' dir='ltr'><strong>hic</strong></span> <span class='ocrx_word' id='word_1_669' title='bbox 509 5549 894 5619; x_wconf 83' lang='lat' dir='ltr'><strong>temporalibus</strong></span> <span class='ocrx_word' id='word_1_670' title='bbox 915 5551 1078 5605; x_wconf 89' lang='lat' dir='ltr'><strong>rebus</strong></span> <span class='ocrx_word' id='word_1_671' title='bbox 1103 5547 1233 5604; x_wconf 86' lang='lat' dir='ltr'><strong>fulta</strong></span> <span class='ocrx_word' id='word_1_672' title='bbox 1267 5551 1504 5614; x_wconf 90' lang='lat' dir='ltr'><strong>nitescit,</strong></span> <span class='ocrx_word' id='word_1_673' title='bbox 1535 5557 1590 5605; x_wconf 90' lang='lat' dir='ltr'><strong>et</strong></span> <span class='ocrx_word' id='word_1_674' title='bbox 1623 5550 1676 5604; x_wconf 87' lang='lat' dir='ltr'><strong>in</strong></span> <span class='ocrx_word' id='word_1_675' title='bbox 1707 5557 1966 5606; x_wconf 77' lang='lat' dir='ltr'><strong>:eternum</strong></span> 
     </span>
    </p>
   </div>
   <div class='ocr_carea' id='block_1_89' title="bbox 392 5639 1970 5712">
    <p class='ocr_par' dir='ltr' id='par_1_89' title="bbox 392 5639 1970 5712">
     <span class='ocr_line' id='line_1_89' title="bbox 392 5639 1970 5712; baseline 0.004 -22"><span class='ocrx_word' id='word_1_676' title='bbox 392 5653 517 5691; x_wconf 91' lang='lat' dir='ltr'><strong>cum</strong></span> <span class='ocrx_word' id='word_1_677' title='bbox 568 5639 770 5711; x_wconf 86' lang='lat' dir='ltr'><strong>angelis</strong></span> <span class='ocrx_word' id='word_1_678' title='bbox 813 5639 1191 5696; x_wconf 77' lang='lat' dir='ltr'><strong>immortaliter</strong></span> <span class='ocrx_word' id='word_1_679' title='bbox 1233 5641 1522 5712; x_wconf 88' lang='lat' dir='ltr'><strong>requiescit</strong></span> <span class='ocrx_word' id='word_1_680' title='bbox 1562 5659 1574 5694; x_wconf 93' lang='lat'>:</span> <span class='ocrx_word' id='word_1_681' title='bbox 1606 5640 1696 5696; x_wconf 90' lang='lat' dir='ltr'><strong>hic</strong></span> <span class='ocrx_word' id='word_1_682' title='bbox 1736 5642 1970 5698; x_wconf 88' lang='lat' dir='ltr'><strong>terrenis</strong></span> 
     </span>
    </p>
   </div>
   <div class='ocr_carea' id='block_1_90' title="bbox 392 5728 1966 5803">
    <p class='ocr_par' dir='ltr' id='par_1_90' title="bbox 392 5728 1966 5803">
     <span class='ocr_line' id='line_1_90' title="bbox 392 5728 1966 5803; baseline 0.002 -19"><span class='ocrx_word' id='word_1_683' title='bbox 392 5728 634 5786; x_wconf 86' lang='lat' dir='ltr'><strong>nutritur</strong></span> <span class='ocrx_word' id='word_1_684' title='bbox 677 5731 906 5797; x_wconf 88' lang='lat' dir='ltr'><strong>deliciis,</strong></span> <span class='ocrx_word' id='word_1_685' title='bbox 955 5730 1063 5787; x_wconf 90' lang='lat' dir='ltr'><strong>illic</strong></span> <span class='ocrx_word' id='word_1_686' title='bbox 1115 5731 1286 5803; x_wconf 87' lang='lat' dir='ltr'><strong>gloria</strong></span> <span class='ocrx_word' id='word_1_687' title='bbox 1335 5732 1563 5788; x_wconf 86' lang='lat' dir='ltr'><strong>vcstitur</strong></span> <span class='ocrx_word' id='word_1_688' title='bbox 1607 5731 1845 5795; x_wconf 83' lang='lat' dir='ltr'><strong>decoris;</strong></span> <span class='ocrx_word' id='word_1_689' title='bbox 1878 5730 1966 5787; x_wconf 85' lang='lat' dir='ltr'><strong>hic</strong></span> 
     </span>
    </p>
   </div>
   <div class='ocr_carea' id='block_1_91' title="bbox 2058 3370 3645 3440">
    <p class='ocr_par' dir='ltr' id='par_1_91' title="bbox 2058 3370 3645 3440">
     <span class='ocr_line' id='line_1_91' title="bbox 2058 3370 3645 3440; baseline -0.003 -14"><span class='ocrx_word' id='word_1_690' title='bbox 2058 3388 2176 3427; x_wconf 90' lang='lat' dir='ltr'><strong>eum</strong></span> <span class='ocrx_word' id='word_1_691' title='bbox 2198 3387 2438 3426; x_wconf 83' lang='lat' dir='ltr'><strong>uacuum.</strong></span> <span class='ocrx_word' id='word_1_692' title='bbox 2463 3370 2731 3426; x_wconf 85' lang='lat' dir='ltr'><strong>Conclude</strong></span> <span class='ocrx_word' id='word_1_693' title='bbox 2761 3371 3142 3440; x_wconf 77' lang='lat' dir='ltr'><strong>elemosynam</strong></span> <span class='ocrx_word' id='word_1_694' title='bbox 3167 3372 3222 3424; x_wconf 89' lang='lat' dir='ltr'><strong>in</strong></span> <span class='ocrx_word' id='word_1_695' title='bbox 3264 3385 3355 3422; x_wconf 89' lang='lat' dir='ltr'><strong>cor</strong></span> <span class='ocrx_word' id='word_1_696' title='bbox 3378 3370 3645 3440; x_wconf 89' lang='lat' dir='ltr'><strong>pauperis,</strong></span> 
     </span>
    </p>
   </div>
   <div class='ocr_carea' id='block_1_92' title="bbox 2059 3458 3646 3531">
    <p class='ocr_par' dir='ltr' id='par_1_92' title="bbox 2059 3458 3646 3531">
     <span class='ocr_line' id='line_1_92' title="bbox 2059 3458 3646 3531; baseline -0.002 -16"><span class='ocrx_word' id='word_1_697' title='bbox 2059 3472 2106 3515; x_wconf 88' lang='lat' dir='ltr'><strong>et</strong></span> <span class='ocrx_word' id='word_1_698' title='bbox 2133 3462 2244 3515; x_wconf 71' lang='lat' dir='ltr'><strong>hac</strong></span> <span class='ocrx_word' id='word_1_699' title='bbox 2268 3477 2365 3531; x_wconf 92' lang='lat' dir='ltr'><strong>pro</strong></span> <span class='ocrx_word' id='word_1_700' title='bbox 2393 3470 2442 3514; x_wconf 91' lang='lat' dir='ltr'><strong>te</strong></span> <span class='ocrx_word' id='word_1_701' title='bbox 2494 3461 2730 3515; x_wconf 73' lang='lat' dir='ltr'><strong>exorabit</strong></span> <span class='ocrx_word' id='word_1_702' title='bbox 2768 3461 2835 3514; x_wconf 86' lang='lat' dir='ltr'><strong>ab</strong></span> <span class='ocrx_word' id='word_1_703' title='bbox 2865 3462 3006 3514; x_wconf 88' lang='lat' dir='ltr'><strong>omni</strong></span> <span class='ocrx_word' id='word_1_704' title='bbox 3031 3459 3192 3514; x_wconf 89' lang='lat' dir='ltr'><strong>malo.</strong></span> <span class='ocrx_word' id='word_1_705' title='bbox 3243 3458 3416 3529; x_wconf 89' lang='lat' dir='ltr'><strong>Super</strong></span> <span class='ocrx_word' id='word_1_706' title='bbox 3440 3468 3646 3514; x_wconf 88' lang='lat' dir='ltr'><strong>scutum</strong></span> 
     </span>
    </p>
   </div>
   <div class='ocr_carea' id='block_1_93' title="bbox 2060 3549 3645 3620">
    <p class='ocr_par' dir='ltr' id='par_1_93' title="bbox 2060 3549 3645 3620">
     <span class='ocr_line' id='line_1_93' title="bbox 2060 3549 3645 3620; baseline -0.001 -16"><span class='ocrx_word' id='word_1_707' title='bbox 2060 3552 2303 3620; x_wconf 84' lang='lat' dir='ltr'><strong>potentis,</strong></span> <span class='ocrx_word' id='word_1_708' title='bbox 2348 3559 2397 3604; x_wconf 90' lang='lat' dir='ltr'><strong>et</strong></span> <span class='ocrx_word' id='word_1_709' title='bbox 2427 3567 2584 3619; x_wconf 85' lang='lat' dir='ltr'><strong>super</strong></span> <span class='ocrx_word' id='word_1_710' title='bbox 2621 3550 2861 3603; x_wconf 87' lang='lat' dir='ltr'><strong>lanceam</strong></span> <span class='ocrx_word' id='word_1_711' title='bbox 2907 3549 3158 3604; x_wconf 82' lang='lat' dir='ltr'><strong>adversus</strong></span> <span class='ocrx_word' id='word_1_712' title='bbox 3197 3549 3471 3603; x_wconf 86' lang='lat' dir='ltr'><strong>inimicum</strong></span> <span class='ocrx_word' id='word_1_713' title='bbox 3498 3558 3645 3602; x_wconf 88' lang='lat' dir='ltr'><strong>tuum</strong></span> 
     </span>
    </p>
   </div>
   <div class='ocr_carea' id='block_1_94' title="bbox 2060 3635 3645 3712">
    <p class='ocr_par' dir='ltr' id='par_1_94' title="bbox 2060 3635 3645 3712">
     <span class='ocr_line' id='line_1_94' title="bbox 2060 3635 3645 3712; baseline -0.001 -19"><span class='ocrx_word' id='word_1_714' title='bbox 2060 3640 2303 3712; x_wconf 86' lang='lat' dir='ltr'><strong>purgabit</strong></span> <span class='ocrx_word' id='word_1_715' title='bbox 2351 3639 2544 3710; x_wconf 81' lang='lat' dir='ltr'><strong>(Eccli.</strong></span> <span class='ocrx_word' id='word_1_716' title='bbox 2575 3635 2728 3704; x_wconf 68' lang='lat' dir='ltr'><strong>xxix,</strong></span> <span class='ocrx_word' id='word_1_717' title='bbox 2760 3639 2848 3705; x_wconf 69' lang='grc'><strong>12,</strong></span> <span class='ocrx_word' id='word_1_718' title='bbox 2881 3639 2968 3706; x_wconf 87' lang='grc'><strong>15,</strong></span> <span class='ocrx_word' id='word_1_719' title='bbox 2999 3639 3112 3705; x_wconf 88' lang='grc'><strong>18).</strong></span> <span class='ocrx_word' id='word_1_720' title='bbox 3153 3638 3260 3694; x_wconf 84' lang='lat' dir='ltr'><strong>Sed</strong></span> <span class='ocrx_word' id='word_1_721' title='bbox 3283 3647 3338 3694; x_wconf 87' lang='lat' dir='ltr'><strong>et</strong></span> <span class='ocrx_word' id='word_1_722' title='bbox 3375 3639 3519 3708; x_wconf 85' lang='lat' dir='ltr'><strong>quod</strong></span> <span class='ocrx_word' id='word_1_723' title='bbox 3543 3639 3645 3694; x_wconf 87' lang='lat' dir='ltr'><strong>ista</strong></span> 
     </span>
    </p>
   </div>
   <div class='ocr_carea' id='block_1_95' title="bbox 2061 3731 3641 3803">
    <p class='ocr_par' dir='ltr' id='par_1_95' title="bbox 2061 3731 3641 3803">
     <span class='ocr_line' id='line_1_95' title="bbox 2061 3731 3641 3803; baseline -0.001 -17"><span class='ocrx_word' id='word_1_724' title='bbox 2061 3734 2234 3787; x_wconf 88' lang='lat' dir='ltr'><strong>virtus</strong></span> <span class='ocrx_word' id='word_1_725' title='bbox 2263 3733 2334 3787; x_wconf 89' lang='lat' dir='ltr'><strong>sit</strong></span> <span class='ocrx_word' id='word_1_726' title='bbox 2359 3732 2526 3803; x_wconf 88' lang='lat' dir='ltr'><strong>regia,</strong></span> <span class='ocrx_word' id='word_1_727' title='bbox 2568 3746 2664 3786; x_wconf 88' lang='lat' dir='ltr'><strong>rex</strong></span> <span class='ocrx_word' id='word_1_728' title='bbox 2695 3731 2949 3788; x_wconf 87' lang='lat' dir='ltr'><strong>Salomon</strong></span> <span class='ocrx_word' id='word_1_729' title='bbox 2994 3732 3048 3786; x_wconf 92' lang='lat' dir='ltr'><strong>in</strong></span> <span class='ocrx_word' id='word_1_730' title='bbox 3076 3731 3387 3786; x_wconf 87' lang='lat' dir='ltr'><strong>Proverbiis</strong></span> <span class='ocrx_word' id='word_1_731' title='bbox 3407 3731 3641 3796; x_wconf 84' lang='lat' dir='ltr'><strong>indicat;</strong></span> 
     </span>
    </p>
   </div>
   <div class='ocr_carea' id='block_1_96' title="bbox 2064 3821 3646 3893">
    <p class='ocr_par' dir='ltr' id='par_1_96' title="bbox 2064 3821 3646 3893">
     <span class='ocr_line' id='line_1_96' title="bbox 2064 3821 3646 3893; baseline -0.001 -16"><span class='ocrx_word' id='word_1_732' title='bbox 2064 3823 2142 3877; x_wconf 85' lang='lat' dir='ltr'><strong>ait</strong></span> <span class='ocrx_word' id='word_1_733' title='bbox 2165 3823 2311 3878; x_wconf 88' lang='lat' dir='ltr'><strong>enim</strong></span> <span class='ocrx_word' id='word_1_734' title='bbox 2334 3835 2350 3878; x_wconf 90' lang='lat'><strong>:</strong></span> <span class='ocrx_word' id='word_1_735' title='bbox 2383 3821 2751 3877; x_wconf 79' lang='lat' dir='ltr'><strong>Misericordia</strong></span> <span class='ocrx_word' id='word_1_736' title='bbox 2767 3831 2815 3876; x_wconf 91' lang='lat' dir='ltr'><strong>et</strong></span> <span class='ocrx_word' id='word_1_737' title='bbox 2841 3823 3031 3877; x_wconf 86' lang='lat' dir='ltr'><strong>veritas</strong></span> <span class='ocrx_word' id='word_1_738' title='bbox 3051 3822 3354 3877; x_wconf 87' lang='lat' dir='ltr'><strong>custodiunt</strong></span> <span class='ocrx_word' id='word_1_739' title='bbox 3377 3838 3566 3893; x_wconf 86' lang='lat' dir='ltr'><strong>regem,</strong></span> <span class='ocrx_word' id='word_1_740' title='bbox 3595 3833 3646 3876; x_wconf 87' lang='lat' dir='ltr'><strong>et</strong></span> 
     </span>
    </p>
   </div>
   <div class='ocr_carea' id='block_1_97' title="bbox 2064 3913 3642 3986">
    <p class='ocr_par' dir='ltr' id='par_1_97' title="bbox 2064 3913 3642 3986">
     <span class='ocr_line' id='line_1_97' title="bbox 2064 3913 3642 3986; baseline -0.001 -18"><span class='ocrx_word' id='word_1_741' title='bbox 2064 3915 2344 3969; x_wconf 87' lang='lat' dir='ltr'><strong>roboratur</strong></span> <span class='ocrx_word' id='word_1_742' title='bbox 2385 3914 2660 3969; x_wconf 88' lang='lat' dir='ltr'><strong>clementia</strong></span> <span class='ocrx_word' id='word_1_743' title='bbox 2718 3915 2938 3969; x_wconf 76' lang='lat' dir='ltr'><strong>thronus</strong></span> <span class='ocrx_word' id='word_1_744' title='bbox 2982 3913 3096 3984; x_wconf 87' lang='lat' dir='ltr'><strong>ejus</strong></span> <span class='ocrx_word' id='word_1_745' title='bbox 3150 3913 3334 3986; x_wconf 84' lang='lat' dir='ltr'><strong>(Prov.</strong></span> <span class='ocrx_word' id='word_1_746' title='bbox 3389 3929 3482 3979; x_wconf 81' lang='lat' dir='ltr'><strong>xx,</strong></span> <span class='ocrx_word' id='word_1_747' title='bbox 3531 3913 3642 3984; x_wconf 75' lang='grc'><strong>28).</strong></span> 
     </span>
    </p>
   </div>
   <div class='ocr_carea' id='block_1_98' title="bbox 2065 4003 3649 4076">
    <p class='ocr_par' dir='ltr' id='par_1_98' title="bbox 2065 4003 3649 4076">
     <span class='ocr_line' id='line_1_98' title="bbox 2065 4003 3649 4076; baseline 0 -17"><span class='ocrx_word' id='word_1_748' title='bbox 2065 4005 2234 4060; x_wconf 85' lang='lat' dir='ltr'><strong>David</strong></span> <span class='ocrx_word' id='word_1_749' title='bbox 2253 4021 2468 4076; x_wconf 87' lang='lat' dir='ltr'><strong>quoque</strong></span> <span class='ocrx_word' id='word_1_750' title='bbox 2492 4013 2602 4060; x_wconf 85' lang='lat' dir='ltr'><strong>tam</strong></span> <span class='ocrx_word' id='word_1_751' title='bbox 2625 4006 2692 4060; x_wconf 91' lang='lat' dir='ltr'><strong>de</strong></span> <span class='ocrx_word' id='word_1_752' title='bbox 2710 4019 2769 4060; x_wconf 85' lang='lat' dir='ltr'><strong>se</strong></span> <span class='ocrx_word' id='word_1_753' title='bbox 2788 4020 2952 4074; x_wconf 85' lang='lat' dir='ltr'><strong>quam</strong></span> <span class='ocrx_word' id='word_1_754' title='bbox 2975 4013 3031 4059; x_wconf 88' lang='lat' dir='ltr'><strong>et</strong></span> <span class='ocrx_word' id='word_1_755' title='bbox 3056 4006 3123 4059; x_wconf 91' lang='lat' dir='ltr'><strong>de</strong></span> <span class='ocrx_word' id='word_1_756' title='bbox 3146 4005 3398 4059; x_wconf 87' lang='lat' dir='ltr'><strong>omnibus</strong></span> <span class='ocrx_word' id='word_1_757' title='bbox 3413 4003 3649 4059; x_wconf 90' lang='lat' dir='ltr'><strong>eleemo-</strong></span> 
     </span>
    </p>
   </div>
   <div class='ocr_carea' id='block_1_99' title="bbox 2064 4094 3646 4167">
    <p class='ocr_par' dir='ltr' id='par_1_99' title="bbox 2064 4094 3646 4167">
     <span class='ocr_line' id='line_1_99' title="bbox 2064 4094 3646 4167; baseline -0.004 -15"><span class='ocrx_word' id='word_1_758' title='bbox 2064 4111 2226 4167; x_wconf 87' lang='lat' dir='ltr'><strong>synas</strong></span> <span class='ocrx_word' id='word_1_759' title='bbox 2253 4096 2680 4151; x_wconf 89' lang='lat' dir='ltr'><strong>misericorditer</strong></span> <span class='ocrx_word' id='word_1_760' title='bbox 2722 4094 3051 4150; x_wconf 88' lang='lat' dir='ltr'><strong>facientibus</strong></span> <span class='ocrx_word' id='word_1_761' title='bbox 3079 4095 3156 4148; x_wconf 87' lang='lat' dir='ltr'><strong>ait</strong></span> <span class='ocrx_word' id='word_1_762' title='bbox 3186 4109 3202 4148; x_wconf 85' lang='lat'><strong>:</strong></span> <span class='ocrx_word' id='word_1_763' title='bbox 3229 4094 3424 4148; x_wconf 86' lang='lat' dir='ltr'><strong>Beatus</strong></span> <span class='ocrx_word' id='word_1_764' title='bbox 3454 4095 3535 4148; x_wconf 84' lang='lat' dir='ltr'><strong>vir</strong></span> <span class='ocrx_word' id='word_1_765' title='bbox 3555 4095 3646 4165; x_wconf 87' lang='lat' dir='ltr'><strong>qui</strong></span> 
     </span>
    </p>
   </div>
   <div class='ocr_carea' id='block_1_100' title="bbox 2065 4184 3650 4258">
    <p class='ocr_par' dir='ltr' id='par_1_100' title="bbox 2065 4184 3650 4258">
     <span class='ocr_line' id='line_1_100' title="bbox 2065 4184 3650 4258; baseline 0.001 -19"><span class='ocrx_word' id='word_1_766' title='bbox 2065 4185 2306 4258; x_wconf 80' lang='lat' dir='ltr'><strong>intelligit</strong></span> <span class='ocrx_word' id='word_1_767' title='bbox 2325 4202 2482 4256; x_wconf 88' lang='lat' dir='ltr'><strong>super</strong></span> <span class='ocrx_word' id='word_1_768' title='bbox 2508 4202 2726 4257; x_wconf 84' lang='lat' dir='ltr'><strong>egenum</strong></span> <span class='ocrx_word' id='word_1_769' title='bbox 2752 4195 2800 4241; x_wconf 86' lang='lat' dir='ltr'><strong>et</strong></span> <span class='ocrx_word' id='word_1_770' title='bbox 2819 4202 3099 4256; x_wconf 87' lang='lat' dir='ltr'><strong>pauperem</strong></span> <span class='ocrx_word' id='word_1_771' title='bbox 3127 4199 3146 4237; x_wconf 89' lang='lat'><strong><em>:</em></strong></span> <span class='ocrx_word' id='word_1_772' title='bbox 3177 4186 3234 4239; x_wconf 90' lang='lat' dir='ltr'><strong>in</strong></span> <span class='ocrx_word' id='word_1_773' title='bbox 3258 4186 3342 4239; x_wconf 89' lang='lat' dir='ltr'><strong>die</strong></span> <span class='ocrx_word' id='word_1_774' title='bbox 3364 4184 3506 4240; x_wconf 91' lang='lat' dir='ltr'><strong>mala</strong></span> <span class='ocrx_word' id='word_1_775' title='bbox 3527 4186 3650 4240; x_wconf 86' lang='lat' dir='ltr'><strong>libe-</strong></span> 
     </span>
    </p>
   </div>
   <div class='ocr_carea' id='block_1_101' title="bbox 2065 4274 3645 4349">
    <p class='ocr_par' dir='ltr' id='par_1_101' title="bbox 2065 4274 3645 4349">
     <span class='ocr_line' id='line_1_101' title="bbox 2065 4274 3645 4349; baseline -0.002 -19"><span class='ocrx_word' id='word_1_776' title='bbox 2065 4277 2202 4331; x_wconf 90' lang='lat' dir='ltr'><strong>rabit</strong></span> <span class='ocrx_word' id='word_1_777' title='bbox 2229 4294 2347 4331; x_wconf 87' lang='lat' dir='ltr'><strong>eum</strong></span> <span class='ocrx_word' id='word_1_778' title='bbox 2367 4276 2622 4331; x_wconf 87' lang='lat' dir='ltr'><strong>Dominus</strong></span> <span class='ocrx_word' id='word_1_779' title='bbox 2648 4276 2822 4348; x_wconf 89' lang='lat' dir='ltr'><strong>(Psal.</strong></span> <span class='ocrx_word' id='word_1_780' title='bbox 2847 4293 2936 4340; x_wconf 75' lang='grc' dir='ltr'><strong>η,</strong></span> <span class='ocrx_word' id='word_1_781' title='bbox 2967 4275 3039 4349; x_wconf 86' lang='grc'><strong>1).</strong></span> <span class='ocrx_word' id='word_1_782' title='bbox 3062 4274 3162 4331; x_wconf 83' lang='lat' dir='ltr'><strong>Job</strong></span> <span class='ocrx_word' id='word_1_783' title='bbox 3183 4289 3399 4346; x_wconf 85' lang='lat' dir='ltr'><strong>quoque</strong></span> <span class='ocrx_word' id='word_1_784' title='bbox 3419 4274 3645 4344; x_wconf 85' lang='lat' dir='ltr'><strong>simplex</strong></span> 
     </span>
    </p>
   </div>
   <div class='ocr_carea' id='block_1_102' title="bbox 2065 4367 3646 4438">
    <p class='ocr_par' dir='ltr' id='par_1_102' title="bbox 2065 4367 3646 4438">
     <span class='ocr_line' id='line_1_102' title="bbox 2065 4367 3646 4438; baseline -0.002 -15"><span class='ocrx_word' id='word_1_785' title='bbox 2065 4378 2123 4424; x_wconf 91' lang='lat' dir='ltr'><strong>et</strong></span> <span class='ocrx_word' id='word_1_786' title='bbox 2164 4377 2344 4424; x_wconf 86' lang='lat' dir='ltr'><strong>rectus</strong></span> <span class='ocrx_word' id='word_1_787' title='bbox 2382 4384 2446 4424; x_wconf 91' lang='lat' dir='ltr'><strong>ac</strong></span> <span class='ocrx_word' id='word_1_788' title='bbox 2476 4370 2672 4424; x_wconf 89' lang='lat' dir='ltr'><strong>timens</strong></span> <span class='ocrx_word' id='word_1_789' title='bbox 2704 4370 2894 4434; x_wconf 89' lang='lat' dir='ltr'><strong>Deum,</strong></span> <span class='ocrx_word' id='word_1_790' title='bbox 2944 4370 3012 4424; x_wconf 93' lang='lat' dir='ltr'><strong>de</strong></span> <span class='ocrx_word' id='word_1_791' title='bbox 3049 4383 3109 4424; x_wconf 89' lang='lat' dir='ltr'><strong>se</strong></span> <span class='ocrx_word' id='word_1_792' title='bbox 3147 4383 3314 4423; x_wconf 86' lang='lat' dir='ltr'><strong>verax</strong></span> <span class='ocrx_word' id='word_1_793' title='bbox 3367 4367 3646 4438; x_wconf 78' lang='lat' dir='ltr'><strong>proferens</strong></span> 
     </span>
    </p>
   </div>
   <div class='ocr_carea' id='block_1_103' title="bbox 2069 4458 3646 4530">
    <p class='ocr_par' dir='ltr' id='par_1_103' title="bbox 2069 4458 3646 4530">
     <span class='ocr_line' id='line_1_103' title="bbox 2069 4458 3646 4530; baseline -0.001 -16"><span class='ocrx_word' id='word_1_794' title='bbox 2069 4459 2458 4524; x_wconf 83' lang='lat' dir='ltr'><strong>testimonium,</strong></span> <span class='ocrx_word' id='word_1_795' title='bbox 2502 4459 2825 4516; x_wconf 85' lang='lat' dir='ltr'><strong>ﬁducialiter</strong></span> <span class='ocrx_word' id='word_1_796' title='bbox 2857 4461 2935 4514; x_wconf 87' lang='lat' dir='ltr'><strong>ait</strong></span> <span class='ocrx_word' id='word_1_797' title='bbox 2979 4479 2993 4514; x_wconf 90' lang='lat'><strong>:</strong></span> <span class='ocrx_word' id='word_1_798' title='bbox 3027 4459 3087 4516; x_wconf 89' lang='lat' dir='ltr'><strong>Si</strong></span> <span class='ocrx_word' id='word_1_799' title='bbox 3116 4460 3299 4530; x_wconf 87' lang='lat' dir='ltr'><strong>negavi</strong></span> <span class='ocrx_word' id='word_1_800' title='bbox 3325 4459 3465 4530; x_wconf 86' lang='lat' dir='ltr'><strong>quod</strong></span> <span class='ocrx_word' id='word_1_801' title='bbox 3511 4458 3646 4513; x_wconf 82' lang='lat' dir='ltr'><strong>vole-</strong></span> 
     </span>
    </p>
   </div>
   <div class='ocr_carea' id='block_1_104' title="bbox 2069 4540 3646 4618">
    <p class='ocr_par' dir='ltr' id='par_1_104' title="bbox 2069 4540 3646 4618">
     <span class='ocr_line' id='line_1_104' title="bbox 2069 4540 3646 4618; baseline -0.001 -17"><span class='ocrx_word' id='word_1_802' title='bbox 2069 4540 2212 4613; x_wconf 68' lang='lat' dir='ltr'><strong>bant,</strong></span> <span class='ocrx_word' id='word_1_803' title='bbox 2241 4548 2576 4618; x_wconf 85' lang='lat' dir='ltr'><strong>pauperibus,</strong></span> <span class='ocrx_word' id='word_1_804' title='bbox 2615 4557 2664 4602; x_wconf 91' lang='lat' dir='ltr'><strong>et</strong></span> <span class='ocrx_word' id='word_1_805' title='bbox 2701 4547 2880 4602; x_wconf 89' lang='lat' dir='ltr'><strong>oculos</strong></span> <span class='ocrx_word' id='word_1_806' title='bbox 2908 4549 3082 4602; x_wconf 71' lang='lat' dir='ltr'><strong>vidua:</strong></span> <span class='ocrx_word' id='word_1_807' title='bbox 3115 4557 3412 4618; x_wconf 73' lang='lat' dir='ltr'><strong>exspectare</strong></span> <span class='ocrx_word' id='word_1_808' title='bbox 3443 4547 3562 4615; x_wconf 84' lang='lat' dir='ltr'><strong>feci.</strong></span> <span class='ocrx_word' id='word_1_809' title='bbox 3587 4544 3646 4602; x_wconf 83' lang='lat' dir='ltr'><strong>Si</strong></span> 
     </span>
    </p>
   </div>
   <div class='ocr_carea' id='block_1_105' title="bbox 2067 4636 3646 4709">
    <p class='ocr_par' dir='ltr' id='par_1_105' title="bbox 2067 4636 3646 4709">
     <span class='ocr_line' id='line_1_105' title="bbox 2067 4636 3646 4709; baseline 0 -15"><span class='ocrx_word' id='word_1_810' title='bbox 2067 4639 2264 4694; x_wconf 85' lang='lat' dir='ltr'><strong>comedi</strong></span> <span class='ocrx_word' id='word_1_811' title='bbox 2289 4639 2573 4694; x_wconf 86' lang='lat' dir='ltr'><strong>buccellam</strong></span> <span class='ocrx_word' id='word_1_812' title='bbox 2591 4656 2762 4694; x_wconf 88' lang='lat' dir='ltr'><strong>meam</strong></span> <span class='ocrx_word' id='word_1_813' title='bbox 2783 4640 2950 4706; x_wconf 87' lang='lat' dir='ltr'><strong>solus,</strong></span> <span class='ocrx_word' id='word_1_814' title='bbox 2973 4649 3023 4694; x_wconf 88' lang='lat' dir='ltr'><strong>et</strong></span> <span class='ocrx_word' id='word_1_815' title='bbox 3046 4657 3150 4694; x_wconf 90' lang='lat' dir='ltr'><strong>non</strong></span> <span class='ocrx_word' id='word_1_816' title='bbox 3175 4639 3396 4693; x_wconf 89' lang='lat' dir='ltr'><strong>comedit</strong></span> <span class='ocrx_word' id='word_1_817' title='bbox 3415 4636 3646 4709; x_wconf 77' lang='lat' dir='ltr'><strong>pupillus</strong></span> 
     </span>
    </p>
   </div>
   <div class='ocr_carea' id='block_1_106' title="bbox 2067 4729 3644 4802">
    <p class='ocr_par' dir='ltr' id='par_1_106' title="bbox 2067 4729 3644 4802">
     <span class='ocr_line' id='line_1_106' title="bbox 2067 4729 3644 4802; baseline -0.001 -18"><span class='ocrx_word' id='word_1_818' title='bbox 2067 4746 2132 4785; x_wconf 79' lang='lat' dir='ltr'><strong>ea:</strong></span> <span class='ocrx_word' id='word_1_819' title='bbox 2163 4746 2246 4784; x_wconf 92' lang='lat' dir='ltr'><strong>ea.</strong></span> <span class='ocrx_word' id='word_1_820' title='bbox 2283 4729 2447 4802; x_wconf 86' lang='lat' dir='ltr'><strong>(Quia</strong></span> <span class='ocrx_word' id='word_1_821' title='bbox 2468 4731 2534 4784; x_wconf 87' lang='lat' dir='ltr'><strong>ab</strong></span> <span class='ocrx_word' id='word_1_822' title='bbox 2556 4730 2784 4800; x_wconf 85' lang='lat' dir='ltr'><strong>infantia</strong></span> <span class='ocrx_word' id='word_1_823' title='bbox 2804 4748 2922 4785; x_wconf 88' lang='lat' dir='ltr'><strong>mea</strong></span> <span class='ocrx_word' id='word_1_824' title='bbox 2947 4731 3106 4784; x_wconf 87' lang='lat' dir='ltr'><strong>crevit</strong></span> <span class='ocrx_word' id='word_1_825' title='bbox 3131 4745 3332 4784; x_wconf 87' lang='lat' dir='ltr'><strong>mecum</strong></span> <span class='ocrx_word' id='word_1_826' title='bbox 3356 4730 3644 4793; x_wconf 88' lang='lat' dir='ltr'><strong>miseratio,</strong></span> 
     </span>
    </p>
   </div>
   <div class='ocr_carea' id='block_1_107' title="bbox 2067 4819 3647 4894">
    <p class='ocr_par' dir='ltr' id='par_1_107' title="bbox 2067 4819 3647 4894">
     <span class='ocr_line' id='line_1_107' title="bbox 2067 4819 3647 4894; baseline -0.001 -16"><span class='ocrx_word' id='word_1_827' title='bbox 2067 4833 2115 4878; x_wconf 86' lang='lat' dir='ltr'><strong>et</strong></span> <span class='ocrx_word' id='word_1_828' title='bbox 2141 4823 2207 4878; x_wconf 91' lang='lat' dir='ltr'><strong>de</strong></span> <span class='ocrx_word' id='word_1_829' title='bbox 2240 4832 2390 4877; x_wconf 85' lang='lat' dir='ltr'><strong>utero</strong></span> <span class='ocrx_word' id='word_1_830' title='bbox 2429 4824 2615 4876; x_wconf 86' lang='lat' dir='ltr'><strong>matris</strong></span> <span class='ocrx_word' id='word_1_831' title='bbox 2657 4838 2784 4877; x_wconf 80' lang='lat' dir='ltr'><strong>mea:</strong></span> <span class='ocrx_word' id='word_1_832' title='bbox 2812 4839 3019 4894; x_wconf 85' lang='lat' dir='ltr'><strong>egressa</strong></span> <span class='ocrx_word' id='word_1_833' title='bbox 3064 4832 3140 4877; x_wconf 88' lang='lat' dir='ltr'><strong>est</strong></span> <span class='ocrx_word' id='word_1_834' title='bbox 3165 4824 3412 4894; x_wconf 88' lang='lat' dir='ltr'><strong>mecum.)</strong></span> <span class='ocrx_word' id='word_1_835' title='bbox 3450 4819 3512 4878; x_wconf 90' lang='lat' dir='ltr'><strong>Si</strong></span> <span class='ocrx_word' id='word_1_836' title='bbox 3553 4822 3647 4876; x_wconf 89' lang='lat' dir='ltr'><strong>de-</strong></span> 
     </span>
    </p>
   </div>
   <div class='ocr_carea' id='block_1_108' title="bbox 2067 4913 3642 4985">
    <p class='ocr_par' dir='ltr' id='par_1_108' title="bbox 2067 4913 3642 4985">
     <span class='ocr_line' id='line_1_108' title="bbox 2067 4913 3642 4985; baseline 0 -17"><span class='ocrx_word' id='word_1_837' title='bbox 2067 4913 2212 4985; x_wconf 72' lang='lat' dir='ltr'><strong>spexi</strong></span> <span class='ocrx_word' id='word_1_838' title='bbox 2255 4923 2576 4984; x_wconf 87' lang='lat' dir='ltr'><strong>pereuntem,</strong></span> <span class='ocrx_word' id='word_1_839' title='bbox 2598 4930 2658 4970; x_wconf 90' lang='lat' dir='ltr'><strong>eo</strong></span> <span class='ocrx_word' id='word_1_840' title='bbox 2698 4915 2838 4985; x_wconf 89' lang='lat' dir='ltr'><strong>quod</strong></span> <span class='ocrx_word' id='word_1_841' title='bbox 2869 4931 2972 4969; x_wconf 90' lang='lat' dir='ltr'><strong>non</strong></span> <span class='ocrx_word' id='word_1_842' title='bbox 2997 4914 3237 4969; x_wconf 83' lang='lat' dir='ltr'><strong>habuerit</strong></span> <span class='ocrx_word' id='word_1_843' title='bbox 3261 4915 3642 4979; x_wconf 88' lang='lat' dir='ltr'><strong>indumentum,</strong></span> 
     </span>
    </p>
   </div>
   <div class='ocr_carea' id='block_1_109' title="bbox 2070 5001 3647 5075">
    <p class='ocr_par' dir='ltr' id='par_1_109' title="bbox 2070 5001 3647 5075">
     <span class='ocr_line' id='line_1_109' title="bbox 2070 5001 3647 5075; baseline -0.001 -17"><span class='ocrx_word' id='word_1_844' title='bbox 2070 5015 2119 5058; x_wconf 90' lang='lat' dir='ltr'><strong>et</strong></span> <span class='ocrx_word' id='word_1_845' title='bbox 2143 5004 2335 5074; x_wconf 85' lang='lat' dir='ltr'><strong>absque</strong></span> <span class='ocrx_word' id='word_1_846' title='bbox 2359 5005 2676 5075; x_wconf 88' lang='lat' dir='ltr'><strong>operimento</strong></span> <span class='ocrx_word' id='word_1_847' title='bbox 2702 5019 3000 5075; x_wconf 88' lang='lat' dir='ltr'><strong>pauperem.</strong></span> <span class='ocrx_word' id='word_1_848' title='bbox 3051 5001 3111 5058; x_wconf 87' lang='lat' dir='ltr'><strong>Si</strong></span> <span class='ocrx_word' id='word_1_849' title='bbox 3143 5019 3244 5058; x_wconf 86' lang='lat' dir='ltr'><strong>non</strong></span> <span class='ocrx_word' id='word_1_850' title='bbox 3273 5004 3647 5058; x_wconf 66' lang='lat' dir='ltr'><strong>benedixerunt</strong></span> 
     </span>
    </p>
   </div>
   <div class='ocr_carea' id='block_1_110' title="bbox 2070 5094 3646 5164">
    <p class='ocr_par' dir='ltr' id='par_1_110' title="bbox 2070 5094 3646 5164">
     <span class='ocr_line' id='line_1_110' title="bbox 2070 5094 3646 5164; baseline 0 -17"><span class='ocrx_word' id='word_1_851' title='bbox 2070 5095 2202 5148; x_wconf 82' lang='lat' dir='ltr'><strong>mihi</strong></span> <span class='ocrx_word' id='word_1_852' title='bbox 2221 5095 2386 5149; x_wconf 87' lang='lat' dir='ltr'><strong>latera</strong></span> <span class='ocrx_word' id='word_1_853' title='bbox 2405 5097 2544 5164; x_wconf 89' lang='lat' dir='ltr'><strong>ejus,</strong></span> <span class='ocrx_word' id='word_1_854' title='bbox 2576 5105 2625 5148; x_wconf 89' lang='lat' dir='ltr'><strong>et</strong></span> <span class='ocrx_word' id='word_1_855' title='bbox 2651 5095 2716 5149; x_wconf 90' lang='lat' dir='ltr'><strong>de</strong></span> <span class='ocrx_word' id='word_1_856' title='bbox 2741 5094 3012 5149; x_wconf 78' lang='lat' dir='ltr'><strong>velleribus</strong></span> <span class='ocrx_word' id='word_1_857' title='bbox 3040 5097 3216 5150; x_wconf 91' lang='lat' dir='ltr'><strong>ovium</strong></span> <span class='ocrx_word' id='word_1_858' title='bbox 3240 5111 3476 5150; x_wconf 87' lang='lat' dir='ltr'><strong>mearum</strong></span> <span class='ocrx_word' id='word_1_859' title='bbox 3509 5109 3646 5148; x_wconf 69' lang='lat' dir='ltr'><strong>cme-</strong></span> 
     </span>
    </p>
   </div>
   <div class='ocr_carea' id='block_1_111' title="bbox 2073 5185 3643 5258">
    <p class='ocr_par' dir='ltr' id='par_1_111' title="bbox 2073 5185 3643 5258">
     <span class='ocr_line' id='line_1_111' title="bbox 2073 5185 3643 5258; baseline -0.001 -19"><span class='ocrx_word' id='word_1_860' title='bbox 2073 5185 2245 5254; x_wconf 77' lang='lat' dir='ltr'><strong>factus</strong></span> <span class='ocrx_word' id='word_1_861' title='bbox 2287 5195 2381 5239; x_wconf 89' lang='lat' dir='ltr'><strong>est.</strong></span> <span class='ocrx_word' id='word_1_862' title='bbox 2437 5185 2499 5240; x_wconf 92' lang='lat' dir='ltr'><strong>Si</strong></span> <span class='ocrx_word' id='word_1_863' title='bbox 2547 5185 2710 5239; x_wconf 89' lang='lat' dir='ltr'><strong>levavi</strong></span> <span class='ocrx_word' id='word_1_864' title='bbox 2753 5202 2908 5256; x_wconf 86' lang='lat' dir='ltr'><strong>super</strong></span> <span class='ocrx_word' id='word_1_865' title='bbox 2929 5187 3185 5258; x_wconf 84' lang='lat' dir='ltr'><strong>pupillum</strong></span> <span class='ocrx_word' id='word_1_866' title='bbox 3215 5205 3429 5242; x_wconf 85' lang='lat' dir='ltr'><strong>manum</strong></span> <span class='ocrx_word' id='word_1_867' title='bbox 3453 5201 3643 5248; x_wconf 83' lang='lat' dir='ltr'><strong>meum,</strong></span> 
     </span>
    </p>
   </div>
   <div class='ocr_carea' id='block_1_112' title="bbox 2072 5275 3645 5348">
    <p class='ocr_par' dir='ltr' id='par_1_112' title="bbox 2072 5275 3645 5348">
     <span class='ocr_line' id='line_1_112' title="bbox 2072 5275 3645 5348; baseline -0.001 -19"><span class='ocrx_word' id='word_1_868' title='bbox 2072 5275 2228 5329; x_wconf 67' lang='lat' dir='ltr'><strong>etiam</strong></span> <span class='ocrx_word' id='word_1_869' title='bbox 2254 5291 2371 5329; x_wconf 89' lang='lat' dir='ltr'><strong>cum</strong></span> <span class='ocrx_word' id='word_1_870' title='bbox 2399 5275 2623 5330; x_wconf 85' lang='lat' dir='ltr'><strong>viderem</strong></span> <span class='ocrx_word' id='word_1_871' title='bbox 2653 5293 2734 5331; x_wconf 89' lang='lat' dir='ltr'><strong>me</strong></span> <span class='ocrx_word' id='word_1_872' title='bbox 2757 5278 2813 5331; x_wconf 89' lang='lat' dir='ltr'><strong>in</strong></span> <span class='ocrx_word' id='word_1_873' title='bbox 2841 5285 2992 5348; x_wconf 90' lang='lat' dir='ltr'><strong>porta</strong></span> <span class='ocrx_word' id='word_1_874' title='bbox 3013 5279 3331 5348; x_wconf 88' lang='lat' dir='ltr'><strong>superiorem</strong></span> <span class='ocrx_word' id='word_1_875' title='bbox 3355 5293 3374 5330; x_wconf 90' lang='lat'><strong><em>:</em></strong></span> <span class='ocrx_word' id='word_1_876' title='bbox 3396 5278 3645 5329; x_wconf 83' lang='lat' dir='ltr'><strong>humerus</strong></span> 
     </span>
    </p>
   </div>
   <div class='ocr_carea' id='block_1_113' title="bbox 2072 5365 3644 5434">
    <p class='ocr_par' dir='ltr' id='par_1_113' title="bbox 2072 5365 3644 5434">
     <span class='ocr_line' id='line_1_113' title="bbox 2072 5365 3644 5434; baseline -0.002 -15"><span class='ocrx_word' id='word_1_877' title='bbox 2072 5381 2218 5419; x_wconf 86' lang='lat' dir='ltr'><strong>meus</strong></span> <span class='ocrx_word' id='word_1_878' title='bbox 2249 5381 2279 5419; x_wconf 89' lang='lat' dir='ltr'><strong>a</strong></span> <span class='ocrx_word' id='word_1_879' title='bbox 2294 5365 2547 5434; x_wconf 89' lang='lat' dir='ltr'><strong>junctura</strong></span> <span class='ocrx_word' id='word_1_880' title='bbox 2594 5381 2693 5421; x_wconf 88' lang='lat' dir='ltr'><strong>sua</strong></span> <span class='ocrx_word' id='word_1_881' title='bbox 2730 5368 2909 5433; x_wconf 89' lang='lat' dir='ltr'><strong>cadat,</strong></span> <span class='ocrx_word' id='word_1_882' title='bbox 2949 5377 2996 5423; x_wconf 90' lang='lat' dir='ltr'><strong>et</strong></span> <span class='ocrx_word' id='word_1_883' title='bbox 3028 5369 3296 5423; x_wconf 88' lang='lat' dir='ltr'><strong>brachium</strong></span> <span class='ocrx_word' id='word_1_884' title='bbox 3330 5381 3498 5419; x_wconf 85' lang='lat' dir='ltr'><strong>meum</strong></span> <span class='ocrx_word' id='word_1_885' title='bbox 3525 5380 3644 5417; x_wconf 82' lang='lat' dir='ltr'><strong>cunt</strong></span> 
     </span>
    </p>
   </div>
   <div class='ocr_carea' id='block_1_114' title="bbox 2071 5452 3643 5528">
    <p class='ocr_par' dir='ltr' id='par_1_114' title="bbox 2071 5452 3643 5528">
     <span class='ocr_line' id='line_1_114' title="bbox 2071 5452 3643 5528; baseline -0.002 -19"><span class='ocrx_word' id='word_1_886' title='bbox 2071 5455 2181 5509; x_wconf 87' lang='lat' dir='ltr'><strong>suis</strong></span> <span class='ocrx_word' id='word_1_887' title='bbox 2215 5455 2417 5508; x_wconf 87' lang='lat' dir='ltr'><strong>ossibus</strong></span> <span class='ocrx_word' id='word_1_888' title='bbox 2465 5455 2977 5528; x_wconf 70' lang='lat' dir='ltr'><strong>confripgatuonb</strong></span> <span class='ocrx_word' id='word_1_889' title='bbox 3032 5473 3180 5517; x_wconf 77' lang='lat' dir='ltr'><strong>xxxi,</strong></span> <span class='ocrx_word' id='word_1_890' title='bbox 3231 5455 3318 5519; x_wconf 85' lang='grc'><strong>16,</strong></span> <span class='ocrx_word' id='word_1_891' title='bbox 3369 5453 3481 5523; x_wconf 71' lang='grc'><strong>22).</strong></span> <span class='ocrx_word' id='word_1_892' title='bbox 3528 5452 3643 5507; x_wconf 77' lang='lat' dir='ltr'><strong>Non</strong></span> 
     </span>
    </p>
   </div>
   <div class='ocr_carea' id='block_1_115' title="bbox 2072 5546 3655 5617">
    <p class='ocr_par' dir='ltr' id='par_1_115' title="bbox 2072 5546 3655 5617">
     <span class='ocr_line' id='line_1_115' title="bbox 2072 5546 3655 5617; baseline -0.001 -16"><span class='ocrx_word' id='word_1_893' title='bbox 2072 5548 2217 5602; x_wconf 88' lang='lat' dir='ltr'><strong>enim</strong></span> <span class='ocrx_word' id='word_1_894' title='bbox 2247 5547 2423 5617; x_wconf 80' lang='lat' dir='ltr'><strong>tepide</strong></span> <span class='ocrx_word' id='word_1_895' title='bbox 2465 5555 2558 5602; x_wconf 89' lang='lat' dir='ltr'><strong>aut</strong></span> <span class='ocrx_word' id='word_1_896' title='bbox 2584 5549 2736 5608; x_wconf 81' lang='lat' dir='ltr'><strong>tarde</strong></span> <span class='ocrx_word' id='word_1_897' title='bbox 2773 5565 2875 5604; x_wconf 89' lang='lat' dir='ltr'><strong>nec</strong></span> <span class='ocrx_word' id='word_1_898' title='bbox 2901 5546 3236 5602; x_wconf 91' lang='lat' dir='ltr'><strong>formidando</strong></span> <span class='ocrx_word' id='word_1_899' title='bbox 3277 5546 3655 5615; x_wconf 80' lang='lat' dir='ltr'><strong>eleemosynas</strong></span> 
     </span>
    </p>
   </div>
   <div class='ocr_carea' id='block_1_116' title="bbox 2071 5635 3646 5711">
    <p class='ocr_par' dir='ltr' id='par_1_116' title="bbox 2071 5635 3646 5711">
     <span class='ocr_line' id='line_1_116' title="bbox 2071 5635 3646 5711; baseline -0.001 -16"><span class='ocrx_word' id='word_1_900' title='bbox 2071 5656 2296 5711; x_wconf 83' lang='lat' dir='ltr'><strong>erogare</strong></span> <span class='ocrx_word' id='word_1_901' title='bbox 2316 5641 2494 5705; x_wconf 87' lang='lat' dir='ltr'><strong>debet,</strong></span> <span class='ocrx_word' id='word_1_902' title='bbox 2518 5641 2608 5711; x_wconf 91' lang='lat' dir='ltr'><strong>qui</strong></span> <span class='ocrx_word' id='word_1_903' title='bbox 2630 5656 2694 5695; x_wconf 89' lang='lat' dir='ltr'><strong>ex</strong></span> <span class='ocrx_word' id='word_1_904' title='bbox 2725 5641 2828 5694; x_wconf 88' lang='lat' dir='ltr'><strong>illis</strong></span> <span class='ocrx_word' id='word_1_905' title='bbox 2861 5638 3092 5693; x_wconf 90' lang='lat' dir='ltr'><strong>feliciter</strong></span> <span class='ocrx_word' id='word_1_906' title='bbox 3116 5635 3481 5690; x_wconf 71' lang='lat' dir='ltr'><strong>tliesaurizare</strong></span> <span class='ocrx_word' id='word_1_907' title='bbox 3525 5651 3646 5707; x_wconf 83' lang='lat' dir='ltr'><strong>spe-</strong></span> 
     </span>
    </p>
   </div>
   <div class='ocr_carea' id='block_1_117' title="bbox 2072 5726 3638 5801">
    <p class='ocr_par' dir='ltr' id='par_1_117' title="bbox 2072 5726 3638 5801">
     <span class='ocr_line' id='line_1_117' title="bbox 2072 5726 3638 5801; baseline -0.004 -13"><span class='ocrx_word' id='word_1_908' title='bbox 2072 5739 2156 5788; x_wconf 88' lang='lat' dir='ltr'><strong>rat</strong></span> <span class='ocrx_word' id='word_1_909' title='bbox 2184 5732 2237 5788; x_wconf 89' lang='lat' dir='ltr'><strong>in</strong></span> <span class='ocrx_word' id='word_1_910' title='bbox 2263 5731 2419 5789; x_wconf 71' lang='lat' dir='ltr'><strong>caelo.</strong></span> <span class='ocrx_word' id='word_1_911' title='bbox 2467 5731 2600 5788; x_wconf 84' lang='lat' dir='ltr'><strong>Cum</strong></span> <span class='ocrx_word' id='word_1_912' title='bbox 2628 5745 2817 5801; x_wconf 80' lang='lat' dir='ltr'><strong>magna</strong></span> <span class='ocrx_word' id='word_1_913' title='bbox 2849 5727 3046 5783; x_wconf 89' lang='lat' dir='ltr'><strong>mentis</strong></span> <span class='ocrx_word' id='word_1_914' title='bbox 3089 5726 3360 5783; x_wconf 87' lang='lat' dir='ltr'><strong>hilaritate</strong></span> <span class='ocrx_word' id='word_1_915' title='bbox 3389 5728 3638 5796; x_wconf 83' lang='lat' dir='ltr'><strong>pauperi-</strong></span> 
     </span>
    </p>
   </div>
  </div>
