  <div class='ocr_page' id='page_1' title='image "/cluster/home/n/w/nwhite01/storage/ocr_20150623/102/hvd.32044052820032/481.png"; bbox 0 0 3992 6206; ppageno 0'>
   <div class='ocr_carea' id='block_1_1' title="bbox 399 337 493 395">
    <p class='ocr_par' dir='ltr' id='par_1_1' title="bbox 399 337 493 395">
     <span class='ocr_line' id='line_1_1' title="bbox 399 337 493 395; baseline -0.021 0"><span class='ocrx_word' id='word_1_1' title='bbox 399 337 493 395; x_wconf 79' lang='lat'><strong>951</strong></span> 
     </span>
    </p>
   </div>
   <div class='ocr_carea' id='block_1_2' title="bbox 1674 298 2354 393">
    <p class='ocr_par' dir='ltr' id='par_1_2' title="bbox 1674 298 2354 393">
     <span class='ocr_line' id='line_1_2' title="bbox 1674 298 2354 393; baseline 0.006 -4"><span class='ocrx_word' id='word_1_2' title='bbox 1674 298 2026 390; x_wconf 64' lang='lat' dir='ltr'><strong>sumtum</strong></span> <span class='ocrx_word' id='word_1_3' title='bbox 2061 335 2354 393; x_wconf 65' lang='lat' dir='ltr'><strong>seems</strong></span> 
     </span>
    </p>
   </div>
   <div class='ocr_carea' id='block_1_3' title="bbox 398 409 3661 521">
    <p class='ocr_par' dir='ltr' id='par_1_3' title="bbox 398 409 3661 521">
     <span class='ocr_line' id='line_1_3' title="bbox 398 409 3661 521; baseline -0.001 -12"><span class='ocrx_word' id='word_1_4' title='bbox 398 455 498 509; x_wconf 91' lang='lat' dir='ltr'><strong>bus</strong></span> <span class='ocrx_word' id='word_1_5' title='bbox 521 453 780 509; x_wconf 89' lang='lat' dir='ltr'><strong>debemus</strong></span> <span class='ocrx_word' id='word_1_6' title='bbox 803 451 1172 521; x_wconf 79' lang='lat' dir='ltr'><strong>eleemosynas</strong></span> <span class='ocrx_word' id='word_1_7' title='bbox 1197 409 1346 513; x_wconf 84' lang='lat' dir='ltr'><strong>dare,</strong></span> <span class='ocrx_word' id='word_1_8' title='bbox 1376 446 1592 518; x_wconf 82' lang='lat' dir='ltr'><strong>quando</strong></span> <span class='ocrx_word' id='word_1_9' title='bbox 1620 446 1720 518; x_wconf 86' lang='lat' dir='ltr'><strong>ipsi</strong></span> <span class='ocrx_word' id='word_1_10' title='bbox 1745 446 1974 503; x_wconf 90' lang='lat' dir='ltr'><strong>Domino</strong></span> <span class='ocrx_word' id='word_1_11' title='bbox 1999 451 2050 512; x_wconf 74' lang='grc' dir='ltr'>Α</span> <span class='ocrx_word' id='word_1_12' title='bbox 2075 449 2288 518; x_wconf 74' lang='lat' dir='ltr'><strong>pliciter</strong></span> <span class='ocrx_word' id='word_1_13' title='bbox 2322 449 2664 519; x_wconf 72' lang='lat' dir='ltr'><strong>postmodum</strong></span> <span class='ocrx_word' id='word_1_14' title='bbox 2703 447 2913 515; x_wconf 87' lang='lat' dir='ltr'><strong>reddat,</strong></span> <span class='ocrx_word' id='word_1_15' title='bbox 2956 447 3011 518; x_wconf 87' lang='lat' dir='ltr'><strong>in</strong></span> <span class='ocrx_word' id='word_1_16' title='bbox 3059 447 3390 518; x_wconf 78' lang='lat' dir='ltr'><strong>pauperibus</strong></span> <span class='ocrx_word' id='word_1_17' title='bbox 3421 447 3661 506; x_wconf 80' lang='lat' dir='ltr'><strong>eleemo-</strong></span> 
     </span>
    </p>
   </div>
   <div class='ocr_carea' id='block_1_4' title="bbox 399 537 1974 610">
    <p class='ocr_par' dir='ltr' id='par_1_4' title="bbox 399 537 1974 610">
     <span class='ocr_line' id='line_1_4' title="bbox 399 537 1974 610; baseline -0.005 -10"><span class='ocrx_word' id='word_1_18' title='bbox 399 547 516 601; x_wconf 81' lang='lat' dir='ltr'><strong>slne</strong></span> <span class='ocrx_word' id='word_1_19' title='bbox 545 544 710 600; x_wconf 89' lang='lat' dir='ltr'><strong>dubio</strong></span> <span class='ocrx_word' id='word_1_20' title='bbox 752 544 929 607; x_wconf 88' lang='lat' dir='ltr'><strong>datur,</strong></span> <span class='ocrx_word' id='word_1_21' title='bbox 961 540 1105 610; x_wconf 86' lang='lat' dir='ltr'><strong>quod</strong></span> <span class='ocrx_word' id='word_1_22' title='bbox 1142 539 1466 610; x_wconf 81' lang='lat' dir='ltr'><strong>pauperibus</strong></span> <span class='ocrx_word' id='word_1_23' title='bbox 1506 537 1753 594; x_wconf 73' lang='lat' dir='ltr'><strong>hilariter</strong></span> <span class='ocrx_word' id='word_1_24' title='bbox 1777 553 1974 609; x_wconf 87' lang='lat' dir='ltr'><strong>eroga-</strong></span> 
     </span>
    </p>
   </div>
   <div class='ocr_carea' id='block_1_5' title="bbox 402 626 1978 704">
    <p class='ocr_par' dir='ltr' id='par_1_5' title="bbox 402 626 1978 704">
     <span class='ocr_line' id='line_1_5' title="bbox 402 626 1978 704; baseline -0.004 -15"><span class='ocrx_word' id='word_1_25' title='bbox 402 643 508 689; x_wconf 97' lang='lat' dir='ltr'><strong>tur.</strong></span> <span class='ocrx_word' id='word_1_26' title='bbox 556 633 675 704; x_wconf 90' lang='lat' dir='ltr'><strong>Ipse</strong></span> <span class='ocrx_word' id='word_1_27' title='bbox 719 645 951 700; x_wconf 89' lang='lat' dir='ltr'><strong>namque</strong></span> <span class='ocrx_word' id='word_1_28' title='bbox 986 629 1249 684; x_wconf 88' lang='lat' dir='ltr'><strong>Dominus</strong></span> <span class='ocrx_word' id='word_1_29' title='bbox 1303 628 1358 683; x_wconf 89' lang='lat' dir='ltr'><strong>in</strong></span> <span class='ocrx_word' id='word_1_30' title='bbox 1401 626 1605 697; x_wconf 85' lang='lat' dir='ltr'><strong>judicio</strong></span> <span class='ocrx_word' id='word_1_31' title='bbox 1655 628 1761 695; x_wconf 90' lang='lat' dir='ltr'><strong>his,</strong></span> <span class='ocrx_word' id='word_1_32' title='bbox 1815 628 1908 698; x_wconf 82' lang='lat' dir='ltr'><strong>qui</strong></span> <span class='ocrx_word' id='word_1_33' title='bbox 1945 643 1978 682; x_wconf 89' lang='lat' dir='ltr'><strong>a</strong></span> 
     </span>
    </p>
   </div>
   <div class='ocr_carea' id='block_1_6' title="bbox 400 714 1982 790">
    <p class='ocr_par' dir='ltr' id='par_1_6' title="bbox 400 714 1982 790">
     <span class='ocr_line' id='line_1_6' title="bbox 400 714 1982 790; baseline -0.006 -12"><span class='ocrx_word' id='word_1_34' title='bbox 400 723 605 778; x_wconf 79' lang='lat' dir='ltr'><strong>dextris</strong></span> <span class='ocrx_word' id='word_1_35' title='bbox 637 722 754 790; x_wconf 86' lang='lat' dir='ltr'><strong>ejus</strong></span> <span class='ocrx_word' id='word_1_36' title='bbox 789 727 950 774; x_wconf 89' lang='lat' dir='ltr'><strong>erunt</strong></span> <span class='ocrx_word' id='word_1_37' title='bbox 978 719 1222 774; x_wconf 88' lang='lat' dir='ltr'><strong>dicturus</strong></span> <span class='ocrx_word' id='word_1_38' title='bbox 1275 726 1358 774; x_wconf 89' lang='lat' dir='ltr'><strong>est</strong></span> <span class='ocrx_word' id='word_1_39' title='bbox 1409 735 1422 771; x_wconf 89' lang='lat'><strong>:</strong></span> <span class='ocrx_word' id='word_1_40' title='bbox 1490 714 1688 783; x_wconf 83' lang='lat' dir='ltr'><strong>Venite,</strong></span> <span class='ocrx_word' id='word_1_41' title='bbox 1725 715 1982 771; x_wconf 74' lang='lat' dir='ltr'><strong>benedicti</strong></span> 
     </span>
    </p>
   </div>
   <div class='ocr_carea' id='block_1_7' title="bbox 401 803 1982 880">
    <p class='ocr_par' dir='ltr' id='par_1_7' title="bbox 401 803 1982 880">
     <span class='ocr_line' id='line_1_7' title="bbox 401 803 1982 880; baseline -0.006 -14"><span class='ocrx_word' id='word_1_42' title='bbox 401 811 581 867; x_wconf 86' lang='lat' dir='ltr'><strong>Patris</strong></span> <span class='ocrx_word' id='word_1_43' title='bbox 620 811 744 874; x_wconf 85' lang='lat' dir='ltr'><strong>mei,</strong></span> <span class='ocrx_word' id='word_1_44' title='bbox 770 808 1027 880; x_wconf 72' lang='lat' dir='ltr'><strong>possidete</strong></span> <span class='ocrx_word' id='word_1_45' title='bbox 1051 816 1295 878; x_wconf 88' lang='lat' dir='ltr'><strong>paratum</strong></span> <span class='ocrx_word' id='word_1_46' title='bbox 1321 805 1464 861; x_wconf 81' lang='lat' dir='ltr'><strong>vobis</strong></span> <span class='ocrx_word' id='word_1_47' title='bbox 1491 821 1705 875; x_wconf 83' lang='lat' dir='ltr'><strong>regnum</strong></span> <span class='ocrx_word' id='word_1_48' title='bbox 1731 821 1763 858; x_wconf 92' lang='lat' dir='ltr'><strong>a</strong></span> <span class='ocrx_word' id='word_1_49' title='bbox 1787 803 1982 859; x_wconf 78' lang='lat' dir='ltr'><strong>consti-</strong></span> 
     </span>
    </p>
   </div>
   <div class='ocr_carea' id='block_1_8' title="bbox 399 896 1982 963">
    <p class='ocr_par' dir='ltr' id='par_1_8' title="bbox 399 896 1982 963">
     <span class='ocr_line' id='line_1_8' title="bbox 399 896 1982 963; baseline -0.008 -3"><span class='ocrx_word' id='word_1_50' title='bbox 399 902 599 959; x_wconf 74' lang='lat' dir='ltr'><strong>latione</strong></span> <span class='ocrx_word' id='word_1_51' title='bbox 618 901 822 956; x_wconf 88' lang='lat' dir='ltr'><strong>mundi.</strong></span> <span class='ocrx_word' id='word_1_52' title='bbox 855 900 1067 954; x_wconf 85' lang='lat' dir='ltr'><strong>Esurivi</strong></span> <span class='ocrx_word' id='word_1_53' title='bbox 1095 899 1255 963; x_wconf 88' lang='lat' dir='ltr'><strong>enim,</strong></span> <span class='ocrx_word' id='word_1_54' title='bbox 1283 907 1334 952; x_wconf 85' lang='lat' dir='ltr'><strong>et</strong></span> <span class='ocrx_word' id='word_1_55' title='bbox 1363 897 1581 952; x_wconf 88' lang='lat' dir='ltr'><strong>dedistis</strong></span> <span class='ocrx_word' id='word_1_56' title='bbox 1609 896 1735 952; x_wconf 81' lang='lat' dir='ltr'><strong>mihi</strong></span> <span class='ocrx_word' id='word_1_57' title='bbox 1757 896 1982 949; x_wconf 82' lang='lat' dir='ltr'><strong>mandu-</strong></span> 
     </span>
    </p>
   </div>
   <div class='ocr_carea' id='block_1_9' title="bbox 399 984 1983 1062">
    <p class='ocr_par' dir='ltr' id='par_1_9' title="bbox 399 984 1983 1062">
     <span class='ocr_line' id='line_1_9' title="bbox 399 984 1983 1062; baseline -0.008 -11"><span class='ocrx_word' id='word_1_58' title='bbox 399 1011 561 1062; x_wconf 83' lang='lat' dir='ltr'><strong><em>care;</em></strong></span> <span class='ocrx_word' id='word_1_59' title='bbox 600 993 762 1060; x_wconf 81' lang='lat' dir='ltr'><strong>sitivi,</strong></span> <span class='ocrx_word' id='word_1_60' title='bbox 802 1002 852 1047; x_wconf 83' lang='lat' dir='ltr'><strong>et</strong></span> <span class='ocrx_word' id='word_1_61' title='bbox 873 991 1090 1046; x_wconf 81' lang='lat' dir='ltr'><strong>dedistis</strong></span> <span class='ocrx_word' id='word_1_62' title='bbox 1113 989 1314 1054; x_wconf 82' lang='lat' dir='ltr'><strong>bibere;</strong></span> <span class='ocrx_word' id='word_1_63' title='bbox 1355 989 1539 1059; x_wconf 87' lang='lat' dir='ltr'><strong>hospes</strong></span> <span class='ocrx_word' id='word_1_64' title='bbox 1568 1003 1734 1051; x_wconf 85' lang='lat' dir='ltr'><strong>eram,</strong></span> <span class='ocrx_word' id='word_1_65' title='bbox 1756 995 1804 1040; x_wconf 90' lang='lat' dir='ltr'><strong>et</strong></span> <span class='ocrx_word' id='word_1_66' title='bbox 1825 984 1983 1040; x_wconf 88' lang='lat' dir='ltr'><strong>colle-</strong></span> 
     </span>
    </p>
   </div>
   <div class='ocr_carea' id='block_1_10' title="bbox 399 1075 1980 1159">
    <p class='ocr_par' dir='ltr' id='par_1_10' title="bbox 399 1075 1980 1159">
     <span class='ocr_line' id='line_1_10' title="bbox 399 1075 1980 1159; baseline -0.009 -16"><span class='ocrx_word' id='word_1_67' title='bbox 399 1088 549 1159; x_wconf 85' lang='lat' dir='ltr'><strong>gistis</strong></span> <span class='ocrx_word' id='word_1_68' title='bbox 579 1102 694 1152; x_wconf 86' lang='lat' dir='ltr'><strong>me;</strong></span> <span class='ocrx_word' id='word_1_69' title='bbox 718 1084 909 1148; x_wconf 88' lang='lat' dir='ltr'><strong>nudus,</strong></span> <span class='ocrx_word' id='word_1_70' title='bbox 935 1092 984 1137; x_wconf 89' lang='lat' dir='ltr'><strong>et</strong></span> <span class='ocrx_word' id='word_1_71' title='bbox 1013 1080 1352 1153; x_wconf 88' lang='lat' dir='ltr'><strong>coaperuistis</strong></span> <span class='ocrx_word' id='word_1_72' title='bbox 1373 1094 1488 1141; x_wconf 84' lang='lat' dir='ltr'><strong>me;</strong></span> <span class='ocrx_word' id='word_1_73' title='bbox 1512 1078 1775 1147; x_wconf 75' lang='lat' dir='ltr'><strong>inﬁrmus,</strong></span> <span class='ocrx_word' id='word_1_74' title='bbox 1792 1085 1838 1130; x_wconf 90' lang='lat' dir='ltr'><strong>et</strong></span> <span class='ocrx_word' id='word_1_75' title='bbox 1859 1075 1980 1130; x_wconf 85' lang='lat' dir='ltr'><strong>visi-</strong></span> 
     </span>
    </p>
   </div>
   <div class='ocr_carea' id='block_1_11' title="bbox 401 1166 1972 1245">
    <p class='ocr_par' dir='ltr' id='par_1_11' title="bbox 401 1166 1972 1245">
     <span class='ocr_line' id='line_1_11' title="bbox 401 1166 1972 1245; baseline -0.01 -10"><span class='ocrx_word' id='word_1_76' title='bbox 401 1181 551 1234; x_wconf 86' lang='lat' dir='ltr'><strong>tastis</strong></span> <span class='ocrx_word' id='word_1_77' title='bbox 573 1195 686 1245; x_wconf 85' lang='lat' dir='ltr'><strong>me;</strong></span> <span class='ocrx_word' id='word_1_78' title='bbox 709 1178 764 1232; x_wconf 90' lang='lat' dir='ltr'><strong>in</strong></span> <span class='ocrx_word' id='word_1_79' title='bbox 793 1192 1002 1232; x_wconf 85' lang='lat' dir='ltr'><strong>carcere</strong></span> <span class='ocrx_word' id='word_1_80' title='bbox 1030 1191 1200 1239; x_wconf 90' lang='lat' dir='ltr'><strong>eram,</strong></span> <span class='ocrx_word' id='word_1_81' title='bbox 1238 1182 1287 1226; x_wconf 86' lang='lat' dir='ltr'><strong>et</strong></span> <span class='ocrx_word' id='word_1_82' title='bbox 1307 1171 1516 1227; x_wconf 87' lang='lat' dir='ltr'><strong>venistis</strong></span> <span class='ocrx_word' id='word_1_83' title='bbox 1553 1168 1623 1222; x_wconf 86' lang='lat' dir='ltr'><strong>ad</strong></span> <span class='ocrx_word' id='word_1_84' title='bbox 1646 1185 1727 1223; x_wconf 88' lang='lat' dir='ltr'><strong>me</strong></span> <span class='ocrx_word' id='word_1_85' title='bbox 1755 1166 1972 1238; x_wconf 78' lang='lat' dir='ltr'><strong>(Matth.</strong></span> 
     </span>
    </p>
   </div>
   <div class='ocr_carea' id='block_1_12' title="bbox 339 1257 1981 1339">
    <p class='ocr_par' dir='ltr' id='par_1_12' title="bbox 339 1257 1981 1339">
     <span class='ocr_line' id='line_1_12' title="bbox 339 1257 1981 1339; baseline -0.009 -12"><span class='ocrx_word' id='word_1_86' title='bbox 339 1265 350 1270; x_wconf 76' lang='grc'><em>’</em></span> <span class='ocrx_word' id='word_1_87' title='bbox 402 1281 529 1336; x_wconf 84' lang='lat' dir='ltr'><strong>xxv,</strong></span> <span class='ocrx_word' id='word_1_88' title='bbox 559 1270 628 1324; x_wconf 74' lang='grc'><strong>54</strong></span> <span class='ocrx_word' id='word_1_89' title='bbox 647 1269 790 1339; x_wconf 79' lang='grc' dir='ltr'>-5ϐ).</span> <span class='ocrx_word' id='word_1_90' title='bbox 821 1266 930 1322; x_wconf 88' lang='lat' dir='ltr'><strong>Illis</strong></span> <span class='ocrx_word' id='word_1_91' title='bbox 957 1272 1138 1320; x_wconf 85' lang='lat' dir='ltr'><strong>autem</strong></span> <span class='ocrx_word' id='word_1_92' title='bbox 1173 1260 1650 1332; x_wconf 74' lang='lat' dir='ltr'><strong>interrogantibus,</strong></span> <span class='ocrx_word' id='word_1_93' title='bbox 1685 1266 1742 1312; x_wconf 90' lang='lat' dir='ltr'><strong>et</strong></span> <span class='ocrx_word' id='word_1_94' title='bbox 1764 1257 1981 1328; x_wconf 81' lang='lat' dir='ltr'><strong>quando</strong></span> 
     </span>
    </p>
   </div>
   <div class='ocr_carea' id='block_1_13' title="bbox 403 1349 1982 1422">
    <p class='ocr_par' dir='ltr' id='par_1_13' title="bbox 403 1349 1982 1422">
     <span class='ocr_line' id='line_1_13' title="bbox 403 1349 1982 1422; baseline -0.008 -6"><span class='ocrx_word' id='word_1_95' title='bbox 403 1363 520 1416; x_wconf 74' lang='lat' dir='ltr'><strong>hzec</strong></span> <span class='ocrx_word' id='word_1_96' title='bbox 547 1359 805 1415; x_wconf 85' lang='lat' dir='ltr'><strong>fecissent</strong></span> <span class='ocrx_word' id='word_1_97' title='bbox 830 1358 971 1413; x_wconf 90' lang='lat' dir='ltr'><strong>scire</strong></span> <span class='ocrx_word' id='word_1_98' title='bbox 1000 1355 1320 1418; x_wconf 87' lang='lat' dir='ltr'><strong>volentibus,</strong></span> <span class='ocrx_word' id='word_1_99' title='bbox 1353 1352 1691 1422; x_wconf 87' lang='lat' dir='ltr'><strong>respondens</strong></span> <span class='ocrx_word' id='word_1_100' title='bbox 1722 1349 1982 1404; x_wconf 89' lang='lat' dir='ltr'><strong>Dominus</strong></span> 
     </span>
    </p>
   </div>
   <div class='ocr_carea' id='block_1_14' title="bbox 403 1439 1982 1519">
    <p class='ocr_par' dir='ltr' id='par_1_14' title="bbox 403 1439 1982 1519">
     <span class='ocr_line' id='line_1_14' title="bbox 403 1439 1982 1519; baseline -0.009 -14"><span class='ocrx_word' id='word_1_101' title='bbox 403 1452 483 1506; x_wconf 86' lang='lat' dir='ltr'><strong>ait</strong></span> <span class='ocrx_word' id='word_1_102' title='bbox 511 1468 525 1504; x_wconf 87' lang='lat'>:</span> <span class='ocrx_word' id='word_1_103' title='bbox 557 1450 782 1517; x_wconf 81' lang='lat' dir='ltr'><strong>Quando</strong></span> <span class='ocrx_word' id='word_1_104' title='bbox 805 1449 1002 1519; x_wconf 76' lang='lat' dir='ltr'><strong>fecistis</strong></span> <span class='ocrx_word' id='word_1_105' title='bbox 1043 1448 1136 1502; x_wconf 86' lang='lat' dir='ltr'><strong>uni</strong></span> <span class='ocrx_word' id='word_1_106' title='bbox 1160 1463 1226 1502; x_wconf 79' lang='lat' dir='ltr'><strong>ea;</strong></span> <span class='ocrx_word' id='word_1_107' title='bbox 1266 1446 1348 1500; x_wconf 85' lang='lat' dir='ltr'><strong>his</strong></span> <span class='ocrx_word' id='word_1_108' title='bbox 1381 1442 1636 1516; x_wconf 80' lang='lat' dir='ltr'><strong>fratribus</strong></span> <span class='ocrx_word' id='word_1_109' title='bbox 1675 1441 1806 1496; x_wconf 82' lang='lat' dir='ltr'><strong>meis</strong></span> <span class='ocrx_word' id='word_1_110' title='bbox 1826 1439 1982 1494; x_wconf 85' lang='lat' dir='ltr'><strong>mini-</strong></span> 
     </span>
    </p>
   </div>
   <div class='ocr_carea' id='block_1_15' title="bbox 405 1536 1412 1610">
    <p class='ocr_par' dir='ltr' id='par_1_15' title="bbox 405 1536 1412 1610">
     <span class='ocr_line' id='line_1_15' title="bbox 405 1536 1412 1610; baseline -0.007 -12"><span class='ocrx_word' id='word_1_111' title='bbox 405 1542 527 1608; x_wconf 86' lang='lat' dir='ltr'><strong>mis,</strong></span> <span class='ocrx_word' id='word_1_112' title='bbox 554 1542 680 1597; x_wconf 87' lang='lat' dir='ltr'><strong>mihi</strong></span> <span class='ocrx_word' id='word_1_113' title='bbox 702 1540 898 1610; x_wconf 83' lang='lat' dir='ltr'><strong>fecistis</strong></span> <span class='ocrx_word' id='word_1_114' title='bbox 923 1539 1111 1609; x_wconf 85' lang='lat' dir='ltr'><strong>(lbid.,</strong></span> <span class='ocrx_word' id='word_1_115' title='bbox 1141 1555 1273 1592; x_wconf 86' lang='lat' dir='ltr'><strong>vers.</strong></span> <span class='ocrx_word' id='word_1_116' title='bbox 1298 1536 1412 1608; x_wconf 77' lang='grc'>40).</span> 
     </span>
    </p>
   </div>
   <div class='ocr_carea' id='block_1_16' title="bbox 479 1623 1982 1706">
    <p class='ocr_par' dir='ltr' id='par_1_16' title="bbox 479 1623 1982 1706">
     <span class='ocr_line' id='line_1_16' title="bbox 479 1623 1982 1706; baseline -0.007 -17"><span class='ocrx_word' id='word_1_117' title='bbox 479 1636 636 1706; x_wconf 80' lang='lat' dir='ltr'><strong>Ergo,</strong></span> <span class='ocrx_word' id='word_1_118' title='bbox 664 1640 856 1697; x_wconf 84' lang='lat' dir='ltr'><strong>rex,ut</strong></span> <span class='ocrx_word' id='word_1_119' title='bbox 879 1632 948 1686; x_wconf 90' lang='lat' dir='ltr'><strong>ab</strong></span> <span class='ocrx_word' id='word_1_120' title='bbox 969 1630 1181 1700; x_wconf 80' lang='lat' dir='ltr'><strong>origine</strong></span> <span class='ocrx_word' id='word_1_121' title='bbox 1208 1629 1391 1684; x_wconf 89' lang='lat' dir='ltr'><strong>mundi</strong></span> <span class='ocrx_word' id='word_1_122' title='bbox 1418 1633 1776 1699; x_wconf 71' lang='lat' dir='ltr'><strong>prteparatum</strong></span> <span class='ocrx_word' id='word_1_123' title='bbox 1807 1623 1982 1694; x_wconf 87' lang='lat' dir='ltr'><strong>perci-</strong></span> 
     </span>
    </p>
   </div>
   <div class='ocr_carea' id='block_1_17' title="bbox 406 1710 1982 1800">
    <p class='ocr_par' dir='ltr' id='par_1_17' title="bbox 406 1710 1982 1800">
     <span class='ocr_line' id='line_1_17' title="bbox 406 1710 1982 1800; baseline -0.009 -16"><span class='ocrx_word' id='word_1_124' title='bbox 406 1730 525 1800; x_wconf 84' lang='lat' dir='ltr'><strong>pias</strong></span> <span class='ocrx_word' id='word_1_125' title='bbox 578 1739 823 1797; x_wconf 82' lang='lat' dir='ltr'><strong>regnum,</strong></span> <span class='ocrx_word' id='word_1_126' title='bbox 873 1723 1038 1778; x_wconf 89' lang='lat' dir='ltr'><strong>debes</strong></span> <span class='ocrx_word' id='word_1_127' title='bbox 1078 1719 1404 1792; x_wconf 81' lang='lat' dir='ltr'><strong>pauperibus</strong></span> <span class='ocrx_word' id='word_1_128' title='bbox 1460 1717 1830 1786; x_wconf 84' lang='lat' dir='ltr'><strong>eleemosynas</strong></span> <span class='ocrx_word' id='word_1_129' title='bbox 1875 1710 1982 1770; x_wconf 84' lang='lat' dir='ltr'><strong>fre-</strong></span> 
     </span>
    </p>
   </div>
   <div class='ocr_carea' id='block_1_18' title="bbox 2075 537 3661 608">
    <p class='ocr_par' dir='ltr' id='par_1_18' title="bbox 2075 537 3661 608">
     <span class='ocr_line' id='line_1_18' title="bbox 2075 537 3661 608; baseline 0.001 -14"><span class='ocrx_word' id='word_1_130' title='bbox 2075 553 2266 608; x_wconf 87' lang='lat' dir='ltr'><strong>syuam</strong></span> <span class='ocrx_word' id='word_1_131' title='bbox 2296 547 2467 608; x_wconf 82' lang='lat' dir='ltr'><strong>rogat.</strong></span> <span class='ocrx_word' id='word_1_132' title='bbox 2499 538 2593 594; x_wconf 89' lang='lat' dir='ltr'><strong>Ille</strong></span> <span class='ocrx_word' id='word_1_133' title='bbox 2620 545 2674 596; x_wconf 78' lang='lat' dir='ltr'><strong>te</strong></span> <span class='ocrx_word' id='word_1_134' title='bbox 2697 537 2878 594; x_wconf 58' lang='lat' dir='ltr'><strong>latuere</strong></span> <span class='ocrx_word' id='word_1_135' title='bbox 2901 537 3016 592; x_wconf 83' lang='lat' dir='ltr'><strong>vult</strong></span> <span class='ocrx_word' id='word_1_136' title='bbox 3045 537 3099 592; x_wconf 90' lang='lat' dir='ltr'><strong>in</strong></span> <span class='ocrx_word' id='word_1_137' title='bbox 3137 546 3403 594; x_wconf 67' lang='lat' dir='ltr'><strong>aeternum</strong></span> <span class='ocrx_word' id='word_1_138' title='bbox 3434 540 3661 596; x_wconf 84' lang='lat' dir='ltr'><strong>honori-</strong></span> 
     </span>
    </p>
   </div>
   <div class='ocr_carea' id='block_1_19' title="bbox 2077 626 3663 699">
    <p class='ocr_par' dir='ltr' id='par_1_19' title="bbox 2077 626 3663 699">
     <span class='ocr_line' id='line_1_19' title="bbox 2077 626 3663 699; baseline 0.003 -17"><span class='ocrx_word' id='word_1_139' title='bbox 2077 626 2289 683; x_wconf 79' lang='lat' dir='ltr'><strong>ﬁcando</strong></span> <span class='ocrx_word' id='word_1_140' title='bbox 2339 627 2646 693; x_wconf 89' lang='lat' dir='ltr'><strong>sublimem,</strong></span> <span class='ocrx_word' id='word_1_141' title='bbox 2687 637 2745 684; x_wconf 89' lang='lat' dir='ltr'><strong>et</strong></span> <span class='ocrx_word' id='word_1_142' title='bbox 2787 627 2844 684; x_wconf 87' lang='lat' dir='ltr'><strong>in</strong></span> <span class='ocrx_word' id='word_1_143' title='bbox 2885 628 3214 698; x_wconf 82' lang='lat' dir='ltr'><strong>pauperibus</strong></span> <span class='ocrx_word' id='word_1_144' title='bbox 3256 643 3290 683; x_wconf 89' lang='lat' dir='ltr'><strong>a</strong></span> <span class='ocrx_word' id='word_1_145' title='bbox 3332 636 3386 683; x_wconf 91' lang='lat' dir='ltr'><strong>te</strong></span> <span class='ocrx_word' id='word_1_146' title='bbox 3429 644 3663 699; x_wconf 86' lang='lat' dir='ltr'><strong>parvum</strong></span> 
     </span>
    </p>
   </div>
   <div class='ocr_carea' id='block_1_20' title="bbox 2077 718 2594 789">
    <p class='ocr_par' dir='ltr' id='par_1_20' title="bbox 2077 718 2594 789">
     <span class='ocr_line' id='line_1_20' title="bbox 2077 718 2594 789; baseline 0 -15"><span class='ocrx_word' id='word_1_147' title='bbox 2077 718 2281 789; x_wconf 77' lang='lat' dir='ltr'><strong>expetit</strong></span> <span class='ocrx_word' id='word_1_148' title='bbox 2312 719 2594 776; x_wconf 89' lang='lat' dir='ltr'><strong>honorem.</strong></span> 
     </span>
    </p>
   </div>
   <div class='ocr_carea' id='block_1_21' title="bbox 2677 830 3046 888">
    <p class='ocr_par' dir='ltr' id='par_1_21' title="bbox 2677 830 3046 888">
     <span class='ocr_line' id='line_1_21' title="bbox 2677 830 3046 888; baseline 0 -1"><span class='ocrx_word' id='word_1_149' title='bbox 2677 831 2909 888; x_wconf 85' lang='lat' dir='ltr'><strong>CAPUT</strong></span> <span class='ocrx_word' id='word_1_150' title='bbox 2955 830 3046 887; x_wconf 83' lang='lat' dir='ltr'><strong>X1.</strong></span> 
     </span>
    </p>
   </div>
   <div class='ocr_carea' id='block_1_22' title="bbox 2387 941 3344 1013">
    <p class='ocr_par' dir='ltr' id='par_1_22' title="bbox 2387 941 3344 1013">
     <span class='ocr_line' id='line_1_22' title="bbox 2387 941 3344 1013; baseline -0.002 -15"><span class='ocrx_word' id='word_1_151' title='bbox 2387 941 2457 998; x_wconf 86' lang='lat' dir='ltr'><strong>Ut</strong></span> <span class='ocrx_word' id='word_1_152' title='bbox 2482 943 2726 1013; x_wconf 79' lang='lat' dir='ltr'><strong>operibus</strong></span> <span class='ocrx_word' id='word_1_153' title='bbox 2750 942 3009 998; x_wconf 84' lang='lat' dir='ltr'><strong>Dominus</strong></span> <span class='ocrx_word' id='word_1_154' title='bbox 3036 943 3344 997; x_wconf 86' lang='lat' dir='ltr'><strong>honoretur.</strong></span> 
     </span>
    </p>
   </div>
   <div class='ocr_carea' id='block_1_23' title="bbox 2150 1076 3665 1150">
    <p class='ocr_par' dir='ltr' id='par_1_23' title="bbox 2150 1076 3665 1150">
     <span class='ocr_line' id='line_1_23' title="bbox 2150 1076 3665 1150; baseline 0.001 -16"><span class='ocrx_word' id='word_1_155' title='bbox 2150 1077 2417 1150; x_wconf 90' lang='lat' dir='ltr'><strong>Operibus</strong></span> <span class='ocrx_word' id='word_1_156' title='bbox 2465 1080 2610 1135; x_wconf 91' lang='lat' dir='ltr'><strong>enim</strong></span> <span class='ocrx_word' id='word_1_157' title='bbox 2658 1078 3045 1135; x_wconf 71' lang='lat' dir='ltr'><strong>misericordia:</strong></span> <span class='ocrx_word' id='word_1_158' title='bbox 3094 1076 3352 1134; x_wconf 87' lang='lat' dir='ltr'><strong>honorari</strong></span> <span class='ocrx_word' id='word_1_159' title='bbox 3401 1076 3665 1136; x_wconf 75' lang='lat' dir='ltr'><strong>Dominus</strong></span> 
     </span>
    </p>
   </div>
   <div class='ocr_carea' id='block_1_24' title="bbox 2080 1165 3667 1239">
    <p class='ocr_par' dir='ltr' id='par_1_24' title="bbox 2080 1165 3667 1239">
     <span class='ocr_line' id='line_1_24' title="bbox 2080 1165 3667 1239; baseline -0.002 -14"><span class='ocrx_word' id='word_1_160' title='bbox 2080 1169 2480 1239; x_wconf 85' lang='lat' dir='ltr'><strong>comprobatur,</strong></span> <span class='ocrx_word' id='word_1_161' title='bbox 2518 1169 2656 1224; x_wconf 90' lang='lat' dir='ltr'><strong>sicut</strong></span> <span class='ocrx_word' id='word_1_162' title='bbox 2686 1168 2950 1238; x_wconf 91' lang='lat' dir='ltr'><strong>scriptum</strong></span> <span class='ocrx_word' id='word_1_163' title='bbox 2993 1175 3118 1223; x_wconf 88' lang='lat' dir='ltr'><strong>est:</strong></span> <span class='ocrx_word' id='word_1_164' title='bbox 3153 1165 3258 1232; x_wconf 83' lang='lat' dir='ltr'><strong>Qui</strong></span> <span class='ocrx_word' id='word_1_165' title='bbox 3301 1165 3667 1222; x_wconf 73' lang='lat' dir='ltr'><strong>calumniatur</strong></span> 
     </span>
    </p>
   </div>
   <div class='ocr_carea' id='block_1_25' title="bbox 2078 1258 3667 1330">
    <p class='ocr_par' dir='ltr' id='par_1_25' title="bbox 2078 1258 3667 1330">
     <span class='ocr_line' id='line_1_25' title="bbox 2078 1258 3667 1330; baseline 0.001 -19"><span class='ocrx_word' id='word_1_166' title='bbox 2078 1268 2331 1328; x_wconf 82' lang='lat' dir='ltr'><strong>egentem,</strong></span> <span class='ocrx_word' id='word_1_167' title='bbox 2359 1258 2636 1330; x_wconf 74' lang='lat' dir='ltr'><strong>exprobrat</strong></span> <span class='ocrx_word' id='word_1_168' title='bbox 2662 1258 2852 1328; x_wconf 76' lang='lat' dir='ltr'><strong>{actori</strong></span> <span class='ocrx_word' id='word_1_169' title='bbox 2874 1258 2992 1328; x_wconf 86' lang='lat' dir='ltr'><strong>ejus</strong></span> <span class='ocrx_word' id='word_1_170' title='bbox 3023 1274 3043 1312; x_wconf 89' lang='lat'><strong><em>:</em></strong></span> <span class='ocrx_word' id='word_1_171' title='bbox 3075 1258 3300 1312; x_wconf 83' lang='lat' dir='ltr'><strong>honorat</strong></span> <span class='ocrx_word' id='word_1_172' title='bbox 3330 1268 3505 1312; x_wconf 77' lang='lat' dir='ltr'><strong>autem</strong></span> <span class='ocrx_word' id='word_1_173' title='bbox 3539 1276 3667 1314; x_wconf 73' lang='lat' dir='ltr'><strong>eunt</strong></span> 
     </span>
    </p>
   </div>
   <div class='ocr_carea' id='block_1_26' title="bbox 2079 1347 3666 1422">
    <p class='ocr_par' dir='ltr' id='par_1_26' title="bbox 2079 1347 3666 1422">
     <span class='ocr_line' id='line_1_26' title="bbox 2079 1347 3666 1422; baseline 0.002 -19"><span class='ocrx_word' id='word_1_174' title='bbox 2079 1351 2168 1422; x_wconf 84' lang='lat' dir='ltr'><strong>qui</strong></span> <span class='ocrx_word' id='word_1_175' title='bbox 2197 1349 2470 1404; x_wconf 84' lang='lat' dir='ltr'><strong>miseretur</strong></span> <span class='ocrx_word' id='word_1_176' title='bbox 2486 1352 2731 1421; x_wconf 81' lang='lat' dir='ltr'><strong>pauperis</strong></span> <span class='ocrx_word' id='word_1_177' title='bbox 2756 1347 2938 1422; x_wconf 84' lang='lat' dir='ltr'><strong>(Prov.</strong></span> <span class='ocrx_word' id='word_1_178' title='bbox 2969 1365 3083 1416; x_wconf 78' lang='lat' dir='ltr'><strong>xlv,</strong></span> <span class='ocrx_word' id='word_1_179' title='bbox 3105 1350 3219 1420; x_wconf 79' lang='lat'><strong>51).</strong></span> <span class='ocrx_word' id='word_1_180' title='bbox 3244 1349 3379 1405; x_wconf 90' lang='lat' dir='ltr'><strong>Item</strong></span> <span class='ocrx_word' id='word_1_181' title='bbox 3406 1350 3666 1406; x_wconf 86' lang='lat' dir='ltr'><strong>Salomon</strong></span> 
     </span>
    </p>
   </div>
   <div class='ocr_carea' id='block_1_27' title="bbox 2080 1439 3665 1507">
    <p class='ocr_par' dir='ltr' id='par_1_27' title="bbox 2080 1439 3665 1507">
     <span class='ocr_line' id='line_1_27' title="bbox 2080 1439 3665 1507; baseline 0.002 -14"><span class='ocrx_word' id='word_1_182' title='bbox 2080 1441 2157 1495; x_wconf 86' lang='lat' dir='ltr'><strong>ait</strong></span> <span class='ocrx_word' id='word_1_183' title='bbox 2181 1455 2196 1492; x_wconf 89' lang='lat'><strong>:</strong></span> <span class='ocrx_word' id='word_1_184' title='bbox 2221 1439 2348 1507; x_wconf 86' lang='lat' dir='ltr'><strong>Fili,</strong></span> <span class='ocrx_word' id='word_1_185' title='bbox 2371 1441 2572 1495; x_wconf 89' lang='lat' dir='ltr'><strong>honora</strong></span> <span class='ocrx_word' id='word_1_186' title='bbox 2595 1439 2782 1507; x_wconf 84' lang='lat' dir='ltr'><strong>Deum,</strong></span> <span class='ocrx_word' id='word_1_187' title='bbox 2807 1451 2856 1495; x_wconf 93' lang='lat' dir='ltr'><strong>et</strong></span> <span class='ocrx_word' id='word_1_188' title='bbox 2880 1439 3090 1496; x_wconf 88' lang='lat' dir='ltr'><strong>valebis.</strong></span> <span class='ocrx_word' id='word_1_189' title='bbox 3111 1439 3271 1497; x_wconf 71' lang='lat' dir='ltr'><strong>Iesus</strong></span> <span class='ocrx_word' id='word_1_190' title='bbox 3297 1440 3441 1496; x_wconf 82' lang='lat' dir='ltr'><strong>ﬁlius</strong></span> <span class='ocrx_word' id='word_1_191' title='bbox 3466 1439 3665 1496; x_wconf 80' lang='lat' dir='ltr'><strong>Sirach</strong></span> 
     </span>
    </p>
   </div>
   <div class='ocr_carea' id='block_1_28' title="bbox 2082 1531 3664 1601">
    <p class='ocr_par' dir='ltr' id='par_1_28' title="bbox 2082 1531 3664 1601">
     <span class='ocr_line' id='line_1_28' title="bbox 2082 1531 3664 1601; baseline -0.001 -15"><span class='ocrx_word' id='word_1_192' title='bbox 2082 1533 2158 1588; x_wconf 89' lang='lat' dir='ltr'><strong>ait</strong></span> <span class='ocrx_word' id='word_1_193' title='bbox 2185 1550 2197 1585; x_wconf 93' lang='lat'>:</span> <span class='ocrx_word' id='word_1_194' title='bbox 2228 1531 2446 1588; x_wconf 86' lang='lat' dir='ltr'><strong>Honora</strong></span> <span class='ocrx_word' id='word_1_195' title='bbox 2473 1532 2642 1587; x_wconf 88' lang='lat' dir='ltr'><strong>Deum</strong></span> <span class='ocrx_word' id='word_1_196' title='bbox 2663 1549 2728 1588; x_wconf 79' lang='lat' dir='ltr'><strong>ea:</strong></span> <span class='ocrx_word' id='word_1_197' title='bbox 2764 1542 2874 1588; x_wconf 89' lang='lat' dir='ltr'><strong>tota</strong></span> <span class='ocrx_word' id='word_1_198' title='bbox 2903 1532 3080 1586; x_wconf 89' lang='lat' dir='ltr'><strong>anima</strong></span> <span class='ocrx_word' id='word_1_199' title='bbox 3123 1541 3239 1597; x_wconf 90' lang='lat' dir='ltr'><strong>tua,</strong></span> <span class='ocrx_word' id='word_1_200' title='bbox 3293 1541 3344 1587; x_wconf 87' lang='lat' dir='ltr'><strong>et</strong></span> <span class='ocrx_word' id='word_1_201' title='bbox 3371 1532 3664 1601; x_wconf 82' lang='lat' dir='ltr'><strong>honoriﬁca</strong></span> 
     </span>
    </p>
   </div>
   <div class='ocr_carea' id='block_1_29' title="bbox 2081 1623 3664 1694">
    <p class='ocr_par' dir='ltr' id='par_1_29' title="bbox 2081 1623 3664 1694">
     <span class='ocr_line' id='line_1_29' title="bbox 2081 1623 3664 1694; baseline -0.001 -16"><span class='ocrx_word' id='word_1_202' title='bbox 2081 1624 2398 1689; x_wconf 83' lang='lat' dir='ltr'><strong>sacerdotes,</strong></span> <span class='ocrx_word' id='word_1_203' title='bbox 2444 1634 2492 1679; x_wconf 83' lang='lat' dir='ltr'><strong>et</strong></span> <span class='ocrx_word' id='word_1_204' title='bbox 2538 1640 2802 1694; x_wconf 88' lang='lat' dir='ltr'><strong>propurga</strong></span> <span class='ocrx_word' id='word_1_205' title='bbox 2851 1635 2900 1679; x_wconf 90' lang='lat' dir='ltr'><strong>te</strong></span> <span class='ocrx_word' id='word_1_206' title='bbox 2947 1641 3066 1678; x_wconf 88' lang='lat' dir='ltr'><strong>cum</strong></span> <span class='ocrx_word' id='word_1_207' title='bbox 3114 1624 3363 1678; x_wconf 82' lang='lat' dir='ltr'><strong>brachiis.</strong></span> <span class='ocrx_word' id='word_1_208' title='bbox 3420 1623 3504 1677; x_wconf 89' lang='lat' dir='ltr'><strong>Da</strong></span> <span class='ocrx_word' id='word_1_209' title='bbox 3553 1623 3664 1677; x_wconf 81' lang='lat' dir='ltr'><strong>illis</strong></span> 
     </span>
    </p>
   </div>
   <div class='ocr_carea' id='block_1_30' title="bbox 2081 1714 3663 1786">
    <p class='ocr_par' dir='ltr' id='par_1_30' title="bbox 2081 1714 3663 1786">
     <span class='ocr_line' id='line_1_30' title="bbox 2081 1714 3663 1786; baseline -0.002 -17"><span class='ocrx_word' id='word_1_210' title='bbox 2081 1724 2305 1786; x_wconf 87' lang='lat' dir='ltr'><strong>partem,</strong></span> <span class='ocrx_word' id='word_1_211' title='bbox 2337 1714 2472 1768; x_wconf 85' lang='lat' dir='ltr'><strong>sicut</strong></span> <span class='ocrx_word' id='word_1_212' title='bbox 2497 1714 2805 1768; x_wconf 87' lang='lat' dir='ltr'><strong>mandatum</strong></span> <span class='ocrx_word' id='word_1_213' title='bbox 2833 1724 2907 1768; x_wconf 90' lang='lat' dir='ltr'><strong>est</strong></span> <span class='ocrx_word' id='word_1_214' title='bbox 2933 1715 3051 1780; x_wconf 90' lang='lat' dir='ltr'><strong>tibi,</strong></span> <span class='ocrx_word' id='word_1_215' title='bbox 3080 1715 3434 1784; x_wconf 86' lang='lat' dir='ltr'><strong>primitiarum</strong></span> <span class='ocrx_word' id='word_1_216' title='bbox 3461 1723 3508 1768; x_wconf 88' lang='lat' dir='ltr'><strong>et</strong></span> <span class='ocrx_word' id='word_1_217' title='bbox 3531 1730 3663 1784; x_wconf 87' lang='lat' dir='ltr'><strong>pur-</strong></span> 
     </span>
    </p>
   </div>
   <div class='ocr_carea' id='block_1_31' title="bbox 405 1803 3662 1888">
    <p class='ocr_par' dir='ltr' id='par_1_31' title="bbox 405 1803 3662 1888">
     <span class='ocr_line' id='line_1_31' title="bbox 405 1803 3662 1888; baseline -0.004 -18"><span class='ocrx_word' id='word_1_218' title='bbox 405 1825 636 1888; x_wconf 82' lang='lat' dir='ltr'><strong>quenter</strong></span> <span class='ocrx_word' id='word_1_219' title='bbox 676 1815 956 1886; x_wconf 78' lang='lat' dir='ltr'><strong>porrigere</strong></span> <span class='ocrx_word' id='word_1_220' title='bbox 995 1819 1216 1882; x_wconf 89' lang='lat' dir='ltr'><strong>propter</strong></span> <span class='ocrx_word' id='word_1_221' title='bbox 1252 1809 1547 1865; x_wconf 88' lang='lat' dir='ltr'><strong>Christum.</strong></span> <span class='ocrx_word' id='word_1_222' title='bbox 1573 1806 1727 1861; x_wconf 89' lang='lat' dir='ltr'><strong>Illum</strong></span> <span class='ocrx_word' id='word_1_223' title='bbox 1756 1805 1898 1860; x_wconf 90' lang='lat' dir='ltr'><strong>enim</strong></span> <span class='ocrx_word' id='word_1_224' title='bbox 1927 1803 1981 1858; x_wconf 92' lang='lat' dir='ltr'><strong>in</strong></span> <span class='ocrx_word' id='word_1_225' title='bbox 2010 1811 2058 1870; x_wconf 75' lang='lat' dir='ltr'><strong>B</strong></span> <span class='ocrx_word' id='word_1_226' title='bbox 2084 1807 2344 1878; x_wconf 83' lang='lat' dir='ltr'><strong>gationis;</strong></span> <span class='ocrx_word' id='word_1_227' title='bbox 2372 1815 2421 1860; x_wconf 87' lang='lat' dir='ltr'><strong>et</strong></span> <span class='ocrx_word' id='word_1_228' title='bbox 2444 1805 2509 1860; x_wconf 91' lang='lat' dir='ltr'><strong>de</strong></span> <span class='ocrx_word' id='word_1_229' title='bbox 2557 1805 2868 1876; x_wconf 84' lang='lat' dir='ltr'><strong>negligentia</strong></span> <span class='ocrx_word' id='word_1_230' title='bbox 2901 1815 2993 1860; x_wconf 88' lang='lat' dir='ltr'><strong>tua</strong></span> <span class='ocrx_word' id='word_1_231' title='bbox 3018 1822 3187 1876; x_wconf 86' lang='lat' dir='ltr'><strong>purga</strong></span> <span class='ocrx_word' id='word_1_232' title='bbox 3225 1815 3276 1859; x_wconf 88' lang='lat' dir='ltr'><strong>te</strong></span> <span class='ocrx_word' id='word_1_233' title='bbox 3301 1821 3421 1858; x_wconf 89' lang='lat' dir='ltr'><strong>cum</strong></span> <span class='ocrx_word' id='word_1_234' title='bbox 3456 1805 3662 1874; x_wconf 83' lang='lat' dir='ltr'><strong>paucis.</strong></span> 
     </span>
    </p>
   </div>
   <div class='ocr_carea' id='block_1_32' title="bbox 407 1893 1982 1967">
    <p class='ocr_par' dir='ltr' id='par_1_32' title="bbox 407 1893 1982 1967">
     <span class='ocr_line' id='line_1_32' title="bbox 407 1893 1982 1967; baseline -0.008 -7"><span class='ocrx_word' id='word_1_235' title='bbox 407 1914 666 1960; x_wconf 78' lang='lat' dir='ltr'><strong>:eternum</strong></span> <span class='ocrx_word' id='word_1_236' title='bbox 698 1903 900 1959; x_wconf 88' lang='lat' dir='ltr'><strong>senties</strong></span> <span class='ocrx_word' id='word_1_237' title='bbox 927 1902 1326 1964; x_wconf 79' lang='lat' dir='ltr'><strong>retributorem,</strong></span> <span class='ocrx_word' id='word_1_238' title='bbox 1357 1897 1401 1953; x_wconf 89' lang='lat' dir='ltr'><strong>si</strong></span> <span class='ocrx_word' id='word_1_239' title='bbox 1421 1912 1518 1967; x_wconf 92' lang='lat' dir='ltr'><strong>pro</strong></span> <span class='ocrx_word' id='word_1_240' title='bbox 1545 1896 1635 1951; x_wconf 91' lang='lat' dir='ltr'><strong>illo</strong></span> <span class='ocrx_word' id='word_1_241' title='bbox 1659 1893 1982 1966; x_wconf 86' lang='lat' dir='ltr'><strong>pauperibus</strong></span> 
     </span>
    </p>
   </div>
   <div class='ocr_carea' id='block_1_33' title="bbox 407 1988 1982 2066">
    <p class='ocr_par' dir='ltr' id='par_1_33' title="bbox 407 1988 1982 2066">
     <span class='ocr_line' id='line_1_33' title="bbox 407 1988 1982 2066; baseline -0.011 -12"><span class='ocrx_word' id='word_1_242' title='bbox 407 1999 656 2054; x_wconf 85' lang='lat' dir='ltr'><strong>hilariter</strong></span> <span class='ocrx_word' id='word_1_243' title='bbox 683 1993 994 2066; x_wconf 76' lang='lat' dir='ltr'><strong>porrexeris</strong></span> <span class='ocrx_word' id='word_1_244' title='bbox 1027 2005 1251 2064; x_wconf 88' lang='lat' dir='ltr'><strong>panem;</strong></span> <span class='ocrx_word' id='word_1_245' title='bbox 1300 1988 1481 2044; x_wconf 86' lang='lat' dir='ltr'><strong>abillo</strong></span> <span class='ocrx_word' id='word_1_246' title='bbox 1505 1995 1764 2042; x_wconf 67' lang='lat' dir='ltr'><strong>aeternam</strong></span> <span class='ocrx_word' id='word_1_247' title='bbox 1788 1997 1982 2039; x_wconf 91' lang='lat' dir='ltr'><strong>conse-</strong></span> 
     </span>
    </p>
   </div>
   <div class='ocr_carea' id='block_1_34' title="bbox 408 2073 1983 2158">
    <p class='ocr_par' dir='ltr' id='par_1_34' title="bbox 408 2073 1983 2158">
     <span class='ocr_line' id='line_1_34' title="bbox 408 2073 1983 2158; baseline -0.007 -18"><span class='ocrx_word' id='word_1_248' title='bbox 408 2087 593 2158; x_wconf 79' lang='lat' dir='ltr'><strong>queris</strong></span> <span class='ocrx_word' id='word_1_249' title='bbox 624 2081 1069 2143; x_wconf 86' lang='lat' dir='ltr'><strong>misericordiam,</strong></span> <span class='ocrx_word' id='word_1_250' title='bbox 1102 2081 1146 2134; x_wconf 89' lang='lat' dir='ltr'><strong>si</strong></span> <span class='ocrx_word' id='word_1_251' title='bbox 1176 2095 1274 2149; x_wconf 90' lang='lat' dir='ltr'><strong>pro</strong></span> <span class='ocrx_word' id='word_1_252' title='bbox 1301 2078 1392 2133; x_wconf 87' lang='lat' dir='ltr'><strong>illo</strong></span> <span class='ocrx_word' id='word_1_253' title='bbox 1421 2077 1631 2148; x_wconf 87' lang='lat' dir='ltr'><strong>plenam</strong></span> <span class='ocrx_word' id='word_1_254' title='bbox 1655 2073 1983 2145; x_wconf 83' lang='lat' dir='ltr'><strong>pauperibus</strong></span> 
     </span>
    </p>
   </div>
   <div class='ocr_carea' id='block_1_35' title="bbox 408 2165 1984 2250">
    <p class='ocr_par' dir='ltr' id='par_1_35' title="bbox 408 2165 1984 2250">
     <span class='ocr_line' id='line_1_35' title="bbox 408 2165 1984 2250; baseline -0.008 -17"><span class='ocrx_word' id='word_1_255' title='bbox 408 2176 715 2250; x_wconf 78' lang='lat' dir='ltr'><strong>porrexeris</strong></span> <span class='ocrx_word' id='word_1_256' title='bbox 740 2176 1037 2231; x_wconf 77' lang='lat' dir='ltr'><strong>dexteram.</strong></span> <span class='ocrx_word' id='word_1_257' title='bbox 1070 2172 1254 2241; x_wconf 80' lang='lat' dir='ltr'><strong>Neque</strong></span> <span class='ocrx_word' id='word_1_258' title='bbox 1292 2170 1437 2226; x_wconf 87' lang='lat' dir='ltr'><strong>enim</strong></span> <span class='ocrx_word' id='word_1_259' title='bbox 1465 2167 1662 2224; x_wconf 88' lang='lat' dir='ltr'><strong>mereri</strong></span> <span class='ocrx_word' id='word_1_260' title='bbox 1701 2167 1796 2222; x_wconf 89' lang='lat' dir='ltr'><strong>Dei</strong></span> <span class='ocrx_word' id='word_1_261' title='bbox 1822 2165 1984 2220; x_wconf 90' lang='lat' dir='ltr'><strong>mise-</strong></span> 
     </span>
    </p>
   </div>
   <div class='ocr_carea' id='block_1_36' title="bbox 412 2257 1978 2338">
    <p class='ocr_par' dir='ltr' id='par_1_36' title="bbox 412 2257 1978 2338">
     <span class='ocr_line' id='line_1_36' title="bbox 412 2257 1978 2338; baseline -0.008 -13"><span class='ocrx_word' id='word_1_262' title='bbox 412 2268 700 2325; x_wconf 85' lang='lat' dir='ltr'><strong>ricordiam</strong></span> <span class='ocrx_word' id='word_1_263' title='bbox 727 2267 946 2338; x_wconf 88' lang='lat' dir='ltr'><strong>poterit,</strong></span> <span class='ocrx_word' id='word_1_264' title='bbox 980 2265 1071 2336; x_wconf 88' lang='lat' dir='ltr'><strong>qui</strong></span> <span class='ocrx_word' id='word_1_265' title='bbox 1096 2265 1403 2320; x_wconf 86' lang='lat' dir='ltr'><strong>misericors</strong></span> <span class='ocrx_word' id='word_1_266' title='bbox 1421 2270 1476 2316; x_wconf 92' lang='lat' dir='ltr'><strong>et</strong></span> <span class='ocrx_word' id='word_1_267' title='bbox 1503 2261 1617 2331; x_wconf 89' lang='lat' dir='ltr'><strong>ipse</strong></span> <span class='ocrx_word' id='word_1_268' title='bbox 1644 2275 1749 2316; x_wconf 91' lang='lat' dir='ltr'><strong>non</strong></span> <span class='ocrx_word' id='word_1_269' title='bbox 1779 2257 1978 2323; x_wconf 81' lang='lat' dir='ltr'><strong>fuerit;</strong></span> 
     </span>
    </p>
   </div>
   <div class='ocr_carea' id='block_1_37' title="bbox 410 2347 1983 2430">
    <p class='ocr_par' dir='ltr' id='par_1_37' title="bbox 410 2347 1983 2430">
     <span class='ocr_line' id='line_1_37' title="bbox 410 2347 1983 2430; baseline -0.009 -14"><span class='ocrx_word' id='word_1_270' title='bbox 410 2369 503 2417; x_wconf 85' lang='lat' dir='ltr'><strong>aut</strong></span> <span class='ocrx_word' id='word_1_271' title='bbox 527 2359 837 2430; x_wconf 83' lang='lat' dir='ltr'><strong>impetrabit</strong></span> <span class='ocrx_word' id='word_1_272' title='bbox 858 2359 926 2413; x_wconf 90' lang='lat' dir='ltr'><strong>de</strong></span> <span class='ocrx_word' id='word_1_273' title='bbox 948 2357 1126 2412; x_wconf 89' lang='lat' dir='ltr'><strong>divina</strong></span> <span class='ocrx_word' id='word_1_274' title='bbox 1149 2356 1348 2426; x_wconf 76' lang='lat' dir='ltr'><strong>piezate</strong></span> <span class='ocrx_word' id='word_1_275' title='bbox 1368 2352 1570 2422; x_wconf 90' lang='lat' dir='ltr'><strong>aliquid</strong></span> <span class='ocrx_word' id='word_1_276' title='bbox 1590 2350 1862 2421; x_wconf 89' lang='lat' dir='ltr'><strong>precibus,</strong></span> <span class='ocrx_word' id='word_1_277' title='bbox 1889 2347 1983 2417; x_wconf 88' lang='lat' dir='ltr'><strong>qui</strong></span> 
     </span>
    </p>
   </div>
   <div class='ocr_carea' id='block_1_38' title="bbox 415 2439 1981 2524">
    <p class='ocr_par' dir='ltr' id='par_1_38' title="bbox 415 2439 1981 2524">
     <span class='ocr_line' id='line_1_38' title="bbox 415 2439 1981 2524; baseline -0.008 -16"><span class='ocrx_word' id='word_1_278' title='bbox 415 2455 482 2508; x_wconf 82' lang='lat' dir='ltr'><strong>ad</strong></span> <span class='ocrx_word' id='word_1_279' title='bbox 503 2465 719 2524; x_wconf 87' lang='lat' dir='ltr'><strong>precem</strong></span> <span class='ocrx_word' id='word_1_280' title='bbox 758 2449 1010 2521; x_wconf 85' lang='lat' dir='ltr'><strong>pauperis</strong></span> <span class='ocrx_word' id='word_1_281' title='bbox 1033 2463 1138 2501; x_wconf 91' lang='lat' dir='ltr'><strong>uon</strong></span> <span class='ocrx_word' id='word_1_282' title='bbox 1170 2447 1332 2501; x_wconf 80' lang='lat' dir='ltr'><strong>fuerit</strong></span> <span class='ocrx_word' id='word_1_283' title='bbox 1362 2446 1652 2499; x_wconf 89' lang='lat' dir='ltr'><strong>humanus.</strong></span> <span class='ocrx_word' id='word_1_284' title='bbox 1682 2440 1774 2496; x_wconf 91' lang='lat' dir='ltr'><strong>Sic</strong></span> <span class='ocrx_word' id='word_1_285' title='bbox 1803 2439 1981 2510; x_wconf 87' lang='lat' dir='ltr'><strong>Spiri-</strong></span> 
     </span>
    </p>
   </div>
   <div class='ocr_carea' id='block_1_39' title="bbox 413 2531 1984 2610">
    <p class='ocr_par' dir='ltr' id='par_1_39' title="bbox 413 2531 1984 2610">
     <span class='ocr_line' id='line_1_39' title="bbox 413 2531 1984 2610; baseline -0.01 -12"><span class='ocrx_word' id='word_1_286' title='bbox 413 2551 500 2599; x_wconf 91' lang='lat' dir='ltr'><strong>tus</strong></span> <span class='ocrx_word' id='word_1_287' title='bbox 527 2541 772 2599; x_wconf 88' lang='lat' dir='ltr'><strong>veritatis</strong></span> <span class='ocrx_word' id='word_1_288' title='bbox 808 2555 906 2610; x_wconf 89' lang='lat' dir='ltr'><strong>per</strong></span> <span class='ocrx_word' id='word_1_289' title='bbox 935 2537 1278 2593; x_wconf 87' lang='lat' dir='ltr'><strong>Salomouem</strong></span> <span class='ocrx_word' id='word_1_290' title='bbox 1307 2535 1436 2590; x_wconf 88' lang='lat' dir='ltr'><strong>dicit</strong></span> <span class='ocrx_word' id='word_1_291' title='bbox 1467 2551 1480 2587; x_wconf 90' lang='lat'><strong>:</strong></span> <span class='ocrx_word' id='word_1_292' title='bbox 1521 2531 1624 2599; x_wconf 83' lang='lat' dir='ltr'><strong>Qui</strong></span> <span class='ocrx_word' id='word_1_293' title='bbox 1653 2531 1859 2586; x_wconf 84' lang='lat' dir='ltr'><strong>obturat</strong></span> <span class='ocrx_word' id='word_1_294' title='bbox 1886 2546 1984 2584; x_wconf 84' lang='lat' dir='ltr'><strong>au-</strong></span> 
     </span>
    </p>
   </div>
   <div class='ocr_carea' id='block_1_40' title="bbox 412 2619 1982 2697">
    <p class='ocr_par' dir='ltr' id='par_1_40' title="bbox 412 2619 1982 2697">
     <span class='ocr_line' id='line_1_40' title="bbox 412 2619 1982 2697; baseline -0.007 -12"><span class='ocrx_word' id='word_1_295' title='bbox 412 2649 522 2687; x_wconf 87' lang='lat' dir='ltr'><strong>rem</strong></span> <span class='ocrx_word' id='word_1_296' title='bbox 545 2647 698 2686; x_wconf 84' lang='lat' dir='ltr'><strong>suam</strong></span> <span class='ocrx_word' id='word_1_297' title='bbox 739 2629 808 2683; x_wconf 89' lang='lat' dir='ltr'><strong>ad</strong></span> <span class='ocrx_word' id='word_1_298' title='bbox 835 2627 1114 2683; x_wconf 87' lang='lat' dir='ltr'><strong>clamorem</strong></span> <span class='ocrx_word' id='word_1_299' title='bbox 1141 2625 1408 2697; x_wconf 85' lang='lat' dir='ltr'><strong>pauperis,</strong></span> <span class='ocrx_word' id='word_1_300' title='bbox 1452 2632 1500 2677; x_wconf 89' lang='lat' dir='ltr'><strong>et</strong></span> <span class='ocrx_word' id='word_1_301' title='bbox 1528 2623 1636 2692; x_wconf 87' lang='lat' dir='ltr'><strong>ipse</strong></span> <span class='ocrx_word' id='word_1_302' title='bbox 1662 2619 1908 2675; x_wconf 83' lang='lat' dir='ltr'><strong>clamabit</strong></span> <span class='ocrx_word' id='word_1_303' title='bbox 1933 2630 1982 2675; x_wconf 89' lang='lat' dir='ltr'><strong>et</strong></span> 
     </span>
    </p>
   </div>
   <div class='ocr_carea' id='block_1_41' title="bbox 413 2711 1985 2790">
    <p class='ocr_par' dir='ltr' id='par_1_41' title="bbox 413 2711 1985 2790">
     <span class='ocr_line' id='line_1_41' title="bbox 413 2711 1985 2790; baseline -0.009 -13"><span class='ocrx_word' id='word_1_304' title='bbox 413 2739 516 2777; x_wconf 88' lang='lat' dir='ltr'><strong>non</strong></span> <span class='ocrx_word' id='word_1_305' title='bbox 537 2720 848 2777; x_wconf 70' lang='lat' dir='ltr'><strong>exaudiatur</strong></span> <span class='ocrx_word' id='word_1_306' title='bbox 885 2717 1067 2790; x_wconf 83' lang='lat' dir='ltr'><strong>(Prov.</strong></span> <span class='ocrx_word' id='word_1_307' title='bbox 1098 2731 1212 2781; x_wconf 66' lang='grc' dir='ltr'>χχι,</span> <span class='ocrx_word' id='word_1_308' title='bbox 1242 2714 1354 2784; x_wconf 65' lang='grc'>13).</span> <span class='ocrx_word' id='word_1_309' title='bbox 1388 2711 1625 2782; x_wconf 81' lang='lat' dir='ltr'><strong>Raphael</strong></span> <span class='ocrx_word' id='word_1_310' title='bbox 1651 2724 1865 2780; x_wconf 87' lang='lat' dir='ltr'><strong>quoque</strong></span> <span class='ocrx_word' id='word_1_311' title='bbox 1893 2725 1985 2764; x_wconf 89' lang='lat' dir='ltr'><strong>an-</strong></span> 
     </span>
    </p>
   </div>
   <div class='ocr_carea' id='block_1_42' title="bbox 339 2799 1984 2880">
    <p class='ocr_par' dir='ltr' id='par_1_42' title="bbox 339 2799 1984 2880">
     <span class='ocr_line' id='line_1_42' title="bbox 339 2799 1984 2880; baseline -0.007 -13"><span class='ocrx_word' id='word_1_312' title='bbox 339 2799 344 2803; x_wconf 51' lang='grc'><em>’</em></span> <span class='ocrx_word' id='word_1_313' title='bbox 409 2812 562 2880; x_wconf 87' lang='lat' dir='ltr'><strong>gelus</strong></span> <span class='ocrx_word' id='word_1_314' title='bbox 583 2818 644 2865; x_wconf 91' lang='lat' dir='ltr'><strong>ut</strong></span> <span class='ocrx_word' id='word_1_315' title='bbox 663 2809 1003 2878; x_wconf 88' lang='lat' dir='ltr'><strong>eleemosyna</strong></span> <span class='ocrx_word' id='word_1_316' title='bbox 1032 2806 1266 2861; x_wconf 88' lang='lat' dir='ltr'><strong>libenter</strong></span> <span class='ocrx_word' id='word_1_317' title='bbox 1285 2819 1350 2859; x_wconf 88' lang='lat' dir='ltr'><strong>ac</strong></span> <span class='ocrx_word' id='word_1_318' title='bbox 1370 2803 1589 2875; x_wconf 88' lang='lat' dir='ltr'><strong>largiter</strong></span> <span class='ocrx_word' id='word_1_319' title='bbox 1617 2802 1713 2858; x_wconf 81' lang='lat' dir='ltr'><strong>liat</strong></span> <span class='ocrx_word' id='word_1_320' title='bbox 1735 2802 1984 2858; x_wconf 83' lang='lat' dir='ltr'><strong>hortatur</strong></span> 
     </span>
    </p>
   </div>
   <div class='ocr_carea' id='block_1_43' title="bbox 412 2891 1981 2967">
    <p class='ocr_par' dir='ltr' id='par_1_43' title="bbox 412 2891 1981 2967">
     <span class='ocr_line' id='line_1_43' title="bbox 412 2891 1981 2967; baseline -0.006 -12"><span class='ocrx_word' id='word_1_321' title='bbox 412 2917 534 2967; x_wconf 88' lang='lat' dir='ltr'><strong>nos,</strong></span> <span class='ocrx_word' id='word_1_322' title='bbox 554 2901 776 2956; x_wconf 88' lang='lat' dir='ltr'><strong>dicens:</strong></span> <span class='ocrx_word' id='word_1_323' title='bbox 804 2898 955 2953; x_wconf 88' lang='lat' dir='ltr'><strong>Bona</strong></span> <span class='ocrx_word' id='word_1_324' title='bbox 982 2906 1057 2952; x_wconf 88' lang='lat' dir='ltr'><strong>est</strong></span> <span class='ocrx_word' id='word_1_325' title='bbox 1084 2897 1254 2952; x_wconf 88' lang='lat' dir='ltr'><strong>oratio</strong></span> <span class='ocrx_word' id='word_1_326' title='bbox 1283 2912 1400 2950; x_wconf 87' lang='lat' dir='ltr'><strong>cum</strong></span> <span class='ocrx_word' id='word_1_327' title='bbox 1417 2894 1651 2965; x_wconf 83' lang='lat' dir='ltr'><strong>jejunio,</strong></span> <span class='ocrx_word' id='word_1_328' title='bbox 1681 2901 1730 2948; x_wconf 89' lang='lat' dir='ltr'><strong>et</strong></span> <span class='ocrx_word' id='word_1_329' title='bbox 1759 2891 1981 2948; x_wconf 88' lang='lat' dir='ltr'><strong>eleemo-</strong></span> 
     </span>
    </p>
   </div>
   <div class='ocr_carea' id='block_1_44' title="bbox 407 2983 1982 3062">
    <p class='ocr_par' dir='ltr' id='par_1_44' title="bbox 407 2983 1982 3062">
     <span class='ocr_line' id='line_1_44' title="bbox 407 2983 1982 3062; baseline -0.006 -16"><span class='ocrx_word' id='word_1_330' title='bbox 407 3008 542 3062; x_wconf 77' lang='lat' dir='ltr'><strong>agna</strong></span> <span class='ocrx_word' id='word_1_331' title='bbox 566 2991 733 3060; x_wconf 86' lang='lat' dir='ltr'><strong>magis</strong></span> <span class='ocrx_word' id='word_1_332' title='bbox 760 3004 919 3060; x_wconf 83' lang='lat' dir='ltr'><strong>quam</strong></span> <span class='ocrx_word' id='word_1_333' title='bbox 947 2988 1218 3043; x_wconf 81' lang='lat' dir='ltr'><strong>thesauros</strong></span> <span class='ocrx_word' id='word_1_334' title='bbox 1250 2986 1371 3040; x_wconf 83' lang='lat' dir='ltr'><strong>auri</strong></span> <span class='ocrx_word' id='word_1_335' title='bbox 1400 2984 1699 3050; x_wconf 86' lang='lat' dir='ltr'><strong>recondere,</strong></span> <span class='ocrx_word' id='word_1_336' title='bbox 1735 2983 1982 3055; x_wconf 79' lang='lat' dir='ltr'><strong>quoniam</strong></span> 
     </span>
    </p>
   </div>
   <div class='ocr_carea' id='block_1_45' title="bbox 409 3079 1982 3153">
    <p class='ocr_par' dir='ltr' id='par_1_45' title="bbox 409 3079 1982 3153">
     <span class='ocr_line' id='line_1_45' title="bbox 409 3079 1982 3153; baseline -0.005 -16"><span class='ocrx_word' id='word_1_337' title='bbox 409 3083 734 3153; x_wconf 84' lang='lat' dir='ltr'><strong>eleemosyna</strong></span> <span class='ocrx_word' id='word_1_338' title='bbox 783 3099 817 3135; x_wconf 92' lang='lat' dir='ltr'><strong>a</strong></span> <span class='ocrx_word' id='word_1_339' title='bbox 862 3089 1028 3136; x_wconf 86' lang='lat' dir='ltr'><strong>morte</strong></span> <span class='ocrx_word' id='word_1_340' title='bbox 1053 3079 1262 3146; x_wconf 84' lang='lat' dir='ltr'><strong>liberat,</strong></span> <span class='ocrx_word' id='word_1_341' title='bbox 1291 3088 1341 3134; x_wconf 91' lang='lat' dir='ltr'><strong>et</strong></span> <span class='ocrx_word' id='word_1_342' title='bbox 1389 3079 1503 3149; x_wconf 87' lang='lat' dir='ltr'><strong>ipsa</strong></span> <span class='ocrx_word' id='word_1_343' title='bbox 1527 3085 1604 3132; x_wconf 84' lang='lat' dir='ltr'><strong>est</strong></span> <span class='ocrx_word' id='word_1_344' title='bbox 1636 3093 1754 3148; x_wconf 76' lang='lat' dir='ltr'><strong>quas</strong></span> <span class='ocrx_word' id='word_1_345' title='bbox 1794 3085 1982 3147; x_wconf 86' lang='lat' dir='ltr'><strong>purgat</strong></span> 
     </span>
    </p>
   </div>
   <div class='ocr_carea' id='block_1_46' title="bbox 410 3166 1983 3242">
    <p class='ocr_par' dir='ltr' id='par_1_46' title="bbox 410 3166 1983 3242">
     <span class='ocr_line' id='line_1_46' title="bbox 410 3166 1983 3242; baseline -0.005 -16"><span class='ocrx_word' id='word_1_346' title='bbox 410 3180 644 3242; x_wconf 85' lang='lat' dir='ltr'><strong>peccata,</strong></span> <span class='ocrx_word' id='word_1_347' title='bbox 698 3180 746 3225; x_wconf 88' lang='lat' dir='ltr'><strong>et</strong></span> <span class='ocrx_word' id='word_1_348' title='bbox 793 3171 921 3240; x_wconf 80' lang='lat' dir='ltr'><strong>facit</strong></span> <span class='ocrx_word' id='word_1_349' title='bbox 967 3170 1199 3226; x_wconf 88' lang='lat' dir='ltr'><strong>invenire</strong></span> <span class='ocrx_word' id='word_1_350' title='bbox 1261 3167 1672 3223; x_wconf 87' lang='lat' dir='ltr'><strong>misericordiam</strong></span> <span class='ocrx_word' id='word_1_351' title='bbox 1716 3174 1765 3220; x_wconf 90' lang='lat' dir='ltr'><strong>et</strong></span> <span class='ocrx_word' id='word_1_352' title='bbox 1820 3166 1983 3220; x_wconf 87' lang='lat' dir='ltr'><strong>vitam</strong></span> 
     </span>
    </p>
   </div>
   <div class='ocr_carea' id='block_1_47' title="bbox 411 3255 1987 3332">
    <p class='ocr_par' dir='ltr' id='par_1_47' title="bbox 411 3255 1987 3332">
     <span class='ocr_line' id='line_1_47' title="bbox 411 3255 1987 3332; baseline -0.003 -18"><span class='ocrx_word' id='word_1_353' title='bbox 411 3271 664 3316; x_wconf 65' lang='lat' dir='ltr'><strong>a&#39;ternam</strong></span> <span class='ocrx_word' id='word_1_354' title='bbox 713 3261 781 3331; x_wconf 86' lang='lat' dir='ltr'><strong>(T</strong></span> <span class='ocrx_word' id='word_1_355' title='bbox 781 3261 865 3316; x_wconf 92' lang='lat' dir='ltr'><strong>ob.</strong></span> <span class='ocrx_word' id='word_1_356' title='bbox 901 3278 1005 3328; x_wconf 83' lang='lat' dir='ltr'><strong>xu,</strong></span> <span class='ocrx_word' id='word_1_357' title='bbox 1047 3259 1124 3332; x_wconf 86' lang='lat'><strong>8).</strong></span> <span class='ocrx_word' id='word_1_358' title='bbox 1157 3260 1382 3316; x_wconf 81' lang='lat' dir='ltr'><strong>Revelat</strong></span> <span class='ocrx_word' id='word_1_359' title='bbox 1425 3259 1648 3330; x_wconf 80' lang='lat' dir='ltr'><strong>angelus</strong></span> <span class='ocrx_word' id='word_1_360' title='bbox 1670 3265 1727 3313; x_wconf 91' lang='lat' dir='ltr'><strong>et</strong></span> <span class='ocrx_word' id='word_1_361' title='bbox 1755 3255 1987 3312; x_wconf 79' lang='lat' dir='ltr'><strong>allirmat</strong></span> 
     </span>
    </p>
   </div>
   <div class='ocr_carea' id='block_1_48' title="bbox 411 3347 1987 3427">
    <p class='ocr_par' dir='ltr' id='par_1_48' title="bbox 411 3347 1987 3427">
     <span class='ocr_line' id='line_1_48' title="bbox 411 3347 1987 3427; baseline -0.004 -16"><span class='ocrx_word' id='word_1_362' title='bbox 411 3355 765 3427; x_wconf 80' lang='lat' dir='ltr'><strong>eleemosynis</strong></span> <span class='ocrx_word' id='word_1_363' title='bbox 797 3355 1086 3426; x_wconf 88' lang='lat' dir='ltr'><strong>petitiones</strong></span> <span class='ocrx_word' id='word_1_364' title='bbox 1135 3360 1351 3409; x_wconf 89' lang='lat' dir='ltr'><strong>nostras</strong></span> <span class='ocrx_word' id='word_1_365' title='bbox 1385 3351 1630 3407; x_wconf 81' lang='lat' dir='ltr'><strong>ellicaees</strong></span> <span class='ocrx_word' id='word_1_366' title='bbox 1677 3349 1816 3415; x_wconf 83' lang='lat' dir='ltr'><strong>ﬁeri,</strong></span> <span class='ocrx_word' id='word_1_367' title='bbox 1845 3347 1987 3404; x_wconf 83' lang='lat' dir='ltr'><strong>elec-</strong></span> 
     </span>
    </p>
   </div>
   <div class='ocr_carea' id='block_1_49' title="bbox 411 3440 1984 3518">
    <p class='ocr_par' dir='ltr' id='par_1_49' title="bbox 411 3440 1984 3518">
     <span class='ocr_line' id='line_1_49' title="bbox 411 3440 1984 3518; baseline -0.004 -17"><span class='ocrx_word' id='word_1_368' title='bbox 411 3447 652 3518; x_wconf 76' lang='lat' dir='ltr'><strong>mosynis</strong></span> <span class='ocrx_word' id='word_1_369' title='bbox 694 3447 860 3502; x_wconf 87' lang='lat' dir='ltr'><strong>vitam</strong></span> <span class='ocrx_word' id='word_1_370' title='bbox 905 3447 972 3501; x_wconf 88' lang='lat' dir='ltr'><strong>de</strong></span> <span class='ocrx_word' id='word_1_371' title='bbox 1016 3444 1271 3516; x_wconf 83' lang='lat' dir='ltr'><strong>periculis</strong></span> <span class='ocrx_word' id='word_1_372' title='bbox 1322 3443 1536 3507; x_wconf 81' lang='lat' dir='ltr'><strong>redimi,</strong></span> <span class='ocrx_word' id='word_1_373' title='bbox 1569 3440 1924 3511; x_wconf 82' lang='lat' dir='ltr'><strong>eleemosynis</strong></span> <span class='ocrx_word' id='word_1_374' title='bbox 1953 3453 1984 3494; x_wconf 86' lang='lat' dir='ltr'><strong>a</strong></span> 
     </span>
    </p>
   </div>
   <div class='ocr_carea' id='block_1_50' title="bbox 409 3532 1986 3604">
    <p class='ocr_par' dir='ltr' id='par_1_50' title="bbox 409 3532 1986 3604">
     <span class='ocr_line' id='line_1_50' title="bbox 409 3532 1986 3604; baseline -0.004 -11"><span class='ocrx_word' id='word_1_375' title='bbox 409 3547 588 3593; x_wconf 83' lang='lat' dir='ltr'><strong>morte</strong></span> <span class='ocrx_word' id='word_1_376' title='bbox 609 3539 820 3594; x_wconf 87' lang='lat' dir='ltr'><strong>animas</strong></span> <span class='ocrx_word' id='word_1_377' title='bbox 843 3537 1083 3594; x_wconf 88' lang='lat' dir='ltr'><strong>liberari.</strong></span> <span class='ocrx_word' id='word_1_378' title='bbox 1115 3535 1286 3604; x_wconf 83' lang='lat' dir='ltr'><strong>Quam</strong></span> <span class='ocrx_word' id='word_1_379' title='bbox 1318 3535 1516 3591; x_wconf 87' lang='lat' dir='ltr'><strong>bonum</strong></span> <span class='ocrx_word' id='word_1_380' title='bbox 1544 3532 1641 3588; x_wconf 91' lang='lat' dir='ltr'><strong>tibi</strong></span> <span class='ocrx_word' id='word_1_381' title='bbox 1671 3532 1794 3597; x_wconf 89' lang='lat' dir='ltr'><strong>erit,</strong></span> <span class='ocrx_word' id='word_1_382' title='bbox 1825 3546 1859 3587; x_wconf 91' lang='grc' dir='ltr'><strong>ο</strong></span> <span class='ocrx_word' id='word_1_383' title='bbox 1889 3545 1986 3586; x_wconf 89' lang='lat' dir='ltr'><strong>no-</strong></span> 
     </span>
    </p>
   </div>
   <div class='ocr_carea' id='block_1_51' title="bbox 409 3621 1985 3696">
    <p class='ocr_par' dir='ltr' id='par_1_51' title="bbox 409 3621 1985 3696">
     <span class='ocr_line' id='line_1_51' title="bbox 409 3621 1985 3696; baseline -0.003 -15"><span class='ocrx_word' id='word_1_384' title='bbox 409 3628 670 3684; x_wconf 85' lang='lat' dir='ltr'><strong>bilissime</strong></span> <span class='ocrx_word' id='word_1_385' title='bbox 710 3643 825 3692; x_wconf 89' lang='lat' dir='ltr'><strong>rex,</strong></span> <span class='ocrx_word' id='word_1_386' title='bbox 863 3643 1026 3696; x_wconf 89' lang='lat' dir='ltr'><strong>quam</strong></span> <span class='ocrx_word' id='word_1_387' title='bbox 1067 3626 1222 3682; x_wconf 82' lang='lat' dir='ltr'><strong>dulce</strong></span> <span class='ocrx_word' id='word_1_388' title='bbox 1273 3632 1329 3680; x_wconf 92' lang='lat' dir='ltr'><strong>et</strong></span> <span class='ocrx_word' id='word_1_389' title='bbox 1375 3637 1564 3688; x_wconf 84' lang='lat' dir='ltr'><strong>suave,</strong></span> <span class='ocrx_word' id='word_1_390' title='bbox 1614 3621 1829 3692; x_wconf 87' lang='lat' dir='ltr'><strong>quando</strong></span> <span class='ocrx_word' id='word_1_391' title='bbox 1871 3621 1985 3691; x_wconf 88' lang='lat' dir='ltr'><strong>ipse</strong></span> 
     </span>
    </p>
   </div>
   <div class='ocr_carea' id='block_1_52' title="bbox 410 3712 1982 3786">
    <p class='ocr_par' dir='ltr' id='par_1_52' title="bbox 410 3712 1982 3786">
     <span class='ocr_line' id='line_1_52' title="bbox 410 3712 1982 3786; baseline -0.003 -16"><span class='ocrx_word' id='word_1_392' title='bbox 410 3725 645 3781; x_wconf 87' lang='lat' dir='ltr'><strong>creator,</strong></span> <span class='ocrx_word' id='word_1_393' title='bbox 679 3717 986 3784; x_wconf 88' lang='lat' dir='ltr'><strong>redemptor</strong></span> <span class='ocrx_word' id='word_1_394' title='bbox 1009 3724 1064 3770; x_wconf 91' lang='lat' dir='ltr'><strong>et</strong></span> <span class='ocrx_word' id='word_1_395' title='bbox 1091 3717 1416 3786; x_wconf 73' lang='lat' dir='ltr'><strong>gubernator</strong></span> <span class='ocrx_word' id='word_1_396' title='bbox 1445 3721 1570 3770; x_wconf 89' lang='lat' dir='ltr'><strong>tuus</strong></span> <span class='ocrx_word' id='word_1_397' title='bbox 1598 3727 1782 3770; x_wconf 88' lang='lat' dir='ltr'><strong>coram</strong></span> <span class='ocrx_word' id='word_1_398' title='bbox 1805 3712 1982 3767; x_wconf 82' lang='lat' dir='ltr'><strong>omni-</strong></span> 
     </span>
    </p>
   </div>
   <div class='ocr_carea' id='block_1_53' title="bbox 408 3803 1982 3875">
    <p class='ocr_par' dir='ltr' id='par_1_53' title="bbox 408 3803 1982 3875">
     <span class='ocr_line' id='line_1_53' title="bbox 408 3803 1982 3875; baseline -0.001 -16"><span class='ocrx_word' id='word_1_399' title='bbox 408 3807 510 3860; x_wconf 88' lang='lat' dir='ltr'><strong>bus</strong></span> <span class='ocrx_word' id='word_1_400' title='bbox 551 3805 756 3874; x_wconf 88' lang='lat' dir='ltr'><strong>angelis</strong></span> <span class='ocrx_word' id='word_1_401' title='bbox 787 3812 846 3859; x_wconf 89' lang='lat' dir='ltr'><strong>et</strong></span> <span class='ocrx_word' id='word_1_402' title='bbox 883 3804 1241 3875; x_wconf 89' lang='lat' dir='ltr'><strong>archangelis,</strong></span> <span class='ocrx_word' id='word_1_403' title='bbox 1293 3803 1641 3875; x_wconf 85' lang='lat' dir='ltr'><strong>patriarehis,</strong></span> <span class='ocrx_word' id='word_1_404' title='bbox 1678 3803 1982 3872; x_wconf 87' lang='lat' dir='ltr'><strong>prophetis,</strong></span> 
     </span>
    </p>
   </div>
   <div class='ocr_carea' id='block_1_54' title="bbox 410 3891 1984 3962">
    <p class='ocr_par' dir='ltr' id='par_1_54' title="bbox 410 3891 1984 3962">
     <span class='ocr_line' id='line_1_54' title="bbox 410 3891 1984 3962; baseline 0 -14"><span class='ocrx_word' id='word_1_405' title='bbox 410 3899 468 3948; x_wconf 91' lang='lat' dir='ltr'><strong>et</strong></span> <span class='ocrx_word' id='word_1_406' title='bbox 492 3891 771 3962; x_wconf 86' lang='lat' dir='ltr'><strong>apostolis,</strong></span> <span class='ocrx_word' id='word_1_407' title='bbox 803 3893 1075 3962; x_wconf 88' lang='lat' dir='ltr'><strong>totiusque</strong></span> <span class='ocrx_word' id='word_1_408' title='bbox 1095 3894 1302 3958; x_wconf 88' lang='lat' dir='ltr'><strong>mundi,</strong></span> <span class='ocrx_word' id='word_1_409' title='bbox 1326 3891 1576 3949; x_wconf 78' lang='lat' dir='ltr'><strong>videlicet</strong></span> <span class='ocrx_word' id='word_1_410' title='bbox 1597 3891 1718 3948; x_wconf 68' lang='lat' dir='ltr'><strong>creti</strong></span> <span class='ocrx_word' id='word_1_411' title='bbox 1747 3901 1803 3948; x_wconf 89' lang='lat' dir='ltr'><strong>et</strong></span> <span class='ocrx_word' id='word_1_412' title='bbox 1827 3900 1984 3948; x_wconf 76' lang='lat' dir='ltr'><strong>terra:</strong></span> 
     </span>
    </p>
   </div>
   <div class='ocr_carea' id='block_1_55' title="bbox 399 3984 1982 4058">
    <p class='ocr_par' dir='ltr' id='par_1_55' title="bbox 399 3984 1982 4058">
     <span class='ocr_line' id='line_1_55' title="bbox 399 3984 1982 4058; baseline 0 -20"><span class='ocrx_word' id='word_1_413' title='bbox 399 3984 648 4058; x_wconf 78' lang='lat' dir='ltr'><strong>exercitu</strong></span> <span class='ocrx_word' id='word_1_414' title='bbox 685 3993 1033 4054; x_wconf 86' lang='lat' dir='ltr'><strong>congregato,</strong></span> <span class='ocrx_word' id='word_1_415' title='bbox 1061 3984 1159 4040; x_wconf 87' lang='lat' dir='ltr'><strong>tibi</strong></span> <span class='ocrx_word' id='word_1_416' title='bbox 1185 3985 1253 4041; x_wconf 93' lang='lat' dir='ltr'><strong>ad</strong></span> <span class='ocrx_word' id='word_1_417' title='bbox 1292 3985 1571 4042; x_wconf 77' lang='lat' dir='ltr'><strong>dexteram</strong></span> <span class='ocrx_word' id='word_1_418' title='bbox 1591 3998 1745 4041; x_wconf 90' lang='lat' dir='ltr'><strong>suam</strong></span> <span class='ocrx_word' id='word_1_419' title='bbox 1769 3984 1982 4040; x_wconf 88' lang='lat' dir='ltr'><strong>miseri-</strong></span> 
     </span>
    </p>
   </div>
   <div class='ocr_carea' id='block_1_56' title="bbox 407 4075 1984 4134">
    <p class='ocr_par' dir='ltr' id='par_1_56' title="bbox 407 4075 1984 4134">
     <span class='ocr_line' id='line_1_56' title="bbox 407 4075 1984 4134; baseline 0.001 -4"><span class='ocrx_word' id='word_1_420' title='bbox 407 4076 643 4134; x_wconf 80' lang='lat' dir='ltr'><strong>corditer</strong></span> <span class='ocrx_word' id='word_1_421' title='bbox 662 4076 956 4132; x_wconf 86' lang='lat' dir='ltr'><strong>constituto</strong></span> <span class='ocrx_word' id='word_1_422' title='bbox 993 4077 1171 4132; x_wconf 87' lang='lat' dir='ltr'><strong>taliter</strong></span> <span class='ocrx_word' id='word_1_423' title='bbox 1207 4075 1370 4133; x_wconf 82' lang='lat' dir='ltr'><strong>fuerit</strong></span> <span class='ocrx_word' id='word_1_424' title='bbox 1397 4092 1519 4132; x_wconf 89' lang='lat' dir='ltr'><strong>cum</strong></span> <span class='ocrx_word' id='word_1_425' title='bbox 1547 4075 1760 4132; x_wconf 73' lang='lat' dir='ltr'><strong>caeteris</strong></span> <span class='ocrx_word' id='word_1_426' title='bbox 1781 4075 1984 4131; x_wconf 84' lang='lat' dir='ltr'><strong>allocu-</strong></span> 
     </span>
    </p>
   </div>
   <div class='ocr_carea' id='block_1_57' title="bbox 408 4161 1984 4234">
    <p class='ocr_par' dir='ltr' id='par_1_57' title="bbox 408 4161 1984 4234">
     <span class='ocr_line' id='line_1_57' title="bbox 408 4161 1984 4234; baseline 0 -16"><span class='ocrx_word' id='word_1_427' title='bbox 408 4175 534 4220; x_wconf 87' lang='lat' dir='ltr'><strong>tus:</strong></span> <span class='ocrx_word' id='word_1_428' title='bbox 567 4162 766 4229; x_wconf 82' lang='lat' dir='ltr'><strong>Venite,</strong></span> <span class='ocrx_word' id='word_1_429' title='bbox 799 4161 1050 4218; x_wconf 85' lang='lat' dir='ltr'><strong>benedicti</strong></span> <span class='ocrx_word' id='word_1_430' title='bbox 1085 4162 1266 4218; x_wconf 86' lang='lat' dir='ltr'><strong>Patris</strong></span> <span class='ocrx_word' id='word_1_431' title='bbox 1295 4164 1429 4228; x_wconf 88' lang='lat' dir='ltr'><strong>mei,</strong></span> <span class='ocrx_word' id='word_1_432' title='bbox 1459 4165 1713 4233; x_wconf 84' lang='lat' dir='ltr'><strong>possidete</strong></span> <span class='ocrx_word' id='word_1_433' title='bbox 1739 4173 1984 4234; x_wconf 87' lang='lat' dir='ltr'><strong>paratam</strong></span> 
     </span>
    </p>
   </div>
   <div class='ocr_carea' id='block_1_58' title="bbox 408 4252 1980 4325">
    <p class='ocr_par' dir='ltr' id='par_1_58' title="bbox 408 4252 1980 4325">
     <span class='ocr_line' id='line_1_58' title="bbox 408 4252 1980 4325; baseline -0.002 -16"><span class='ocrx_word' id='word_1_434' title='bbox 408 4256 549 4310; x_wconf 76' lang='lat' dir='ltr'><strong>vobis</strong></span> <span class='ocrx_word' id='word_1_435' title='bbox 575 4271 790 4325; x_wconf 82' lang='lat' dir='ltr'><strong>regnum</strong></span> <span class='ocrx_word' id='word_1_436' title='bbox 819 4271 852 4308; x_wconf 91' lang='lat' dir='ltr'><strong>a</strong></span> <span class='ocrx_word' id='word_1_437' title='bbox 877 4253 1240 4310; x_wconf 85' lang='lat' dir='ltr'><strong>constitutione</strong></span> <span class='ocrx_word' id='word_1_438' title='bbox 1267 4254 1446 4310; x_wconf 87' lang='lat' dir='ltr'><strong>mundi</strong></span> <span class='ocrx_word' id='word_1_439' title='bbox 1471 4252 1684 4325; x_wconf 81' lang='lat' dir='ltr'><strong>(Matth.</strong></span> <span class='ocrx_word' id='word_1_440' title='bbox 1717 4269 1846 4318; x_wconf 87' lang='lat' dir='ltr'><strong>xxv,</strong></span> <span class='ocrx_word' id='word_1_441' title='bbox 1867 4252 1980 4324; x_wconf 72' lang='grc'>54).</span> 
     </span>
    </p>
   </div>
   <div class='ocr_carea' id='block_1_59' title="bbox 479 4345 1980 4420">
    <p class='ocr_par' dir='ltr' id='par_1_59' title="bbox 479 4345 1980 4420">
     <span class='ocr_line' id='line_1_59' title="bbox 479 4345 1980 4420; baseline -0.003 -16"><span class='ocrx_word' id='word_1_442' title='bbox 479 4351 642 4420; x_wconf 87' lang='lat' dir='ltr'><strong>Ergo,</strong></span> <span class='ocrx_word' id='word_1_443' title='bbox 684 4350 968 4405; x_wconf 88' lang='lat' dir='ltr'><strong>mitissime</strong></span> <span class='ocrx_word' id='word_1_444' title='bbox 994 4358 1156 4418; x_wconf 87' lang='lat' dir='ltr'><strong>atque</strong></span> <span class='ocrx_word' id='word_1_445' title='bbox 1199 4347 1497 4402; x_wconf 88' lang='lat' dir='ltr'><strong>clarissime</strong></span> <span class='ocrx_word' id='word_1_446' title='bbox 1527 4362 1642 4410; x_wconf 89' lang='lat' dir='ltr'><strong>rex,</strong></span> <span class='ocrx_word' id='word_1_447' title='bbox 1673 4347 1777 4403; x_wconf 76' lang='lat' dir='ltr'><strong>[ide</strong></span> <span class='ocrx_word' id='word_1_448' title='bbox 1801 4345 1980 4415; x_wconf 85' lang='lat' dir='ltr'><strong>plena,</strong></span> 
     </span>
    </p>
   </div>
   <div class='ocr_carea' id='block_1_60' title="bbox 411 4438 1982 4512">
    <p class='ocr_par' dir='ltr' id='par_1_60' title="bbox 411 4438 1982 4512">
     <span class='ocr_line' id='line_1_60' title="bbox 411 4438 1982 4512; baseline -0.002 -16"><span class='ocrx_word' id='word_1_449' title='bbox 411 4450 590 4496; x_wconf 83' lang='lat' dir='ltr'><strong>mente</strong></span> <span class='ocrx_word' id='word_1_450' title='bbox 615 4441 829 4506; x_wconf 88' lang='lat' dir='ltr'><strong>devota,</strong></span> <span class='ocrx_word' id='word_1_451' title='bbox 856 4443 1170 4512; x_wconf 82' lang='lat' dir='ltr'><strong>Operatione</strong></span> <span class='ocrx_word' id='word_1_452' title='bbox 1195 4442 1470 4504; x_wconf 86' lang='lat' dir='ltr'><strong>continua,</strong></span> <span class='ocrx_word' id='word_1_453' title='bbox 1499 4439 1730 4496; x_wconf 92' lang='lat' dir='ltr'><strong>Domino</strong></span> <span class='ocrx_word' id='word_1_454' title='bbox 1753 4438 1864 4494; x_wconf 88' lang='lat' dir='ltr'><strong>Deo</strong></span> <span class='ocrx_word' id='word_1_455' title='bbox 1891 4448 1982 4496; x_wconf 90' lang='lat' dir='ltr'><strong>tuo</strong></span> 
     </span>
    </p>
   </div>
   <div class='ocr_carea' id='block_1_61' title="bbox 2087 1896 3668 1966">
    <p class='ocr_par' dir='ltr' id='par_1_61' title="bbox 2087 1896 3668 1966">
     <span class='ocr_line' id='line_1_61' title="bbox 2087 1896 3668 1966; baseline -0.003 -13"><span class='ocrx_word' id='word_1_456' title='bbox 2087 1899 2283 1954; x_wconf 86' lang='lat' dir='ltr'><strong>Datum</strong></span> <span class='ocrx_word' id='word_1_457' title='bbox 2325 1898 2658 1952; x_wconf 87' lang='lat' dir='ltr'><strong>brachiorum</strong></span> <span class='ocrx_word' id='word_1_458' title='bbox 2685 1906 2913 1960; x_wconf 87' lang='lat' dir='ltr'><strong>tuorum,</strong></span> <span class='ocrx_word' id='word_1_459' title='bbox 2943 1906 2992 1952; x_wconf 91' lang='lat' dir='ltr'><strong>et</strong></span> <span class='ocrx_word' id='word_1_460' title='bbox 3021 1897 3342 1966; x_wconf 76' lang='lat' dir='ltr'><strong>sacriﬁcium</strong></span> <span class='ocrx_word' id='word_1_461' title='bbox 3367 1896 3668 1964; x_wconf 83' lang='lat' dir='ltr'><strong>sanctiﬁca-</strong></span> 
     </span>
    </p>
   </div>
   <div class='ocr_carea' id='block_1_62' title="bbox 2085 1989 3666 2062">
    <p class='ocr_par' dir='ltr' id='par_1_62' title="bbox 2085 1989 3666 2062">
     <span class='ocr_line' id='line_1_62' title="bbox 2085 1989 3666 2062; baseline -0.004 -15"><span class='ocrx_word' id='word_1_462' title='bbox 2085 1994 2242 2048; x_wconf 82' lang='lat' dir='ltr'><strong>tionis</strong></span> <span class='ocrx_word' id='word_1_463' title='bbox 2268 1993 2453 2062; x_wconf 70' lang='lat' dir='ltr'><strong>oﬂ&#39;eres</strong></span> <span class='ocrx_word' id='word_1_464' title='bbox 2481 1990 2732 2057; x_wconf 88' lang='lat' dir='ltr'><strong>Domino,</strong></span> <span class='ocrx_word' id='word_1_465' title='bbox 2753 1999 2803 2046; x_wconf 88' lang='lat' dir='ltr'><strong>et</strong></span> <span class='ocrx_word' id='word_1_466' title='bbox 2827 1991 2981 2045; x_wconf 89' lang='lat' dir='ltr'><strong>initia</strong></span> <span class='ocrx_word' id='word_1_467' title='bbox 3003 1999 3328 2053; x_wconf 84' lang='lat' dir='ltr'><strong>sanctorum,</strong></span> <span class='ocrx_word' id='word_1_468' title='bbox 3367 1997 3416 2042; x_wconf 92' lang='lat' dir='ltr'><strong>et</strong></span> <span class='ocrx_word' id='word_1_469' title='bbox 3447 1989 3666 2058; x_wconf 84' lang='lat' dir='ltr'><strong>pauperi</strong></span> 
     </span>
    </p>
   </div>
   <div class='ocr_carea' id='block_1_63' title="bbox 2084 2079 3666 2155">
    <p class='ocr_par' dir='ltr' id='par_1_63' title="bbox 2084 2079 3666 2155">
     <span class='ocr_line' id='line_1_63' title="bbox 2084 2079 3666 2155; baseline -0.004 -16"><span class='ocrx_word' id='word_1_470' title='bbox 2084 2083 2291 2155; x_wconf 87' lang='lat' dir='ltr'><strong>porrige</strong></span> <span class='ocrx_word' id='word_1_471' title='bbox 2309 2099 2524 2138; x_wconf 84' lang='lat' dir='ltr'><strong>manant</strong></span> <span class='ocrx_word' id='word_1_472' title='bbox 2549 2092 2716 2147; x_wconf 89' lang='lat' dir='ltr'><strong>tuam,</strong></span> <span class='ocrx_word' id='word_1_473' title='bbox 2759 2091 2814 2136; x_wconf 91' lang='lat' dir='ltr'><strong>ut</strong></span> <span class='ocrx_word' id='word_1_474' title='bbox 2837 2083 3144 2152; x_wconf 80' lang='lat' dir='ltr'><strong>perficiatur</strong></span> <span class='ocrx_word' id='word_1_475' title='bbox 3164 2080 3466 2152; x_wconf 86' lang='lat' dir='ltr'><strong>propitiatio</strong></span> <span class='ocrx_word' id='word_1_476' title='bbox 3491 2089 3542 2133; x_wconf 89' lang='lat' dir='ltr'><strong>et</strong></span> <span class='ocrx_word' id='word_1_477' title='bbox 3577 2079 3666 2133; x_wconf 86' lang='lat' dir='ltr'><strong>be-</strong></span> 
     </span>
    </p>
   </div>
   <div class='ocr_carea' id='block_1_64' title="bbox 2085 2169 3669 2245">
    <p class='ocr_par' dir='ltr' id='par_1_64' title="bbox 2085 2169 3669 2245">
     <span class='ocr_line' id='line_1_64' title="bbox 2085 2169 3669 2245; baseline -0.006 -15"><span class='ocrx_word' id='word_1_478' title='bbox 2085 2175 2307 2230; x_wconf 87' lang='lat' dir='ltr'><strong>nedictio</strong></span> <span class='ocrx_word' id='word_1_479' title='bbox 2336 2183 2430 2227; x_wconf 87' lang='lat' dir='ltr'><strong>tua</strong></span> <span class='ocrx_word' id='word_1_480' title='bbox 2469 2171 2660 2245; x_wconf 87' lang='lat' dir='ltr'><strong>(Eccli.</strong></span> <span class='ocrx_word' id='word_1_481' title='bbox 2706 2188 2804 2236; x_wconf 84' lang='lat' dir='ltr'><strong>vu,</strong></span> <span class='ocrx_word' id='word_1_482' title='bbox 2836 2171 2928 2236; x_wconf 75' lang='lat'><strong>55,</strong></span> <span class='ocrx_word' id='word_1_483' title='bbox 2955 2171 3069 2244; x_wconf 78' lang='lat'><strong>&#39;56).</strong></span> <span class='ocrx_word' id='word_1_484' title='bbox 3095 2169 3254 2234; x_wconf 88' lang='lat' dir='ltr'><strong>Nam,</strong></span> <span class='ocrx_word' id='word_1_485' title='bbox 3293 2169 3436 2239; x_wconf 89' lang='lat' dir='ltr'><strong>quod</strong></span> <span class='ocrx_word' id='word_1_486' title='bbox 3466 2177 3520 2223; x_wconf 91' lang='lat' dir='ltr'><strong>et</strong></span> <span class='ocrx_word' id='word_1_487' title='bbox 3549 2169 3669 2222; x_wconf 65' lang='lat' dir='ltr'><strong>haec</strong></span> 
     </span>
    </p>
   </div>
   <div class='ocr_carea' id='block_1_65' title="bbox 2083 2260 3668 2335">
    <p class='ocr_par' dir='ltr' id='par_1_65' title="bbox 2083 2260 3668 2335">
     <span class='ocr_line' id='line_1_65' title="bbox 2083 2260 3668 2335; baseline -0.004 -17"><span class='ocrx_word' id='word_1_488' title='bbox 2083 2265 2252 2320; x_wconf 80' lang='lat' dir='ltr'><strong>virtus</strong></span> <span class='ocrx_word' id='word_1_489' title='bbox 2276 2264 2395 2320; x_wconf 88' lang='lat' dir='ltr'><strong>sine</strong></span> <span class='ocrx_word' id='word_1_490' title='bbox 2435 2263 2597 2319; x_wconf 87' lang='lat' dir='ltr'><strong>dubio</strong></span> <span class='ocrx_word' id='word_1_491' title='bbox 2640 2263 2814 2319; x_wconf 89' lang='lat' dir='ltr'><strong>virtus</strong></span> <span class='ocrx_word' id='word_1_492' title='bbox 2839 2263 2984 2335; x_wconf 88' lang='lat' dir='ltr'><strong>regia</strong></span> <span class='ocrx_word' id='word_1_493' title='bbox 3015 2263 3108 2327; x_wconf 88' lang='lat' dir='ltr'><strong>sit,</strong></span> <span class='ocrx_word' id='word_1_494' title='bbox 3137 2262 3251 2333; x_wconf 89' lang='lat' dir='ltr'><strong>regi</strong></span> <span class='ocrx_word' id='word_1_495' title='bbox 3279 2261 3447 2317; x_wconf 80' lang='lat' dir='ltr'><strong>David</strong></span> <span class='ocrx_word' id='word_1_496' title='bbox 3482 2260 3668 2314; x_wconf 87' lang='lat' dir='ltr'><strong>Domi-</strong></span> 
     </span>
    </p>
   </div>
   <div class='ocr_carea' id='block_1_66' title="bbox 2082 2350 3671 2424">
    <p class='ocr_par' dir='ltr' id='par_1_66' title="bbox 2082 2350 3671 2424">
     <span class='ocr_line' id='line_1_66' title="bbox 2082 2350 3671 2424; baseline -0.003 -16"><span class='ocrx_word' id='word_1_497' title='bbox 2082 2370 2186 2410; x_wconf 88' lang='lat' dir='ltr'><strong>nus</strong></span> <span class='ocrx_word' id='word_1_498' title='bbox 2212 2354 2429 2417; x_wconf 88' lang='lat' dir='ltr'><strong>clamat,</strong></span> <span class='ocrx_word' id='word_1_499' title='bbox 2479 2362 2536 2408; x_wconf 91' lang='lat' dir='ltr'><strong>et</strong></span> <span class='ocrx_word' id='word_1_500' title='bbox 2559 2368 2659 2424; x_wconf 90' lang='lat' dir='ltr'><strong>per</strong></span> <span class='ocrx_word' id='word_1_501' title='bbox 2684 2367 2807 2408; x_wconf 89' lang='lat' dir='ltr'><strong>eum</strong></span> <span class='ocrx_word' id='word_1_502' title='bbox 2852 2352 2920 2408; x_wconf 89' lang='lat' dir='ltr'><strong>ad</strong></span> <span class='ocrx_word' id='word_1_503' title='bbox 2946 2351 3411 2408; x_wconf 82' lang='lat' dir='ltr'><strong>honoriﬁcandum</strong></span> <span class='ocrx_word' id='word_1_504' title='bbox 3442 2365 3502 2405; x_wconf 85' lang='lat' dir='ltr'><strong>se</strong></span> <span class='ocrx_word' id='word_1_505' title='bbox 3529 2350 3671 2405; x_wconf 87' lang='lat' dir='ltr'><strong>alios</strong></span> 
     </span>
    </p>
   </div>
   <div class='ocr_carea' id='block_1_67' title="bbox 2085 2441 3664 2516">
    <p class='ocr_par' dir='ltr' id='par_1_67' title="bbox 2085 2441 3664 2516">
     <span class='ocr_line' id='line_1_67' title="bbox 2085 2441 3664 2516; baseline -0.006 -14"><span class='ocrx_word' id='word_1_506' title='bbox 2085 2459 2240 2516; x_wconf 86' lang='lat' dir='ltr'><strong>reges</strong></span> <span class='ocrx_word' id='word_1_507' title='bbox 2267 2452 2546 2515; x_wconf 84' lang='lat' dir='ltr'><strong>provocat,</strong></span> <span class='ocrx_word' id='word_1_508' title='bbox 2576 2444 2798 2500; x_wconf 83' lang='lat' dir='ltr'><strong>dicens:</strong></span> <span class='ocrx_word' id='word_1_509' title='bbox 2827 2442 3164 2511; x_wconf 78' lang='lat' dir='ltr'><strong>Sacriﬁcium</strong></span> <span class='ocrx_word' id='word_1_510' title='bbox 3189 2442 3365 2496; x_wconf 79' lang='lat' dir='ltr'><strong>laudis</strong></span> <span class='ocrx_word' id='word_1_511' title='bbox 3396 2441 3664 2510; x_wconf 70' lang='lat' dir='ltr'><strong>honoriﬁ-</strong></span> 
     </span>
    </p>
   </div>
   <div class='ocr_carea' id='block_1_68' title="bbox 2083 2531 3671 2604">
    <p class='ocr_par' dir='ltr' id='par_1_68' title="bbox 2083 2531 3671 2604">
     <span class='ocr_line' id='line_1_68' title="bbox 2083 2531 3671 2604; baseline -0.001 -15"><span class='ocrx_word' id='word_1_512' title='bbox 2083 2535 2219 2590; x_wconf 88' lang='lat' dir='ltr'><strong>cabit</strong></span> <span class='ocrx_word' id='word_1_513' title='bbox 2247 2551 2329 2588; x_wconf 85' lang='lat' dir='ltr'><strong>me</strong></span> <span class='ocrx_word' id='word_1_514' title='bbox 2354 2548 2372 2586; x_wconf 92' lang='lat'><strong><em>:</em></strong></span> <span class='ocrx_word' id='word_1_515' title='bbox 2402 2543 2451 2588; x_wconf 89' lang='lat' dir='ltr'><strong>et</strong></span> <span class='ocrx_word' id='word_1_516' title='bbox 2492 2532 2603 2588; x_wconf 86' lang='lat' dir='ltr'><strong>illic</strong></span> <span class='ocrx_word' id='word_1_517' title='bbox 2649 2534 2771 2599; x_wconf 89' lang='lat' dir='ltr'><strong>iter,</strong></span> <span class='ocrx_word' id='word_1_518' title='bbox 2803 2549 2908 2604; x_wconf 81' lang='lat' dir='ltr'><strong>quo</strong></span> <span class='ocrx_word' id='word_1_519' title='bbox 2962 2533 3234 2588; x_wconf 86' lang='lat' dir='ltr'><strong>ostendam</strong></span> <span class='ocrx_word' id='word_1_520' title='bbox 3294 2531 3376 2590; x_wconf 85' lang='lat' dir='ltr'><strong>illi</strong></span> <span class='ocrx_word' id='word_1_521' title='bbox 3428 2531 3671 2588; x_wconf 79' lang='lat' dir='ltr'><strong>salutare</strong></span> 
     </span>
    </p>
   </div>
   <div class='ocr_carea' id='block_1_69' title="bbox 2083 2621 3675 2696">
    <p class='ocr_par' dir='ltr' id='par_1_69' title="bbox 2083 2621 3675 2696">
     <span class='ocr_line' id='line_1_69' title="bbox 2083 2621 3675 2696; baseline 0 -18"><span class='ocrx_word' id='word_1_522' title='bbox 2083 2641 2256 2678; x_wconf 86' lang='lat' dir='ltr'><strong>meum</strong></span> <span class='ocrx_word' id='word_1_523' title='bbox 2308 2621 2482 2694; x_wconf 89' lang='lat' dir='ltr'><strong>(Psal.</strong></span> <span class='ocrx_word' id='word_1_524' title='bbox 2533 2639 2680 2691; x_wconf 84' lang='lat' dir='ltr'><strong>xux,</strong></span> <span class='ocrx_word' id='word_1_525' title='bbox 2711 2623 2826 2696; x_wconf 77' lang='lat'><strong>23).</strong></span> <span class='ocrx_word' id='word_1_526' title='bbox 2870 2624 3005 2684; x_wconf 83' lang='lat' dir='ltr'><strong>Nam</strong></span> <span class='ocrx_word' id='word_1_527' title='bbox 3049 2625 3163 2694; x_wconf 89' lang='lat' dir='ltr'><strong>ipse</strong></span> <span class='ocrx_word' id='word_1_528' title='bbox 3192 2623 3362 2678; x_wconf 86' lang='lat' dir='ltr'><strong>David</strong></span> <span class='ocrx_word' id='word_1_529' title='bbox 3385 2638 3484 2678; x_wconf 89' lang='lat' dir='ltr'><strong>rex</strong></span> <span class='ocrx_word' id='word_1_530' title='bbox 3513 2624 3584 2678; x_wconf 84' lang='lat' dir='ltr'><strong>de</strong></span> <span class='ocrx_word' id='word_1_531' title='bbox 3606 2639 3675 2678; x_wconf 71' lang='lat' dir='ltr'><strong>se</strong></span> 
     </span>
    </p>
   </div>
   <div class='ocr_carea' id='block_1_70' title="bbox 2083 2714 3673 2785">
    <p class='ocr_par' dir='ltr' id='par_1_70' title="bbox 2083 2714 3673 2785">
     <span class='ocr_line' id='line_1_70' title="bbox 2083 2714 3673 2785; baseline 0.002 -16"><span class='ocrx_word' id='word_1_532' title='bbox 2083 2714 2202 2785; x_wconf 85' lang='lat' dir='ltr'><strong>ipso</strong></span> <span class='ocrx_word' id='word_1_533' title='bbox 2225 2715 2390 2771; x_wconf 87' lang='lat' dir='ltr'><strong>dicit:</strong></span> <span class='ocrx_word' id='word_1_534' title='bbox 2409 2714 2706 2785; x_wconf 78' lang='lat' dir='ltr'><strong>Conﬁtebor</strong></span> <span class='ocrx_word' id='word_1_535' title='bbox 2729 2716 2844 2782; x_wconf 88' lang='lat' dir='ltr'><strong>tibi,</strong></span> <span class='ocrx_word' id='word_1_536' title='bbox 2867 2715 3090 2770; x_wconf 87' lang='lat' dir='ltr'><strong>Domine</strong></span> <span class='ocrx_word' id='word_1_537' title='bbox 3113 2715 3255 2772; x_wconf 88' lang='lat' dir='ltr'><strong>Deus</strong></span> <span class='ocrx_word' id='word_1_538' title='bbox 3283 2732 3454 2782; x_wconf 84' lang='lat' dir='ltr'><strong>meus,</strong></span> <span class='ocrx_word' id='word_1_539' title='bbox 3474 2717 3530 2770; x_wconf 87' lang='lat' dir='ltr'><strong>in</strong></span> <span class='ocrx_word' id='word_1_540' title='bbox 3559 2727 3673 2772; x_wconf 87' lang='lat' dir='ltr'><strong>toto</strong></span> 
     </span>
    </p>
   </div>
   <div class='ocr_carea' id='block_1_71' title="bbox 2083 2806 3669 2879">
    <p class='ocr_par' dir='ltr' id='par_1_71' title="bbox 2083 2806 3669 2879">
     <span class='ocr_line' id='line_1_71' title="bbox 2083 2806 3669 2879; baseline -0.001 -17"><span class='ocrx_word' id='word_1_541' title='bbox 2083 2807 2240 2862; x_wconf 88' lang='lat' dir='ltr'><strong>corde</strong></span> <span class='ocrx_word' id='word_1_542' title='bbox 2287 2824 2422 2874; x_wconf 88' lang='lat' dir='ltr'><strong>meo,</strong></span> <span class='ocrx_word' id='word_1_543' title='bbox 2472 2816 2521 2862; x_wconf 90' lang='lat' dir='ltr'><strong>et</strong></span> <span class='ocrx_word' id='word_1_544' title='bbox 2550 2806 2868 2879; x_wconf 77' lang='lat' dir='ltr'><strong>glorificabo</strong></span> <span class='ocrx_word' id='word_1_545' title='bbox 2885 2823 3074 2862; x_wconf 86' lang='lat' dir='ltr'><strong>nomen</strong></span> <span class='ocrx_word' id='word_1_546' title='bbox 3108 2815 3258 2862; x_wconf 83' lang='lat' dir='ltr'><strong>tuum</strong></span> <span class='ocrx_word' id='word_1_547' title='bbox 3301 2808 3356 2861; x_wconf 87' lang='lat' dir='ltr'><strong>in</strong></span> <span class='ocrx_word' id='word_1_548' title='bbox 3384 2815 3669 2872; x_wconf 67' lang='lat' dir='ltr'><strong>atternunt,</strong></span> 
     </span>
    </p>
   </div>
   <div class='ocr_carea' id='block_1_72' title="bbox 2081 2898 3672 2970">
    <p class='ocr_par' dir='ltr' id='par_1_72' title="bbox 2081 2898 3672 2970">
     <span class='ocr_line' id='line_1_72' title="bbox 2081 2898 3672 2970; baseline -0.002 -15"><span class='ocrx_word' id='word_1_549' title='bbox 2081 2899 2330 2970; x_wconf 82' lang='lat' dir='ltr'><strong>quoniam</strong></span> <span class='ocrx_word' id='word_1_550' title='bbox 2357 2900 2547 2954; x_wconf 91' lang='lat' dir='ltr'><strong>bonum</strong></span> <span class='ocrx_word' id='word_1_551' title='bbox 2573 2909 2646 2954; x_wconf 89' lang='lat' dir='ltr'><strong>est</strong></span> <span class='ocrx_word' id='word_1_552' title='bbox 2667 2898 2838 2970; x_wconf 87' lang='lat' dir='ltr'><strong>(Psal.</strong></span> <span class='ocrx_word' id='word_1_553' title='bbox 2867 2915 3069 2964; x_wconf 80' lang='lat' dir='ltr'><strong>Lxxxv,</strong></span> <span class='ocrx_word' id='word_1_554' title='bbox 3100 2898 3208 2970; x_wconf 73' lang='lat'><strong>12).</strong></span> <span class='ocrx_word' id='word_1_555' title='bbox 3241 2899 3478 2969; x_wconf 84' lang='lat' dir='ltr'><strong>Dignum</strong></span> <span class='ocrx_word' id='word_1_556' title='bbox 3516 2898 3672 2953; x_wconf 82' lang='lat' dir='ltr'><strong>enim</strong></span> 
     </span>
    </p>
   </div>
   <div class='ocr_carea' id='block_1_73' title="bbox 2083 2988 3676 3062">
    <p class='ocr_par' dir='ltr' id='par_1_73' title="bbox 2083 2988 3676 3062">
     <span class='ocr_line' id='line_1_73' title="bbox 2083 2988 3676 3062; baseline -0.003 -16"><span class='ocrx_word' id='word_1_557' title='bbox 2083 3000 2140 3046; x_wconf 91' lang='lat' dir='ltr'><strong>et</strong></span> <span class='ocrx_word' id='word_1_558' title='bbox 2172 2991 2378 3062; x_wconf 87' lang='lat' dir='ltr'><strong>justum</strong></span> <span class='ocrx_word' id='word_1_559' title='bbox 2407 2999 2492 3045; x_wconf 88' lang='lat' dir='ltr'><strong>est</strong></span> <span class='ocrx_word' id='word_1_560' title='bbox 2525 2998 2587 3044; x_wconf 92' lang='lat' dir='ltr'><strong>ut</strong></span> <span class='ocrx_word' id='word_1_561' title='bbox 2611 3003 2709 3059; x_wconf 90' lang='lat' dir='ltr'><strong>pro</strong></span> <span class='ocrx_word' id='word_1_562' title='bbox 2751 2988 3004 3044; x_wconf 88' lang='lat' dir='ltr'><strong>omnibus</strong></span> <span class='ocrx_word' id='word_1_563' title='bbox 3044 2989 3354 3046; x_wconf 87' lang='lat' dir='ltr'><strong>hominibus</strong></span> <span class='ocrx_word' id='word_1_564' title='bbox 3383 3001 3539 3060; x_wconf 85' lang='lat' dir='ltr'><strong>reges</strong></span> <span class='ocrx_word' id='word_1_565' title='bbox 3567 2988 3676 3043; x_wconf 81' lang='lat' dir='ltr'><strong>ho—</strong></span> 
     </span>
    </p>
   </div>
   <div class='ocr_carea' id='block_1_74' title="bbox 2083 3078 3678 3151">
    <p class='ocr_par' dir='ltr' id='par_1_74' title="bbox 2083 3078 3678 3151">
     <span class='ocr_line' id='line_1_74' title="bbox 2083 3078 3678 3151; baseline -0.003 -11"><span class='ocrx_word' id='word_1_566' title='bbox 2083 3083 2373 3140; x_wconf 80' lang='lat' dir='ltr'><strong>noriﬁcent</strong></span> <span class='ocrx_word' id='word_1_567' title='bbox 2398 3081 2588 3145; x_wconf 87' lang='lat' dir='ltr'><strong>Deum,</strong></span> <span class='ocrx_word' id='word_1_568' title='bbox 2609 3080 2735 3150; x_wconf 89' lang='lat' dir='ltr'><strong>quia</strong></span> <span class='ocrx_word' id='word_1_569' title='bbox 2756 3095 2854 3151; x_wconf 89' lang='lat' dir='ltr'><strong>pro</strong></span> <span class='ocrx_word' id='word_1_570' title='bbox 2885 3080 3137 3136; x_wconf 90' lang='lat' dir='ltr'><strong>omnibus</strong></span> <span class='ocrx_word' id='word_1_571' title='bbox 3157 3078 3467 3135; x_wconf 88' lang='lat' dir='ltr'><strong>hominibus</strong></span> <span class='ocrx_word' id='word_1_572' title='bbox 3493 3079 3678 3135; x_wconf 88' lang='lat' dir='ltr'><strong>hono-</strong></span> 
     </span>
    </p>
   </div>
   <div class='ocr_carea' id='block_1_75' title="bbox 2008 3168 3678 3251">
    <p class='ocr_par' dir='ltr' id='par_1_75' title="bbox 2008 3168 3678 3251">
     <span class='ocr_line' id='line_1_75' title="bbox 2008 3168 3678 3251; baseline -0.003 -23"><span class='ocrx_word' id='word_1_573' title='bbox 2008 3187 2057 3251; x_wconf 71' lang='grc' dir='ltr'><strong>ς</strong></span> <span class='ocrx_word' id='word_1_574' title='bbox 2087 3172 2372 3228; x_wconf 85' lang='lat' dir='ltr'><strong>rillcantur</strong></span> <span class='ocrx_word' id='word_1_575' title='bbox 2399 3171 2470 3226; x_wconf 86' lang='lat' dir='ltr'><strong>ab</strong></span> <span class='ocrx_word' id='word_1_576' title='bbox 2495 3187 2582 3226; x_wconf 88' lang='lat' dir='ltr'><strong>eo.</strong></span> <span class='ocrx_word' id='word_1_577' title='bbox 2621 3169 3008 3236; x_wconf 80' lang='lat' dir='ltr'><strong>Honorilleate,</strong></span> <span class='ocrx_word' id='word_1_578' title='bbox 3033 3185 3067 3225; x_wconf 94' lang='lat' dir='ltr'><strong>o</strong></span> <span class='ocrx_word' id='word_1_579' title='bbox 3095 3184 3272 3239; x_wconf 87' lang='lat' dir='ltr'><strong>reges,</strong></span> <span class='ocrx_word' id='word_1_580' title='bbox 3299 3168 3490 3232; x_wconf 89' lang='lat' dir='ltr'><strong>Deum,</strong></span> <span class='ocrx_word' id='word_1_581' title='bbox 3532 3168 3678 3240; x_wconf 81' lang='lat' dir='ltr'><strong>quia</strong></span> 
     </span>
    </p>
   </div>
   <div class='ocr_carea' id='block_1_76' title="bbox 2088 3261 3681 3334">
    <p class='ocr_par' dir='ltr' id='par_1_76' title="bbox 2088 3261 3681 3334">
     <span class='ocr_line' id='line_1_76' title="bbox 2088 3261 3681 3334; baseline -0.003 -14"><span class='ocrx_word' id='word_1_582' title='bbox 2088 3264 2178 3321; x_wconf 91' lang='lat' dir='ltr'><strong>ille</strong></span> <span class='ocrx_word' id='word_1_583' title='bbox 2198 3264 2348 3334; x_wconf 90' lang='lat' dir='ltr'><strong>prior</strong></span> <span class='ocrx_word' id='word_1_584' title='bbox 2367 3262 2747 3319; x_wconf 78' lang='lat' dir='ltr'><strong>honoriﬁcavit</strong></span> <span class='ocrx_word' id='word_1_585' title='bbox 2772 3277 2889 3317; x_wconf 87' lang='lat' dir='ltr'><strong>vos.</strong></span> <span class='ocrx_word' id='word_1_586' title='bbox 2913 3261 3058 3318; x_wconf 87' lang='lat' dir='ltr'><strong>Illius</strong></span> <span class='ocrx_word' id='word_1_587' title='bbox 3083 3262 3286 3317; x_wconf 87' lang='lat' dir='ltr'><strong>etenim</strong></span> <span class='ocrx_word' id='word_1_588' title='bbox 3313 3276 3418 3316; x_wconf 85' lang='lat' dir='ltr'><strong>vox</strong></span> <span class='ocrx_word' id='word_1_589' title='bbox 3439 3276 3543 3330; x_wconf 90' lang='lat' dir='ltr'><strong>per</strong></span> <span class='ocrx_word' id='word_1_590' title='bbox 3566 3261 3681 3316; x_wconf 76' lang='lat' dir='ltr'><strong>Sa-</strong></span> 
     </span>
    </p>
   </div>
   <div class='ocr_carea' id='block_1_77' title="bbox 2087 3351 3675 3423">
    <p class='ocr_par' dir='ltr' id='par_1_77' title="bbox 2087 3351 3675 3423">
     <span class='ocr_line' id='line_1_77' title="bbox 2087 3351 3675 3423; baseline -0.006 -11"><span class='ocrx_word' id='word_1_591' title='bbox 2087 3357 2355 3412; x_wconf 89' lang='lat' dir='ltr'><strong>Iomouem</strong></span> <span class='ocrx_word' id='word_1_592' title='bbox 2403 3353 2604 3409; x_wconf 86' lang='lat' dir='ltr'><strong>clamat</strong></span> <span class='ocrx_word' id='word_1_593' title='bbox 2636 3361 2692 3409; x_wconf 92' lang='lat' dir='ltr'><strong>et</strong></span> <span class='ocrx_word' id='word_1_594' title='bbox 2736 3352 2871 3409; x_wconf 90' lang='lat' dir='ltr'><strong>dicit</strong></span> <span class='ocrx_word' id='word_1_595' title='bbox 2900 3372 2913 3407; x_wconf 89' lang='lat'><strong>:</strong></span> <span class='ocrx_word' id='word_1_596' title='bbox 2943 3352 3057 3423; x_wconf 85' lang='lat' dir='ltr'><strong>Ego</strong></span> <span class='ocrx_word' id='word_1_597' title='bbox 3094 3352 3356 3420; x_wconf 85' lang='lat' dir='ltr'><strong>sapientia</strong></span> <span class='ocrx_word' id='word_1_598' title='bbox 3401 3351 3579 3405; x_wconf 84' lang='lat' dir='ltr'><strong>habito</strong></span> <span class='ocrx_word' id='word_1_599' title='bbox 3609 3351 3675 3403; x_wconf 77' lang='lat' dir='ltr'><strong>in</strong></span> 
     </span>
    </p>
   </div>
   <div class='ocr_carea' id='block_1_78' title="bbox 2085 3439 3680 3513">
    <p class='ocr_par' dir='ltr' id='par_1_78' title="bbox 2085 3439 3680 3513">
     <span class='ocr_line' id='line_1_78' title="bbox 2085 3439 3680 3513; baseline -0.006 -13"><span class='ocrx_word' id='word_1_600' title='bbox 2085 3445 2321 3509; x_wconf 87' lang='lat' dir='ltr'><strong>consilio,</strong></span> <span class='ocrx_word' id='word_1_601' title='bbox 2350 3453 2399 3498; x_wconf 91' lang='lat' dir='ltr'><strong>et</strong></span> <span class='ocrx_word' id='word_1_602' title='bbox 2421 3443 2642 3497; x_wconf 87' lang='lat' dir='ltr'><strong>eruditis</strong></span> <span class='ocrx_word' id='word_1_603' title='bbox 2665 3443 2918 3498; x_wconf 89' lang='lat' dir='ltr'><strong>intersum</strong></span> <span class='ocrx_word' id='word_1_604' title='bbox 2940 3441 3364 3513; x_wconf 86' lang='lat' dir='ltr'><strong>cogitationibus.</strong></span> <span class='ocrx_word' id='word_1_605' title='bbox 3392 3439 3569 3494; x_wconf 74' lang='lat' dir='ltr'><strong>Meam</strong></span> <span class='ocrx_word' id='word_1_606' title='bbox 3592 3449 3680 3492; x_wconf 72' lang='lat' dir='ltr'><strong>est</strong></span> 
     </span>
    </p>
   </div>
   <div class='ocr_carea' id='block_1_79' title="bbox 2085 3529 3683 3605">
    <p class='ocr_par' dir='ltr' id='par_1_79' title="bbox 2085 3529 3683 3605">
     <span class='ocr_line' id='line_1_79' title="bbox 2085 3529 3683 3605; baseline -0.004 -16"><span class='ocrx_word' id='word_1_607' title='bbox 2085 3534 2363 3590; x_wconf 78' lang='lat' dir='ltr'><strong>comitium</strong></span> <span class='ocrx_word' id='word_1_608' title='bbox 2397 3541 2448 3588; x_wconf 88' lang='lat' dir='ltr'><strong>et</strong></span> <span class='ocrx_word' id='word_1_609' title='bbox 2475 3534 2718 3605; x_wconf 73' lang='lat' dir='ltr'><strong>(equites,</strong></span> <span class='ocrx_word' id='word_1_610' title='bbox 2747 3549 2862 3587; x_wconf 85' lang='lat' dir='ltr'><strong>mea</strong></span> <span class='ocrx_word' id='word_1_611' title='bbox 2899 3541 2974 3588; x_wconf 79' lang='lat' dir='ltr'><strong>est</strong></span> <span class='ocrx_word' id='word_1_612' title='bbox 2993 3531 3290 3604; x_wconf 85' lang='lat' dir='ltr'><strong>prudentia,</strong></span> <span class='ocrx_word' id='word_1_613' title='bbox 3319 3547 3434 3586; x_wconf 86' lang='lat' dir='ltr'><strong>mea</strong></span> <span class='ocrx_word' id='word_1_614' title='bbox 3458 3539 3534 3583; x_wconf 86' lang='lat' dir='ltr'><strong>est</strong></span> <span class='ocrx_word' id='word_1_615' title='bbox 3557 3529 3683 3597; x_wconf 82' lang='lat' dir='ltr'><strong>for-</strong></span> 
     </span>
    </p>
   </div>
   <div class='ocr_carea' id='block_1_80' title="bbox 2083 3620 3682 3694">
    <p class='ocr_par' dir='ltr' id='par_1_80' title="bbox 2083 3620 3682 3694">
     <span class='ocr_line' id='line_1_80' title="bbox 2083 3620 3682 3694; baseline -0.003 -15"><span class='ocrx_word' id='word_1_616' title='bbox 2083 3625 2274 3680; x_wconf 89' lang='lat' dir='ltr'><strong>titudo.</strong></span> <span class='ocrx_word' id='word_1_617' title='bbox 2324 3624 2429 3679; x_wconf 88' lang='lat' dir='ltr'><strong>Per</strong></span> <span class='ocrx_word' id='word_1_618' title='bbox 2475 3641 2557 3678; x_wconf 89' lang='lat' dir='ltr'><strong>me</strong></span> <span class='ocrx_word' id='word_1_619' title='bbox 2593 3639 2736 3694; x_wconf 87' lang='lat' dir='ltr'><strong>reges</strong></span> <span class='ocrx_word' id='word_1_620' title='bbox 2784 3632 3024 3693; x_wconf 86' lang='lat' dir='ltr'><strong>regnant,</strong></span> <span class='ocrx_word' id='word_1_621' title='bbox 3078 3632 3126 3677; x_wconf 91' lang='lat' dir='ltr'><strong>et</strong></span> <span class='ocrx_word' id='word_1_622' title='bbox 3160 3621 3332 3692; x_wconf 87' lang='lat' dir='ltr'><strong>legum</strong></span> <span class='ocrx_word' id='word_1_623' title='bbox 3371 3620 3682 3675; x_wconf 69' lang='lat' dir='ltr'><strong>conditores</strong></span> 
     </span>
    </p>
   </div>
   <div class='ocr_carea' id='block_1_81' title="bbox 2075 3710 3684 3785">
    <p class='ocr_par' dir='ltr' id='par_1_81' title="bbox 2075 3710 3684 3785">
     <span class='ocr_line' id='line_1_81' title="bbox 2075 3710 3684 3785; baseline -0.003 -16"><span class='ocrx_word' id='word_1_624' title='bbox 2075 3715 2227 3785; x_wconf 85' lang='lat' dir='ltr'><strong>jasta</strong></span> <span class='ocrx_word' id='word_1_625' title='bbox 2253 3714 2558 3770; x_wconf 89' lang='lat' dir='ltr'><strong>decernunt.</strong></span> <span class='ocrx_word' id='word_1_626' title='bbox 2583 3710 2690 3769; x_wconf 90' lang='lat' dir='ltr'><strong>Per</strong></span> <span class='ocrx_word' id='word_1_627' title='bbox 2713 3729 2793 3768; x_wconf 86' lang='lat' dir='ltr'><strong>me</strong></span> <span class='ocrx_word' id='word_1_628' title='bbox 2830 3714 3087 3784; x_wconf 86' lang='lat' dir='ltr'><strong>principes</strong></span> <span class='ocrx_word' id='word_1_629' title='bbox 3111 3713 3389 3783; x_wconf 85' lang='lat' dir='ltr'><strong>imperant,</strong></span> <span class='ocrx_word' id='word_1_630' title='bbox 3415 3721 3464 3766; x_wconf 87' lang='lat' dir='ltr'><strong>et</strong></span> <span class='ocrx_word' id='word_1_631' title='bbox 3480 3721 3684 3781; x_wconf 78' lang='lat' dir='ltr'><strong>poten-</strong></span> 
     </span>
    </p>
   </div>
   <div class='ocr_carea' id='block_1_82' title="bbox 2085 3799 3683 3874">
    <p class='ocr_par' dir='ltr' id='par_1_82' title="bbox 2085 3799 3683 3874">
     <span class='ocr_line' id='line_1_82' title="bbox 2085 3799 3683 3874; baseline -0.003 -16"><span class='ocrx_word' id='word_1_632' title='bbox 2085 3813 2162 3860; x_wconf 87' lang='lat' dir='ltr'><strong>tes</strong></span> <span class='ocrx_word' id='word_1_633' title='bbox 2188 3805 2472 3860; x_wconf 88' lang='lat' dir='ltr'><strong>decernunt</strong></span> <span class='ocrx_word' id='word_1_634' title='bbox 2504 3804 2791 3873; x_wconf 87' lang='lat' dir='ltr'><strong>justitiam.</strong></span> <span class='ocrx_word' id='word_1_635' title='bbox 2825 3803 2939 3874; x_wconf 87' lang='lat' dir='ltr'><strong>Ego</strong></span> <span class='ocrx_word' id='word_1_636' title='bbox 2976 3801 3247 3873; x_wconf 87' lang='lat' dir='ltr'><strong>diligentes</strong></span> <span class='ocrx_word' id='word_1_637' title='bbox 3274 3817 3354 3855; x_wconf 87' lang='lat' dir='ltr'><strong>me</strong></span> <span class='ocrx_word' id='word_1_638' title='bbox 3383 3799 3570 3869; x_wconf 83' lang='lat' dir='ltr'><strong>diligo,</strong></span> <span class='ocrx_word' id='word_1_639' title='bbox 3618 3809 3683 3854; x_wconf 76' lang='lat' dir='ltr'><strong>et</strong></span> 
     </span>
    </p>
   </div>
   <div class='ocr_carea' id='block_1_83' title="bbox 2083 3888 3682 3966">
    <p class='ocr_par' dir='ltr' id='par_1_83' title="bbox 2083 3888 3682 3966">
     <span class='ocr_line' id='line_1_83' title="bbox 2083 3888 3682 3966; baseline -0.004 -17"><span class='ocrx_word' id='word_1_640' title='bbox 2083 3896 2174 3966; x_wconf 82' lang='lat' dir='ltr'><strong>qui</strong></span> <span class='ocrx_word' id='word_1_641' title='bbox 2203 3895 2266 3948; x_wconf 91' lang='lat' dir='ltr'><strong>de</strong></span> <span class='ocrx_word' id='word_1_642' title='bbox 2309 3910 2461 3948; x_wconf 88' lang='lat' dir='ltr'><strong>mane</strong></span> <span class='ocrx_word' id='word_1_643' title='bbox 2494 3892 2713 3963; x_wconf 86' lang='lat' dir='ltr'><strong>vigilant</strong></span> <span class='ocrx_word' id='word_1_644' title='bbox 2759 3893 2828 3947; x_wconf 91' lang='lat' dir='ltr'><strong>ad</strong></span> <span class='ocrx_word' id='word_1_645' title='bbox 2857 3909 2959 3959; x_wconf 88' lang='lat' dir='ltr'><strong>me,</strong></span> <span class='ocrx_word' id='word_1_646' title='bbox 3011 3893 3270 3946; x_wconf 87' lang='lat' dir='ltr'><strong>invenient</strong></span> <span class='ocrx_word' id='word_1_647' title='bbox 3302 3907 3401 3945; x_wconf 81' lang='lat' dir='ltr'><strong>me.</strong></span> <span class='ocrx_word' id='word_1_648' title='bbox 3456 3888 3682 3944; x_wconf 73' lang='lat' dir='ltr'><strong>Mecum</strong></span> 
     </span>
    </p>
   </div>
   <div class='ocr_carea' id='block_1_84' title="bbox 2081 3979 3453 4054">
    <p class='ocr_par' dir='ltr' id='par_1_84' title="bbox 2081 3979 3453 4054">
     <span class='ocr_line' id='line_1_84' title="bbox 2081 3979 3453 4054; baseline -0.004 -14"><span class='ocrx_word' id='word_1_649' title='bbox 2081 3995 2206 4040; x_wconf 87' lang='lat' dir='ltr'><strong>sunt</strong></span> <span class='ocrx_word' id='word_1_650' title='bbox 2235 3983 2430 4039; x_wconf 78' lang='lat' dir='ltr'><strong>divitia:</strong></span> <span class='ocrx_word' id='word_1_651' title='bbox 2455 3994 2504 4038; x_wconf 90' lang='lat' dir='ltr'><strong>et</strong></span> <span class='ocrx_word' id='word_1_652' title='bbox 2534 3983 2703 4054; x_wconf 88' lang='lat' dir='ltr'><strong>gloria</strong></span> <span class='ocrx_word' id='word_1_653' title='bbox 2748 3980 2929 4054; x_wconf 85' lang='lat' dir='ltr'><strong>(Prov.</strong></span> <span class='ocrx_word' id='word_1_654' title='bbox 2960 3999 3079 4049; x_wconf 87' lang='lat' dir='ltr'><strong>vm,</strong></span> <span class='ocrx_word' id='word_1_655' title='bbox 3114 3982 3202 4048; x_wconf 75' lang='lat'><strong>12,</strong></span> <span class='ocrx_word' id='word_1_656' title='bbox 3231 3982 3315 4046; x_wconf 62' lang='lat' dir='ltr'><strong>1i,</strong></span> <span class='ocrx_word' id='word_1_657' title='bbox 3343 3979 3453 4052; x_wconf 90' lang='lat'><strong>18).</strong></span> 
     </span>
    </p>
   </div>
   <div class='ocr_carea' id='block_1_85' title="bbox 2156 4071 3685 4146">
    <p class='ocr_par' dir='ltr' id='par_1_85' title="bbox 2156 4071 3685 4146">
     <span class='ocr_line' id='line_1_85' title="bbox 2156 4071 3685 4146; baseline -0.003 -14"><span class='ocrx_word' id='word_1_658' title='bbox 2156 4075 2526 4132; x_wconf 84' lang='lat' dir='ltr'><strong>Honorilicare</strong></span> <span class='ocrx_word' id='word_1_659' title='bbox 2563 4090 2715 4146; x_wconf 84' lang='lat' dir='ltr'><strong>ergo,</strong></span> <span class='ocrx_word' id='word_1_660' title='bbox 2747 4088 2862 4140; x_wconf 85' lang='lat' dir='ltr'><strong>rex,</strong></span> <span class='ocrx_word' id='word_1_661' title='bbox 2887 4075 3053 4130; x_wconf 80' lang='lat' dir='ltr'><strong>debes</strong></span> <span class='ocrx_word' id='word_1_662' title='bbox 3094 4075 3224 4129; x_wconf 91' lang='lat' dir='ltr'><strong>totis</strong></span> <span class='ocrx_word' id='word_1_663' title='bbox 3250 4074 3453 4128; x_wconf 89' lang='lat' dir='ltr'><strong>viribus</strong></span> <span class='ocrx_word' id='word_1_664' title='bbox 3481 4071 3685 4128; x_wconf 84' lang='lat' dir='ltr'><strong>Domi-</strong></span> 
     </span>
    </p>
   </div>
   <div class='ocr_carea' id='block_1_86' title="bbox 2085 4161 3684 4234">
    <p class='ocr_par' dir='ltr' id='par_1_86' title="bbox 2085 4161 3684 4234">
     <span class='ocr_line' id='line_1_86' title="bbox 2085 4161 3684 4234; baseline -0.001 -15"><span class='ocrx_word' id='word_1_665' title='bbox 2085 4181 2214 4221; x_wconf 93' lang='lat' dir='ltr'><strong>num</strong></span> <span class='ocrx_word' id='word_1_666' title='bbox 2250 4163 2419 4219; x_wconf 90' lang='lat' dir='ltr'><strong>Deum</strong></span> <span class='ocrx_word' id='word_1_667' title='bbox 2457 4173 2630 4229; x_wconf 94' lang='lat' dir='ltr'><strong>tuum,</strong></span> <span class='ocrx_word' id='word_1_668' title='bbox 2667 4164 2758 4234; x_wconf 90' lang='lat' dir='ltr'><strong>qui</strong></span> <span class='ocrx_word' id='word_1_669' title='bbox 2784 4172 2989 4218; x_wconf 87' lang='lat' dir='ltr'><strong>tantam</strong></span> <span class='ocrx_word' id='word_1_670' title='bbox 3031 4162 3134 4232; x_wconf 84' lang='lat' dir='ltr'><strong>iam</strong></span> <span class='ocrx_word' id='word_1_671' title='bbox 3167 4163 3265 4218; x_wconf 91' lang='lat' dir='ltr'><strong>tibi</strong></span> <span class='ocrx_word' id='word_1_672' title='bbox 3295 4161 3520 4218; x_wconf 90' lang='lat' dir='ltr'><strong>contulit</strong></span> <span class='ocrx_word' id='word_1_673' title='bbox 3561 4162 3684 4218; x_wconf 83' lang='lat' dir='ltr'><strong>Iau—</strong></span> 
     </span>
    </p>
   </div>
   <div class='ocr_carea' id='block_1_87' title="bbox 2084 4256 3678 4330">
    <p class='ocr_par' dir='ltr' id='par_1_87' title="bbox 2084 4256 3678 4330">
     <span class='ocr_line' id='line_1_87' title="bbox 2084 4256 3678 4330; baseline -0.001 -16"><span class='ocrx_word' id='word_1_674' title='bbox 2084 4259 2228 4324; x_wconf 90' lang='lat' dir='ltr'><strong>dem,</strong></span> <span class='ocrx_word' id='word_1_675' title='bbox 2257 4266 2312 4313; x_wconf 88' lang='lat' dir='ltr'><strong>et</strong></span> <span class='ocrx_word' id='word_1_676' title='bbox 2343 4264 2549 4313; x_wconf 80' lang='lat' dir='ltr'><strong>tantum</strong></span> <span class='ocrx_word' id='word_1_677' title='bbox 2595 4258 2770 4314; x_wconf 87' lang='lat' dir='ltr'><strong>adhuc</strong></span> <span class='ocrx_word' id='word_1_678' title='bbox 2800 4259 3050 4330; x_wconf 88' lang='lat' dir='ltr'><strong>promisit</strong></span> <span class='ocrx_word' id='word_1_679' title='bbox 3101 4259 3386 4315; x_wconf 88' lang='lat' dir='ltr'><strong>honorem.</strong></span> <span class='ocrx_word' id='word_1_680' title='bbox 3415 4257 3512 4311; x_wconf 81' lang='lat' dir='ltr'><strong>Hic</strong></span> <span class='ocrx_word' id='word_1_681' title='bbox 3550 4256 3678 4326; x_wconf 82' lang='lat' dir='ltr'><strong>jam</strong></span> 
     </span>
    </p>
   </div>
   <div class='ocr_carea' id='block_1_88' title="bbox 2084 4348 3684 4420">
    <p class='ocr_par' dir='ltr' id='par_1_88' title="bbox 2084 4348 3684 4420">
     <span class='ocr_line' id='line_1_88' title="bbox 2084 4348 3684 4420; baseline 0 -16"><span class='ocrx_word' id='word_1_682' title='bbox 2084 4349 2182 4404; x_wconf 88' lang='lat' dir='ltr'><strong>tibi</strong></span> <span class='ocrx_word' id='word_1_683' title='bbox 2212 4349 2363 4420; x_wconf 85' lang='lat' dir='ltr'><strong>regni</strong></span> <span class='ocrx_word' id='word_1_684' title='bbox 2393 4348 2773 4415; x_wconf 88' lang='lat' dir='ltr'><strong>eruditionem,</strong></span> <span class='ocrx_word' id='word_1_685' title='bbox 2807 4349 3147 4419; x_wconf 90' lang='lat' dir='ltr'><strong>prudentiam</strong></span> <span class='ocrx_word' id='word_1_686' title='bbox 3172 4350 3376 4419; x_wconf 89' lang='lat' dir='ltr'><strong>pariter</strong></span> <span class='ocrx_word' id='word_1_687' title='bbox 3393 4351 3684 4406; x_wconf 80' lang='lat' dir='ltr'><strong>concessit</strong></span> 
     </span>
    </p>
   </div>
   <div class='ocr_carea' id='block_1_89' title="bbox 2083 4437 3681 4510">
    <p class='ocr_par' dir='ltr' id='par_1_89' title="bbox 2083 4437 3681 4510">
     <span class='ocr_line' id='line_1_89' title="bbox 2083 4437 3681 4510; baseline 0 -16"><span class='ocrx_word' id='word_1_688' title='bbox 2083 4448 2140 4494; x_wconf 89' lang='lat' dir='ltr'><strong>et</strong></span> <span class='ocrx_word' id='word_1_689' title='bbox 2183 4437 2585 4502; x_wconf 81' lang='lat' dir='ltr'><strong>fortitudinem;</strong></span> <span class='ocrx_word' id='word_1_690' title='bbox 2622 4437 2733 4494; x_wconf 90' lang='lat' dir='ltr'><strong>illic</strong></span> <span class='ocrx_word' id='word_1_691' title='bbox 2755 4454 2885 4494; x_wconf 91' lang='lat' dir='ltr'><strong>vero</strong></span> <span class='ocrx_word' id='word_1_692' title='bbox 2908 4447 3124 4496; x_wconf 65' lang='lat' dir='ltr'><strong>aeternae</strong></span> <span class='ocrx_word' id='word_1_693' title='bbox 3138 4441 3264 4495; x_wconf 68' lang='lat' dir='ltr'><strong>vitae</strong></span> <span class='ocrx_word' id='word_1_694' title='bbox 3288 4438 3540 4510; x_wconf 85' lang='lat' dir='ltr'><strong>promisit</strong></span> <span class='ocrx_word' id='word_1_695' title='bbox 3568 4439 3681 4494; x_wconf 84' lang='lat' dir='ltr'><strong>im-</strong></span> 
     </span>
    </p>
   </div>
   <div class='ocr_carea' id='block_1_90' title="bbox 409 4529 3675 4604">
    <p class='ocr_par' dir='ltr' id='par_1_90' title="bbox 409 4529 3675 4604">
     <span class='ocr_line' id='line_1_90' title="bbox 409 4529 3675 4604; baseline 0 -20"><span class='ocrx_word' id='word_1_696' title='bbox 409 4533 724 4602; x_wconf 84' lang='lat' dir='ltr'><strong>ohsequium</strong></span> <span class='ocrx_word' id='word_1_697' title='bbox 763 4547 1006 4604; x_wconf 67' lang='lat' dir='ltr'><strong>prmpara</strong></span> <span class='ocrx_word' id='word_1_698' title='bbox 1035 4547 1050 4587; x_wconf 90' lang='lat'><strong>:</strong></span> <span class='ocrx_word' id='word_1_699' title='bbox 1083 4534 1150 4590; x_wconf 88' lang='lat' dir='ltr'><strong>da</strong></span> <span class='ocrx_word' id='word_1_700' title='bbox 1179 4531 1398 4587; x_wconf 88' lang='lat' dir='ltr'><strong>Christo</strong></span> <span class='ocrx_word' id='word_1_701' title='bbox 1430 4531 1484 4586; x_wconf 90' lang='lat' dir='ltr'><strong>iu</strong></span> <span class='ocrx_word' id='word_1_702' title='bbox 1523 4538 1665 4586; x_wconf 88' lang='lat' dir='ltr'><strong>terra</strong></span> <span class='ocrx_word' id='word_1_703' title='bbox 1689 4529 1983 4585; x_wconf 88' lang='lat' dir='ltr'><strong>vestimen-</strong></span> <span class='ocrx_word' id='word_1_704' title='bbox 2006 4531 2058 4591; x_wconf 91' lang='lat' dir='ltr'><strong>D</strong></span> <span class='ocrx_word' id='word_1_705' title='bbox 2085 4532 2488 4586; x_wconf 85' lang='lat' dir='ltr'><strong>mortalitatem.</strong></span> <span class='ocrx_word' id='word_1_706' title='bbox 2538 4530 2638 4587; x_wconf 81' lang='lat' dir='ltr'><strong>Hie</strong></span> <span class='ocrx_word' id='word_1_707' title='bbox 2675 4539 2728 4586; x_wconf 89' lang='lat' dir='ltr'><strong>te</strong></span> <span class='ocrx_word' id='word_1_708' title='bbox 2776 4538 3051 4588; x_wconf 86' lang='lat' dir='ltr'><strong>terrenum</strong></span> <span class='ocrx_word' id='word_1_709' title='bbox 3098 4530 3278 4586; x_wconf 81' lang='lat' dir='ltr'><strong>evexit</strong></span> <span class='ocrx_word' id='word_1_710' title='bbox 3309 4530 3367 4584; x_wconf 91' lang='lat' dir='ltr'><strong>in</strong></span> <span class='ocrx_word' id='word_1_711' title='bbox 3400 4543 3675 4598; x_wconf 79' lang='lat' dir='ltr'><strong>regnum;</strong></span> 
     </span>
    </p>
   </div>
   <div class='ocr_carea' id='block_1_91' title="bbox 412 4617 1982 4692">
    <p class='ocr_par' dir='ltr' id='par_1_91' title="bbox 412 4617 1982 4692">
     <span class='ocr_line' id='line_1_91' title="bbox 412 4617 1982 4692; baseline 0.001 -20"><span class='ocrx_word' id='word_1_712' title='bbox 412 4629 544 4686; x_wconf 89' lang='lat' dir='ltr'><strong>tum,</strong></span> <span class='ocrx_word' id='word_1_713' title='bbox 570 4629 630 4676; x_wconf 91' lang='lat' dir='ltr'><strong>ut</strong></span> <span class='ocrx_word' id='word_1_714' title='bbox 649 4621 718 4676; x_wconf 89' lang='lat' dir='ltr'><strong>ab</strong></span> <span class='ocrx_word' id='word_1_715' title='bbox 745 4621 835 4676; x_wconf 92' lang='lat' dir='ltr'><strong>illo</strong></span> <span class='ocrx_word' id='word_1_716' title='bbox 865 4621 1086 4678; x_wconf 65' lang='lat' dir='ltr'><strong>caeleste</strong></span> <span class='ocrx_word' id='word_1_717' title='bbox 1111 4620 1344 4692; x_wconf 86' lang='lat' dir='ltr'><strong>recipias</strong></span> <span class='ocrx_word' id='word_1_718' title='bbox 1377 4620 1781 4684; x_wconf 88' lang='lat' dir='ltr'><strong>indumentum;</strong></span> <span class='ocrx_word' id='word_1_719' title='bbox 1811 4619 1878 4674; x_wconf 84' lang='lat' dir='ltr'><strong>da</strong></span> <span class='ocrx_word' id='word_1_720' title='bbox 1903 4617 1982 4673; x_wconf 89' lang='lat' dir='ltr'><strong>ci-</strong></span> 
     </span>
    </p>
   </div>
   <div class='ocr_carea' id='block_1_92' title="bbox 409 4708 1981 4781">
    <p class='ocr_par' dir='ltr' id='par_1_92' title="bbox 409 4708 1981 4781">
     <span class='ocr_line' id='line_1_92' title="bbox 409 4708 1981 4781; baseline 0.002 -19"><span class='ocrx_word' id='word_1_721' title='bbox 409 4710 536 4764; x_wconf 88' lang='lat' dir='ltr'><strong>hum</strong></span> <span class='ocrx_word' id='word_1_722' title='bbox 582 4719 639 4766; x_wconf 91' lang='lat' dir='ltr'><strong>et</strong></span> <span class='ocrx_word' id='word_1_723' title='bbox 678 4720 887 4781; x_wconf 90' lang='lat' dir='ltr'><strong>potum,</strong></span> <span class='ocrx_word' id='word_1_724' title='bbox 908 4719 970 4766; x_wconf 93' lang='lat' dir='ltr'><strong>ut</strong></span> <span class='ocrx_word' id='word_1_725' title='bbox 995 4727 1118 4766; x_wconf 91' lang='lat' dir='ltr'><strong>eum</strong></span> <span class='ocrx_word' id='word_1_726' title='bbox 1149 4710 1442 4775; x_wconf 79' lang='lat' dir='ltr'><strong>Abraham,</strong></span> <span class='ocrx_word' id='word_1_727' title='bbox 1469 4709 1623 4767; x_wconf 83' lang='lat' dir='ltr'><strong>Isaae</strong></span> <span class='ocrx_word' id='word_1_728' title='bbox 1651 4719 1708 4766; x_wconf 89' lang='lat' dir='ltr'><strong>et</strong></span> <span class='ocrx_word' id='word_1_729' title='bbox 1726 4708 1892 4766; x_wconf 79' lang='lat' dir='ltr'><strong>laeob</strong></span> <span class='ocrx_word' id='word_1_730' title='bbox 1912 4709 1981 4765; x_wconf 84' lang='lat' dir='ltr'><strong>ad</strong></span> 
     </span>
    </p>
   </div>
   <div class='ocr_carea' id='block_1_93' title="bbox 409 4798 1980 4872">
    <p class='ocr_par' dir='ltr' id='par_1_93' title="bbox 409 4798 1980 4872">
     <span class='ocr_line' id='line_1_93' title="bbox 409 4798 1980 4872; baseline 0.004 -22"><span class='ocrx_word' id='word_1_731' title='bbox 409 4798 713 4854; x_wconf 73' lang='lat' dir='ltr'><strong>convivium</strong></span> <span class='ocrx_word' id='word_1_732' title='bbox 743 4801 1008 4857; x_wconf 89' lang='lat' dir='ltr'><strong>merearis</strong></span> <span class='ocrx_word' id='word_1_733' title='bbox 1058 4801 1345 4872; x_wconf 87' lang='lat' dir='ltr'><strong>pervenire</strong></span> <span class='ocrx_word' id='word_1_734' title='bbox 1380 4809 1663 4856; x_wconf 82' lang='lat' dir='ltr'><strong>aeternum.</strong></span> <span class='ocrx_word' id='word_1_735' title='bbox 1714 4800 1843 4867; x_wconf 61' lang='lat' dir='ltr'><strong>Qum</strong></span> <span class='ocrx_word' id='word_1_736' title='bbox 1890 4800 1980 4856; x_wconf 91' lang='lat' dir='ltr'><strong>illa</strong></span> 
     </span>
    </p>
   </div>
   <div class='ocr_carea' id='block_1_94' title="bbox 409 4887 1979 4962">
    <p class='ocr_par' dir='ltr' id='par_1_94' title="bbox 409 4887 1979 4962">
     <span class='ocr_line' id='line_1_94' title="bbox 409 4887 1979 4962; baseline 0.004 -22"><span class='ocrx_word' id='word_1_737' title='bbox 409 4887 515 4942; x_wconf 87' lang='lat' dir='ltr'><strong>erit</strong></span> <span class='ocrx_word' id='word_1_738' title='bbox 555 4888 655 4944; x_wconf 90' lang='lat' dir='ltr'><strong>tibi</strong></span> <span class='ocrx_word' id='word_1_739' title='bbox 697 4897 901 4946; x_wconf 69' lang='lat' dir='ltr'><strong>aeterna</strong></span> <span class='ocrx_word' id='word_1_740' title='bbox 954 4891 1170 4956; x_wconf 83' lang='lat' dir='ltr'><strong>laetitia;</strong></span> <span class='ocrx_word' id='word_1_741' title='bbox 1219 4906 1382 4960; x_wconf 88' lang='lat' dir='ltr'><strong>quam</strong></span> <span class='ocrx_word' id='word_1_742' title='bbox 1414 4891 1635 4962; x_wconf 88' lang='lat' dir='ltr'><strong>grandis</strong></span> <span class='ocrx_word' id='word_1_743' title='bbox 1671 4899 1725 4944; x_wconf 86' lang='lat' dir='ltr'><strong>et</strong></span> <span class='ocrx_word' id='word_1_744' title='bbox 1768 4906 1979 4946; x_wconf 90' lang='lat' dir='ltr'><strong>summa</strong></span> 
     </span>
    </p>
   </div>
   <div class='ocr_carea' id='block_1_95' title="bbox 409 4976 1980 5052">
    <p class='ocr_par' dir='ltr' id='par_1_95' title="bbox 409 4976 1980 5052">
     <span class='ocr_line' id='line_1_95' title="bbox 409 4976 1980 5052; baseline 0.004 -22"><span class='ocrx_word' id='word_1_745' title='bbox 409 4976 596 5043; x_wconf 72' lang='lat' dir='ltr'><strong>gloria,</strong></span> <span class='ocrx_word' id='word_1_746' title='bbox 625 4981 841 5047; x_wconf 77' lang='lat' dir='ltr'><strong>quando</strong></span> <span class='ocrx_word' id='word_1_747' title='bbox 872 4981 968 5037; x_wconf 89' lang='lat' dir='ltr'><strong>tibi</strong></span> <span class='ocrx_word' id='word_1_748' title='bbox 997 4981 1222 5052; x_wconf 72' lang='lat' dir='ltr'><strong>cmperit</strong></span> <span class='ocrx_word' id='word_1_749' title='bbox 1251 4981 1513 5037; x_wconf 88' lang='lat' dir='ltr'><strong>Dominus</strong></span> <span class='ocrx_word' id='word_1_750' title='bbox 1554 4981 1853 5036; x_wconf 89' lang='lat' dir='ltr'><strong>retribuere</strong></span> <span class='ocrx_word' id='word_1_751' title='bbox 1880 4997 1980 5051; x_wconf 92' lang='lat' dir='ltr'><strong>pro</strong></span> 
     </span>
    </p>
   </div>
   <div class='ocr_carea' id='block_1_96' title="bbox 412 5067 1980 5140">
    <p class='ocr_par' dir='ltr' id='par_1_96' title="bbox 412 5067 1980 5140">
     <span class='ocr_line' id='line_1_96' title="bbox 412 5067 1980 5140; baseline 0.003 -20"><span class='ocrx_word' id='word_1_752' title='bbox 412 5067 641 5124; x_wconf 87' lang='lat' dir='ltr'><strong>terrenis</strong></span> <span class='ocrx_word' id='word_1_753' title='bbox 675 5068 934 5135; x_wconf 69' lang='lat' dir='ltr'><strong>cmlestia,</strong></span> <span class='ocrx_word' id='word_1_754' title='bbox 964 5086 1062 5140; x_wconf 76' lang='lat' dir='ltr'><strong>pro</strong></span> <span class='ocrx_word' id='word_1_755' title='bbox 1099 5070 1481 5140; x_wconf 87' lang='lat' dir='ltr'><strong>temporalibus</strong></span> <span class='ocrx_word' id='word_1_756' title='bbox 1504 5070 1854 5139; x_wconf 86' lang='lat' dir='ltr'><strong>sempiterna,</strong></span> <span class='ocrx_word' id='word_1_757' title='bbox 1879 5083 1980 5138; x_wconf 89' lang='lat' dir='ltr'><strong>pro</strong></span> 
     </span>
    </p>
   </div>
   <div class='ocr_carea' id='block_1_97' title="bbox 408 5157 1982 5232">
    <p class='ocr_par' dir='ltr' id='par_1_97' title="bbox 408 5157 1982 5232">
     <span class='ocr_line' id='line_1_97' title="bbox 408 5157 1982 5232; baseline 0.001 -18"><span class='ocrx_word' id='word_1_758' title='bbox 408 5157 639 5214; x_wconf 88' lang='lat' dir='ltr'><strong>modicis</strong></span> <span class='ocrx_word' id='word_1_759' title='bbox 676 5171 888 5228; x_wconf 86' lang='lat' dir='ltr'><strong>magna,</strong></span> <span class='ocrx_word' id='word_1_760' title='bbox 918 5175 1016 5229; x_wconf 91' lang='lat' dir='ltr'><strong>pro</strong></span> <span class='ocrx_word' id='word_1_761' title='bbox 1037 5161 1255 5217; x_wconf 85' lang='lat' dir='ltr'><strong>caducis</strong></span> <span class='ocrx_word' id='word_1_762' title='bbox 1291 5161 1682 5232; x_wconf 85' lang='lat' dir='ltr'><strong>permanentia,</strong></span> <span class='ocrx_word' id='word_1_763' title='bbox 1707 5176 1804 5230; x_wconf 85' lang='lat' dir='ltr'><strong>pro</strong></span> <span class='ocrx_word' id='word_1_764' title='bbox 1832 5160 1982 5216; x_wconf 82' lang='lat' dir='ltr'><strong>fuca-</strong></span> 
     </span>
    </p>
   </div>
   <div class='ocr_carea' id='block_1_98' title="bbox 410 5247 1980 5320">
    <p class='ocr_par' dir='ltr' id='par_1_98' title="bbox 410 5247 1980 5320">
     <span class='ocr_line' id='line_1_98' title="bbox 410 5247 1980 5320; baseline 0.002 -18"><span class='ocrx_word' id='word_1_765' title='bbox 410 5247 481 5302; x_wconf 89' lang='lat' dir='ltr'><strong>tis</strong></span> <span class='ocrx_word' id='word_1_766' title='bbox 505 5247 898 5318; x_wconf 87' lang='lat' dir='ltr'><strong>permanentia,</strong></span> <span class='ocrx_word' id='word_1_767' title='bbox 913 5263 1012 5316; x_wconf 91' lang='lat' dir='ltr'><strong>pro</strong></span> <span class='ocrx_word' id='word_1_768' title='bbox 1035 5248 1317 5318; x_wconf 81' lang='lat' dir='ltr'><strong>fragilihus</strong></span> <span class='ocrx_word' id='word_1_769' title='bbox 1341 5251 1668 5315; x_wconf 84' lang='lat' dir='ltr'><strong>ﬁrmissima,</strong></span> <span class='ocrx_word' id='word_1_770' title='bbox 1686 5265 1783 5320; x_wconf 89' lang='lat' dir='ltr'><strong>pro</strong></span> <span class='ocrx_word' id='word_1_771' title='bbox 1805 5259 1980 5305; x_wconf 83' lang='lat' dir='ltr'><strong>trans-</strong></span> 
     </span>
    </p>
   </div>
   <div class='ocr_carea' id='block_1_99' title="bbox 407 5338 1980 5408">
    <p class='ocr_par' dir='ltr' id='par_1_99' title="bbox 407 5338 1980 5408">
     <span class='ocr_line' id='line_1_99' title="bbox 407 5338 1980 5408; baseline 0.001 -16"><span class='ocrx_word' id='word_1_772' title='bbox 407 5338 664 5394; x_wconf 86' lang='lat' dir='ltr'><strong>euntibus</strong></span> <span class='ocrx_word' id='word_1_773' title='bbox 704 5339 1082 5408; x_wconf 85' lang='lat' dir='ltr'><strong>permansura!</strong></span> <span class='ocrx_word' id='word_1_774' title='bbox 1132 5339 1288 5408; x_wconf 79' lang='lat' dir='ltr'><strong>Ergo.</strong></span> <span class='ocrx_word' id='word_1_775' title='bbox 1336 5355 1451 5404; x_wconf 78' lang='lat' dir='ltr'><strong>rex,</strong></span> <span class='ocrx_word' id='word_1_776' title='bbox 1483 5339 1552 5396; x_wconf 87' lang='lat' dir='ltr'><strong>de</strong></span> <span class='ocrx_word' id='word_1_777' title='bbox 1588 5339 1851 5394; x_wconf 84' lang='lat' dir='ltr'><strong>reditibus</strong></span> <span class='ocrx_word' id='word_1_778' title='bbox 1874 5339 1980 5393; x_wconf 89' lang='lat' dir='ltr'><strong>tuis</strong></span> 
     </span>
    </p>
   </div>
   <div class='ocr_carea' id='block_1_100' title="bbox 410 5424 1977 5496">
    <p class='ocr_par' dir='ltr' id='par_1_100' title="bbox 410 5424 1977 5496">
     <span class='ocr_line' id='line_1_100' title="bbox 410 5424 1977 5496; baseline -0.001 -14"><span class='ocrx_word' id='word_1_779' title='bbox 410 5427 715 5496; x_wconf 89' lang='lat' dir='ltr'><strong>portionem</strong></span> <span class='ocrx_word' id='word_1_780' title='bbox 765 5424 849 5480; x_wconf 82' lang='lat' dir='ltr'><strong>fac</strong></span> <span class='ocrx_word' id='word_1_781' title='bbox 907 5425 1134 5480; x_wconf 90' lang='lat' dir='ltr'><strong>Domino</strong></span> <span class='ocrx_word' id='word_1_782' title='bbox 1182 5433 1296 5490; x_wconf 90' lang='lat' dir='ltr'><strong>tuo,</strong></span> <span class='ocrx_word' id='word_1_783' title='bbox 1347 5427 1750 5495; x_wconf 85' lang='lat' dir='ltr'><strong>possessionum</strong></span> <span class='ocrx_word' id='word_1_784' title='bbox 1805 5437 1977 5484; x_wconf 88' lang='lat' dir='ltr'><strong>terre-</strong></span> 
     </span>
    </p>
   </div>
   <div class='ocr_carea' id='block_1_101' title="bbox 409 5515 1978 5588">
    <p class='ocr_par' dir='ltr' id='par_1_101' title="bbox 409 5515 1978 5588">
     <span class='ocr_line' id='line_1_101' title="bbox 409 5515 1978 5588; baseline -0.002 -14"><span class='ocrx_word' id='word_1_785' title='bbox 409 5519 604 5575; x_wconf 80' lang='lat' dir='ltr'><strong>strium</strong></span> <span class='ocrx_word' id='word_1_786' title='bbox 634 5519 718 5574; x_wconf 82' lang='lat' dir='ltr'><strong>fac</strong></span> <span class='ocrx_word' id='word_1_787' title='bbox 741 5517 836 5572; x_wconf 88' lang='lat' dir='ltr'><strong>tibi</strong></span> <span class='ocrx_word' id='word_1_788' title='bbox 871 5517 1185 5588; x_wconf 83' lang='lat' dir='ltr'><strong>participem</strong></span> <span class='ocrx_word' id='word_1_789' title='bbox 1209 5515 1503 5581; x_wconf 85' lang='lat' dir='ltr'><strong>Christum,</strong></span> <span class='ocrx_word' id='word_1_790' title='bbox 1530 5525 1588 5571; x_wconf 91' lang='lat' dir='ltr'><strong>ut</strong></span> <span class='ocrx_word' id='word_1_791' title='bbox 1607 5527 1665 5574; x_wconf 93' lang='lat' dir='ltr'><strong>et</strong></span> <span class='ocrx_word' id='word_1_792' title='bbox 1690 5516 1780 5574; x_wconf 91' lang='lat' dir='ltr'><strong>ille</strong></span> <span class='ocrx_word' id='word_1_793' title='bbox 1803 5519 1978 5574; x_wconf 67' lang='lat' dir='ltr'><strong>cohae-</strong></span> 
     </span>
    </p>
   </div>
   <div class='ocr_carea' id='block_1_102' title="bbox 413 5611 1980 5684">
    <p class='ocr_par' dir='ltr' id='par_1_102' title="bbox 413 5611 1980 5684">
     <span class='ocr_line' id='line_1_102' title="bbox 413 5611 1980 5684; baseline 0 -18"><span class='ocrx_word' id='word_1_794' title='bbox 413 5613 594 5667; x_wconf 87' lang='lat' dir='ltr'><strong>redem</strong></span> <span class='ocrx_word' id='word_1_795' title='bbox 624 5622 675 5666; x_wconf 88' lang='lat' dir='ltr'><strong>te</strong></span> <span class='ocrx_word' id='word_1_796' title='bbox 701 5613 862 5668; x_wconf 80' lang='lat' dir='ltr'><strong>faciat</strong></span> <span class='ocrx_word' id='word_1_797' title='bbox 888 5628 1173 5684; x_wconf 89' lang='lat' dir='ltr'><strong>regnorum</strong></span> <span class='ocrx_word' id='word_1_798' title='bbox 1201 5613 1519 5670; x_wconf 79' lang='lat' dir='ltr'><strong>cteIestium.</strong></span> <span class='ocrx_word' id='word_1_799' title='bbox 1544 5613 1635 5666; x_wconf 82' lang='lat' dir='ltr'><strong>Ille</strong></span> <span class='ocrx_word' id='word_1_800' title='bbox 1657 5613 1858 5668; x_wconf 89' lang='lat' dir='ltr'><strong>etenim</strong></span> <span class='ocrx_word' id='word_1_801' title='bbox 1885 5611 1980 5667; x_wconf 92' lang='lat' dir='ltr'><strong>tibi</strong></span> 
     </span>
    </p>
   </div>
   <div class='ocr_carea' id='block_1_103' title="bbox 417 5705 1981 5779">
    <p class='ocr_par' dir='ltr' id='par_1_103' title="bbox 417 5705 1981 5779">
     <span class='ocr_line' id='line_1_103' title="bbox 417 5705 1981 5779; baseline 0.002 -23"><span class='ocrx_word' id='word_1_802' title='bbox 417 5705 596 5758; x_wconf 75' lang='lat' dir='ltr'><strong>ottinia</strong></span> <span class='ocrx_word' id='word_1_803' title='bbox 619 5722 738 5774; x_wconf 67' lang='lat' dir='ltr'><strong>ulla:</strong></span> <span class='ocrx_word' id='word_1_804' title='bbox 767 5705 946 5764; x_wconf 83' lang='lat' dir='ltr'><strong>habes.</strong></span> <span class='ocrx_word' id='word_1_805' title='bbox 957 5708 1240 5774; x_wconf 81' lang='lat' dir='ltr'><strong>concessit,</strong></span> <span class='ocrx_word' id='word_1_806' title='bbox 1269 5717 1323 5764; x_wconf 74' lang='lat' dir='ltr'><strong>et</strong></span> <span class='ocrx_word' id='word_1_807' title='bbox 1348 5723 1378 5762; x_wconf 85' lang='lat' dir='ltr'><strong>a</strong></span> <span class='ocrx_word' id='word_1_808' title='bbox 1413 5715 1463 5779; x_wconf 82' lang='lat' dir='ltr'><strong>te</strong></span> <span class='ocrx_word' id='word_1_809' title='bbox 1484 5721 1643 5776; x_wconf 79' lang='lat' dir='ltr'><strong>quam</strong></span> <span class='ocrx_word' id='word_1_810' title='bbox 1673 5706 1767 5762; x_wconf 90' lang='lat' dir='ltr'><strong>tibi</strong></span> <span class='ocrx_word' id='word_1_811' title='bbox 1795 5713 1981 5761; x_wconf 84' lang='lat' dir='ltr'><strong>centu-</strong></span> 
     </span>
    </p>
   </div>
   <div class='ocr_carea' id='block_1_104' title="bbox 2082 4618 3677 4691">
    <p class='ocr_par' dir='ltr' id='par_1_104' title="bbox 2082 4618 3677 4691">
     <span class='ocr_line' id='line_1_104' title="bbox 2082 4618 3677 4691; baseline -0.001 -16"><span class='ocrx_word' id='word_1_812' title='bbox 2082 4620 2193 4675; x_wconf 89' lang='lat' dir='ltr'><strong>illic</strong></span> <span class='ocrx_word' id='word_1_813' title='bbox 2213 4620 2311 4676; x_wconf 90' lang='lat' dir='ltr'><strong>tibi</strong></span> <span class='ocrx_word' id='word_1_814' title='bbox 2329 4620 2549 4676; x_wconf 71' lang='lat' dir='ltr'><strong>caeleste</strong></span> <span class='ocrx_word' id='word_1_815' title='bbox 2569 4619 2815 4691; x_wconf 89' lang='lat' dir='ltr'><strong>promisit</strong></span> <span class='ocrx_word' id='word_1_816' title='bbox 2842 4619 3150 4689; x_wconf 89' lang='lat' dir='ltr'><strong>imperium.</strong></span> <span class='ocrx_word' id='word_1_817' title='bbox 3168 4618 3269 4674; x_wconf 86' lang='lat' dir='ltr'><strong>IIic</strong></span> <span class='ocrx_word' id='word_1_818' title='bbox 3290 4619 3383 4673; x_wconf 89' lang='lat' dir='ltr'><strong>tibi</strong></span> <span class='ocrx_word' id='word_1_819' title='bbox 3403 4618 3677 4690; x_wconf 82' lang='lat' dir='ltr'><strong>gaudium</strong></span> 
     </span>
    </p>
   </div>
   <div class='ocr_carea' id='block_1_105' title="bbox 2083 4708 3676 4780">
    <p class='ocr_par' dir='ltr' id='par_1_105' title="bbox 2083 4708 3676 4780">
     <span class='ocr_line' id='line_1_105' title="bbox 2083 4708 3676 4780; baseline -0.001 -16"><span class='ocrx_word' id='word_1_820' title='bbox 2083 4708 2380 4778; x_wconf 89' lang='lat' dir='ltr'><strong>temporale</strong></span> <span class='ocrx_word' id='word_1_821' title='bbox 2423 4709 2714 4774; x_wconf 85' lang='lat' dir='ltr'><strong>concessit,</strong></span> <span class='ocrx_word' id='word_1_822' title='bbox 2745 4709 2854 4764; x_wconf 91' lang='lat' dir='ltr'><strong>illic</strong></span> <span class='ocrx_word' id='word_1_823' title='bbox 2873 4710 3125 4780; x_wconf 88' lang='lat' dir='ltr'><strong>gaudium</strong></span> <span class='ocrx_word' id='word_1_824' title='bbox 3151 4717 3414 4763; x_wconf 63' lang='lat' dir='ltr'><strong>aeternum</strong></span> <span class='ocrx_word' id='word_1_825' title='bbox 3451 4709 3676 4777; x_wconf 80' lang='lat' dir='ltr'><strong>promi-</strong></span> 
     </span>
    </p>
   </div>
   <div class='ocr_carea' id='block_1_106' title="bbox 2084 4799 3678 4871">
    <p class='ocr_par' dir='ltr' id='par_1_106' title="bbox 2084 4799 3678 4871">
     <span class='ocr_line' id='line_1_106' title="bbox 2084 4799 3678 4871; baseline 0.001 -15"><span class='ocrx_word' id='word_1_826' title='bbox 2084 4801 2172 4856; x_wconf 86' lang='lat' dir='ltr'><strong>sit.</strong></span> <span class='ocrx_word' id='word_1_827' title='bbox 2205 4800 2305 4857; x_wconf 83' lang='lat' dir='ltr'><strong>Ilic</strong></span> <span class='ocrx_word' id='word_1_828' title='bbox 2351 4801 2587 4871; x_wconf 87' lang='lat' dir='ltr'><strong>amplam</strong></span> <span class='ocrx_word' id='word_1_829' title='bbox 2616 4801 2766 4871; x_wconf 90' lang='lat' dir='ltr'><strong>regni</strong></span> <span class='ocrx_word' id='word_1_830' title='bbox 2796 4800 2943 4856; x_wconf 89' lang='lat' dir='ltr'><strong>dedit</strong></span> <span class='ocrx_word' id='word_1_831' title='bbox 2984 4800 3378 4864; x_wconf 61' lang='lat' dir='ltr'><strong>hereditatem,</strong></span> <span class='ocrx_word' id='word_1_832' title='bbox 3408 4799 3516 4854; x_wconf 88' lang='lat' dir='ltr'><strong>illic</strong></span> <span class='ocrx_word' id='word_1_833' title='bbox 3546 4815 3678 4857; x_wconf 82' lang='lat' dir='ltr'><strong>am-</strong></span> 
     </span>
    </p>
   </div>
   <div class='ocr_carea' id='block_1_107' title="bbox 2081 4889 3676 4964">
    <p class='ocr_par' dir='ltr' id='par_1_107' title="bbox 2081 4889 3676 4964">
     <span class='ocr_line' id='line_1_107' title="bbox 2081 4889 3676 4964; baseline -0.001 -18"><span class='ocrx_word' id='word_1_834' title='bbox 2081 4893 2377 4964; x_wconf 88' lang='lat' dir='ltr'><strong>plissimam</strong></span> <span class='ocrx_word' id='word_1_835' title='bbox 2413 4892 2649 4963; x_wconf 86' lang='lat' dir='ltr'><strong>paradisi</strong></span> <span class='ocrx_word' id='word_1_836' title='bbox 2695 4892 2944 4963; x_wconf 88' lang='lat' dir='ltr'><strong>promisit</strong></span> <span class='ocrx_word' id='word_1_837' title='bbox 2988 4891 3404 4962; x_wconf 88' lang='lat' dir='ltr'><strong>possessionem.</strong></span> <span class='ocrx_word' id='word_1_838' title='bbox 3442 4889 3544 4946; x_wconf 82' lang='lat' dir='ltr'><strong>llic</strong></span> <span class='ocrx_word' id='word_1_839' title='bbox 3587 4892 3676 4944; x_wconf 79' lang='lat' dir='ltr'><strong>af-</strong></span> 
     </span>
    </p>
   </div>
   <div class='ocr_carea' id='block_1_108' title="bbox 2085 4982 3677 5053">
    <p class='ocr_par' dir='ltr' id='par_1_108' title="bbox 2085 4982 3677 5053">
     <span class='ocr_line' id='line_1_108' title="bbox 2085 4982 3677 5053; baseline 0.002 -16"><span class='ocrx_word' id='word_1_840' title='bbox 2085 4983 2361 5038; x_wconf 85' lang='lat' dir='ltr'><strong>ﬂuentiam</strong></span> <span class='ocrx_word' id='word_1_841' title='bbox 2389 4982 2444 5037; x_wconf 90' lang='lat' dir='ltr'><strong>in</strong></span> <span class='ocrx_word' id='word_1_842' title='bbox 2497 4983 2700 5039; x_wconf 88' lang='lat' dir='ltr'><strong>divitiis</strong></span> <span class='ocrx_word' id='word_1_843' title='bbox 2735 4983 3124 5049; x_wconf 86' lang='lat' dir='ltr'><strong>subministrat,</strong></span> <span class='ocrx_word' id='word_1_844' title='bbox 3153 4983 3263 5039; x_wconf 92' lang='lat' dir='ltr'><strong>illic</strong></span> <span class='ocrx_word' id='word_1_845' title='bbox 3289 4991 3474 5053; x_wconf 83' lang='lat' dir='ltr'><strong>postea</strong></span> <span class='ocrx_word' id='word_1_846' title='bbox 3514 4983 3677 5040; x_wconf 83' lang='lat' dir='ltr'><strong>acci-</strong></span> 
     </span>
    </p>
   </div>
   <div class='ocr_carea' id='block_1_109' title="bbox 2086 5071 3672 5145">
    <p class='ocr_par' dir='ltr' id='par_1_109' title="bbox 2086 5071 3672 5145">
     <span class='ocr_line' id='line_1_109' title="bbox 2086 5071 3672 5145; baseline 0.001 -17"><span class='ocrx_word' id='word_1_847' title='bbox 2086 5074 2336 5143; x_wconf 86' lang='lat' dir='ltr'><strong>piendam</strong></span> <span class='ocrx_word' id='word_1_848' title='bbox 2359 5081 2645 5144; x_wconf 54' lang='lat' dir='ltr'><strong>prasparat.</strong></span> <span class='ocrx_word' id='word_1_849' title='bbox 2665 5072 2762 5142; x_wconf 82' lang='lat' dir='ltr'><strong>Hic</strong></span> <span class='ocrx_word' id='word_1_850' title='bbox 2783 5071 2960 5142; x_wconf 87' lang='lat' dir='ltr'><strong>tejam</strong></span> <span class='ocrx_word' id='word_1_851' title='bbox 2986 5073 3152 5145; x_wconf 89' lang='lat' dir='ltr'><strong>regali</strong></span> <span class='ocrx_word' id='word_1_852' title='bbox 3169 5073 3388 5128; x_wconf 85' lang='lat' dir='ltr'><strong>vestivit</strong></span> <span class='ocrx_word' id='word_1_853' title='bbox 3400 5088 3672 5143; x_wconf 82' lang='lat' dir='ltr'><strong>purpura,</strong></span> 
     </span>
    </p>
   </div>
   <div class='ocr_carea' id='block_1_110' title="bbox 2082 5161 3673 5231">
    <p class='ocr_par' dir='ltr' id='par_1_110' title="bbox 2082 5161 3673 5231">
     <span class='ocr_line' id='line_1_110' title="bbox 2082 5161 3673 5231; baseline 0.001 -14"><span class='ocrx_word' id='word_1_854' title='bbox 2082 5163 2193 5218; x_wconf 91' lang='lat' dir='ltr'><strong>illic</strong></span> <span class='ocrx_word' id='word_1_855' title='bbox 2232 5163 2426 5218; x_wconf 86' lang='lat' dir='ltr'><strong>vestiet</strong></span> <span class='ocrx_word' id='word_1_856' title='bbox 2449 5163 2625 5219; x_wconf 86' lang='lat' dir='ltr'><strong>adhuc</strong></span> <span class='ocrx_word' id='word_1_857' title='bbox 2648 5162 3071 5218; x_wconf 82' lang='lat' dir='ltr'><strong>immortalitatis</strong></span> <span class='ocrx_word' id='word_1_858' title='bbox 3110 5163 3266 5217; x_wconf 83' lang='lat' dir='ltr'><strong>stola.</strong></span> <span class='ocrx_word' id='word_1_859' title='bbox 3301 5162 3400 5217; x_wconf 87' lang='lat' dir='ltr'><strong>IIic</strong></span> <span class='ocrx_word' id='word_1_860' title='bbox 3425 5161 3541 5231; x_wconf 80' lang='lat' dir='ltr'><strong>jam</strong></span> <span class='ocrx_word' id='word_1_861' title='bbox 3574 5178 3673 5218; x_wconf 82' lang='lat' dir='ltr'><strong>ca-</strong></span> 
     </span>
    </p>
   </div>
   <div class='ocr_carea' id='block_1_111' title="bbox 2081 5253 3674 5324">
    <p class='ocr_par' dir='ltr' id='par_1_111' title="bbox 2081 5253 3674 5324">
     <span class='ocr_line' id='line_1_111' title="bbox 2081 5253 3674 5324; baseline 0 -16"><span class='ocrx_word' id='word_1_862' title='bbox 2081 5254 2178 5324; x_wconf 90' lang='lat' dir='ltr'><strong>piti</strong></span> <span class='ocrx_word' id='word_1_863' title='bbox 2209 5261 2299 5308; x_wconf 87' lang='lat' dir='ltr'><strong>tuo</strong></span> <span class='ocrx_word' id='word_1_864' title='bbox 2331 5253 2509 5322; x_wconf 86' lang='lat' dir='ltr'><strong>posuit</strong></span> <span class='ocrx_word' id='word_1_865' title='bbox 2536 5254 2838 5308; x_wconf 83' lang='lat' dir='ltr'><strong>diademata</strong></span> <span class='ocrx_word' id='word_1_866' title='bbox 2866 5253 3034 5324; x_wconf 83' lang='lat' dir='ltr'><strong>regia,</strong></span> <span class='ocrx_word' id='word_1_867' title='bbox 3059 5253 3154 5308; x_wconf 88' lang='lat' dir='ltr'><strong>sed</strong></span> <span class='ocrx_word' id='word_1_868' title='bbox 3181 5253 3290 5307; x_wconf 92' lang='lat' dir='ltr'><strong>illic</strong></span> <span class='ocrx_word' id='word_1_869' title='bbox 3309 5254 3486 5308; x_wconf 88' lang='lat' dir='ltr'><strong>adhuc</strong></span> <span class='ocrx_word' id='word_1_870' title='bbox 3506 5262 3674 5308; x_wconf 71' lang='lat' dir='ltr'><strong>aeter-</strong></span> 
     </span>
    </p>
   </div>
   <div class='ocr_carea' id='block_1_112' title="bbox 2083 5341 3672 5414">
    <p class='ocr_par' dir='ltr' id='par_1_112' title="bbox 2083 5341 3672 5414">
     <span class='ocr_line' id='line_1_112' title="bbox 2083 5341 3672 5414; baseline -0.002 -15"><span class='ocrx_word' id='word_1_871' title='bbox 2083 5344 2269 5399; x_wconf 88' lang='lat' dir='ltr'><strong>nitatis</strong></span> <span class='ocrx_word' id='word_1_872' title='bbox 2293 5353 2458 5414; x_wconf 85' lang='lat' dir='ltr'><strong>ponet</strong></span> <span class='ocrx_word' id='word_1_873' title='bbox 2503 5359 2779 5399; x_wconf 89' lang='lat' dir='ltr'><strong>coronam.</strong></span> <span class='ocrx_word' id='word_1_874' title='bbox 2823 5344 2922 5398; x_wconf 85' lang='lat' dir='ltr'><strong>Hic</strong></span> <span class='ocrx_word' id='word_1_875' title='bbox 2967 5343 3082 5414; x_wconf 84' lang='lat' dir='ltr'><strong>jam</strong></span> <span class='ocrx_word' id='word_1_876' title='bbox 3121 5343 3389 5399; x_wconf 88' lang='lat' dir='ltr'><strong>concessit</strong></span> <span class='ocrx_word' id='word_1_877' title='bbox 3414 5341 3672 5399; x_wconf 80' lang='lat' dir='ltr'><strong>ﬂorentia</strong></span> 
     </span>
    </p>
   </div>
   <div class='ocr_carea' id='block_1_113' title="bbox 2081 5431 3673 5504">
    <p class='ocr_par' dir='ltr' id='par_1_113' title="bbox 2081 5431 3673 5504">
     <span class='ocr_line' id='line_1_113' title="bbox 2081 5431 3673 5504; baseline -0.001 -14"><span class='ocrx_word' id='word_1_878' title='bbox 2081 5449 2266 5504; x_wconf 83' lang='lat' dir='ltr'><strong>regna,</strong></span> <span class='ocrx_word' id='word_1_879' title='bbox 2291 5433 2402 5488; x_wconf 80' lang='lat' dir='ltr'><strong>illic</strong></span> <span class='ocrx_word' id='word_1_880' title='bbox 2420 5433 2568 5488; x_wconf 88' lang='lat' dir='ltr'><strong>dabit</strong></span> <span class='ocrx_word' id='word_1_881' title='bbox 2594 5433 2817 5502; x_wconf 84' lang='lat' dir='ltr'><strong>grandia</strong></span> <span class='ocrx_word' id='word_1_882' title='bbox 2842 5441 2898 5487; x_wconf 91' lang='lat' dir='ltr'><strong>et</strong></span> <span class='ocrx_word' id='word_1_883' title='bbox 2917 5433 3295 5489; x_wconf 84' lang='lat' dir='ltr'><strong>inenarrabilia</strong></span> <span class='ocrx_word' id='word_1_884' title='bbox 3322 5432 3533 5504; x_wconf 87' lang='lat' dir='ltr'><strong>gaudia.</strong></span> <span class='ocrx_word' id='word_1_885' title='bbox 3563 5431 3673 5488; x_wconf 79' lang='lat' dir='ltr'><strong>Hic</strong></span> 
     </span>
    </p>
   </div>
   <div class='ocr_carea' id='block_1_114' title="bbox 2085 5519 3672 5592">
    <p class='ocr_par' dir='ltr' id='par_1_114' title="bbox 2085 5519 3672 5592">
     <span class='ocr_line' id='line_1_114' title="bbox 2085 5519 3672 5592; baseline -0.003 -13"><span class='ocrx_word' id='word_1_886' title='bbox 2085 5522 2310 5579; x_wconf 87' lang='lat' dir='ltr'><strong>contulit</strong></span> <span class='ocrx_word' id='word_1_887' title='bbox 2342 5522 2655 5592; x_wconf 85' lang='lat' dir='ltr'><strong>multiplicia</strong></span> <span class='ocrx_word' id='word_1_888' title='bbox 2680 5537 2924 5588; x_wconf 90' lang='lat' dir='ltr'><strong>munera,</strong></span> <span class='ocrx_word' id='word_1_889' title='bbox 2951 5522 3060 5577; x_wconf 86' lang='lat' dir='ltr'><strong>illic</strong></span> <span class='ocrx_word' id='word_1_890' title='bbox 3081 5521 3328 5592; x_wconf 88' lang='lat' dir='ltr'><strong>promisit</strong></span> <span class='ocrx_word' id='word_1_891' title='bbox 3354 5519 3588 5577; x_wconf 81' lang='lat' dir='ltr'><strong>candida</strong></span> <span class='ocrx_word' id='word_1_892' title='bbox 3609 5529 3672 5578; x_wconf 78' lang='lat' dir='ltr'><strong>et</strong></span> 
     </span>
    </p>
   </div>
   <div class='ocr_carea' id='block_1_115' title="bbox 2086 5611 3669 5685">
    <p class='ocr_par' dir='ltr' id='par_1_115' title="bbox 2086 5611 3669 5685">
     <span class='ocr_line' id='line_1_115' title="bbox 2086 5611 3669 5685; baseline -0.001 -17"><span class='ocrx_word' id='word_1_893' title='bbox 2086 5621 2344 5685; x_wconf 86' lang='lat' dir='ltr'><strong>perpetua</strong></span> <span class='ocrx_word' id='word_1_894' title='bbox 2384 5628 2570 5684; x_wconf 81' lang='lat' dir='ltr'><strong>regna.</strong></span> <span class='ocrx_word' id='word_1_895' title='bbox 2617 5613 2718 5669; x_wconf 87' lang='lat' dir='ltr'><strong>IIic</strong></span> <span class='ocrx_word' id='word_1_896' title='bbox 2773 5613 2892 5669; x_wconf 90' lang='lat' dir='ltr'><strong>sine</strong></span> <span class='ocrx_word' id='word_1_897' title='bbox 2930 5613 3150 5669; x_wconf 87' lang='lat' dir='ltr'><strong>tristitia</strong></span> <span class='ocrx_word' id='word_1_898' title='bbox 3202 5612 3349 5668; x_wconf 90' lang='lat' dir='ltr'><strong>dedit</strong></span> <span class='ocrx_word' id='word_1_899' title='bbox 3397 5611 3669 5667; x_wconf 80' lang='lat' dir='ltr'><strong>deducere</strong></span> 
     </span>
    </p>
   </div>
   <div class='ocr_carea' id='block_1_116' title="bbox 2091 5700 3663 5776">
    <p class='ocr_par' dir='ltr' id='par_1_116' title="bbox 2091 5700 3663 5776">
     <span class='ocr_line' id='line_1_116' title="bbox 2091 5700 3663 5776; baseline -0.006 -12"><span class='ocrx_word' id='word_1_900' title='bbox 2091 5715 2354 5776; x_wconf 82' lang='lat' dir='ltr'><strong>tempora,</strong></span> <span class='ocrx_word' id='word_1_901' title='bbox 2385 5703 2490 5759; x_wconf 87' lang='lat' dir='ltr'><strong>illic.</strong></span> <span class='ocrx_word' id='word_1_902' title='bbox 2516 5704 2740 5773; x_wconf 84' lang='lat' dir='ltr'><strong>perenni</strong></span> <span class='ocrx_word' id='word_1_903' title='bbox 2761 5712 2817 5760; x_wconf 89' lang='lat' dir='ltr'><strong>ct</strong></span> <span class='ocrx_word' id='word_1_904' title='bbox 2840 5705 2957 5760; x_wconf 85' lang='lat' dir='ltr'><strong>sine</strong></span> <span class='ocrx_word' id='word_1_905' title='bbox 2994 5704 3100 5761; x_wconf 84' lang='lat' dir='ltr'><strong>line</strong></span> <span class='ocrx_word' id='word_1_906' title='bbox 3123 5704 3274 5760; x_wconf 85' lang='lat' dir='ltr'><strong>dabit</strong></span> <span class='ocrx_word' id='word_1_907' title='bbox 3311 5704 3491 5758; x_wconf 82' lang='lat' dir='ltr'><strong>vivere</strong></span> <span class='ocrx_word' id='word_1_908' title='bbox 3525 5700 3663 5758; x_wconf 78' lang='lat' dir='ltr'><strong>vita.</strong></span> 
     </span>
    </p>
   </div>
  </div>
