3992 6206
367 375 478 432 953

1778 361 1892 420 VIA
1934 359 2165 418 REGIA.

3523 365 3628 421 9M

368 489 470 544 ilic
490 485 637 541 dedit
661 484 862 540 habere
885 479 1140 536 virtutem
1163 477 1448 543 incastris,
1478 476 1590 532 illic
1611 476 1760 530 dabit
1781 476 1949 531 soeie—
1974 477 2026 536 Α
2052 474 2168 544 Ipse
2194 474 2388 529 iterum
2419 473 2473 530 in
2501 473 2791 545 Evangelio
2819 473 2973 530 diviti
3001 475 3080 529 ait
3105 491 3119 528 :
3154 474 3216 531 Si
3257 474 3330 529 ris
3370 472 3629 543 perfectus

368 586 539 634 tatem
567 573 776 632 felicem
797 585 919 626 cum
947 569 1170 640 angelis.
1198 567 1300 623 llic
1322 577 1570 622 terrenas
1595 565 1948 635 multiplices-

368 684 476 739 que
523 661 752 720 contulit
796 661 1031 724 divitias,
1075 659 1185 713 illic
1227 657 1476 713 cmiestes
1527 667 1950 722 communesque

370 774 494 814 cum
524 753 730 811 sanctis
763 753 1014 807 omnibus
1039 750 1306 820 promisit,
1338 759 1570 803 aeternas
1599 747 1719 803 illas
1763 745 1952 800 videli-

370 855 479 910 cet,
502 847 570 900 de
597 842 792 912 quibus
827 843 906 895 ait
930 839 1220 910 Apostolus
1245 855 1259 891 :
1287 836 1428 902 Quia
1453 836 1636 890 oculus
1659 852 1762 889 non
1798 834 1948 896 uidit,

371 954 464 992 nec
500 935 647 989 auris
675 932 891 994 audivit,
940 945 1032 984 nec
1067 930 1124 981 in
1147 943 1238 981 cor
1257 915 1482 980 hominis
1529 925 1785 988 ascendit,
1828 938 1951 993 qua:

371 1023 688 1096 prreparavit
716 1022 859 1077 Deus
898 1020 964 1074 iis
987 1018 1078 1089 qui
1103 1017 1328 1087 diligunt
1350 1014 1501 1070 illum
1530 1014 1585 1086 (Ι
1615 1013 1740 1069 Cor.
1775 1028 1840 1078 ιι,
1866 1011 1946 1084 9).

969 1123 1197 1183 CAPUT
1233 1122 1347 1178 XII.

814 1197 893 1254 De
921 1196 1134 1252 decimis
1156 1203 1206 1249 et
1233 1192 1501 1265 primitiis.

445 1289 755 1346 Honorillca
782 1301 914 1356 ergo
932 1325 950 1351 ,
979 1299 1073 1339 rex
1101 1283 1400 1339 clarissime
1416 1322 1430 1346 ,
1461 1279 1704 1336 moribus
1731 1287 1789 1334 et
1815 1278 1949 1334 acti-

378 1385 482 1440 bus
511 1382 620 1436 tuis
648 1378 931 1434 Dominum
959 1377 1122 1430 Deum
1153 1383 1302 1428 tuum
1327 1389 1342 1437 ;
1385 1371 1682 1427 honorifica
1725 1369 1951 1425 decimis

373 1484 432 1530 et
475 1470 768 1545 primitiis,
817 1476 872 1522 et
912 1466 1161 1522 omnibus
1207 1463 1570 1520 oblationibus
1609 1463 1665 1516 in
1707 1461 1818 1514 vita
1860 1468 1950 1514 tua

375 1563 664 1618 Dominum
693 1559 861 1612 Deum
897 1565 1076 1619 tuum,
1107 1555 1249 1609 sicut
1287 1554 1549 1622 scriptum
1578 1559 1700 1607 est:
1735 1549 1873 1614 Fili,
1902 1552 1950 1604 si

375 1656 556 1718 habes,
584 1651 798 1721 benefac
825 1659 1020 1712 tecum,
1050 1657 1098 1701 et
1125 1646 1232 1700 Deo
1260 1646 1446 1715 dignas
1472 1643 1756 1699 oblationes
1784 1643 1948 1710 offer:

376 1760 576 1798 memor
598 1751 706 1796 esto
731 1741 978 1812 quoniam
999 1753 1138 1790 mors
1164 1752 1266 1789 non
1288 1734 1463 1788 tardat
1487 1733 1674 1805 (Eccli.
1701 1748 1812 1797 xlv,
1837 1730 1946 1802 li).

2050 585 2193 634 esse,
2236 569 2394 634 vade,
2436 571 2596 624 vende
2638 587 2755 641 qua:
2793 570 2984 634 habes,
3013 579 3062 623 et
3103 570 3172 622 da
3211 567 3556 639 pauperibus,
3581 578 3632 622 et

2051 659 2261 712 habebis
2310 661 2612 713 thesaurum
2668 661 2724 714 in
2775 660 2901 713 etelo
2924 677 2943 725 ;
2995 670 3043 714 et
3095 660 3241 724 veni,
3295 676 3505 730 sequere
3552 674 3634 712 me

2052 748 2287 818 (Matth.
2315 765 2441 814 χιχ,
2469 750 2531 803 Ql
2564 750 2604 820 ).
2651 750 2986 804 Thesaurum
3035 766 3166 820 ergo
3210 758 3358 803 tuum
3400 749 3451 802 in
3494 748 3634 803 cmlo

2050 851 2218 906 pone,
2267 838 2566 892 clarissime
2610 854 2738 902 rex,
2792 839 2881 893 ubi
2925 854 3032 893 non
3077 839 3272 893 timeas
3315 839 3529 893 hostem
3572 846 3629 891 et

2049 937 2507 1000 expugnatorem,
2559 928 2650 983 ubi
2698 945 2804 984 non
2855 930 3047 985 timeas
3093 929 3364 985 occultum
3415 927 3624 994 furem,

2049 1026 2212 1086 atque
2254 1018 2552 1083 latronem,
2597 1034 2756 1087 quem
2801 1034 2991 1088 rapere
3035 1035 3141 1074 non
3180 1019 3354 1088 possit
3376 1019 3624 1087 publicus

1945 1172 1951 1180 _
2048 1107 2231 1176 [)me
2255 1115 2417 1176 atque
2447 1115 2741 1176 grassator.
2787 1106 2965 1162 Patria
3009 1107 3154 1162 enim
3201 1117 3291 1162 tua
3333 1109 3622 1176 paradisus

2049 1206 2170 1251 est:
2220 1198 2276 1251 in
2324 1199 2500 1268 patria
2547 1198 2692 1253 enim
2740 1206 2831 1252 tua
2879 1199 3222 1269 postmodum
3271 1208 3626 1268 recepturus,

2049 1287 2376 1358 multiplices
2425 1288 2587 1343 debes
2622 1289 2919 1343 recondere
2961 1289 3262 1343 thesauros.
3312 1288 3532 1359 Magnus
3574 1298 3627 1344 te

2048 1375 2158 1431 illic
2199 1377 2485 1441 charorum
2516 1392 2773 1432 numerus
2798 1385 3115 1446 exspectat;
3159 1385 3442 1445 parentum
3462 1418 3478 1442 ,
3511 1378 3624 1432 fra—

2049 1475 2192 1531 trum
2238 1475 2399 1538 atque
2443 1483 2693 1522 sororum
2739 1469 2957 1538 copiosa
3001 1469 3154 1522 turba
3201 1469 3313 1522 illic
3360 1477 3413 1525 te
3439 1470 3626 1524 videre

2048 1557 2320 1612 desiderat
2360 1557 2427 1610 de
2467 1572 2563 1611 sua
2585 1556 2698 1625 jam
2731 1556 3135 1610 immortalitate
3161 1572 3350 1611 secura
3371 1596 3387 1622 ,
3417 1559 3510 1612 sed
3537 1558 3632 1610 ad—

2049 1646 2156 1700 huc
2181 1645 2250 1700 de
2280 1654 2372 1700 tua
2401 1645 2578 1700 salute
2623 1646 2874 1700 sollicita.
2921 1645 3134 1702 Chorus
3178 1649 3379 1702 etenim
3426 1657 3481 1701 te
3524 1649 3631 1703 illic

2048 1736 2480 1805 patriarcharum
2505 1745 2818 1805 exspectat,
2845 1753 3104 1792 numerus
3128 1738 3516 1808 prophetarum
3541 1740 3631 1794 dc-

375 1832 511 1887 Nam
535 1840 591 1887 et
617 1832 672 1886 in
699 1831 814 1900 lege
839 1827 1094 1882 Dominus
1115 1825 1435 1895 pmcipiens
1461 1824 1584 1879 filiis
1608 1823 1805 1888 Israel,
1831 1823 1910 1877 ait
1932 1841 1946 1877 :
1977 1811 2025 1872 Β
2051 1825 2288 1891 siderat,
2319 1825 2686 1896 apostolorum
2715 1835 2772 1881 et
2798 1827 3039 1881 omnium
3073 1839 3384 1882 sanctorum
3425 1844 3630 1884 cuneus
3654 1855 3656 1858 ν

377 1924 604 1990 Quando
629 1920 959 1992 compleveris
986 1919 1240 1972 decimam
1267 1926 1572 1971 cunctarum
1598 1915 1807 1985 frugum
1833 1923 1952 1967 tua-

379 2031 497 2068 rum
518 2054 533 2078 ,
563 2029 702 2066 anno
740 2011 1062 2065 decimarum
1096 2008 1282 2076 tertio,
1315 2007 1464 2061 dabis
1504 2006 1670 2060 levita:
1709 2014 1757 2059 et
1795 2004 1953 2058 adve-

378 2121 495 2168 πω,
525 2112 574 2156 et
614 2100 812 2171 pupillo
853 2108 902 2153 et
941 2098 1149 2163 vidule,
1194 2105 1250 2151 ut
1290 2095 1561 2151 comedunt
1597 2095 1736 2149 intra
1771 2101 1950 2162 portas

377 2202 498 2246 tuas
518 2231 534 2254 ,
564 2200 613 2244 et
640 2197 982 2244 saturentur:
1013 2185 1338 2256 loquerisque
1360 2185 1416 2238 in
1439 2193 1715 2254 conspectu
1739 2180 1952 2236 Domini

381 2280 476 2336 Dei
502 2279 598 2333 tui.
630 2277 832 2332 Abstuli
859 2276 1000 2347 quod
1025 2274 1408 2343 sanctiﬁcatum
1435 2281 1511 2327 est
1535 2272 1599 2326 de
1623 2272 1778 2325 domo
1802 2286 1917 2324 mea
1934 2309 1951 2336 ,

377 2377 426 2422 et
451 2367 573 2422 dedi
611 2365 742 2419 illud
780 2364 947 2419 (enim:
986 2373 1035 2418 et
1075 2362 1318 2427 aduente,
1345 2370 1395 2416 et
1431 2359 1629 2431 pupillo
1659 2376 1720 2413 ac
1750 2359 1948 2422 vidule,

377 2460 514 2514 sicut
532 2457 742 2528 jussisti
771 2457 937 2509 mihi:
969 2471 1073 2508 non
1113 2453 1369 2524 prwterivi
1405 2451 1658 2506 mandata
1691 2459 1818 2513 tua,
1860 2465 1952 2503 nec

375 2565 498 2603 sum
521 2547 712 2602 oblitus
737 2547 940 2617 imperii
969 2545 1066 2598 tui.
1103 2541 1228 2598 Non
1254 2542 1454 2597 comedi
1493 2557 1558 2595 ea:
1595 2541 1673 2594 eis
1709 2541 1767 2594 in
1808 2539 1952 2594 luctu

381 2653 524 2700 meo,
573 2652 665 2690 nec
701 2635 939 2705 separavi
985 2651 1045 2689 ea
1089 2635 1145 2687 in
1189 2633 1418 2704 qualibet
1454 2630 1818 2695 immunditia,
1860 2646 1952 2683 nec

378 2725 599 2796 expendi
639 2742 704 2779 ea:
729 2725 811 2779 his
837 2725 1122 2795 quidquam
1147 2725 1204 2776 in
1234 2739 1288 2776 re
1318 2721 1529 2792 funebri
1557 2720 1576 2791 (
1605 2720 1759 2774 Deut.
1787 2735 1915 2774 XXVI
1935 2759 1951 2785 ,

383 2817 578 2872 12-14
600 2817 639 2888 ).
672 2816 788 2887 Ipse
819 2817 1012 2871 iterum
1045 2815 1304 2870 Dominus
1337 2829 1434 2884 per
1473 2812 1788 2868 Malachiam
1827 2825 1954 2880 pro-

379 2909 600 2977 phetam
628 2907 741 2962 ait:
771 2907 970 2976 lnferte
997 2922 1200 2960 omnem
1226 2905 1482 2958 decimam
1506 2904 1564 2956 in
1601 2903 1874 2969 horreum,
1901 2910 1953 2956 et

381 2998 449 3050 sit
476 2996 622 3050 cibus
646 2996 702 3049 in
727 2995 883 3050 domo
910 3011 1024 3048 mea
1041 3033 1056 3059 ,
1083 3003 1130 3047 et
1154 2993 1369 3065 probate
1392 3009 1473 3047 me
1499 3008 1654 3062 super
1675 2992 1796 3057 hoc,
1824 2992 1952 3046 dicit

383 3089 662 3143 Dominus.
693 3087 756 3143 Si
782 3104 885 3140 non
913 3101 1163 3156 aperuere
1201 3085 1340 3139 vobis
1379 3093 1672 3138 cataractas
1715 3083 1864 3149 caeli,
1900 3092 1952 3136 et

2053 1931 2277 1972 cernere
2318 1918 2486 1987 cupit.
2533 1915 2578 1972 Ο
2621 1933 2780 1987 quam
2817 1919 3039 1989 grandis
3081 1918 3264 1972 laetitia
3294 1927 3377 1974 est
3402 1920 3469 1974 ad
3499 1920 3630 1974 isto—

2053 2024 2172 2062 rum
2212 2009 2453 2063 omnium
2494 2016 2803 2064 sanctorum
2844 2009 3131 2078 pervenire
3158 2011 3527 2076 consortium;
3558 2012 3628 2066 ad

2050 2103 2278 2159 istorum
2308 2103 2547 2158 omnium
2573 2102 2782 2158 felicem
2825 2102 3008 2158 venire
3046 2102 3418 2172 complexum!
3453 2102 3624 2170 Quam

2051 2207 2261 2256 summa
2293 2199 2348 2246 et
2374 2200 2633 2261 perpetua
2677 2190 2910 2246 felicitas
2951 2191 3060 2246 illic
3103 2191 3468 2262 apostolorum
3511 2193 3628 2264 glo-

2052 2282 2225 2338 riostrs
2249 2297 2475 2338 cernere
2503 2283 2737 2348 choros;
2771 2282 2882 2336 illic
2919 2283 3304 2352 prophetarum
3349 2285 3626 2339 exsultau—

2055 2371 2188 2425 tium
2235 2385 2465 2448 numero
2509 2371 2774 2425 interesse
2824 2379 3078 2436 sacrato;
3130 2372 3272 2426 inter
3319 2373 3623 2442 virginum,

2053 2470 2386 2532 martyrum,
2439 2459 2808 2516 confessorum
2856 2469 2912 2516 et
2960 2462 3201 2516 omnium
3247 2478 3347 2531 pro
3397 2464 3628 2521 Domino

2056 2550 2502 2619 triumphantium
2544 2549 2889 2605 candidatum
2928 2565 3160 2605 cuneum
3191 2550 3455 2606 interesse
3494 2568 3622 2606 san-

2053 2641 2300 2698 ctorum!
2346 2640 2492 2710 Ergo
2535 2648 2596 2694 ut
2636 2640 2704 2694 ad
2744 2640 2972 2695 istorum
3011 2640 3301 2706 merearis,
3332 2657 3462 2705 res,
3495 2641 3624 2696 felix

2053 2730 2392 2785 consortium
2409 2730 2748 2801 pertingere,
2773 2731 3224 2798 patrimoniorum
3255 2740 3468 2786 tuorum
3493 2749 3627 2802 quo-

2053 2819 2183 2873 tidie
2204 2818 2258 2873 in
2281 2818 2418 2873 caelo
2446 2819 2729 2874 thesauros
2750 2834 2949 2888 repone
2976 2821 3167 2884 bonos,
3187 2827 3244 2874 et
3261 2821 3371 2874 noli
3391 2823 3627 2877 condere

2052 2908 2242 2963 malos.
2291 2906 2432 2963 Sunt
2471 2908 2673 2963 etenim
2723 2908 2959 2964 thesauri
3003 2909 3164 2972 mali,
3195 2909 3335 2964 sicut
3373 2919 3429 2965 et
3464 2912 3624 2976 boni,

2053 2998 2196 3054 sicut
2221 2997 2482 3068 scriptum
2515 3005 2599 3052 est
2627 3015 2640 3050 :
2671 2996 2852 3051 Bonus
2891 2999 3045 3051 homo
3085 2998 3148 3052 de
3183 2998 3427 3054 thesauro
3453 3003 3626 3055 cordis

2052 3088 2135 3142 sui
2159 3087 2357 3158 profert
2385 3087 2596 3141 bonum.
2630 3086 2698 3140 Et
2727 3086 2900 3140 malus
2927 3087 3081 3141 homo
3109 3088 3172 3142 de
3199 3087 3338 3142 malo
3373 3090 3623 3145 thesauro

382 3179 618 3248 effudere
643 3177 783 3232 vobis
813 3176 1216 3230 benedictionem
1239 3191 1400 3246 usque
1426 3175 1496 3228 ad
1534 3175 1910 3228 abundantiam
1931 3215 1946 3240 ,
1976 3158 2021 3220 Ο
2050 3179 2250 3250 profert
2275 3178 2473 3232 malum
2503 3177 2672 3249 (Luc.
2700 3194 2753 3232 vr
2773 3218 2788 3243 ,
2814 3178 2885 3232 45
2903 3177 2946 3250 ).
2975 3177 3147 3245 Quem
3185 3179 3328 3234 enim
3365 3181 3619 3250 superbia

385 3279 434 3322 et
467 3268 739 3338 increpabo
765 3283 858 3337 pro
885 3265 1024 3321 vobis
1053 3266 1384 3320 devorantem
1402 3305 1417 3331 ,
1448 3275 1496 3318 et
1530 3282 1633 3319 non
1659 3275 1951 3336 corrumpet

386 3361 592 3429 fructus
621 3369 772 3414 terra
796 3368 977 3414 vestrae
995 3398 1010 3423 ,
1043 3373 1134 3411 nec
1163 3358 1259 3411 erit
1288 3356 1480 3412 sterilis
1511 3359 1658 3411 vinea
1696 3357 1751 3410 in
1788 3374 1916 3428 agro
1937 3396 1954 3423 ,

385 3450 514 3504 dicit
537 3448 791 3504 Dominus
817 3450 1158 3506 exercituum.
1181 3447 1252 3502 Et
1278 3447 1452 3502 beatos
1477 3463 1562 3501 vos
1586 3447 1754 3500 dicent
1780 3463 1956 3502 omnes

388 3550 603 3614 gentes:
633 3540 778 3596 eritis
807 3540 943 3594 enim
973 3549 1112 3593 terra
1137 3536 1516 3602 desiderabilis,
1547 3537 1673 3590 dicit
1703 3535 1956 3591 Dominus

388 3633 707 3688 exercituum
738 3631 756 3701 (
782 3629 1011 3682 Malach.
1042 3644 1136 3693 ιιι,
1161 3627 1254 3691 l0,
1286 3627 1345 3680 ll
1374 3626 1414 3696 ).

467 3720 596 3776 Vide
625 3735 754 3790 ergo
782 3727 837 3774 et
865 3719 1160 3788 prudenter
1184 3717 1453 3786 intellige,
1482 3713 1783 3770 clarissime
1829 3729 1920 3770 rex
1941 3754 1956 3780 ,

391 3813 700 3884 largitorem
729 3814 958 3876 bonum,
989 3811 1360 3880 optimumque
1386 3808 1662 3872 datorem,
1703 3807 1795 3877 qui
1837 3822 1959 3860 cum

391 3905 489 3959 tibi
519 3904 936 3960 innumerabiles
963 3903 1243 3972 regiaeque
1267 3901 1474 3956 dederit
1497 3899 1730 3964 divitias,
1760 3899 1813 3952 in
1841 3898 1964 3952 hor-

393 4009 488 4049 reo
531 3993 730 4048 inferre
764 3991 930 4062 jussit
967 4000 1174 4047 tantum
1203 3991 1438 4047 decimas
1466 3998 1522 4046 et
1563 3989 1847 4060 primitias.
1880 3987 1962 4042 Tu

391 4101 518 4142 eum
562 4086 738 4140 adhuc
780 4086 834 4138 in
880 4093 1021 4139 terra
1065 4083 1272 4152 positus
1313 4081 1539 4137 decimis
1568 4082 1773 4136 honora
1800 4087 1963 4148 atque

392 4178 680 4248 primitiis,
727 4177 815 4230 ille
856 4191 986 4230 vero
1032 4183 1085 4228 te
1131 4175 1184 4228 in
1228 4173 1368 4228 ctelo
1403 4171 1723 4226 collocatum
1761 4168 1963 4224 divitiis

393 4270 587 4325 ditahit
627 4268 904 4338 angelicis.
949 4265 1276 4330 Considera,
1309 4280 1439 4328 rex,
1464 4278 1627 4333 quam
1669 4262 1840 4316 dulcis
1866 4262 1962 4317 tibi

393 4361 500 4416 erit
527 4360 758 4414 societas
788 4373 969 4428 regum
993 4356 1258 4426 iustorum
1278 4395 1294 4419 ,
1325 4369 1484 4422 quam
1527 4353 1707 4408 suavis
1745 4352 1962 4407 collatio

395 4450 854 4520 patriarcharum,
899 4461 1060 4516 quam
1099 4445 1256 4502 dulce
1300 4443 1630 4500 consortium
1675 4443 1963 4512 propheta-

397 4555 516 4598 rum
541 4579 558 4604 ,
611 4553 772 4608 quam
826 4536 1124 4591 clarissima
1178 4534 1508 4604 germanitas
1555 4532 1959 4602 apostolorum,

395 4644 558 4699 quam
605 4628 726 4682 laeta
766 4626 1000 4696 dignitas
1043 4632 1370 4694 martyrum,
1417 4636 1578 4690 quam
1622 4620 1963 4677 excellentis-

398 4722 537 4776 sima
581 4719 751 4788 gloria
793 4717 1097 4788 virginum,
1128 4729 1289 4784 quam
1333 4710 1662 4768 delectabilis
1702 4718 1760 4766 et
1795 4711 1964 4764 bono-

401 4810 567 4864 randa
606 4807 886 4878 inqualitas
922 4805 1268 4876 angelorum,
1309 4818 1469 4872 quam
1510 4802 1636 4858 felix
1666 4801 1775 4854 vita
1813 4800 1965 4854 inex-

397 4897 722 4969 stinguibilis
748 4912 972 4952 manens
999 4896 1054 4950 in
1084 4893 1276 4950 saecula
1306 4892 1642 4948 saeculorum.
1672 4890 1825 4945 Hunc
1853 4899 1962 4944 tam

397 4989 656 5060 grandem
679 4996 735 5043 et
763 4985 1207 5049 inenarrabilem,
1250 5000 1378 5048 rex,
1417 4983 1650 5053 accipies
1686 4981 1740 5038 in
1782 4981 1965 5036 futuro

399 5082 711 5136 thesaurum
735 5117 751 5142 ,
780 5077 826 5133 si
853 5076 1012 5132 modo
1035 5075 1263 5132 decimis
1288 5081 1344 5132 et
1376 5074 1632 5144 primitiis
1677 5081 1824 5129 tuum
1867 5072 1965 5128 ho-

397 5170 767 5226 norificaveris
793 5169 980 5224 Deum.

977 5258 1202 5316 CAPUT
1237 5259 1373 5314 XIII.

710 5350 778 5407 Ut
805 5351 1079 5405 thesaurus
1110 5349 1164 5403 in
1190 5349 1314 5404 cozlo
1345 5347 1641 5403 collocetur.

470 5444 539 5499 Et
562 5451 623 5498 ut
646 5444 935 5498 thesaurus
961 5455 1140 5495 rerum
1168 5447 1472 5494 nostrarum
1500 5439 1554 5492 in
1583 5436 1718 5492 caelo
1743 5436 1970 5491 colloce-

404 5542 513 5597 tur,
555 5533 808 5588 admonet
849 5545 950 5586 nos
990 5528 1246 5584 Dominus
1287 5529 1341 5583 in
1386 5527 1705 5598 Evangelio,
1744 5527 1966 5583 dicens:

406 5618 773 5677 Thesaurizate
799 5630 974 5675 autem
1002 5619 1139 5675 nobis
1167 5621 1436 5674 thesauros
1463 5619 1518 5671 in
1547 5618 1671 5672 caelo
1697 5632 1713 5669 :
1757 5617 1844 5671 ubi
1873 5633 1965 5671 ne-

403 5722 504 5781 que
539 5725 716 5780 arugo
757 5725 915 5777 neque
961 5709 1103 5763 tinea
1141 5707 1418 5762 demolitur
1453 5706 1689 5778 (Matth.
1719 5723 1802 5771 γι,
1830 5705 1900 5760 20
1919 5706 1960 5774 ).

2053 3268 2239 3330 inﬂat,
2291 3269 2569 3323 iracundia
2615 3267 2949 3335 inﬂammat,
2997 3269 3268 3339 rapacitas
3315 3270 3619 3339 inquietat,

2055 3361 2352 3418 crudelitas
2381 3360 2656 3424 stimulat,
2677 3361 2910 3416 ambitio
2938 3360 3204 3426 delectat,
3235 3361 3400 3416 libido
3438 3363 3624 3432 princi-

2055 3449 2226 3518 pitat,
2271 3448 2402 3516 quid
2445 3447 2593 3502 aliud
2632 3449 2764 3502 facit
2807 3463 2969 3516 quam
3007 3450 3288 3503 thesauros
3326 3450 3628 3518 iniquitatis

2057 3540 2158 3593 sibi
2203 3538 2452 3608 reponit?
2479 3539 2555 3592 De
2584 3538 2786 3593 talibus
2812 3539 2956 3593 enim
2986 3539 3186 3594 Paulus
3210 3541 3484 3608 apostolus
3513 3545 3626 3596 ait:

2061 3629 2305 3684 Tradidit
2328 3628 2449 3682 illos
2479 3627 2621 3682 Deus
2651 3629 2704 3683 in
2737 3629 3009 3698 reprobum
3049 3645 3257 3684 sensum
3279 3670 3293 3694 ,
3340 3639 3396 3683 ut
3433 3630 3634 3699 faciant

2058 3736 2121 3774 ea
2169 3736 2286 3790 quae
2334 3736 2438 3774 non
2478 3720 2822 3784 conveniunt,
2869 3719 3090 3791 repletos
3136 3721 3279 3774 omni
3328 3721 3632 3792 iniquitate,

2053 3810 2264 3864 malitia
2281 3850 2294 3876 ,
2315 3810 2664 3879 fornicatione
2682 3851 2696 3875 ,
2729 3811 2952 3866 avaritia
2969 3851 2985 3877 ,
3015 3813 3245 3884 nequitia
3266 3853 3280 3878 ,
3305 3812 3481 3884 plenos
3505 3813 3636 3867 inri-

2059 3900 2186 3967 dia,
2213 3901 2528 3965 homicidio,
2564 3901 2926 3967 contentione,
2959 3902 3118 3968 dolo,
3154 3903 3522 3972 malignitate;
3547 3920 3637 3957 su-

2061 4007 2339 4055 surrones,
2378 3990 2695 4044 detractores
2717 4029 2732 4052 ,
2768 3989 2878 4044 Deo
2914 3991 3158 4056 odibiles,
3202 3991 3633 4057 contumeliosos,

2060 4080 2328 4147 superbos,
2357 4079 2544 4142 elatos,
2574 4080 2868 4134 inventores
2895 4079 3182 4147 malorum,
3208 4081 3507 4151 parentibus
3533 4099 3637 4136 non

2062 4169 2354 4225 obedientes
2371 4208 2388 4234 ,
2417 4170 2718 4240 insipientes
2734 4211 2746 4232 ,
2774 4170 3166 4240 incompositos,
3192 4172 3304 4226 sine
3329 4173 3603 4240 affectione
3619 4212 3635 4237 ,

2063 4259 2253 4329 absque
2287 4258 2510 4329 ftedere,
2549 4261 2662 4313 sine
2693 4260 3056 4314 misericordia
3095 4260 3284 4332 (Rom.
3311 4277 3366 4325 ι,
3394 4260 3561 4317 28-51
3591 4261 3634 4332 ).

2034 4347 2140 4420 ,Βε
2169 4347 2365 4417 quibus
2393 4355 2449 4402 et
2473 4347 2658 4404 subdit
2681 4366 2694 4401 :
2727 4347 2880 4414 Quod
2906 4351 3191 4404 secundum
3215 4351 3463 4406 duritiem
3487 4361 3633 4405 tuam

2063 4447 2112 4491 et
2139 4437 2460 4507 impaenitens
2489 4453 2581 4490 cor
2612 4437 2935 4492 thesaurizas
2961 4439 3051 4492 tibi
3089 4441 3224 4492 iram
3259 4440 3314 4494 in
3347 4440 3432 4494 die
3468 4442 3562 4495 ira:
3587 4450 3637 4495 et

2067 4529 2390 4591 reuelationis
2406 4527 2543 4598 justi
2559 4528 2755 4598 judicii
2781 4528 2876 4582 Dei
2904 4529 2922 4599 (
2946 4528 3100 4583 Rom.
3133 4546 3172 4585 ll
3190 4570 3206 4596 ,
3231 4531 3265 4585 5
3287 4531 3328 4601 ).

2646 4643 2874 4700 CAPUT
2912 4643 3051 4699 XIV.

2067 4731 2288 4799 Qualem
2307 4740 2357 4787 et
2372 4743 2624 4803 quantum
2645 4735 2948 4789 thesaurum
2968 4736 3023 4789 in
3045 4736 3148 4788 vita
3169 4735 3267 4789 sibi
3285 4736 3439 4790 homo
3461 4751 3640 4792 recon-

2206 4803 2342 4858 dcrit
2363 4802 2559 4868 ,Vtalem
2581 4813 2627 4857 et
2652 4814 2854 4859 tantum
2871 4814 2985 4875 post
3012 4815 3229 4860 mortem
3251 4805 3492 4860 inueniet.

2137 4893 2359 4961 Qualem
2383 4895 2694 4950 thesaurum
2717 4903 2773 4950 et
2793 4904 3052 4964 quantum
3076 4896 3445 4965 unusquisque
3463 4897 3639 4950 adhuc

2069 4983 2258 5040 vivens
2299 4983 2460 5038 homo
2498 4983 2554 5038 in
2593 4982 2735 5038 ccelo
2774 4983 3104 5046 reconderit,
3149 4983 3307 5038 talem
3348 4992 3404 5038 et
3433 4993 3638 5039 tantum

2069 5081 2194 5144 post
2216 5080 2450 5128 mortem
2480 5071 2737 5128 inveniet.
2783 5071 2876 5127 Sic
2899 5072 3045 5126 enim
3079 5072 3279 5129 Paulus
3314 5075 3382 5129 ad
3421 5073 3639 5129 Galatas

2069 5162 2190 5218 ait:
2221 5162 2400 5217 Nolite
2429 5177 2638 5226 errare,
2678 5160 2821 5216 Deus
2858 5179 2962 5216 non
2999 5163 3252 5217 irridetur
3274 5179 3294 5218 :
3331 5164 3463 5228 Qure
3495 5163 3633 5216 ertim

2069 5252 2396 5308 seminaverit
2425 5252 2600 5315 homo,
2618 5249 2729 5306 hwc
2752 5260 2802 5304 et
2829 5259 3001 5306 metet.
3021 5250 3282 5317 Quoniam
3305 5251 3394 5321 qui
3419 5250 3635 5303 seminat

2070 5345 2128 5398 in
2159 5359 2315 5398 carne
2347 5357 2476 5405 sua,
2511 5340 2577 5394 de
2611 5355 2770 5395 carne
2806 5351 2858 5394 ct
2896 5349 3047 5395 metet
3085 5340 3462 5408 corruptionem
3487 5352 3507 5390 :
3543 5338 3635 5406 qui

2069 5443 2246 5488 autem
2290 5432 2515 5487 seminat
2561 5431 2626 5486 de
2673 5431 2895 5503 spiritu,
2939 5432 3004 5486 de
3046 5431 3235 5500 spiritu
3276 5435 3427 5480 metet
3475 5427 3635 5480 vitam

2068 5533 2336 5578 reternam.
2376 5519 2584 5575 Bonum
2620 5531 2797 5576 autem
2835 5521 3115 5591 facientes,
3157 5531 3260 5569 non
3285 5514 3634 5582 deﬁciamus;

2067 5622 2292 5682 tempore
2316 5610 2456 5666 enim
2478 5625 2575 5664 suo
2601 5619 2847 5665 metemus
2873 5624 2976 5662 non
3000 5604 3314 5673 deﬁcientes.
3340 5600 3484 5671 Ergo
3507 5601 3636 5657 dum

2065 5713 2264 5775 tempus
2289 5700 2555 5769 habemus,
2581 5714 2853 5771 operemur
2874 5696 3063 5750 bonum
3089 5693 3158 5748 ad
3185 5706 3382 5756 cautes,
3404 5693 3632 5747 maxime
