3992 6206
365 365 475 424 955

1667 344 2019 403 SMARAGDI
2059 343 2348 400 ABBATIS

3522 339 3633 398 956

368 485 439 541 αα
464 479 777 537 domesticos
799 472 921 545 ﬁdei
947 467 1168 545 (Galat.
1193 483 1249 522 vi
1267 508 1283 530 .
1310 462 1446 521 7-10
1463 461 1506 537 ).
1533 461 1789 517 Salomon
1815 474 1952 529 quo—
1977 461 2027 523 Α
2050 474 2232 528 greges
2252 497 2268 522 ,
2300 456 2444 510 ultra
2474 470 2652 510 omnes
2677 454 2767 525 qui
2795 448 3006 522 fuerunt
3034 463 3155 515 ante
3180 467 3262 508 me
3290 455 3346 508 in
3371 452 3633 508 Hierusa—

370 590 478 649 que
509 577 624 630 ait:
656 571 760 637 Qui
792 567 1012 622 seminat
1046 562 1408 632 iniquitatem,
1444 563 1598 610 metet
1636 552 1798 608 mala.
1843 551 1949 617 Qui
2049 547 2171 648 lem.
2204 548 2272 601 Et
2302 548 2490 649 vidiin
2519 548 2601 602 his
2630 547 2870 601 omnibus
2904 547 3200 649 uanitatem‘
3220 556 3279 649 et.
3304 549 3634 649 aﬂlirtionens

371 643 570 741 pronus
619 671 695 716 est
743 659 813 713 ad
865 653 1312 716 misericordiam,
1367 646 1698 703 benedicatur
1744 643 1947 717 (Prov.

375 737 489 813 xxn
507 797 523 821 ,
548 755 664 808 7-8
688 752 727 821 ).
754 751 904 814 Esto,
931 761 1050 810 rex,
1078 758 1284 814 pronus
1313 741 1378 796 ad
1407 737 1858 800 misericordiam,
1889 741 1950 789 ut

375 846 638 902 merearis
679 859 709 896 a
758 843 867 896 Deo
916 839 1161 906 accipere
1207 834 1483 905 gratiam:
1527 829 1732 885 semina
1773 826 1952 882 dando

376 936 702 1008 pauperibus
730 933 786 986 in
815 929 1068 1000 praesenti
1097 925 1325 989 saeculo,
1357 938 1478 993 quas
1505 922 1620 991 ipse
1647 934 1770 973 cum
1808 915 1950 972 muli-

377 1026 545 1096 tiplici
574 1025 759 1078 fenore
789 1019 1033 1076 metiaris
1060 1019 1116 1072 in
1145 1017 1346 1070 futuro.
1393 1012 1545 1066 Mitte
1575 1022 1769 1078 panem
1801 1015 1953 1059 tuum

377 1117 434 1170 in
463 1113 814 1170 esurientium
841 1112 1072 1173 viscera,
1100 1115 1162 1161 ut
1184 1120 1310 1160 cum
1337 1101 1685 1171 multiplicem
1712 1096 1955 1152 invenias

381 1206 436 1260 in
463 1213 662 1259 aeterna
700 1201 897 1271 patria.
941 1199 1032 1253 Sic
1072 1198 1216 1251 enim
1249 1193 1504 1249 Salomon
1537 1192 1612 1245 ait
1641 1207 1654 1244 :
1690 1187 1838 1242 Mitte
1861 1202 1955 1253 pa-

381 1311 498 1348 nem
524 1302 670 1346 tuum
693 1306 848 1361 super
866 1296 1192 1343 transeuntes
1215 1299 1379 1355 aquas
1401 1296 1418 1334 :
1440 1281 1564 1350 quia
1587 1285 1701 1348 post
1724 1285 1956 1342 tempora

380 1384 548 1439 multa
575 1383 802 1437 invenies
829 1379 979 1433 illum
1009 1378 1028 1448 (
1051 1375 1224 1431 Eccle.
1249 1391 1302 1428 xi
1326 1415 1340 1439 ,
1371 1373 1396 1426 l
1425 1371 1466 1443 ).
1496 1368 1638 1437 Quid
1665 1375 1751 1422 est
1775 1372 1956 1419 autem

383 1491 548 1546 super
574 1479 917 1528 transeuntes
947 1484 1117 1539 aquas
1145 1467 1360 1520 mittere
1386 1476 1604 1532 panem,
1629 1459 1730 1513 nisi
1760 1469 1960 1528 paupe-

385 1565 542 1619 ribus
569 1570 624 1617 et
650 1562 964 1632 egentibus,
997 1567 1052 1611 et
1081 1557 1148 1611 de
1175 1557 1278 1610 hoc
1315 1552 1513 1607 szeculo
1554 1547 1960 1603 transeuntibus

387 1655 788 1722 eleemosynam
821 1650 995 1704 dare?
1021 1648 1161 1714 Quid
1188 1654 1271 1700 est
1300 1657 1450 1707 vero,
1483 1639 1609 1694 Post
1637 1638 1804 1692 multa
1833 1646 1960 1690 tem-

2049 638 2248 701 animi,
2276 647 2324 692 et
2356 637 2486 690 nihil
2513 651 2818 706 permanere
2843 635 2938 690 sub
2969 635 3078 691 sole
3107 637 3125 706 (
3151 634 3332 690 Eccle.
3367 639 3563 703 ιι,ι-ιι
3587 635 3632 708 ).

2121 729 2328 800 Largas
2361 729 2506 784 enim
2542 729 2758 784 divitias
2795 727 3252 800 Psalmograpbus
3290 727 3493 782 habere
3524 741 3640 781 non

2053 821 2306 886 damnat,
2342 821 2436 876 sed
2467 835 2534 874 ne
2572 836 2666 875 cor
2699 820 2803 876 illis
2837 829 3140 888 apponatur
3173 827 3342 874 vetat.
3380 818 3497 873 Non
3535 819 3637 874 tibi

2053 910 2230 966 oberit
2257 906 2570 965 divitiarum
2599 911 2948 980 congregatio
2968 910 3115 980 justa
3138 949 3154 976 ,
3184 910 3231 966 si
3261 908 3495 964 adfuerit
3522 910 3642 964 dis-

2055 1000 2282 1055 tributio
2321 1000 2492 1067 larga.
2542 999 2622 1053 Ex
2675 1000 2780 1054 illis
2820 1000 2966 1054 enim
3012 1015 3210 1056 munus
3254 1000 3646 1056 misericordia:

2053 1089 2239 1158 egenis
2267 1089 2602 1159 porrigitur;
2632 1103 2700 1143 ex
2729 1089 2833 1144 illis
2869 1105 3166 1161 pauperum
3203 1092 3418 1145 nuditas
3453 1091 3646 1162 operi-

2057 1186 2180 1241 tur;
2213 1192 2278 1231 ex
2309 1177 2412 1232 illis
2441 1178 2852 1249 peregrinorum
2879 1180 3058 1250 inopia
3087 1180 3403 1251 suppletur;
3434 1195 3501 1234 ex
3532 1180 3652 1236 illis

2056 1267 2381 1337 pupillorum
2431 1269 2647 1324 miseria
2694 1270 3034 1341 detergitur;
3083 1285 3154 1326 ex
3205 1272 3312 1328 illis
3355 1273 3652 1328 viduarum

2058 1359 2252 1413 solatia
2281 1359 2622 1426 trilmuntur;
2652 1376 2720 1415 ex
2751 1361 2858 1416 illis
2881 1361 3235 1416 esurientium
3263 1361 3434 1417 fames
3459 1362 3652 1432 repel-

2059 1452 2226 1516 litur;
2255 1467 2324 1507 ex
2363 1452 2470 1506 illis
2499 1453 2792 1507 sitientium
2824 1455 2944 1508 sitis
2970 1454 3188 1523 fugatur
3213 1471 3228 1520 ;
3260 1470 3326 1510 ex
3354 1454 3460 1509 illis
3488 1455 3654 1508 inﬁr-

2061 1549 2321 1602 mantium
2353 1549 2618 1604 desideria
2644 1550 2995 1620 supplentur;
3030 1567 3096 1606 ex
3127 1551 3232 1606 illis
3259 1552 3587 1621 accipientes
3614 1567 3655 1606 ει

2061 1638 2295 1694 miseriis
2325 1638 2722 1707 liberabuntur,
2757 1650 2813 1696 et
2843 1640 3057 1696 illarum
3092 1642 3268 1698 ﬁdelis
3302 1643 3658 1713 dispensator

385 1759 517 1813 pora
543 1743 770 1795 invenies
794 1740 974 1804 illum,
1004 1739 1103 1792 nisi
1130 1739 1182 1790 in
1216 1736 1396 1789 futuro
1423 1730 1618 1787 saeculo
1645 1728 1959 1785 retributio-
1990 1807 2030 1813 _
2063 1725 2116 1782 in
2153 1727 2334 1784 futuro
2363 1729 2648 1785 ditabitur.

388 1833 476 1886 nis
503 1846 571 1886 ex
603 1829 692 1884 illo
720 1831 924 1899 largum
953 1828 1187 1897 accipies
1219 1823 1546 1894 praemium?

981 1933 1206 1990 CAPUT
1254 1932 1368 1986 XV.

821 2004 895 2058 De
923 2021 1028 2058 non
1054 2003 1266 2072 βάθηάο
1295 2001 1512 2055 divitiis.

459 2096 528 2150 Et
564 2095 690 2165 quia
734 2094 832 2148 tibi
869 2093 1129 2148 Dominus
1171 2089 1597 2146 misericorditer
1635 2087 1812 2159 regias
1835 2102 1966 2144 con-

388 2187 554 2244 cessit
579 2188 633 2240 in
661 2185 912 2256 praesenti
943 2183 1141 2239 saeculo
1166 2192 1222 2237 et
1250 2182 1431 2253 largas
1459 2179 1704 2242 divitias,
1735 2177 1966 2234 solerter

389 2292 552 2348 agere
592 2274 788 2339 debes,
822 2283 881 2329 ut
908 2274 1106 2329 multas
1144 2273 1388 2328 invenias
1425 2284 1492 2324 ex
1535 2270 1641 2324 illis
1683 2269 1736 2324 in
1780 2267 1965 2323 futura

387 2369 566 2442 patria
593 2369 873 2438 repositas.
906 2366 1090 2436 Neque
1112 2365 1259 2420 enim
1286 2364 1404 2418 alia;
1424 2363 1693 2418 veraciter
1719 2360 1964 2415 dicendae

390 2467 520 2514 sunt
545 2459 770 2522 divitiae,
792 2457 906 2511 nisi
935 2456 1040 2511 illze
1067 2469 1188 2526 quae
1212 2456 1267 2509 in
1297 2453 1506 2510 etelesti
1549 2452 1804 2506 thesauro
1843 2447 1968 2503 feli-

390 2549 532 2603 citer
557 2554 684 2601 sunt
724 2545 1030 2601 reconditae.
1072 2543 1210 2597 Audi
1249 2557 1410 2613 ergo,
1456 2557 1581 2605 rex,
1613 2537 1928 2611 Apostolum
1951 2577 1966 2602 ,

395 2647 451 2696 et
478 2639 584 2694 noli
616 2639 887 2694 conlidere
915 2637 968 2691 in
1007 2636 1228 2691 caducis
1266 2633 1426 2689 istius
1459 2631 1746 2702 praesentis
1783 2628 1968 2685 steculi

393 2731 628 2794 divitiis,
675 2729 770 2784 sed
813 2727 888 2781 in.
909 2726 1018 2781 illis
1045 2725 1111 2781 de
1139 2724 1334 2794 quibus
1359 2722 1689 2794 pauperibus
1732 2719 1970 2788 erogatis

391 2821 672 2877 emlestem
699 2821 1010 2875 thesaurum
1037 2818 1390 2874 aadilicaveris
1419 2835 1432 2871 :
1467 2817 1545 2871 ait
1583 2815 1729 2870 enim
1771 2813 1969 2869 Paulus

394 2913 671 2982 apostolus
697 2931 710 2966 ε
739 2911 1000 2966 Divitibus
1023 2910 1183 2981 hujus
1206 2909 1386 2965 swculi
1425 2909 1647 2980 precipe
1671 2924 1777 2962 non
1800 2906 1970 2961 subli-

397 3019 480 3056 me
499 3019 698 3074 sapere,
722 3019 884 3073 neque
907 3017 1116 3072 sperare
1140 3003 1196 3056 in
1219 3002 1416 3055 incerto
1442 3001 1750 3055 diuitiarum
1768 3037 1786 3066 ,
1805 2999 1896 3054 sed
1916 3000 1972 3053 in

397 3091 506 3146 Deo
529 3093 640 3146 vivo
666 3091 795 3163 (qui
817 3100 1031 3163 praestat
1071 3091 1216 3145 nobis
1260 3093 1437 3145 omnia
1469 3090 1675 3145 abunde
1695 3090 1764 3143 ad
1791 3090 1974 3159 {ruen-

393 3181 578 3251 dum),
603 3157 728 3234 bene
747 3157 921 3250 agere,
944 3181 1126 3234 divites
1150 3181 1267 3249 ﬁeri
1289 3182 1343 3234 in
1365 3182 1510 3235 bonis
1535 3157 1799 3250 operibus,
1818 3179 1975 3248 facile
2001 3157 2048 3219 (λ

397 3269 623 3322 tribuere
647 3309 663 3333 ,
690 3269 1074 3322 communicare
1099 3309 1112 3334 ,
1144 3271 1502 3324 thesaurizare
1527 3269 1624 3324 sibi
1657 3269 1976 3339 fundamen-

397 3367 508 3412 tum
533 3357 724 3412 bonum
745 3358 801 3412 in
825 3357 1062 3428 futurum
1078 3399 1092 3424 ,
1118 3369 1174 3412 ut
1199 3359 1587 3430 apprehendant
1613 3374 1788 3413 verum
1813 3359 1974 3412 vitam

397 3449 418 3520 (
442 3447 473 3503 1
502 3447 636 3502 Tim.
665 3465 749 3514 vr,
780 3449 944 3504 17-19
967 3448 1006 3516 ).
1039 3450 1186 3519 Opus
1213 3451 1358 3505 enim
1386 3449 1778 3504 misericordia:
1805 3446 1974 3517 etju-

397 3539 560 3594 stitize
586 3540 958 3609 patrocinatur
982 3540 1185 3594 homini
1208 3548 1332 3609 post
1349 3549 1600 3605 mortem,
1619 3554 1724 3594 non
1750 3539 1970 3594 divitize.

395 3629 492 3685 Sic
519 3631 663 3685 enim
692 3631 943 3686 Salomon
972 3623 1048 3686 ait
1075 3650 1088 3685 :
1121 3633 1245 3686 Non
1268 3632 1552 3703 proderunt
1581 3631 1778 3686 divitia:
1805 3631 1860 3685 in
1887 3631 1974 3685 die

395 3723 613 3776 ultionis
636 3737 654 3774 :
683 3724 894 3792 justitia
929 3733 1108 3778 autem
1150 3723 1388 3778 liberabit
1427 3741 1461 3777 a
1497 3731 1684 3776 morte.
1713 3722 1853 3788 Quia
1877 3723 1968 3794 qui

394 3810 615 3878 conﬁdit
650 3812 705 3864 in
736 3813 928 3865 divitiis
966 3814 1110 3877 suis,
1153 3823 1400 3866 corruet:
1432 3813 1568 3883 justi
1609 3821 1785 3867 autem
1821 3814 1975 3883 quasi

397 3903 569 3955 virens
613 3900 798 3970 folium
841 3903 1202 3972 germinabunt
1249 3902 1458 3975 (Eccli.
1484 3918 1536 3968 v,
1576 3902 1680 3968 10;
1722 3900 1879 3956 Prov.
1904 3918 1970 3968 ι,

396 3994 436 4048 2
459 4035 474 4061 ,
511 4006 560 4049 et
586 4013 670 4061 ιι,
699 3997 769 4052 28
792 3997 831 4068 ).
863 3997 1032 4052 David
1061 4013 1275 4067 quoque
1305 3998 1381 4051 ait
1406 4015 1419 4050 :
1455 3996 1634 4050 Nolite
1675 4011 1886 4066 sperare
1916 3996 1972 4049 in

400 4087 680 4157 iniquitate
701 4129 714 4153 ,
745 4099 791 4142 et
822 4091 1034 4160 rapinas
1071 4089 1230 4143 nolite
1269 4090 1650 4159 concupiscere.
1681 4088 1894 4142 Divitia:
1926 4103 1973 4141 st

399 4179 644 4248 aﬂluant,
689 4179 848 4233 nolite
889 4197 980 4234 cor
1020 4198 1278 4251 apponere
1323 4179 1516 4250 (Psal.
1546 4197 1670 4246 mu,
1702 4181 1763 4234 li
1794 4181 1835 4250 ).
1881 4179 1975 4234 Ille

399 4269 603 4323 divitiis
635 4283 731 4324 cor
764 4270 1014 4340 apponit,
1053 4272 1143 4340 qui
1194 4271 1246 4324 in
1295 4271 1426 4340 ipsis
1476 4269 1806 4339 singularem
1854 4282 1975 4323 esse

398 4359 714 4416 telicitatem
750 4362 941 4416 credit.
981 4361 1087 4416 lste
1118 4363 1198 4417 sic
1230 4363 1335 4416 illis
1367 4377 1465 4417 cor
1495 4361 1750 4431 apponit,
1780 4369 1974 4415 utnon

398 4448 531 4503 velit
561 4465 649 4504 res
675 4449 1002 4519 pauperibus
1026 4465 1273 4520 erogare,
1303 4451 1396 4503 sed
1425 4449 1601 4518 magis
1625 4463 1720 4502 eas
1745 4447 1972 4502 ambire.

403 4539 516 4595 Non
545 4542 660 4596 vult
687 4557 878 4595 aurum
910 4556 1066 4594 suum
1095 4540 1400 4609 expendere
1422 4580 1437 4604 ,
1467 4540 1562 4594 sed
1592 4539 1802 4594 calcare
1827 4552 1973 4608 :‘pa-

401 4628 653 4684 trimonia
681 4646 777 4684 sua
806 4645 910 4684 non
942 4630 1056 4684 vult
1079 4630 1266 4698 egenis
1293 4629 1512 4699 largiri,
1545 4629 1639 4684 sed
1670 4628 1974 4683 hzeredibus

400 4728 726 4789 congregata
752 4734 988 4775 servare.
1018 4718 1084 4772 Et
1111 4718 1231 4772 ideo
1258 4726 1382 4787 post
1407 4727 1638 4772 mortem
1665 4716 1801 4771 nihil
1827 4717 1976 4770 inve-

401 4805 590 4870 niunt,
633 4809 759 4876 quia
803 4810 857 4863 in
901 4809 1010 4862 vita
1055 4809 1379 4878 pauperibus
1422 4807 1556 4862 nihil
1603 4806 1867 4861 tribuunt.
1900 4806 1976 4861 De

401 4895 600 4964 quibus
627 4912 864 4967 congrue
891 4898 1173 4954 Psalmista
1217 4899 1292 4952 ait
1319 4913 1334 4951 :
1363 4898 1704 4952 Dormierunt
1732 4913 1977 4951 somnum

400 4999 588 5049 suum,
629 4997 677 5040 et
719 4987 846 5042 nihil
885 4989 1189 5043 invenerunt
1234 5005 1411 5042 omnes
1455 4988 1554 5042 viri
1592 4986 1896 5040 divitiarum
1920 4987 1977 5042 in

403 5075 643 5130 manibus
679 5080 790 5131 suis
817 5078 835 5149 (
859 5077 1006 5134 Psal.
1035 5096 1196 5146 Lxxv,
1223 5079 1254 5135 6
1279 5079 1318 5150 ).
1351 5079 1434 5134 Ad
1461 5081 1609 5134 hunc
1636 5077 1979 5134 ﬁnem-Salo-

405 5181 531 5220 mon
577 5167 645 5221 de
683 5168 885 5224 divitiis
923 5171 1034 5225 suis
1071 5179 1433 5242 computatam
1480 5169 1808 5225 sententiam
1853 5184 1976 5238 pro-

401 5256 590 5321 duxit,
616 5259 706 5314 ubi
735 5259 808 5312 ait
834 5276 846 5310 :
874 5259 1203 5329 Magniﬁcavi
1227 5277 1382 5330 opera
1405 5266 1544 5326 mea,
1567 5259 1828 5328 aediﬁcavi
1851 5259 1978 5312 mihi

402 5345 588 5401 domos
607 5388 622 5413 ,
652 5357 701 5401 et
734 5346 984 5418 plantavi
1005 5350 1179 5404 uineas
1199 5391 1214 5414 ,
1243 5350 1342 5418 feci
1378 5351 1558 5404 hortos
1579 5390 1593 5415 ,
1623 5349 1864 5418 pomaria
1885 5388 1900 5414 ,
1931 5356 1980 5402 et

404 5441 608 5492 consevi
637 5457 698 5493 ea
729 5440 900 5493 cuncti
934 5441 1131 5510 generis
1170 5441 1460 5503 arboribus,
1495 5450 1542 5494 et
1577 5441 1816 5495 exstruxi
1850 5441 1980 5494 mihi

405 5528 632 5596 piscinas
662 5547 918 5600 aquarum
933 5545 958 5596 ,'
983 5539 1036 5584 ut
1064 5531 1336 5601 irrigarem
1363 5531 1550 5585 silvam
1576 5531 1837 5602 lignorum
1865 5544 1981 5600 ger-

407 5620 738 5676 minantium.
791 5621 1007 5679 Possedi
1050 5641 1222 5679 servos
1264 5634 1314 5678 et
1358 5623 1615 5690 ancillas,
1659 5623 1979 5694 multamque

411 5704 668 5772 [cnsilium
703 5710 894 5777 habui,
931 5723 1167 5768 armenta
1201 5728 1404 5785 quoque
1449 5721 1500 5768 et
1545 5729 1760 5784 magnos
1803 5713 1975 5768 ovium

1990 1807 2037 1866 B

2000 4497 2052 4557 D

2645 1818 2873 1875 CAPUT
2907 1819 3046 1876 XVI.
3144 1846 3146 1849 ·

2168 1907 2247 1962 De
2271 1925 2376 1963 non
2400 1909 2678 1979 gloriando
2701 1912 2756 1966 in
2781 1912 2992 1976 divitiis,
3020 1913 3111 1966 sed
3140 1913 3194 1966 in
3221 1913 3532 1968 humilitate.

2134 1997 2275 2068 Ergo
2313 1998 2416 2053 illa:
2451 1999 2654 2055 divitia:
2691 2015 2812 2070 qua:
2849 2001 2905 2055 in
2945 2001 3154 2057 caelesti
3189 2003 3492 2057 conduntur
3518 2004 3656 2059 the-

2063 2103 2258 2152 sauro.
2287 2099 2612 2159 permanent
2639 2090 2693 2144 in
2725 2095 3025 2157 aeternum;
3068 2101 3124 2148 et
3155 2093 3274 2148 ista:
3305 2110 3425 2164 qua:
3457 2103 3661 2150 tenen-

2067 2187 2156 2232 tur
2201 2179 2254 2232 in
2305 2179 2500 2235 mulo
2537 2180 2776 2245 caduco,
2809 2189 3094 2238 transeunt
3135 2192 3192 2239 et
3234 2194 3479 2255 pereunt.
3527 2185 3662 2240 Non

2067 2269 2406 2340 gloriandum
2442 2278 2554 2335 est,
2587 2269 2728 2326 sicut
2764 2286 2866 2326 nec
2897 2272 3274 2328 conﬁdendum
3303 2274 3359 2328 in
3392 2274 3668 2344 perituris

2069 2359 2306 2425 divitiis,
2340 2359 2436 2414 sed
2456 2360 2654 2428 potius
2691 2360 2982 2416 laatandum
3016 2371 3073 2417 et
3106 2362 3440 2434 gloriandum
3472 2372 3563 2419 est
3601 2365 3670 2419 in

2078 2451 2242 2506 bonis
2265 2453 2582 2523 magnisque
2612 2453 2923 2510 virtutibus.
2956 2453 3092 2510 Nam
3123 2455 3248 2525 quia
3276 2463 3486 2526 oportet
3515 2457 3672 2528 givi-

2072 2546 2155 2594 tes
2179 2554 2289 2594 non
2318 2540 2372 2593 in
2401 2539 2603 2594 divitiis
2633 2540 2851 2612 gloriari
2880 2543 2973 2598 sal
2997 2543 3050 2598 in
3073 2543 3396 2611 humilitate,
3417 2543 3672 2600 Jacobns

2072 2637 2306 2685 testatur
2342 2627 2576 2685 dicens:
2618 2628 2884 2686 Glorietur
2925 2641 3100 2687 autem
3147 2633 3312 2703 frater
3358 2635 3578 2689 humilis
3602 2635 3672 2690 iss

2071 2718 2392 2773 exultatione
2419 2735 2518 2774 sua
2541 2732 2562 2772 .°
2591 2721 2732 2776 dives
2762 2731 2934 2776 autem
2960 2725 3016 2776 in
3041 2723 3335 2778 humilitate
3358 2741 3455 2779 sua
3481 2723 3666 2796 (Iac.

2073 2828 2127 2876 ι,
2153 2811 2249 2882 9).
2282 2809 2399 2867 Noli
2427 2827 2556 2883 ergo
2591 2812 2646 2867 in
2675 2812 2877 2867 divitiis
2901 2811 3116 2884 gloriari
3139 2853 3153 2878 ,
3181 2828 3275 2869 rex
3295 2853 3318 2883 ,
3342 2814 3437 2870 sed
3463 2815 3520 2869 in
3548 2816 3676 2871 lm-

2073 2901 2322 2956 miiitate.
2355 2901 2487 2956 Esto
2515 2900 2732 2956 humilis
2751 2941 2766 2966 ,
2794 2908 2913 2956 esto
2941 2901 2995 2956 in
3025 2903 3327 2959 humilitate
3355 2903 3614 2961 fundatus
3648 2923 3672 2972 ;

2073 2993 2320 3063 quamvis
2355 2992 2433 3049 sis
2462 2993 2733 3054 sublimis,
2764 3008 2990 3063 magnus
3025 3003 3083 3049 et
3115 3011 3391 3062 summus,
3423 2998 3665 3052 humili-

2074 3090 2244 3137 tatem
2275 3091 2418 3136 tene.
2452 3080 2544 3136 Sic
2567 3083 2713 3136 enim
2741 3082 3002 3152 scriptum
3034 3091 3118 3138 est
3143 3100 3156 3136 :
3191 3083 3400 3148 Quanto
3428 3101 3684 3156 magnus

2077 3191 2132 3228 es
2150 3213 2165 3239 ,
2197 3173 2418 3227 humilia
2447 3183 2494 3228 te
2522 3175 2578 3228 in
2606 3173 2867 3240 omnibus,
2895 3183 2942 3228 et
2969 3189 3147 3228 coram
3173 3175 3398 3230 Domino
3422 3177 3682 3232 inuenies

2078 3263 2308 3333 gratiam
2337 3276 2348 3288 '
2377 3264 2626 3332 quoniam
2657 3279 2849 3332 magna
2888 3265 3116 3334 potentia
3147 3263 3244 3319 Dei
3273 3265 3462 3330 solius,
3493 3277 3547 3319 et
3592 3267 3681 3321 ab

2076 3353 2359 3409 humilibus
2404 3353 2695 3408 honoratur
2728 3353 2747 3426 (
2774 3353 2941 3409 Eccli.
2974 3371 3033 3410 ιιι
3053 3395 3067 3421 ,
3095 3355 3166 3411 20
3193 3356 3232 3427 ).
3272 3356 3433 3413 Vides
3479 3370 3619 3429 ergo
3649 3401 3672 3426 ,

2077 3465 2173 3505 rex
2191 3488 2206 3514 ,
2237 3449 2364 3518 quia
2395 3448 2442 3502 si
2468 3447 2826 3504 humilitatem
2859 3451 3113 3512 tenueris,
3149 3450 3371 3506 habebis
3397 3452 3673 3519 gratiam,

2077 3538 2303 3594 habebis
2333 3547 2388 3592 et
2414 3538 2639 3608 gloriam
2661 3579 2678 3603 ,
2711 3538 2932 3609 insuper
2957 3548 3013 3596 et
3047 3542 3239 3596 anima:
3273 3548 3377 3596 tua:
3409 3542 3682 3598 invenies

2077 3631 2340 3701 requiem.
2383 3629 2474 3686 Sic
2512 3631 2657 3686 enim
2692 3631 2950 3687 Dominus
2981 3642 3104 3687 tuus
3131 3634 3436 3703 redemptor
3465 3631 3680 3687 et‘do-

2078 3728 2196 3775 etor
2223 3728 2368 3785 tuus,
2387 3729 2601 3775 creator
2626 3728 2681 3775 et
2708 3721 3039 3792 gubernator
3065 3730 3209 3787 tuus,
3241 3731 3292 3777 te
3315 3737 3471 3792 quem
3495 3725 3683 3792 sequi

2078 3809 2278 3864 debeas
2316 3810 2499 3874 docet,
2539 3817 2595 3863 et
2633 3810 2762 3879 quid
2799 3811 3006 3866 discere
3041 3811 3205 3868 debes
3237 3813 3447 3867 tibimet
3469 3821 3684 3868 osten-

2078 3898 2192 3964 dit,
2223 3899 2410 3954 dicens
2440 3918 2452 3953 :
2492 3898 2688 3954 Discite
2719 3917 2752 3953 a
2778 3916 2861 3955 me
2886 3903 3012 3972 quia
3042 3902 3184 3955 mitis
3215 3917 3332 3956 sum
3360 3911 3408 3957 et
3435 3903 3680 3959 humilis

2077 3988 2266 4051 corde;
2293 3997 2341 4042 et
2367 3990 2642 4043 invenietis
2668 3991 2896 4060 requiem
2923 3991 3201 4044 animabus
3225 3992 3408 4048 vestris
3433 3989 3676 4061 (blattis-

2075 4097 2164 4144 xi,
2191 4081 2260 4135 29
2281 4080 2322 4153 ).
2359 4081 2506 4136 Idem
2545 4081 2659 4150 ipse
2692 4081 2954 4136 Dominus
2983 4096 3082 4152 per
3107 4084 3425 4154 prophetam
3454 4083 3687 4140 clamat

2077 4179 2134 4228 et
2161 4172 2294 4227 dicit
2328 4190 2340 4225 :
2375 4172 2456 4226 Ad
2483 4189 2634 4243 quem
2661 4182 2835 4228 autem
2870 4175 3142 4244 respiciam
3159 4216 3174 4240 ,
3203 4175 3306 4229 nisi
3335 4175 3403 4228 ad
3429 4191 3687 4244 pauper-

2075 4263 2288 4329 culam,
2319 4273 2366 4317 et
2397 4265 2679 4318 contritum
2715 4265 2937 4335 spiritu,
2973 4274 3022 4319 et
3057 4275 3358 4320 trementem
3389 4280 3682 4323 semesae:

2073 4369 2217 4407 meos
2244 4354 2263 4423 (
2288 4352 2400 4406 Isa.
2434 4368 2592 4418 vat,
2620 4353 2657 4408 2
2681 4353 2746 4425 )?

2151 4443 2209 4498 Si
2246 4445 2331 4500 vis
2357 4459 2488 4515 ergo
2517 4453 2577 4499 ut
2605 4444 2672 4499 ad
2704 4454 2754 4500 te
2785 4444 3038 4517 respiciat
3065 4446 3235 4510 Deus,
3263 4445 3548 4503 sublimem
3573 4447 3681 4504 la-

2077 4535 2219 4599 ciat,
2259 4534 2527 4604 glorificet
2560 4542 2616 4590 et
2649 4536 2884 4602 exaltet,
2918 4537 3143 4591 humilia
3184 4545 3237 4591 te
3267 4537 3321 4591 in
3361 4546 3681 4606 conspectu

2078 4625 2242 4681 illius.
2277 4625 2368 4681 Sic
2395 4628 2538 4682 enim
2565 4625 2797 4683 Iacobus
2827 4629 3209 4699 apostolusait
3234 4649 3248 4684 :
3284 4628 3680 4687 ΙΙαωὶιόσηὶηὲ

2078 4717 2135 4770 in
2161 4728 2438 4787 conspectu
2465 4717 2712 4783 Domini,
2739 4727 2788 4772 et
2816 4718 3068 4773 exaltabit
3094 4736 3182 4774 eos
3211 4717 3370 4791 (Iac.
3400 4733 3484 4783 tv,
3517 4718 3590 4772 10
3617 4719 3675 4790 ).

2078 4807 2184 4862 Per
2211 4810 2352 4864 hanc
2385 4810 2529 4864 enim
2567 4811 2768 4881 regiam
2806 4811 3123 4867 humilitatis
3148 4812 3291 4866 viam
3326 4819 3680 4882 purpuratus

2081 4908 2137 4952 et
2185 4898 2440 4955 infulatus
2490 4898 2814 4957 fortissimus
2851 4917 2948 4956 rex
2981 4901 3150 4957 David
3184 4910 3240 4957 et
3273 4904 3528 4958 sacerdos
3563 4903 3678 4958 tir-

2078 4988 2242 5044 miter
2265 5003 2492 5044 currens
2517 4989 2786 5046 clamabat
2809 5007 2822 5044 :
2852 4991 3102 5056 Domine,
3133 5007 3238 5046 non
3262 5001 3338 5047 est
3362 4991 3672 5048 exaltatum

2077 5095 2168 5134 cor
2193 5095 2392 5146 meum,
2442 5097 2607 5152 neque
2633 5081 2758 5135 elati
2786 5091 2907 5136 sunt
2939 5082 3078 5136 oculi
3105 5083 3208 5138 mei
3231 5100 3251 5149 ;
3281 5098 3441 5153 neque
3466 5083 3672 5137 ambu-

2076 5169 2181 5226 lavi
2225 5172 2283 5224 in
2317 5173 2553 5242 magnis,
2586 5189 2748 5244 neque
2780 5174 2836 5226 in
2874 5174 3201 5229 mirabilibus
3235 5190 3392 5245 super
3435 5191 3538 5228 me.
3593 5174 3669 5230 Si

2081 5277 2185 5316 non
2212 5261 2480 5316 humiliter
2503 5262 2784 5316 sentiebam
2803 5303 2817 5323 .
2847 5261 2940 5317 sed
2966 5263 3193 5318 exaltari
3218 5265 3450 5318 animam
3478 5280 3666 5319 mentm

2083 5350 2101 5422 (
2127 5350 2272 5405 Psal.
2301 5367 2440 5405 cxxx
2461 5393 2474 5416 ,
2506 5353 2565 5415 l,
2594 5353 2630 5406 2
2649 5353 2688 5423 ).
2724 5351 2912 5421 Magna
2941 5354 3083 5408 enim
3113 5360 3196 5408 est
3224 5352 3398 5407 virtus
3435 5353 3668 5408 humili-

2079 5447 2194 5504 tas,
2225 5449 2278 5496 et
2311 5443 2572 5497 mirabilis
2605 5444 2834 5513 genitrix
2863 5445 3104 5498 omnium
3139 5454 3196 5500 et
3228 5443 3506 5499 educatrix
3547 5445 3666 5498 vir-

2078 5538 2271 5584 tutum.
2325 5530 2430 5586 Sed
2479 5547 2584 5586 non
2630 5534 2742 5588 haec
2789 5535 2962 5588 virtus
3008 5535 3241 5588 humana
3293 5534 3573 5589 voluntate
3619 5550 3658 5588 a

2077 5635 2348 5692 quoquam
2383 5622 2631 5688 sumitur,
2666 5626 2759 5680 sed
2795 5626 3219 5681 misericorditer
3247 5641 3276 5680 a
3305 5625 3536 5680 Domino
3563 5626 3658 5680 cui

2077 5712 2307 5769 voluerit
2343 5713 2614 5786 largitur:
2653 5732 2772 5787 qua:
2805 5718 2926 5774 ideo
2970 5719 3112 5775 inter
3151 5719 3380 5775 virtutes
3420 5719 3660 5774 eximias
