3992 6206
306 369 412 432 93.37
1750 366 1857 426 VIA
1899 366 2130 428 REGIA.
3465 372 3567 431 958

304 489 541 546 maxime
572 485 833 540 honorata
871 478 1166 554 consurgit,
1203 481 1330 553 quia
1355 496 1475 537 eam
1506 479 1762 549 majestas
1794 480 1880 536 di-
1908 483 1961 543 Α
1984 481 2068 535 lus
2089 481 2274 537 domus
2305 491 2410 537 tua:
2438 483 2660 538 comedit
2684 499 2767 538 me
2796 482 2969 556 (Psal.
2995 483 3205 555 vatn).
3249 484 3422 552 Quam
3444 501 3568 542 sen-

305 583 430 638 vina
466 579 758 649 dignanter
792 576 1102 645 assumpsit.
1142 575 1277 630 Nam
1310 575 1454 645 quod
1482 584 1536 630 et
1562 575 1678 628 lucc
1710 574 1884 630 virtus
1991 572 2212 626 tentiam
2240 573 2294 626 in
2314 574 2524 628 actione
2547 589 2643 628 sua
2676 574 2940 629 Dominus
2962 576 3228 629 veraciter
3252 576 3565 646 complevit,

302 671 454 742 regia
488 669 589 732 sit,
627 667 930 737 priscorum
971 679 1158 736 regum
1189 675 1311 722 acta
1344 673 1630 720 testantur.
1664 663 1884 718 Sanlem
1986 665 2203 730 quando
2239 664 2534 718 vendentes
2569 673 2624 718 et
2666 673 2910 720 ementes
2941 664 3008 718 de
3033 665 3231 735 templo
3276 664 3571 734 ﬂagellatos

303 760 597 831 superbum
629 756 922 810 humilians
947 755 1208 810 Dominus
1234 755 1311 809 ait
1338 773 1350 807 :
1381 752 1512 808 Cum
1537 770 1671 808 esses
1692 769 1885 823 ραι-ωι-
1986 753 2306 808 eliminavit.
2353 753 2486 807 Nam
2515 764 2572 809 et
2599 754 2834 810 Phincos
2861 754 3002 808 ﬁlius
3029 755 3272 809 Eleazari
3299 771 3401 823 pro
3449 757 3569 812 zelo

303 854 386 907 lus
416 853 467 904 in
499 848 664 904 oculis
695 849 798 901 tuis
818 887 832 910 ,
865 857 1018 916 caput
1047 847 1100 900 in
1124 846 1366 899 tribubus
1389 844 1560 899 Israel
1586 845 1758 913 factus
1785 861 1836 897 es
1863 860 1882 908 ;

305 943 556 1011 unxitque
590 950 638 993 te
672 938 927 992 Dominus
960 938 1014 990 in
1054 952 1223 1006 regem
1253 952 1408 1006 super
1438 935 1609 989 Israel
1639 937 1656 1006 (
1684 934 1713 987 Ι
1747 933 1878 1004 Reg.

305 1045 408 1096 xv,
439 1028 569 1102 I7).
617 1029 686 1082 Et
729 1036 813 1082 est
856 1025 1204 1080 subauditio:
1253 1024 1385 1080 Cum
1431 1033 1486 1079 tu
1533 1033 1585 1079 te
1628 1039 1882 1094 magnum

305 1119 634 1176 existimasti
671 1118 724 1170 in
758 1116 932 1171 oculis
959 1116 1066 1170 tuis
1086 1156 1101 1181 ,
1128 1131 1325 1185 parvus
1352 1125 1408 1171 et
1437 1114 1682 1184 abiectus
1706 1114 1884 1169 factus

304 1228 366 1270 es
398 1215 450 1268 in
482 1213 654 1268 oculis
683 1211 837 1265 meis.
866 1210 1002 1264 Nam
1032 1209 1201 1264 David
1233 1225 1355 1264 cum
1387 1208 1581 1264 Michol
1612 1208 1718 1262 ﬁlia
1749 1207 1885 1262 Sau-

306 1306 405 1369 lis,
446 1318 512 1358 eo
550 1302 693 1372 quod
733 1316 790 1355 se
831 1300 1165 1355 humiliasset
1210 1300 1586 1370 reprehendit,
1620 1299 1740 1352 ait:
1771 1298 1881 1351 Lu-

305 1398 460 1461 dmn,
493 1403 540 1447 et
571 1391 722 1447 vilior
744 1391 870 1459 [iam
899 1390 1174 1460 plusquam
1203 1389 1374 1459 factus
1404 1406 1520 1443 sum
1539 1427 1555 1453 ,
1584 1398 1632 1442 et
1663 1405 1751 1442 ero
1778 1388 1880 1441 hu-

307 1485 446 1541 milis
477 1485 532 1538 in
570 1481 736 1537 oculis
772 1483 900 1535 meis
937 1480 954 1552 (
983 1480 1044 1534 II
1075 1481 1201 1552 Reg.
1233 1497 1286 1536 vr
1307 1522 1321 1546 ,
1349 1482 1420 1535 22
1447 1482 1487 1553 ).
1523 1481 1687 1536 Vides
1719 1495 1876 1550 ergo,

307 1592 434 1641 rex,
467 1576 592 1646 quia
619 1589 760 1628 unus
785 1588 851 1628 ex
885 1572 988 1627 illis
1015 1572 1081 1628 de
1109 1574 1258 1644 regni
1286 1569 1419 1627 solio
1445 1587 1544 1640 per
1573 1571 1880 1640 superbiam

307 1675 396 1721 est
437 1663 678 1733 deiectus
700 1703 714 1728 ,
746 1670 801 1716 et
845 1661 982 1716 alius
1009 1661 1075 1716 ad
1107 1663 1257 1732 regni
1288 1660 1512 1732 gloriam
1543 1676 1641 1731 per
1666 1659 1883 1714 humili-

308 1764 475 1812 tatem
516 1763 600 1810 est
639 1761 878 1809 evectus.
926 1753 1078 1809 Unde
1122 1761 1175 1807 et
1217 1754 1271 1806 in
1303 1753 1408 1806 illis
1438 1752 1720 1821 impletum
1749 1760 1874 1806 est:

1983 842 2323 896 rectitudinis
2353 851 2569 912 pactum
2593 858 2624 895 a
2662 843 2887 897 Domino
2925 844 3124 898 meruit
3153 845 3398 912 accipere
3423 859 3566 898 sem-

1985 935 2178 1004 piterni
2209 933 2517 988 sacerdotii.
2570 934 2661 988 Ait
2699 935 2842 989 enim
2888 935 3146 990 Dominus
3192 937 3258 989 ad
3301 936 3558 1006 Moysen:

1987 1021 2208 1077 Phineas
2245 1023 2387 1092 ﬁlius
2413 1023 2656 1078 Eleasari
2683 1023 2783 1093 ﬁlii
2821 1024 3000 1079 Aaron
3029 1026 3314 1078 sacerdotis
3375 1029 3563 1082 avertit

1984 1115 2118 1167 iram
2151 1131 2318 1166 meam
2338 1131 2370 1166 a
2414 1113 2540 1182 ﬁliis
2565 1113 2735 1168 Israel
2763 1131 2782 1177 ;
2823 1115 2955 1178 quia
2994 1115 3106 1168 zelo
3134 1132 3244 1168 meo
3279 1125 3567 1168 commotus

1983 1215 2058 1258 est
2079 1215 2259 1258 contra
2287 1221 2405 1268 eos;
2453 1214 2640 1258 utnon
2694 1205 2803 1274 ipse
2831 1205 3054 1260 delerem
3107 1205 3245 1274 filios
3293 1204 3461 1260 Israel
3510 1206 3564 1258 in

1984 1297 2094 1350 zelo
2131 1313 2279 1351 meo:
2308 1295 2506 1351 idcirco
2533 1296 2742 1367 loquere
2789 1296 2859 1348 ad
2900 1311 3017 1348 eum
3042 1311 3060 1348 :
3089 1294 3226 1350 Ecce
3259 1295 3327 1348 do
3367 1297 3414 1348 ei
3461 1311 3561 1364 pa-

1982 1405 2090 1442 cem
2116 1389 2322 1458 [aderis
2346 1389 2467 1452 mei,
2493 1398 2540 1442 et
2561 1388 2660 1441 erit
2683 1397 2790 1442 tam
2813 1388 2913 1457 ipsi
2939 1403 3099 1456 quam
3123 1387 3310 1440 semini
3334 1387 3450 1456 ejus
3473 1403 3565 1456 pa-

1981 1489 2122 1534 ctum
2151 1479 2427 1533 sacerdotii
2458 1479 2850 1548 sempiternum,
2877 1478 3001 1548 quia
3028 1476 3224 1530 zelatus
3249 1486 3322 1531 est
3345 1494 3438 1546 pro
3453 1477 3560 1530 Deo

1981 1587 2078 1625 suo
2101 1571 2288 1642 (Num.
2327 1585 2452 1634 xxv,
2477 1569 2587 1639 ll).
2615 1570 2680 1622 Et
2712 1579 2762 1623 te
2791 1583 2940 1638 ergo,
2968 1568 3252 1621 mitissime
3283 1583 3397 1630 rex,
3416 1567 3564 1621 zelus

1982 1661 2176 1716 domus
2201 1659 2412 1713 Domini
2441 1657 2836 1712 rationabiliter
2872 1656 3138 1720 comedat,
3166 1655 3220 1710 in
3272 1672 3378 1725 qua
3406 1655 3565 1711 domo

1984 1752 2079 1806 Dei
2102 1759 2158 1806 et
2199 1759 2254 1806 tn
2289 1749 2590 1805 membrum
2633 1763 2694 1804 es
2722 1747 2961 1803 Christi:
2994 1747 3189 1802 debent
3233 1747 3435 1803 etenim
3474 1763 3566 1800 ca—

309 1848 450 1914 Quia
475 1847 642 1902 omnis
667 1848 756 1918 qui
781 1863 834 1900 se
859 1845 1183 1910 exaltaverit,
1213 1845 1612 1898 humiliabitur:
1639 1854 1688 1898 et
1712 1858 1802 1915 qut
1824 1859 1879 1897 se
1905 1825 1954 1886 Β
1980 1851 2077 1914 put
2102 1843 2253 1911 sequi
2281 1844 2542 1896 membra.
2588 1839 2646 1895 Si
2693 1841 2820 1909 quid
2853 1840 2992 1894 forte
3028 1853 3341 1908 perversum
3373 1841 3425 1893 in
3464 1841 3566 1894 Ec—

307 1939 690 2004 humiliaverit,
736 1937 1053 1992 exaltabitur
1098 1937 1117 2009 (
1144 1937 1336 1991 Matth.
1365 1952 1534 2002 xxtu,
1563 1937 1632 1990 12
1653 1936 1693 2005 ).
1732 1935 1880 1991 Unus

304 2047 372 2084 ex
402 2029 505 2084 illis
532 2045 658 2084 cum
687 2029 740 2082 in
771 2026 944 2084 oculis
973 2029 1085 2083 suis
1115 2027 1304 2083 fuisset
1332 2028 1597 2092 elevatus,
1629 2028 1682 2081 in
1709 2026 1880 2082 oculis

306 2121 522 2177 Domini
566 2119 708 2187 iuste
751 2129 836 2175 est
881 2119 1236 2175 humiliatus:
1287 2119 1424 2174 alius
1468 2135 1590 2175 cum
1632 2119 1880 2174 inoculis

305 2211 422 2267 suis
450 2210 726 2264 humiliter
751 2209 942 2264 fuisset
968 2209 1272 2279 despectus,
1295 2209 1346 2264 in
1377 2209 1548 2265 oculis
1570 2208 1662 2263 Dei
1684 2209 1878 2263 decen-

305 2310 390 2356 ter
433 2309 516 2355 est
561 2300 844 2355 exaltatus.
891 2299 1120 2354 Iinmilia
1165 2309 1218 2354 te
1258 2315 1418 2371 ergo,
1448 2313 1576 2364 rex,
1609 2300 1663 2353 in
1706 2299 1877 2354 oculis

305 2391 445 2454 tuis,
475 2398 534 2444 ut
575 2389 834 2445 exalteris
874 2389 928 2444 in
971 2390 1141 2444 oculis
1180 2391 1427 2456 Domini;
1460 2391 1587 2460 quia
1617 2399 1877 2459 quantum

304 2479 561 2532 humilior
588 2477 754 2534 lueris
791 2480 846 2533 in
876 2489 1166 2549 conspectu
1198 2489 1321 2547 tuo,
1355 2488 1562 2536 tantum
1591 2481 1879 2552 gloriosior

300 2571 416 2626 eris
445 2570 499 2625 in
527 2581 818 2641 conspectu
845 2570 1129 2626 Altissimi.

866 2658 1094 2714 CAPUT
1143 2659 1304 2716 XVII.

959 2750 1037 2804 De
1083 2768 1230 2822 pace.

374 2837 541 2896 Nemo
583 2841 727 2897 enim
767 2857 826 2897 se
865 2842 1006 2910 apud
1043 2841 1214 2896 Deum
1253 2842 1424 2913 magis
1451 2841 1682 2907 exaltat,
1712 2859 1874 2914 quam

299 2931 394 3002 qui
424 2946 483 2986 se
510 2933 650 3000 apud
679 2931 1026 3000 semetipsum
1052 2937 1270 2999 propter
1297 2931 1462 2984 Deum
1491 2930 1760 2985 bumiliat.
1792 2931 1875 2987 Ad

297 3023 404 3077 hoc
433 3021 576 3076 enim
608 3037 639 3076 a
670 3021 894 3075 Domino
923 3022 1141 3075 humilis
1180 3021 1464 3084 exaltatur,
1511 3030 1571 3077 ut
1610 3021 1751 3077 ﬁlius
1779 3022 1874 3077 Dei

297 3122 355 3167 et
383 3113 554 3168 haeres
583 3111 783 3166 Christi
811 3120 1053 3192 vocetur.
1087 3111 1319 3166 Tantum
1347 3121 1432 3166 est
1467 3119 1527 3167 ut
1560 3126 1752 3183 pacem
1790 3127 1875 3167 se-

296 3213 518 3273 quatur,
555 3204 682 3272 quia
717 3219 908 3272 pacem
943 3217 1187 3272 quaerere
1216 3203 1412 3269 debet,
1443 3212 1499 3259 et
1537 3204 1689 3273 sequi
1730 3204 1871 3259 ﬁlius

293 3293 467 3363 pacis.
518 3291 721 3346 Taliter
747 3292 890 3346 enim
918 3307 1016 3346 nos
1044 3292 1300 3347 admonet
1320 3292 1610 3363 Apostolus
1641 3293 1826 3349 dicens
1852 3311 1867 3348 :

297 3381 496 3436 Pacem
520 3382 794 3451 sequimini
821 3398 940 3434 cum
965 3382 1204 3436 omnibus
1225 3391 1274 3436 et
1300 3385 1732 3448 sanctimoniam,
1761 3384 1872 3438 sine

293 3490 399 3542 qua
441 3488 545 3526 non
589 3471 822 3526 videbitis
868 3471 1030 3526 Deum
1057 3472 1075 3542 (
1100 3471 1262 3526 Hebr.
1291 3489 1402 3539 xu,
1433 3473 1559 3544 14).
1591 3474 1709 3543 Ipse
1737 3489 1872 3542 quo-

294 3576 402 3632 que
430 3561 690 3616 Dominus
719 3563 772 3616 iu
803 3560 1094 3632 Evangelio
1123 3563 1199 3616 ait
1227 3580 1240 3616 :
1274 3563 1428 3617 Beati
1453 3565 1661 3632 paciﬁci
1691 3580 1711 3618 :
1739 3581 1869 3634 quo—

295 3653 442 3706 niam
467 3651 564 3720 ﬁlii
595 3651 691 3706 Dei
716 3640 1035 3706 vocabuntur
1060 3652 1290 3724 (Matth.
1315 3670 1379 3719 ν,
1409 3654 1502 3727 9).
1534 3654 1667 3708 Nam
1695 3663 1750 3708 et
1778 3654 1866 3708 in-

293 3751 378 3796 ter
403 3758 500 3797 sua
530 3743 712 3797 divina
741 3743 990 3798 mandata
1015 3751 1071 3797 et
1093 3743 1404 3814 magisteria
1429 3741 1686 3797 salutaria
1704 3781 1718 3806 ,
1747 3757 1870 3813 pas-

291 3830 438 3885 sioni
480 3829 595 3900 jam
646 3832 924 3900 proximus
970 3832 1072 3886 hoc
1121 3831 1278 3886 nobis
1326 3839 1656 3902 praeceptum
1703 3843 1870 3902 atque

287 3921 604 3976 mandatum
627 3923 1024 3977 commendavit
1046 3922 1294 3978 Salvator
1314 3923 1749 3978 custodiendum.
1776 3923 1868 3977 Ait

285 4013 438 4068 enim
463 4026 478 4065 :
508 4011 700 4066 Pacem
725 4027 893 4066 meam
917 4013 984 4066 do
1013 4014 1152 4068 vobis
1183 4012 1374 4084 (Joaa.
1402 4029 1492 4068 xtv
1511 4054 1527 4080 ,
1553 4013 1619 4067 ει
1641 4018 1680 4084 ).
1717 4013 1868 4071 Hanc

289 4108 452 4164 nobis
500 4109 869 4164 btereditatem
918 4112 1215 4166 ascendens
1265 4111 1523 4165 Dominus
1568 4110 1620 4164 in
1670 4109 1866 4165 cmlum

289 4199 544 4268 reliquit;
573 4208 628 4254 et
653 4201 802 4269 sequi
827 4217 948 4255 eam
973 4217 1068 4271 per
1093 4217 1250 4256 suum
1279 4201 1648 4256 ﬁdelissimum
1683 4217 1866 4271 regem

287 4288 458 4342 David
479 4297 642 4358 atque
662 4289 976 4358 prophetam
1005 4291 1311 4345 mandavit:
1344 4291 1551 4345 Diverte
1575 4309 1607 4345 a
1631 4290 1790 4355 malo,
1817 4301 1865 4344 et

289 4375 378 4444 fac
407 4376 596 4430 bonum
619 4391 638 4430 :
669 4379 872 4448 inquire
895 4396 1104 4448 pacem,
1131 4391 1180 4434 et
1205 4397 1509 4451 persequere
1534 4397 1649 4435 eam
1676 4379 1860 4451 (Psal.

1978 1933 2140 1988 ciesia
2164 1933 2361 1987 videris
2396 1931 2618 1996 Christi,
2645 1940 2830 2000 satage
2875 1931 3172 1998 corrigere,
3197 1938 3252 1984 et
3274 1930 3566 1984 emendare

1978 2038 2086 2078 non
2111 2037 2310 2077 cesses.
2339 2022 2395 2076 Si
2422 2023 2624 2076 videris
2655 2023 2890 2091 aliquem
2925 2022 2976 2076 in
3013 2022 3172 2076 domo
3198 2023 3315 2087 Dei,
3343 2037 3464 2091 qua:
3481 2031 3566 2076 est

1977 2114 2237 2179 Ecclesia,
2269 2129 2489 2168 currere
2513 2114 2581 2168 ad
2623 2113 2917 2178 luxuriam,
2947 2113 3014 2167 ad
3037 2114 3384 2177 ebrietatem,
3436 2129 3562 2183 pro-

1976 2204 2122 2269 bibe,
2139 2212 2284 2268 veta,
2314 2213 2476 2268 terre,
2505 2204 2550 2257 si
2603 2204 2750 2259 zelus
2777 2204 2970 2259 domus
2997 2204 3088 2259 Dei
3119 2204 3354 2259 comedit
3397 2213 3468 2259 tc.
3503 2204 3562 2258 Si

1977 2295 2177 2351 videris
2214 2296 2466 2365 superbia
2515 2294 2759 2349 inﬂatum
2795 2336 2810 2361 ,
2863 2304 2958 2350 aut
3007 2297 3284 2350 iracundia
3339 2313 3560 2364 saevum,

1976 2398 2069 2442 aut
2123 2388 2376 2442 violentia
2422 2388 2801 2450 temulentum,
2837 2397 2931 2444 aut
2985 2389 3154 2444 livore
3197 2388 3382 2445 fratris
3427 2393 3564 2446 invi-

1975 2477 2122 2539 dum,
2149 2484 2243 2530 aut
2280 2476 2499 2530 libidine
2527 2477 2826 2542 incensum,
2863 2485 2956 2532 aut
2987 2478 3214 2532 avaritia
3243 2479 3445 2547 rapinae
3474 2481 3564 2536 de-

1975 2565 2167 2630 ditum,
2193 2563 2288 2619 a'ut
2313 2565 2634 2620 crudelitate
2671 2565 2998 2631 violentum,
3047 2568 3281 2636 reprime
3327 2583 3520 2623 ontnes
3545 2608 3560 2634 ,

1975 2659 2184 2711 minare
2205 2657 2475 2722 omnibus,
2507 2666 2563 2712 et
2591 2657 2804 2714 refrena
2841 2653 3184 2714 hverissime
3203 2675 3416 2714 omnes.
3448 2660 3558 2716 Fac

1975 2748 2233 2818 quidquid
2267 2757 2422 2818 potes
2446 2764 2542 2818 pro
2579 2764 2812 2819 persona
2853 2765 3015 2819 quam
3041 2760 3242 2820 gestas,
3266 2768 3367 2822 pro
3399 2753 3560 2807 min-i-

1974 2841 2143 2896 sterio
2166 2841 2330 2910 regali
2358 2841 2499 2910 quod
2513 2849 2716 2910 portas,
2734 2857 2832 2912 pro
2856 2843 3073 2897 nomine
3099 2843 3394 2900 Christiani
3416 2845 3559 2914 quod

1974 2929 2161 2996 habes,
2185 2942 2285 2999 pro
2313 2931 2430 2984 vice
2467 2931 2666 2984 Christi
2699 2945 2803 2999 qua
2830 2930 3090 3002 fungaris.
3125 2931 3241 2987 Noli
3270 2934 3553 3002 quiescere

1974 3019 2172 3075 lucrari
2197 3020 2493 3087 Christum,
2521 3021 2644 3090 quia
2676 3020 2914 3076 lucratus
2940 3037 2999 3076 es
3023 3037 3053 3075 a
3091 3021 3329 3088 Christo,
3356 3034 3410 3079 et
3435 3039 3561 3094 per-

1978 3112 2094 3167 Ilcis
2120 3113 2176 3167 in
2207 3120 2299 3167 te:
2329 3109 2484 3166 Zelus
2514 3111 2700 3166 domus
2729 3113 2948 3166 comedit
2979 3129 3078 3166 me.
3109 3114 3214 3168 Iste
3233 3115 3377 3169 enim
3411 3116 3561 3170 zelus

1901 3164 1945 3226 Ο
1976 3201 2206 3258 salutem
2237 3197 2441 3265 tribuit,
2472 3201 2630 3255 ﬁdem
2667 3203 2882 3266 retinet,
2906 3203 3219 3271 pudicitiam
3242 3217 3445 3270 servat,
3472 3221 3559 3260 re-

1973 3295 2293 3350 otitudinem
2318 3302 2466 3348 amat
2488 3331 2505 3360 ,
2550 3302 2606 3348 et
2631 3294 2930 3348 Ecclesium
2966 3295 3059 3348 Dei
3095 3295 3326 3367 gloriosa
3353 3297 3560 3352 vivaci-

1973 3397 2082 3442 tate
2112 3387 2369 3443 custodit.

2561 3475 2790 3532 CAPUT
2819 3476 2962 3530 XIX.

2573 3566 2652 3620 De
2679 3567 2972 3620 clementia.

2040 3656 2309 3712 Memento
2335 3655 2462 3727 quia
2492 3656 2571 3711 sic
2600 3655 2781 3724 debes,
2802 3670 3057 3712 exercere
3096 3657 3437 3713 rectitudinis
3466 3673 3557 3713 ze-

1968 3748 2103 3812 lum,
2127 3755 2186 3803 ut
2232 3746 2554 3801 humilitatis
2591 3755 2755 3816 atque
2794 3745 3093 3801 clementiae
3130 3762 3236 3801 non
3283 3747 3556 3817 relinquas

1970 3836 2224 3890 olicium.
2253 3835 2392 3890 Audi
2427 3837 2570 3904 quod
2594 3837 2853 3905 scriptum
2888 3843 2972 3890 est
2997 3853 3009 3889 :
3036 3835 3322 3890 Clementia
3343 3852 3552 3907 pra’pa-

1970 3935 2053 3979 rat
2077 3927 2238 3981 vitam
2259 3945 2278 3983 :
2307 3934 2354 3979 et
2376 3927 2590 3980 sectatio
2611 3925 3127 3991 malorum,mortem
3142 3924 3324 3996 (Prov.
3346 3941 3419 3988 XI,
3439 3925 3552 3996 I9).

1969 4017 2085 4073 Non
2108 4019 2251 4076 enim
2271 4019 2707 4088 parvipcndenda
2729 4026 2849 4083 est,
2903 4017 2995 4072 sed
3039 4031 3378 4086 summopere
3409 4031 3556 4087 qua:-

1972 4108 2159 4173 reuda,
2174 4108 2506 4176 ﬁrmiterque
2537 4107 2767 4162 tenenda
2793 4108 2983 4172 virtus,
3007 4121 3126 4176 qua:
3149 4107 3301 4162 nobis
3326 4107 3552 4161 immor-

1969 4202 2129 4256 talem
2155 4208 2210 4256 et
2235 4209 2494 4255 aeternam
2518 4208 2792 4270 praeparat
2825 4199 3014 4253 vitam.
3043 4199 3159 4253 Non
3198 4198 3342 4253 enim
3367 4199 3552 4253 turbu-

1968 4291 2112 4345 lento
2140 4293 2359 4357 animo,
2410 4292 2504 4346 sed
2549 4305 2672 4345 cum
2711 4289 2995 4344 clementia
3046 4289 3213 4343 debes
3267 4287 3553 4357 disponere

1969 4389 2184 4438 cuncta.
2210 4382 2466 4448 Quamvis
2495 4397 2624 4452 ergo
2668 4396 2800 4436 auro
2825 4381 3062 4435 nitescas
3089 4389 3142 4434 et
3162 4394 3420 4449 purpura,
3451 4380 3551 4433 hu-

287 4484 492 4531 xxxm,
523 4470 590 4524 l5
611 4469 651 4540 ).
687 4469 743 4524 Si
786 4472 925 4526 hanc
964 4472 1107 4526 enim
1150 4474 1365 4527 sincero
1397 4472 1561 4528 corde
1590 4474 1740 4542 sequi
1773 4489 1866 4527 νο·
1891 4505 1942 4563 D
1969 4471 2212 4526 militatis
2239 4486 2344 4525 non
2374 4471 2539 4526 debes
2593 4469 2827 4539 abjicere
2870 4469 3244 4536 clementiam;
3298 4468 3552 4538 quamvis

286 4559 580 4625 luerimus,
611 4560 809 4616 Christi
836 4562 1078 4618 haeredes
1101 4564 1341 4628 erimus;
1374 4565 1419 4618 si
1449 4572 1628 4618 autem
1658 4563 1863 4619 Christi

287 4652 534 4707 lunt-edes
579 4654 825 4720 cupimus
871 4669 1024 4717 esse,
1081 4654 1136 4709 in
1184 4655 1386 4711 Christi
1430 4671 1560 4726 pace
1607 4655 1866 4712 debemus

286 4741 517 4796 versari.
549 4741 607 4797 Si
638 4743 730 4797 ﬁlii
760 4743 855 4798 Dei
895 4760 1109 4812 sumus,
1150 4747 1358 4816 paciﬁci
1397 4761 1515 4802 esse
1557 4747 1816 4803 debemus
1845 4765 1860 4802 :

285 4835 546 4904 paciﬁcos
584 4837 727 4890 enim
770 4845 982 4907 Oportet
1017 4853 1137 4893 esse
1176 4840 1270 4894 Dei
1315 4837 1454 4894 ﬁlios
1493 4848 1549 4894 et
1587 4838 1819 4893 humiles
1844 4878 1860 4903 ,

287 4931 474 4978 mente
502 4925 690 4991 mites,
721 4927 884 4981 corde
912 4927 1212 4997 simplices,
1245 4944 1495 4985 sermone
1520 4945 1714 5000 puros,
1747 4930 1867 4983 ani-

286 5029 380 5069 mo
410 5015 754 5083 innocentes,
786 5016 978 5072 atl‘ectu
1017 5020 1342 5086 concordes,
1386 5020 1614 5076 ﬁdeliter
1652 5021 1868 5077 sibimet

283 5105 622 5159 unanimiter
647 5107 1001 5160 cohaerentes.

857 5195 1084 5253 CAPUT
1121 5197 1303 5252 XVIII.

762 5284 840 5339 De
872 5285 982 5340 zelo
1019 5287 1362 5342 rectitudinis.

359 5371 513 5430 Viam
544 5377 750 5448 regiam
772 5393 954 5450 perge,
982 5394 1112 5444 rex;
1153 5396 1221 5435 ne
1236 5381 1473 5436 declines
1497 5382 1565 5437 ab
1596 5396 1659 5436 ea
1687 5397 1864 5453 neque

279 5466 355 5522 ad
407 5467 708 5533 dexteram,
745 5484 922 5538 neque
972 5471 1039 5524 ad
1080 5472 1391 5526 sinistram:
1422 5473 1502 5527 sic
1548 5473 1691 5528 enim
1742 5481 1864 5529 tene

275 5558 776 5614 viam'humilitatis
798 5569 854 5615 et
888 5561 1059 5630 pacis,
1092 5569 1150 5615 ut
1197 5577 1227 5616 a
1258 5561 1372 5616 zelo
1398 5559 1504 5617 non
1526 5563 1762 5618 declines
1787 5578 1866 5619 re-

279 5647 583 5703 ctitudinis.
645 5645 809 5712 Tene,
841 5650 1080 5720 inquam,
1109 5667 1234 5715 rex,
1288 5653 1644 5708 humilitatem
1680 5663 1735 5708 et
1769 5669 1865 5723 pa-

278 5752 442 5803 cem;
482 5747 538 5794 et
564 5739 630 5794 ad
684 5740 852 5796 Deum
890 5757 1014 5796 cum
1053 5743 1221 5798 David
1254 5742 1462 5811 clama,
1510 5751 1566 5802 et
1606 5744 1726 5798 dic:
1758 5742 1860 5798 Ze-

1970 4562 2135 4633 regali
2173 4562 2319 4618 cuitu
2362 4563 2741 4632 resplendea's,
2783 4564 2852 4618 ab
2899 4563 3222 4618 humilitatis
3265 4560 3548 4616 clementia

1969 4668 2074 4707 non
2103 4654 2354 4720 recedas;
2402 4655 2649 4723 quamvis
2701 4654 3018 4724 pepulerurn
3066 4653 3143 4708 sis
3184 4651 3549 4707 circumdatus

1929 4781 1937 4789 .
1967 4743 2328 4810 multitudine,
2358 4755 2413 4798 tu
2445 4753 2620 4799 tamen
2645 4745 2789 4815 piam
2828 4744 3168 4799 clementiam
3203 4753 3326 4799 tene
3351 4761 3364 4798 :
3391 4759 3546 4813 rega-

1972 4836 2040 4890 lis
2067 4838 2210 4891 enim
2238 4838 2410 4892 virtus
2453 4848 2558 4904 est,
2590 4846 2644 4892 et
2673 4838 2937 4893 bonorum
2975 4852 3158 4907 regum
3205 4846 3387 4892 custos
3433 4843 3538 4892 est.

1968 4925 2117 4981 Illam
2143 4928 2288 4983 enim
2308 4929 2675 4992 custodiendo,
2693 4929 2912 4984 illorum
2945 4929 3126 4999 proles
3146 4927 3469 4992 servabitur,
3491 4935 3548 4982 et

1969 5019 2198 5073 thronus
2226 5018 2440 5073 illorum
2471 5018 2806 5074 solidabitnr.
2841 5018 2932 5073 Sic
2959 5020 3103 5073 enim
3133 5020 3395 5089 scriptum
3418 5027 3502 5076 est
3526 5037 3540 5072 :

1970 5111 2335 5166 Misericordia
2357 5121 2406 5166 et
2431 5114 2619 5166 veritas
2647 5113 2949 5168 custodiunt
2971 5130 3162 5184 regem,
3192 5124 3238 5170 et
3265 5115 3546 5168 roboratur

1965 5201 2236 5257 clementia
2262 5203 2478 5257 thronus
2513 5202 2626 5272 ejus
2665 5199 2846 5274 (Prae.
2879 5221 2970 5269 χι,
2994 5203 3108 5277 93).
3140 5204 3257 5275 Ipsa
3278 5215 3361 5260 est
3387 5204 3532 5259 enim

1965 5307 2086 5361 qua:
2112 5292 2264 5347 lzetos
2314 5293 2427 5362 regi
2455 5290 2584 5347 facit
2611 5294 2818 5348 servire
2864 5297 3119 5366 populos:
3151 5297 3262 5366 ipsa
3295 5302 3378 5350 est
3421 5305 3542 5361 qua:

1958 5381 2349 5452 iucundissime
2395 5382 2538 5453 regis
2597 5381 2725 5438 facit
2759 5384 3080 5441 bilarcscere
3110 5387 3351 5448 vultum,
3401 5381 3543 5435 sicut

1967 5474 2220 5529 Salomon
2273 5473 2382 5526 ait:
2414 5471 2481 5525 In
2505 5471 2774 5529 hilaritate
2823 5477 2992 5530 vultus
3045 5477 3216 5544 regis,
3273 5475 3413 5527 rita:
3440 5469 3544 5524 cle-

1965 5564 2160 5618 mentia
2185 5563 2299 5632 ejus
2323 5563 2457 5617 sicut
2477 5563 2640 5618 imber
2661 5567 2920 5620 serotinus
2955 5564 3134 5637 (Prov.
3156 5579 3271 5628 xvr,
3299 5561 3407 5633 I5).
3424 5560 3541 5628 Ipsa

1965 5663 2198 5724 estquae
2236 5655 2488 5712 omnibus
2530 5655 2584 5711 in
2613 5657 2812 5725 palatio
2840 5654 3393 5725 rcgisjucunditatem
3435 5649 3540 5706 mi-

1968 5744 2163 5800 nistrat
2197 5753 2360 5815 atque
2385 5746 2654 5812 laetitiam;
2690 5747 2800 5814 ipsa
2851 5754 2932 5801 est
2970 5761 3088 5815 quae
3110 5745 3318 5802 cunctis
3355 5757 3490 5817 puer
3519 5757 3548 5800 ε
