3992 6206
435 360 542 418 959
1735 337 2088 398 SMARAGDI

2125 334 2416 392 ABBATIS
3598 315 3720 370 950

438 477 582 547 regis
603 474 751 544 larga
777 472 914 528 dona
943 465 1288 538 multiplicat;
1307 465 1420 535 ipsa
1449 469 1666 531 estquae
1689 456 1940 529 parvulos
1958 461 2013 508 et
2040 455 2089 516 Α
2114 451 2300 520 pulum
2337 448 2432 504 Dei
2455 445 2600 515 iuste
2647 442 2900 513 judicans
2927 434 3269 547 gubernavit.
3302 431 3410 488 Per
3430 431 3574 547 h‘anc
3590 432 3717 547 Σίτ-

433 569 660 638 juvenes
687 577 952 633 senesque
975 560 1244 623 lzetillcat;
1289 557 1405 627 ipsa
1429 562 1513 610 est
1533 567 1654 624 qua:
1675 564 1774 621 per
1795 555 2019 603 cunctos

437 659 624 731 palatii
653 654 875 725 angulos
911 654 1061 708 laetos
1091 651 1221 707 facit
1242 650 1550 705 discurrere
1585 653 1774 706 natos;
1807 641 1922 710 ipsa
1937 646 2021 692 est

437 730 559 818 quae
583 745 853 802 nonnullis
879 744 1087 807 oscula,
1112 741 1385 813 plerisque
1412 737 1687 793 ministrat
1716 730 2016 801 amplexus.

440 837 574 891 Volo
598 851 749 907 ergo,
777 834 1198 890 clementissime
1243 845 1358 892 rex,
1393 836 1453 882 ut
1498 834 1553 882 et
1591 826 1644 879 in
1693 833 1786 877 tuo
1821 820 2024 889 iugiter

440 928 591 981 vultu
623 926 966 994 resplendeat
988 923 1290 978 clementiae
1335 920 1522 980 virtus,
1552 929 1672 986 quae
1700 913 1910 970 cunctis
1934 912 2024 966 las-

441 1020 616 1073 titiam
644 1018 962 1085 cunctisque
985 1015 1253 1070 ministret
1275 1024 1536 1066 amorem.

1041 1103 1269 1161 CAPUT
1307 1101 1428 1156 XX.

1051 1197 1129 1249 De
1181 1193 1434 1270 consilio.‘

513 1291 581 1345 Et
604 1298 663 1344 ut
704 1289 817 1343 lucc
845 1287 1024 1341 omnia
1055 1299 1177 1338 cum
1210 1280 1438 1337 consilio
1485 1293 1634 1348 agas,
1666 1274 1943 1344 Scriptura
1976 1280 2028 1328 te

442 1380 624 1434 divina
667 1394 763 1448 per
803 1376 1146 1431 Salomoncm
1194 1371 1496 1432 admonet,
1553 1367 1776 1421 dicens:
1811 1364 2028 1418 Astutus

444 1473 622 1526 omnia
651 1473 757 1540 agit
809 1485 926 1523 cum
979 1465 1198 1520 consilio
1251 1462 1434 1534 (Prov.
1467 1474 1588 1524 xm,
1629 1458 1748 1529 l6);
1793 1465 1849 1511 et
1875 1455 2031 1510 Jesus

445 1560 590 1614 ﬁlius
617 1560 807 1614 Sirach
831 1559 907 1611 ait
932 1575 946 1610 :
974 1554 1102 1618 Fili,
1125 1555 1236 1607 sine
1258 1550 1477 1605 consilio
1501 1547 1631 1602 nihil
1650 1547 1818 1616 facias
1835 1542 2027 1615 (Eccli.

445 1665 618 1713 xxxii,
647 1648 760 1719 (Μ).
792 1648 858 1702 Ει
882 1654 940 1700 ιιι
967 1645 1241 1714 sapienter
1270 1650 1328 1696 et
1349 1656 1472 1695 cum
1501 1637 1786 1707 disciplina
1818 1643 1873 1689 et
1897 1649 2028 1689 cum

445 1743 673 1799 consilio
699 1756 913 1809 semper
958 1739 1130 1801 vivas,
1173 1736 1312 1790 idem
1348 1742 1399 1787 te
1439 1730 1691 1786 Salomon
1744 1729 2028 1790 admonet,

2121 553 2291 600 tutem
2322 542 2530 599 consilii
2555 540 2723 595 David
2750 537 2961 594 Goliam
2991 531 3290 595 interfecit,
3313 544 3437 584 cum
3462 527 3718 583 leonibus

2119 633 2269 697 lusit,
2293 640 2351 687 ει
2372 645 2597 700 regnum
2621 636 2906 696 acceptum
2944 623 3244 695 prudenter
3267 629 3323 673 et
3352 616 3565 672 fortiter
3616 630 3719 685 gu-

2121 723 2391 780 bernavit.
2445 721 2549 777 Per
2577 720 2720 774 hanc
2743 717 3001 772 virtutem
3028 709 3244 768 consilii
3301 707 3560 762 Salomon
3588 718 3719 758 cum

2119 829 2254 884 pace
2276 813 2528 883 gentibus
2564 806 2876 879 imperavit,
2900 813 2955 860 et
2985 802 3219 858 sublime
3244 799 3476 854 Domino
3505 796 3562 850 in
3586 793 3717 849 Hie-

2123 903 2358 958 rusalem
2423 900 2679 969 templum
2730 895 3039 954 aediﬁcavit.
3103 891 3208 947 Per
3262 891 3406 946 hanc
3453 889 3717 942 virtutem

2121 993 2332 1049 consilii
2357 992 2502 1048 Elias
2523 991 2610 1047 bis
2631 989 3043 1058 quinquagenos
3058 981 3184 1038 coeli
3203 981 3329 1051 igne
3356 977 3717 1046 consumpsit,

2123 1103 2365 1160 congruo
2388 1095 2630 1157 tempore
2679 1082 2803 1140 εωιί
2835 1080 3075 1150 pluviam
3118 1075 3367 1140 distulit,
3427 1081 3482 1128 et
3519 1073 3719 1128 iterum

2125 1195 2364 1251 congruo
2384 1219 2398 1244 ,
2453 1176 2684 1231 Domino
2733 1172 3065 1244 opitulante,
3122 1166 3361 1225 reduxit.
3411 1163 3518 1218 Per
3576 1163 3724 1218 hanc

2126 1272 2384 1325 virtutem
2410 1267 2624 1324 consilii
2645 1273 2933 1335 martyres,
2955 1269 3017 1316 ut
3041 1268 3298 1315 aeternam
3321 1272 3352 1311 a
3374 1255 3605 1310 Domino
3631 1269 3725 1307 ac-

2129 1362 2373 1431 ciperent
2398 1359 2592 1424 vitam,
2625 1354 2789 1411 morti
2817 1349 3102 1422 temporali
3125 1364 3185 1404 se
3225 1345 3592 1402 tradiderunt.
3615 1341 3726 1396 Per

2129 1455 2272 1509 hanc
2297 1453 2552 1506 virtutem
2576 1446 2790 1504 consilii
2818 1443 3059 1515 virgines
3080 1449 3138 1498 et
3151 1438 3495 1495 confessores
3523 1437 3580 1490 in
3604 1451 3728 1492 scr-

2131 1541 2266 1596 vitio
2296 1539 2509 1596 Domini
2531 1551 2705 1607 usque
2732 1536 2788 1589 in
2811 1533 2974 1589 finem
2996 1535 3505 1602 perseveraverunt.

2202 1632 2270 1686 Et
2301 1639 2358 1685 tu
2387 1644 2538 1700 ergo,
2551 1642 2690 1692 ,rex,
2726 1625 2908 1680 omnia
2966 1637 3088 1693 quae
3116 1621 3232 1691 agis
3252 1660 3269 1685 ,
3318 1635 3443 1674 cum
3488 1618 3724 1673 consilio

2133 1733 2255 1793 age,
2286 1720 2412 1790 quia
2439 1718 2701 1788 scriptum
2723 1722 2807 1771 est
2831 1729 2846 1768 :
2879 1713 2946 1767 Et
2977 1714 3034 1766 in
3073 1713 3155 1765 his
3179 1711 3417 1766 omnibus
3444 1710 3732 1780 deprecare

445 1833 672 1887 dicens:
713 1799 1171 1888 Audiconsilium,
1208 1833 1255 1877 et
1279 1822 1481 1891 suscipe
1507 1819 1859 1888 disciplinam,
1883 1826 1940 1870 ut
1958 1816 2030 1870 sis
2061 1799 2106 1857 Β
2132 1813 2457 1868 Altissimum
2501 1821 2559 1864 ut
2609 1807 2804 1876 dirigat
2843 1805 2900 1859 in
2938 1804 3155 1858 veritate
3204 1803 3338 1858 viam
3369 1811 3533 1855 tuam.
3589 1801 3730 1854 Ante

446 1925 654 1994 sapiens
682 1924 736 1976 in
762 1920 1055 1975 novissimis
1105 1917 1207 1970 tuis
1233 1913 1415 1986 (Prov.
1443 1929 1559 1976 xu,
1589 1910 1703 1980 20).
1735 1909 1844 1976 Qui
1871 1917 2033 1979 agunt

447 2022 636 2066 cuncta
683 2010 800 2065 cum
860 1995 1100 2071 consilio,
1130 2015 1381 2076 reguntur
1419 2003 1675 2073 sapientia
1702 1999 1884 2071 (Prov.
1914 2014 2031 2064 xm,

449 2099 560 2167 10).
593 2098 926 2166 Dissipantur
960 2093 1300 2163 cogitationes
1328 2089 1416 2143 ubi
1455 2105 1558 2142 non
1595 2097 1670 2141 est
1714 2083 1992 2140 consilium
2014 2095 2034 2136 :

449 2189 538 2242 ubi
567 2204 684 2241 vero
718 2189 892 2256 plures
922 2194 1044 2238 sunt
1067 2181 1392 2242 consiliarii,
1442 2177 1826 2247 conﬁrmantur
1847 2174 2033 2246 (Prov.

449 2295 544 2344 xv,
572 2278 685 2348 2‘2).
726 2277 845 2345 Ipse
875 2277 1069 2330 iterum
1092 2274 1170 2327 ait
1193 2290 1208 2326 :
1243 2269 1515 2341 Unguento
1536 2277 1586 2324 et
1609 2267 1767 2321 variis
1790 2265 2038 2320 odoribus

452 2368 743 2423 delectatur
753 2383 845 2420 cor
865 2380 883 2417 :
914 2375 962 2420 et
989 2365 1134 2418 bonis
1154 2362 1308 2416 amici
1333 2359 1566 2415 consiliis
1589 2358 1766 2411 anima
1783 2355 2036 2410 dulcora-

457 2469 546 2513 tur
596 2457 779 2526 (Prov.
814 2471 985 2520 xxvn,
1011 2454 1090 2525 9).
1124 2453 1255 2507 Cum
1277 2450 1616 2520 dispositione
1636 2448 1802 2501 initur
1824 2444 2035 2509 bellant,

451 2557 502 2601 et
527 2548 624 2602 erit
663 2545 809 2600 salus
846 2546 936 2598 ubi
973 2543 1139 2598 multa
1177 2540 1398 2596 consilia
1434 2548 1555 2594 sunt
1577 2535 1761 2605 (Prov.
1796 2534 2034 2606 xxxv,6).

456 2639 648 2710 Magna
676 2637 876 2691 ctenim
915 2651 1002 2690 res
1027 2631 1466 2694 esthnsilium,
1513 2637 1568 2684 ct
1617 2627 1832 2698 regibus
1883 2624 2040 2679 valde

453 2729 842 2793 necessarium,
871 2735 925 2782 et
955 2742 1062 2780 non
1087 2723 1610 2794 parvipentlendum,
1636 2720 1731 2774 sed
1753 2733 1918 2788 super
1945 2733 2040 2771 au-

453 2837 575 2877 rum
599 2827 655 2874 et
673 2826 956 2891 argentum
978 2816 1432 2872 constituendum.
1465 2813 1534 2866 Et
1557 2811 1658 2866 hoc
1693 2810 1924 2879 idipsum
1951 2805 2038 2862 di-

450 2911 578 2964 vina
624 2909 886 2979 approbat
925 2906 1238 2978 Scriptura,
1281 2905 1507 2959 dicens:
1538 2901 1742 2956 Aurum
1763 2909 1813 2954 et
1851 2914 2042 2968 argen-

453 3009 567 3055 tum
591 3010 667 3056 est
689 3000 991 3055 constitutio
1038 2999 1227 3069 pedum
1246 3037 1261 3063 ,
1297 3005 1346 3050 et
1375 3011 1533 3066 super
1561 3003 1840 3065 utrumque
1865 2991 2040 3046 consi-

450 3092 582 3144 lium
605 3089 992 3160 beneplacitum
1008 3095 1276 3158 permanet
1300 3084 1491 3154 (Eccli.
1517 3101 1606 3149 XL,
1635 3082 1750 3153 25).

531 3180 693 3234 Vides
721 3141 872 3248 ergo,
900 3141 1020 3237 rex:
1045 3192 1208 3244 quam
1244 3141 1390 3245 regia
1418 3175 1591 3228 virtus
1615 3141 2036 3236 estlconsilium,
2069 3141 2114 3204 Ο

455 3285 618 3340 quam
643 3284 802 3337 super
837 3284 1027 3322 aurum
1064 3277 1118 3321 et
1147 3275 1431 3335 argentum
1471 3279 1591 3319 esse
1616 3265 1879 3334 praedicat
1902 3263 2045 3318 Scri-

451 3372 630 3431 ptura,
659 3375 819 3430 quam
845 3360 984 3414 sicut
1006 3359 1205 3412 fontem
1229 3355 1471 3411 clamitat
1508 3353 1792 3409 afﬂuenter
1813 3369 2043 3408 manan-

457 3458 588 3505 tem.
621 3449 772 3505 llanc
802 3450 967 3520 igitur
996 3450 1250 3502 virtutem
1280 3447 1490 3502 consilii
1515 3460 1705 3500 omnes
1737 3444 2044 3500 dilexerunt

455 3541 604 3612 regia
635 3549 917 3594 currentes
979 3539 1192 3592 itinera.
1243 3538 1454 3592 Virtute
1501 3536 1715 3591 consilii
1756 3536 2043 3592 roboratus

454 3638 768 3687 constanter
791 3629 904 3684 Noe
933 3644 1030 3698 per
1054 3634 1271 3682 centum
1301 3639 1472 3680 annos
1511 3623 1798 3680 fabricavit
1835 3639 2039 3689 arcam,

453 3732 513 3776 et
534 3722 588 3775 in
613 3721 813 3776 diluvio
859 3720 1180 3790 gubernavit
1206 3733 1346 3771 eam.
1375 3715 1584 3770 Virtute
1633 3714 1844 3770 consilii
1870 3713 2044 3769 Abra-

458 3813 586 3868 ham
608 3811 959 3866 confirmatus
987 3850 1003 3875 ,
1051 3811 1117 3865 de
1146 3809 1485 3880 cognationis
1508 3823 1619 3862 suae
1641 3823 1836 3878 genere
1883 3808 2046 3862 intre-

456 3900 616 3971 pidus
639 3908 723 3955 est
741 3913 1014 3967 egressus,
1036 3907 1094 3953 et
1127 3899 1270 3952 inter
1294 3905 1484 3967 gentes
1509 3905 1729 3952 exteras
1749 3897 2045 3966 prudenter

454 3997 541 4046 cst
577 3997 960 4045 commoratus.
1013 3987 1224 4044 Virtute
1274 3987 1487 4043 consilii
1528 3987 1760 4042 firmiter
1814 3987 2045 4044 credens

457 4083 626 4148 Isaac,
650 4083 1083 4139 benedictionem
1121 4099 1151 4137 a
1180 4082 1409 4136 Domino
1445 4082 1498 4135 in
1526 4096 1586 4136 se
1632 4081 1874 4136 omnium
1915 4095 2046 4151 gen-

459 4179 593 4234 tium
623 4179 850 4248 accepit.
875 4177 1169 4234 Consilium
1214 4177 1405 4230 matris
1445 4175 1670 4231 audiens
1699 4173 1866 4230 Jacob
1887 4174 2046 4228 bene-

459 4268 747 4323 dictionem
773 4276 1057 4336 paternam
1101 4265 1460 4328 btereditavit,
1482 4264 1838 4334 primogenita
1859 4262 2046 4318 fratris

459 4361 687 4428 accepit,
729 4367 785 4415 et
833 4360 888 4412 in
919 4358 1199 4414 duodecim
1245 4359 1492 4413 tribubus
1544 4356 1778 4412 filiorum
1823 4355 2046 4426 largiter

2133 1902 2309 1958 omnia
2331 1916 2486 1970 opera
2531 1897 2741 1952 verbum
2771 1911 2929 1951 verax
2952 1892 3213 1963 prmcedat
3262 1900 3312 1946 te
3334 1905 3352 1942 :
3381 1900 3430 1946 et
3473 1901 3592 1944 ante
3613 1907 3731 1944 ont-

2133 2010 2253 2047 nem
2278 2001 2454 2046 actum
2505 1987 2781 2043 consilium
2829 1985 3014 2040 stabile
3045 1982 3236 2054 (Eccli.
3267 1982 3724 2053 xxxvrt,19,‘20).

2135 2084 2200 2140 Si
2228 2085 2366 2138 enim
2392 2081 2648 2136 Dominus
2697 2093 2919 2148 magnus
2950 2074 3189 2135 voluerit,
3216 2074 3403 2144 spiritu
3433 2073 3733 2143 intelligen-

2135 2178 2224 2231 tia:
2255 2174 2466 2246 replebit
2495 2182 2562 2239 te,
2589 2182 2638 2227 et
2667 2172 2774 2242 ipse
2807 2169 2961 2240 quasi
2999 2167 3190 2221 imbres
3215 2165 3380 2220 mittet
3406 2165 3498 2220 tibi
3519 2163 3732 2241 eloquia

2135 2269 2430 2342 sapientia,
2456 2277 2504 2322 et
2529 2266 2724 2337 aperiet
2754 2264 2810 2318 in
2835 2257 3075 2317 oratione
3109 2276 3166 2314 os
3202 2269 3350 2313 tuum
3371 2259 3427 2312 in
3467 2258 3600 2312 bono
3621 2298 3636 2319 ,
3681 2269 3733 2314 et

2135 2379 2300 2433 usque
2326 2363 2383 2416 in
2413 2357 2664 2415 saeculum
2707 2372 2810 2412 non
2839 2353 3100 2408 delebitur
3131 2353 3382 2407 memoria
3410 2360 3504 2404 tua
3529 2349 3729 2423 (Eccli.

2136 2469 2330 2518 xxxix,
2358 2453 2392 2508 8
2417 2449 2605 2521 seqq.).

2729 2537 2958 2594 CAPUT
2998 2535 3140 2591 XXI.

2415 2632 2481 2688 Ut
2512 2642 2689 2687 caveat
2720 2631 3074 2701 unusquisque
3103 2627 3420 2698 superbiam.

2211 2725 2486 2780 Hactenus
2514 2722 2667 2792 quid,
2700 2719 2995 2776 auxiliante
3020 2720 3151 2784 Deo,
3188 2731 3303 2780 rex,
3329 2729 3490 2788 agere
3534 2716 3746 2773 debeas

2139 2816 2435 2873 ordinatim
2461 2812 2803 2885 digessimus.
2830 2810 2970 2879 Quid
2993 2825 3123 2866 vero
3148 2809 3403 2878 deinceps
3428 2808 3604 2864 vitare
3625 2810 3739 2865 de-

2139 2907 2273 2962 beas
2298 2904 2592 2961 salubriter
2613 2901 2986 2972 proferamus;
3023 2899 3356 2970 nequeenim
3383 2898 3752 2955 minorisvir-

2139 2998 2274 3053 tutis
2303 3006 2390 3053 est
2414 2999 2577 3053 homo
2599 2999 2690 3066 qui
2715 2995 2854 3051 mala
2877 2995 3105 3052 sollicite
3129 2995 3284 3059 vitat,
3299 3008 3459 3064 quam
3472 2993 3564 3064 qui
3589 2994 3751 3049 bona

2143 3089 2436 3145 salubriter
2478 3097 2791 3161 congregat.
2826 3088 2977 3145 Unde
3009 3103 3231 3144 necesse
3278 3070 3394 3153 est,
3432 3086 3755 3142 clarissime

2145 3194 2266 3244 rex,
2299 3187 2361 3234 ut
2391 3180 2444 3234 in
2473 3179 2726 3235 omnibus
2749 3179 2960 3234 actibus
2979 3179 3084 3234 tuis
3108 3178 3250 3233 viam
3280 3178 3480 3247 regiam
3497 3176 3753 3233 discrete

2144 3270 2441 3334 custodias,
2473 3278 2530 3324 et
2555 3285 2656 3339 per
2681 3285 2802 3325 eam
2848 3265 3142 3325 salubriter
3183 3267 3484 3332 ambulans,
3513 3283 3756 3337 gressus

2143 3357 2326 3426 operis
2353 3357 2582 3412 firmiter
2603 3372 2809 3426 ponas;
2837 3365 2892 3412 et
2930 3357 3152 3412 dextera
3179 3355 3408 3412 feliciter
3427 3363 3614 3410 tenens
3642 3355 3753 3409 iti-

2143 3463 2296 3514 nera,
2326 3456 2483 3503 caute
2509 3455 2565 3504 et
2600 3448 2832 3504 sollicite
2874 3462 3009 3503 cave
3037 3446 3278 3503 sinistra.
3308 3447 3538 3501 Dextera
3585 3446 3753 3501 enim

2142 3540 2230 3595 via
2254 3549 2340 3596 est
2364 3541 2540 3596 virtus
2559 3539 2904 3605 humilitatis,
2924 3554 3046 3609 qua:
3070 3547 3294 3595 caeteras
3342 3539 3509 3592 nutrit
3550 3537 3750 3592 virtu-

2143 3638 2246 3694 tes,
2274 3639 2331 3686 et
2375 3634 2516 3688 bene
2564 3632 2806 3687 viventes
2851 3632 2918 3686 ad
2946 3631 3114 3685 vitam
3166 3629 3416 3700 perducit
3440 3636 3746 3683 aeternam.

2145 3723 2378 3778 Sinistra
2407 3731 2492 3778 est
2513 3723 2702 3777 vitium
2726 3723 3014 3791 superbiae,
3037 3737 3160 3793 quae
3213 3729 3406 3776 caetera
3449 3720 3622 3773 nutrit
3659 3721 3756 3774 vi-

2145 3817 2242 3882 tia,
2267 3824 2324 3870 et
2347 3816 2449 3871 sibi
2484 3815 2625 3870 male
2651 3815 3052 3871 consentientes
3097 3822 3355 3868 aeternam
3385 3810 3636 3881 perducit
3667 3813 3750 3866 ad

2143 3920 2385 3977 panem.
2417 3905 2679 3976 Superbia
2700 3906 2845 3961 enim
2866 3904 3103 3976 primum
3141 3911 3197 3958 et
3221 3916 3487 3957 summum
3539 3899 3754 3956 vitium

2143 4003 2248 4062 est,
2273 4003 2331 4050 et
2377 3995 2519 4052 sicut
2543 3996 2805 4067 scriptum
2830 4003 2919 4052 est
2955 3994 3012 4050 in
3051 3992 3471 4048 Ecclesiastico:
3501 3990 3753 4046 0dibilis

2143 4101 2322 4140 coram
2343 4085 2454 4140 Deo
2475 4095 2550 4140 est
2574 4095 2625 4140 et
2663 4085 2962 4140 hominibus
2995 4083 3258 4155 superbia.
3300 4081 3518 4137 Initium
3557 4082 3756 4136 omnis

2143 4179 2341 4248 peccati
2365 4187 2440 4232 est
2467 4177 2730 4248 superbia.
2779 4175 2884 4243 Qui
2916 4175 3135 4231 tenuerit
3161 4174 3310 4228 illam
3351 4168 3750 4241 adimplebitssr

2143 4267 2457 4333 maledictis,
2483 4276 2531 4321 et
2558 4267 2815 4321 subvertet
2841 4281 2959 4322 eum
3009 4265 3066 4319 in
3099 4264 3279 4332 ﬁnem.
3328 4260 3611 4331 Propterea
3639 4278 3756 4316 αυ-

2142 4358 2418 4413 honoravit
2459 4357 2714 4413 Dominus
2743 4367 3025 4412 conventus
3060 4355 3339 4415 malorum,
3371 4361 3418 4406 et
3463 4351 3753 4408 destruxit

463 4450 720 4505 excrevit.
745 4449 850 4503 Per
864 4449 1002 4504 hanc
1028 4449 1284 4503 virtutem
1309 4447 1519 4504 consilii
1543 4447 1869 4503 novissimus
1898 4446 2041 4518 Moy-
2065 4481 2117 4540 Β
2145 4467 2232 4504 eos
2260 4447 2422 4522 usque
2451 4451 2507 4504 in
2537 4451 2716 4520 ﬁnem.
2747 4449 2907 4505 Sedes
2933 4449 3126 4502 ducum
3152 4447 3487 4518 superborum
3521 4444 3757 4499 destru-

461 4553 549 4593 ses
577 4546 832 4606 sexcenta
881 4537 1049 4592 millia
1088 4552 1186 4606 per
1237 4551 1480 4592 eremum
1541 4535 1883 4606 gubernavit.
1933 4535 2041 4590 Per

461 4631 603 4685 hanc
645 4631 896 4684 virtutem
938 4629 1152 4684 consilii
1203 4627 1375 4684 frater
1429 4629 1546 4698 ejus
1588 4627 1768 4682 Aaron
1808 4626 2042 4683 fideliter

461 4721 818 4775 ministerium
843 4733 1167 4788 sacrumque
1195 4719 1495 4774 sacerdotis
1537 4718 1773 4774 ollicium
1799 4719 2040 4789 regendo

461 4813 688 4882 peregit.
724 4814 828 4868 Per
845 4815 984 4870 hanc
1008 4815 1264 4868 virtutem
1292 4813 1500 4867 consilii
1529 4813 1760 4867 Pliinees
1789 4811 2043 4868 sacerdo-

463 4901 534 4956 tis
565 4901 805 4956 Eleazari
828 4903 968 4957 ﬁlius
993 4902 1110 4957 zelo
1136 4900 1348 4956 Domini
1380 4900 1572 4968 plenus
1595 4900 1864 4966 Zamrim,
1915 4914 2041 4955 cum

462 5002 642 5048 scorto
679 4993 1019 5049 Madianitico
1043 4994 1220 5065 gladio
1270 4991 1589 5062 perforavit,
1617 4999 1672 5045 et
1727 4992 2040 5047 saevientem

465 5081 677 5136 Domini
701 5082 836 5137 iram
868 5083 982 5154 jam
1001 5099 1162 5154 super
1174 5083 1426 5154 populum
1451 5082 1773 5152 pendentem
1795 5083 2037 5138 retinuit.

467 5169 620 5227 Unde
646 5177 702 5224 et
741 5171 1166 5228 benedictionem
1198 5173 1442 5243 perpetui
1467 5172 1762 5229 sacerdotii
1811 5173 2042 5242 posteris

465 5259 580 5316 suis
607 5259 843 5329 reliquit.
874 5259 1026 5316 Hanc
1064 5263 1319 5319 virtutem
1347 5263 1559 5320 consilii
1583 5261 1746 5319 Josue
1781 5279 1813 5317 a
1860 5263 2042 5333 Moyse

465 5350 737 5406 nutritore
785 5349 1079 5420 accipiens,
1112 5352 1328 5422 triginta
1359 5355 1598 5424 gentium
1628 5369 1785 5424 reges
1819 5353 2038 5418 occidit,
2067 5359 2076 5361 "

371 5511 382 5520 ι
466 5444 790 5515 illorumque
834 5458 999 5516 regna
1053 5444 1355 5510 destruxit,
1413 5446 1814 5502 Hiericuntinos
1857 5459 2042 5500 muros

468 5536 765 5601 subvertit,
817 5535 873 5590 in
927 5544 1128 5590 terram
1174 5536 1608 5605 repromissionis
1661 5537 1915 5609 populum
1947 5536 2039 5590 Dei

470 5623 790 5690 introduxit,
807 5634 863 5682 et
882 5641 1000 5682 eam
1025 5626 1131 5682 illis
1159 5641 1256 5696 per
1276 5626 1486 5682 consilii
1514 5629 1779 5682 rationem
1807 5628 2039 5683 distento

473 5708 600 5768 fune
623 5716 860 5784 partivit.
889 5717 994 5773 Per
1014 5718 1156 5774 hanc
1184 5717 1438 5794 virtutem
1464 5717 1675 5775 consilii
1704 5715 1921 5774 Samuel
1944 5733 2038 5788 po-

2144 4541 2222 4595 atit
2253 4539 2429 4605 Deus,
2472 4550 2522 4595 et
2557 4541 2738 4595 sedere
2767 4539 2886 4609 fecit
2913 4540 3064 4592 mites
3103 4555 3197 4609 pro
3222 4538 3332 4591 eis:
3359 4535 3558 4590 radices
3603 4551 3758 4604 gess-

2145 4633 2275 4686 tium
2301 4633 2644 4703 superbarum
2679 4631 2894 4700 arefecit
2920 4629 3082 4694 Deus,
3125 4638 3173 4684 et
3202 4628 3450 4698 plantavit
3499 4626 3757 4685 humiles

2145 4739 2212 4777 ea:
2231 4723 2357 4792 ipsis
2380 4722 2636 4792 gentibus.
2687 4721 2878 4776 Terras
2903 4721 3135 4790 gentium
3172 4718 3348 4773 evertit
3379 4716 3664 4783 Dominus,
3695 4731 3755 4774 et

2144 4811 2368 4881 perdidit
2391 4828 2480 4865 eas
2504 4828 2667 4882 usque
2687 4811 2757 4864 ad
2784 4811 3224 4881 fundamentum;
3251 4808 3460 4878 arefecit
3484 4824 3554 4861 ea:
3575 4809 3752 4878 ipsis,

2147 4909 2196 4954 et
2217 4900 2525 4972 disperdidit
2562 4919 2669 4966 eos,
2697 4910 2744 4956 et
2789 4918 2990 4956 cessare
3033 4902 3155 4972 fecit
3207 4900 3508 4954 memoriam
3537 4915 3751 4957 eorum

2144 5008 2177 5045 a
2218 5001 2379 5046 terra.
2406 4991 2646 5048 Perdidit
2676 4993 2816 5048 Deus
2838 4996 3145 5048 memoriam
3169 4995 3528 5064 superborum,
3556 5002 3605 5047 et
3641 5010 3749 5050 rte-

2143 5081 2296 5153 liquit
2341 5085 2647 5138 memoriam
2707 5085 2986 5139 humilium
3028 5083 3220 5156 (Eccli.
3280 5085 3409 5162 x‘7
3450 5093 3498 5138 et
3529 5089 3746 5158 seqq.).

2144 5173 2404 5230 Dominus
2430 5191 2643 5245 quoque
2680 5177 2813 5231 dans
2859 5175 2924 5232 de
2951 5176 3096 5245 ligno
3126 5177 3418 5232 humilibus
3455 5187 3508 5231 et
3537 5193 3742 5248 super-

2142 5265 2230 5320 bis
2276 5267 2754 5336 comparationem,
2788 5281 2887 5338 per
2918 5267 3255 5323 Ezechielcm
3304 5269 3416 5323 ait:
3451 5267 3518 5322 Et
3560 5271 3746 5328 scient

2143 5357 2320 5411 omnia
2347 5357 2491 5428 ligna
2526 5357 2770 5429 regionis,
2799 5359 2924 5430 quia
2951 5373 3042 5430 ego
3071 5359 3327 5414 Dominus
3360 5359 3635 5414 humiliavi
3666 5364 3748 5417 li—

2141 5463 2302 5517 gnum
2334 5447 2572 5513 sublime,
2593 5457 2643 5501 et
2683 5447 2910 5502 exaltavi
2947 5448 3147 5518 lignum
3175 5447 3370 5503 humile
3399 5464 3418 5503 :
3445 5457 3492 5502 et
3531 5449 3750 5506 siccari

2141 5536 2338 5607 lignum
2370 5538 2555 5605 viride,
2577 5533 2629 5593 et
2675 5537 2920 5608 frondere
2969 5539 3069 5609 feci
3100 5539 3299 5610 lignum
3325 5540 3558 5594 aridum.
3608 5541 3744 5613 Ego

2141 5625 2396 5683 Dominus
2441 5627 2646 5683 locutus
2683 5644 2799 5682 sum
2828 5637 2877 5682 et
2933 5627 3032 5698 feci
3059 5627 3274 5700 (Ezech.
3312 5643 3443 5694 xvn,
3469 5629 3585 5698 24).
3615 5629 3743 5684 Do-

2139 5715 2319 5773 minus
2348 5730 2560 5788 quoquc
2590 5716 2644 5772 in
2673 5715 2964 5787 Evangelio
2997 5714 3110 5772 ait:
3152 5715 3334 5773 Omnis
3375 5718 3464 5790 qui
3487 5735 3546 5773 se
3571 5720 3744 5774 erat-
