3968 6204
269 331 364 390 961

1710 325 1820 383 νυ
1861 327 2089 386 REGIA.

3425 330 3532 386 902

266 450 474 514 tavcrit,
500 447 894 513 humiliabitur;
945 457 992 504 et
1043 451 1132 521 qui
1161 467 1214 505 se
1243 449 1617 514 humiliaverit,
1644 447 1846 504 exalta-
1875 449 1925 509 Α
1951 449 2241 516 rumpitur,
2255 445 2382 501 hinc
2408 443 2648 500 fraterna
2673 445 2912 500 charitas
2940 444 3194 510 violatur,
3224 445 3349 502 hinc
3378 449 3532 503 adul-

267 539 406 592 bitur
433 537 649 607 (Matth.
692 553 849 604 χχιιι,
880 538 988 608 12).
1035 538 1149 608 ipse
1183 554 1397 608 quoque
1445 537 1703 594 Dominus
1748 552 1846 609 per

265 626 550 683 .Icremiam
589 631 822 698 superbo
851 631 1188 685 comminans
1217 630 1330 684 ait:
1365 629 1501 684 Ecce
1527 644 1619 699 ego
1650 628 1719 682 ad
1762 637 1844 694 te,

265 721 499 792 superbe,
531 719 656 773 dicit
696 719 952 776 Dominus
976 721 1115 776 Deus
1136 721 1458 776 exercituum
1485 735 1503 772 :
1535 719 1674 786 Quia
1708 723 1846 775 venit

265 812 374 865 dies
409 818 555 876 tuus,
578 819 778 881 tempus
815 811 1123 866 uisitationis
1153 820 1279 875 tuae,
1301 819 1350 864 et
1385 811 1532 866 cadet
1558 811 1845 882 superbus,

267 910 312 955 et
329 911 556 968 corruet,
575 909 623 955 et
650 917 755 955 non
793 903 889 956 erit
910 905 998 973 qui
1026 904 1236 956 suscitet
1263 918 1381 957 eum
1407 916 1426 954 :
1460 912 1509 956 et
1531 903 1844 957 succendunt

267 996 434 1064 ignem
459 995 514 1048 in
543 992 760 1048 urbibus
781 995 919 1063 ejus,
941 1003 990 1048 et
1015 995 1281 1049 devorabit
1325 995 1500 1050 omnia
1538 997 1595 1050 in
1622 996 1846 1050 circuitu

266 1082 380 1152 ejus
405 1082 620 1152 (Jerem.
653 1081 854 1154 L,.5i).

333 1171 553 1226 Grande
591 1171 789 1226 malum
842 1178 926 1225 est
973 1172 1248 1241 superbia,
1279 1189 1399 1243 qua:
1449 1174 1717 1230 diabolum
1782 1177 1848 1231 de

267 1260 402 1316 caelo
431 1261 698 1329 deposuit,
732 1270 787 1316 et
842 1261 1113 1315 hominem
1172 1262 1238 1316 de
1287 1263 1541 1332 paradiso
1586 1263 1843 1334 proiecit;

266 1365 385 1421 quae
407 1357 462 1404 et
487 1351 729 1420 quotidie
755 1351 822 1405 de
859 1358 1005 1405 statu
1036 1351 1379 1406 rectitudinis
1411 1353 1642 1409 miseros
1672 1355 1737 1408 ad
1767 1355 1848 1408 in-

267 1442 390 1496 ﬁma
419 1442 635 1513 premit,
664 1451 720 1497 et
753 1451 876 1514 post
929 1442 1133 1496 obitum
1183 1444 1250 1498 ad
1298 1438 1508 1498 inferna
1559 1443 1841 1514 demergit.

267 1531 527 1602 Superbia
567 1533 717 1610 prius
766 1532 819 1586 in
850 1533 1176 1602 cogilatione
1215 1534 1390 1588 elevat
1445 1536 1756 1602 hominem,
1792 1545 1848 1591 et

264 1633 450 1695 postea
479 1624 680 1679 elatum
708 1625 918 1680 extollit
947 1626 998 1678 in
1015 1640 1204 1695 opere;
1231 1625 1384 1696 prius
1414 1626 1466 1681 in
1491 1635 1702 1682 secreto
1725 1643 1846 1684 cor-

266 1717 348 1771 dis
371 1715 632 1770 tumidum
658 1715 805 1781 facit,
835 1725 890 1770 et
921 1724 1106 1786 postea
1155 1715 1208 1770 in
1253 1717 1470 1786 publico
1515 1718 1844 1789 prmcipitem

267 1803 460 1858 reddit.
489 1803 616 1858 inde
661 1804 877 1872 superbi
901 1783 1240 1858 extrinsecus
1254 1783 1482 1870 cadunt,
1512 1783 1653 1860 unde
1681 1783 1846 1876 prius
1875 1783 1920 1841 Β

268 1893 450 1948 miseri
473 1892 798 1948 intrinsecus
825 1893 1124 1948 elevantur.
1163 1891 1315 1948 Juste
1343 1895 1486 1948 enim
1514 1895 1676 1950 homo
1715 1911 1844 1966 pec-

265 1989 388 2037 cato
413 1982 717 2038 substratus
751 1982 931 2051 jacet,
984 1984 1076 2053 qui
1142 1991 1420 2038 auctorem
1474 1999 1631 2040 suum
1658 2001 1847 2056 super-

185 2065 188 2067 i
266 2070 460 2126 biendo
483 2072 798 2126 contemnit.
833 2073 911 2127 Tu
948 2088 1098 2142 ergo,
1126 2073 1548 2142 prudentissime
1575 2089 1688 2138 rex,
1717 2077 1847 2131 time

266 2167 474 2214 tantum
499 2167 556 2215 et
586 2176 714 2215 cave
753 2161 1021 2231 superbire
1066 2162 1284 2216 malum.
1327 2162 1544 2218 Declina
1597 2166 1846 2220 servilem

265 2252 566 2318 sinistram,
597 2260 652 2307 et
678 2267 775 2322 per
803 2253 1100 2318 dexteram,
1125 2268 1244 2322 qua:
1269 2261 1352 2308 est
1399 2255 1566 2325 regia,
1591 2256 1849 2311 velociter

266 2361 424 2401 curre
449 2347 611 2401 viam.
635 2348 805 2418 Dilige
835 2357 890 2402 et
917 2357 1036 2404 tene
1069 2348 1450 2415 humilitatem,
1477 2357 1533 2403 et
1559 2347 1702 2418 quod
1751 2348 1846 2403 tibi

267 2435 526 2491 Dominus
554 2451 650 2506 per
676 2436 1010 2506 Scriptorum
1061 2439 1259 2494 clamat
1283 2440 1568 2511 diligenter
1591 2442 1842 2506 attende;

266 2528 344 2581 ait
371 2527 514 2581 enim
545 2544 558 2577 :
600 2526 867 2581 Rectorem
895 2538 944 2582 te
966 2540 1271 2599 posuerunt,
1297 2530 1404 2584 noli
1423 2529 1603 2584 extolli
1625 2545 1643 2583 :
1666 2540 1773 2584 esto
1794 2531 1849 2584 in

265 2615 373 2670 illis
399 2615 554 2686 quasi
578 2632 712 2669 unus
759 2633 824 2670 ea:
862 2618 1007 2687 ipsis.
1038 2617 1231 2674 Curam
1261 2619 1473 2674 illorum
1501 2621 1654 2685 habe,
1685 2630 1732 2674 et
1772 2621 1849 2674 sic

267 2705 494 2771 conﬁde,
524 2716 572 2760 et
599 2708 741 2761 omni
755 2725 882 2761 cura
911 2719 1000 2762 tua
1023 2709 1266 2780 explicita
1295 2710 1554 2776 recumbe,
1576 2721 1632 2764 ut
1652 2711 1848 2766 la'teris

267 2805 480 2867 propter
504 2795 644 2861 illos,
667 2806 714 2851 et
742 2809 1104 2854 ornamentum
1133 2801 1572 2874 gratithccipias
1601 2817 1848 2857 coronam

265 2887 462 2962 (Eecli.
495 2906 669 2958 xxxn,
699 2891 824 2963 I-S).

844 2979 1071 3037 CAPUT
1111 2981 1271 3037 XXII.

810 3069 889 3125 De
912 3070 1022 3126 zelo
1050 3081 1098 3126 et
1126 3072 1305 3128 livore.

339 3178 529 3234 Zeiare
556 3190 609 3236 et
631 3181 870 3236 invidere
903 3181 1126 3236 alterius
1150 3179 1292 3236 bono
1315 3198 1422 3238 non
1465 3193 1550 3239 est
1584 3199 1808 3255 parvum
1829 3228 1843 3252 ,

269 3269 367 3326 sed
396 3271 598 3341 grande
621 3281 676 3328 et
704 3287 956 3343 magnum
981 3281 1282 3342 peccatum.
1309 3275 1563 3331 Diabolus
1591 3277 1732 3332 inter
1754 3279 1850 3333 ini-

272 3363 346 3416 tia
385 3364 567 3417 statim
595 3363 778 3418 mundi
807 3364 905 3418 zeli
937 3365 1103 3419 livore
1128 3379 1417 3436 percussus
1438 3366 1597 3436 periit
1617 3369 1847 3438 primus,

271 3454 435 3510 etsic
464 3455 697 3526 perdidit
750 3456 902 3512 alios.
956 3457 1247 3527 Postquam
1300 3475 1428 3513 vero
1475 3461 1751 3514 hominem
1783 3461 1850 3514 ad

271 3545 560 3615 imaginem
592 3545 684 3600 Dei
713 3547 912 3601 factum
942 3548 1245 3618 conspexit,
1271 3549 1323 3602 in
1354 3547 1452 3600 zeli
1485 3547 1711 3600 livorem
1733 3562 1852 3616 pro-

271 3635 435 3704 rupit,
458 3642 515 3688 et
555 3635 823 3688 hominem
867 3635 1122 3689 miserum
1153 3636 1427 3690 suadendo
1472 3635 1722 3704 decepit:
1757 3636 1851 3690 sed

270 3735 330 3780 ct
355 3725 649 3794 angelicam
683 3724 1091 3789 beatitudinem,
1123 3739 1283 3793 quam
1333 3725 1588 3790 habebat,
1613 3725 1854 3780 miserri-

272 3828 396 3869 mus
426 3813 636 3879 amisit;
690 3822 743 3867 et
779 3827 843 3865 ex
899 3820 1056 3879 tunc,
1103 3822 1163 3867 ut
1188 3815 1445 3883 scriptum
1490 3825 1611 3870 est:
1645 3815 1853 3870 Invidia

271 3903 472 3959 diaboli
497 3920 635 3957 mors
657 3903 888 3957 introivit
915 3903 969 3957 in
997 3903 1170 3956 orbem
1192 3911 1449 3958 terrarum
1482 3903 1632 3976 (Sep.
1660 3905 1850 3977 11,2I).

271 3995 560 4050 imitantur
585 4001 766 4048 autem
796 3992 940 4047 illmn
971 3992 1060 4061 qui
1093 4001 1217 4047 sunt
1244 4006 1311 4048 ex
1335 4002 1486 4063 parte
1513 3993 1697 4063 ipsius.
1729 3993 1854 4049 Imi-

275 4097 419 4142 tatus
463 4095 546 4141 est
592 4085 740 4140 illum
785 4083 916 4139 Cain
963 4085 1209 4156 iniquus,
1249 4093 1304 4140 ct
1331 4101 1428 4156 per
1479 4085 1576 4140 zeli
1629 4086 1854 4141 livorem

273 4179 407 4233 Abel
431 4179 651 4233 fratrem
700 4194 855 4234 suum
877 4176 1082 4245 justum
1115 4177 1331 4233 occidit.
1359 4177 1460 4230 Per
1485 4177 1584 4230 zeli
1631 4177 1854 4231 livorem

278 4269 420 4323 Esau
442 4268 616 4324 factus
659 4279 742 4325 est
770 4271 1018 4324 inimicus
1059 4266 1212 4322 fratri
1248 4282 1348 4322 suo
1374 4266 1560 4321 Jacob.
1606 4265 1712 4320 Per
1754 4265 1853 4320 zeli

276 4363 503 4417 livorem
535 4379 565 4416 a
610 4362 868 4418 fratribus
900 4363 1012 4417 suis
1047 4360 1296 4416 venditus
1344 4369 1428 4415 est
1473 4359 1694 4430 Josepb.
1748 4359 1854 4415 Per

1873 3121 1920 3186 C

1950 546 2160 593 teratur
2190 539 2412 602 veritas,
2444 538 2627 593 unitas
2671 539 2952 603 scinditur,
2981 540 3050 592 ad
3100 541 3334 595 haereses
3372 551 3534 612 atque

1948 631 2242 686 schismata
2270 631 2570 701 prosilitur,
2599 630 2724 685 dum
2762 631 3098 685 obtrectatur
3123 632 3497 688 sacerdotibus
3515 673 3532 700 ,

1946 721 2216 795 episcopis
2248 722 2536 776 invidetur.
2577 721 2650 776 De
2689 707 2820 776 'zelo
2861 720 3126 790 superbus
3168 721 3430 788 efﬁcitur;
3461 725 3530 780 de

1948 813 2066 868 zelo
2092 827 2346 882 perverse
2371 812 2583 866 animus
2625 819 2884 864 mutatur.
2918 810 3032 866 Non
3078 819 3163 866 est
3206 813 3358 868 cibus
3410 814 3528 870 tali-

1947 906 2050 960 bus
2079 905 2254 969 liBlilS,
2297 918 2404 959 non
2439 911 2523 958 est
2552 913 2712 974 potus
2728 902 3026 972 iucundus;
3058 906 3294 973 suspirat
3319 922 3535 976 semper

1948 998 2015 1052 ad
2048 997 2274 1052 alterius
2300 997 2442 1054 bona
2468 1005 2523 1051 et
2551 995 2877 1066 ingemiscit.
2927 995 3064 1051 Hinc
3089 997 3268 1053 vultus
3317 998 3496 1053 minax
3515 1037 3532 1064 ,

1948 1097 2131 1143 torvus
2161 1097 2432 1157 aspectus,
2459 1087 2630 1158 pallor
2666 1087 2717 1140 in
2776 1084 2914 1142 facie
2939 1127 2952 1150 ,
3006 1087 3057 1140 in
3088 1087 3244 1142 labiis
3294 1097 3530 1154 tremor,

1947 1178 2150 1232 striior
2177 1178 2230 1231 in
2254 1178 2525 1233 dentibus.
2557 1178 2694 1244 Quid
2722 1177 2873 1247 plura
2918 1178 3184 1234 referam?
3227 1180 3303 1235 De
3341 1181 3440 1235 zeli
3465 1182 3530 1236 ii-

1946 1284 2077 1323 vore
2103 1269 2224 1324 fons
2245 1269 2486 1324 omnium
2515 1270 2764 1324 vitiorum
2793 1271 3088 1340 consurgit.

2017 1361 2096 1416 'l‘u
2127 1376 2278 1433 ergo,
2314 1363 2600 1418 mitissime
2626 1373 2788 1432 atque
2836 1365 3168 1420 nobilissime
3189 1380 3282 1420 rex
3309 1405 3323 1427 ,
3371 1364 3532 1435 dilige

1946 1465 2134 1508 omnes
2157 1493 2172 1518 ,
2223 1462 2279 1507 et
2347 1462 2572 1524 paterno
2609 1456 2884 1525 regalique
2929 1454 3124 1510 aﬂ‘ectu
3172 1455 3530 1524 complectere

1945 1549 2191 1606 cunctos,
2214 1551 2271 1597 et
2303 1551 2510 1598 tantum
2553 1552 2607 1598 et
2660 1553 2773 1598 tam
2819 1545 3179 1613 perniciosum
3214 1546 3322 1599 odii
3375 1557 3536 1601 caute

1945 1630 2126 1685 devita
2148 1631 2380 1697 malum;
2437 1632 2564 1702 quia
2598 1631 2830 1687 Iacobus
2867 1632 3142 1701 apostolus
3184 1633 3296 1686 ait:
3334 1631 3434 1686 Ubi
3457 1640 3534 1686 est

1949 1718 2092 1774 zelus
2117 1729 2167 1774 et
2193 1721 2454 1775 contentio
2475 1762 2490 1787 ,
2539 1722 2613 1777 ibi
2656 1723 3010 1777 inconstantia
3049 1732 3098 1777 et
3133 1739 3284 1777 omne
3318 1740 3538 1793 pravum

1949 1807 2092 1880 (Jac.
2123 1825 2205 1874 ιιι,
2234 1811 2344 1882 l6).
2370 1811 2532 1867 Vides
2575 1828 2704 1882 ergo
2728 1827 2891 1883 quam
2937 1811 3188 1869 letbifera
3239 1823 3323 1867 est
3350 1813 3536 1868 livoris

1947 1907 2004 1953 et
2026 1899 2237 1955 invidia:
2262 1900 2580 1972 indignatio.
2609 1901 2727 1972 Ipsa
2773 1910 2858 1956 est
2893 1918 3012 1972 quae
3051 1911 3243 1956 cuncta
3273 1903 3534 1957 virtutum

1948 1990 2190 2060 germina
2217 2000 2562 2057 concremat;
2612 1993 2725 2061 ipsa
2765 2006 2885 2061 quae
2931 2000 3124 2047 cuncta
3171 1991 3313 2045 [tona
3339 1993 3537 2046 ardore

1948 2081 2206 2152 pestifero
2236 2082 2489 2146 devorat;
2536 2081 2652 2152 ipsa
2683 2096 2804 2151 quae
2851 2096 3069 2136 sensum
3099 2082 3368 2145 comedit;
3421 2082 3539 2150 ipsa

1948 2189 2070 2244 quae
2090 2182 2278 2244 pectus
2299 2176 2437 2241 urit;
2478 2175 2592 2244 ipsa
2615 2190 2735 2244 qua:
2764 2183 3000 2229 mentem
3021 2172 3206 2239 allicit,
3234 2181 3289 2228 et
3315 2188 3410 2228 eor
3435 2175 3533 2227 ho-

1948 2271 2111 2326 minis
2133 2270 2288 2342 quasi
2317 2271 2562 2339 quaedam
2609 2270 2778 2340 pestis
2810 2268 3070 2338 depascit.
3097 2267 3362 2324 Occurrat
3407 2281 3538 2337 ergo

1945 2362 2068 2427 tibi,
2099 2377 2132 2417 ο
2157 2377 2274 2427 rex,
2316 2370 2502 2417 contra
2531 2362 2630 2416 zeli
2662 2361 2884 2415 livorem
2912 2360 3080 2414 animi
3106 2359 3320 2414 bonitas
3374 2359 3535 2429 plena

1949 2467 2210 2506 munere:
2241 2452 2498 2506 adversus
2526 2450 2784 2505 invidiam
2814 2449 3053 2503 fraterna
3104 2447 3347 2502 charitas
3403 2462 3540 2516 prte-

1948 2551 2192 2612 paretur,
2217 2552 2273 2596 et
2299 2557 2450 2597 arma
2479 2541 2803 2597 dilectionis.
2841 2538 3041 2594 Pacem
3071 2552 3192 2592 ama
3219 2553 3344 2592 eum
3364 2538 3538 2591 omni-

1950 2636 2070 2701 bus,
2100 2626 2510 2704 pacem'retine
2551 2650 2674 2689 cum
2725 2633 2953 2688 cunctis.
3013 2631 3072 2685 In
3125 2628 3537 2685 mansuetudine

1950 2731 2008 2777 et
2038 2723 2305 2778 charitate
2351 2723 2678 2792 amplectere
2725 2735 2936 2777 omnes.
2967 2717 3138 2774 Stude
3186 2718 3241 2772 in
3297 2717 3459 2772 terris
3505 2731 3537 2768 a

1949 2813 2160 2869 cunctis
2186 2812 2494 2868 hominibus
2541 2811 2770 2868 dulciter
2795 2810 3010 2874 amari,
3050 2817 3113 2864 ut
3162 2808 3428 2863 merearis
3473 2808 3528 2861 in

1951 2901 2089 2958 caelo
2111 2916 2236 2958 cum
2265 2902 2470 2974 angelis
2493 2900 2724 2957 feliciter
2747 2899 2941 2955 laetari.

2526 2991 2755 3048 CAPUT
2787 2988 2969 3044 XXIII.

2233 3084 2311 3139 De
2333 3101 2437 3139 non
2464 3083 2724 3138 reddendo
2752 3080 2950 3136 malum
2977 3095 3070 3150 pro
3093 3079 3252 3133 malo.

2023 3177 2191 3247 Dilige
2219 3177 2522 3246 proximum
2549 3175 2689 3229 sicut
2715 3174 2968 3243 teipsum,
2994 3186 3131 3241 puro
3157 3170 3364 3235 animo,
3386 3184 3539 3226 men-

1949 3281 2003 3326 te
2035 3272 2247 3327 sincera
2280 3285 2295 3324 :
2334 3270 2406 3324 ita
2460 3276 2520 3323 ut
2547 3269 2591 3324 si
2621 3269 2784 3323 etiam
2813 3267 2866 3320 in
2896 3274 2949 3320 te
2977 3266 3304 3335 peccaverit,
3359 3265 3540 3322 dimit-

1950 3371 2054 3426 tas,
2083 3371 2140 3415 et
2166 3376 2272 3415 non
2306 3360 2501 3414 reddas
2529 3359 2728 3412 malum
2754 3372 2853 3426 pro
2893 3357 3066 3420 malo;
3109 3349 3250 3410 Sicut
3277 3356 3539 3426 scriptum

1948 3461 2033 3506 est
2060 3467 2076 3506 :
2110 3453 2190 3505 Ne
2204 3448 2350 3504 dicas
2378 3466 2396 3502 :
2427 3451 2656 3503 Reddam
2696 3451 2892 3503 malum
2919 3467 2937 3512 ,'
2963 3461 3202 3520 exspecta
3228 3451 3537 3518 Dominum,

1949 3553 1998 3595 et
2020 3541 2254 3595 liberabit
2281 3550 2329 3593 te
2352 3539 2533 3611 (Prov.
2560 3555 2651 3603 xx,
2678 3538 2790 3610 22).
2822 3539 2962 3608 Ergo
2983 3547 3038 3593 et
3061 3547 3114 3592 tu
3137 3553 3201 3593 ex
3229 3547 3344 3594 toto
3370 3542 3536 3597 corde

1951 3632 2006 3686 in
2034 3639 2088 3686 te
2120 3631 2328 3685 dimitte
2370 3629 2631 3698 peccanti,
2673 3637 2729 3683 et
2749 3636 3003 3698 exspecta
3033 3627 3226 3693 Deum,
3251 3637 3309 3683 ut
3347 3644 3378 3684 a
3401 3645 3531 3700 pro-

1951 3722 2071 3790 prio
2103 3720 2352 3775 libereris
2385 3727 2642 3790 peccato;
2685 3728 2741 3774 et
2775 3718 2886 3774 noli
2929 3719 3192 3774 vindicari
3225 3720 3278 3774 in
3311 3721 3532 3778 homine

1953 3812 2044 3883 qui
2077 3811 2132 3866 in
2166 3818 2220 3866 te
2261 3811 2565 3880 deliquerit.
2623 3811 2758 3878 Quia
2800 3811 3064 3880 scriptum
3122 3818 3210 3865 est
3238 3828 3250 3864 :
3285 3809 3390 3876 Qui
3423 3813 3540 3866 vin-

1951 3903 2121 3957 dicari
2147 3901 2277 3968 vult,
2301 3919 2332 3955 a
2372 3902 2596 3956 Domino
2625 3903 2846 3956 inveniet
2884 3902 3202 3966 vindictam;
3248 3911 3298 3956 et
3321 3913 3534 3973 peccata

1952 3993 2096 4048 illius
2121 4010 2333 4046 servans
2355 3992 2581 4046 servabit
2611 4005 2629 4043 :
2660 3991 2892 4061 relinque
2939 3991 3178 4060 proximo
3209 4001 3300 4044 tuo
3332 3993 3538 4045 nocenti

1953 4094 2038 4149 te;
2080 4093 2128 4138 et
2184 4093 2308 4138 tunc
2354 4084 2654 4154 deprecanti
2679 4083 2770 4136 tibi
2813 4090 3026 4152 peccata
3059 4080 3324 4135 solventur
3349 4080 3540 4152 (Eccli.

1953 4190 2146 4241 xxvm,
2196 4176 2272 4244 i).
2329 4174 2408 4228 Tu
2456 4188 2585 4229 vero
2617 4189 2740 4227 cum
2786 4173 2862 4228 sis
2893 4187 3009 4237 rex,
3057 4179 3114 4226 et
3165 4172 3361 4227 summi
3398 4172 3542 4241 regis

1955 4266 2118 4331 ﬁlius,
2164 4266 2378 4320 Patrem
2406 4274 2554 4318 tuum
2591 4265 2789 4319 bonum
2836 4263 3054 4318 imitare
3086 4263 3280 4328 Deum,
3329 4269 3386 4317 et
3412 4277 3539 4332 pro-

1955 4358 2103 4412 ximo
2133 4358 2374 4426 relinque
2408 4364 2652 4425 peccata,
2703 4361 2762 4408 ut
2790 4362 2845 4408 et
2869 4362 2957 4408 tua
2997 4352 3342 4408 dimittantur
3379 4367 3411 4406 a
3437 4352 3545 4409 Do-

279 4451 381 4512 zcii
412 4451 633 4507 livorem
667 4453 835 4507 David
863 4452 1111 4507 inimicus
1132 4459 1184 4505 et
1234 4458 1547 4520 persecuntur
1575 4450 1747 4506 lactus
1775 4459 1856 4505 est
1882 4459 1932 4517 ι)
1961 4450 2105 4504 mino
2138 4448 2448 4504 commissa.
2495 4446 2604 4501 Fac
2630 4454 2683 4500 tu
2711 4446 2959 4516 proximo
2983 4451 3080 4498 tuo
3113 4443 3256 4513 quod
3285 4451 3341 4497 et
3382 4442 3464 4498 vis
3485 4452 3546 4499 ut

277 4541 450 4607 Sani;
487 4551 542 4597 et
574 4560 644 4599 ne
674 4544 883 4615 longius
907 4557 1028 4598 eam
1083 4541 1412 4596 recensendo
1458 4557 1556 4612 per
1583 4540 1848 4612 singulos,

278 4632 585 4689 Judzcorum
632 4635 855 4705 pupulas
896 4649 993 4703 per
1043 4633 1140 4688 zeli
1172 4633 1395 4688 livorem
1442 4632 1711 4698 interivit,
1762 4634 1853 4702 qui

278 4721 498 4779 Christo
522 4724 711 4778 maluit
758 4725 997 4778 invidere
1024 4738 1186 4792 quam
1212 4724 1455 4778 erodere.
1483 4722 1592 4777 Ζειιὶ
1623 4723 1766 4778 enim
1793 4723 1858 4777 li-

278 4832 399 4881 vor,
422 4831 727 4884 quanquam
749 4816 907 4871 unius
942 4815 1054 4869 vitii
1106 4824 1392 4869 censeatur
1418 4814 1653 4878 nomine,
1679 4815 1858 4869 multi-

279 4906 452 4976 plices
478 4922 574 4976 per
607 4906 816 4961 diversa
865 4904 1017 4960 initia
1064 4913 1287 4976 generat
1314 4920 1510 4959 ramos.
1556 4905 1728 4960 Radix
1773 4914 1858 4960 est

281 5000 523 5052 omnium
549 4996 905 5061 malorum,et
928 4995 1047 5051 fons
1075 4995 1348 5049 vitiorum.
1383 4993 1511 5049 Inde
1534 4995 1716 5049 odium
1741 5011 1861 5049 sur-

282 5089 382 5158 git,
402 5087 711 5142 animositas
729 5087 855 5140 inde
877 5084 1149 5156 procedit;
1183 5083 1465 5138 avaritiam
1490 5083 1638 5138 zelus
1659 5082 1860 5137 inﬂam-

284 5185 419 5242 mat,
449 5175 796 5231 ambitionem
821 5175 966 5230 zelus
993 5174 1210 5228 excitat.
1251 5172 1355 5228 Per
1381 5172 1624 5241 iniquum
1677 5171 1862 5229 livoris

287 5267 462 5323 zelum
487 5267 581 5321 Dei
605 5267 764 5320 timor
785 5265 1070 5343 exponitur
1086 5304 1101 5330 ,
1148 5263 1515 5334 magisterium
1537 5263 1736 5319 Christi
1768 5279 1862 5320 ne-

288 5358 530 5429 gligitur,
559 5356 745 5425 judicii
773 5357 887 5412 dies
915 5370 1021 5409 non
1069 5355 1404 5424 providetur,
1438 5353 1657 5408 inﬂatur
1682 5370 1868 5426 super-

287 5449 397 5512 bia,
419 5447 780 5503 exacerbatur
825 5446 1049 5512 saevitia,
1081 5445 1304 5515 perﬁdia
1329 5446 1738 5516 prtevaricatur,
1766 5446 1869 5500 im-

287 5537 546 5608 patientia
572 5536 897 5602 concutitur,
925 5535 1056 5590 furit
1097 5535 1364 5590 discordia
1392 5575 1407 5600 ,
1457 5533 1715 5591 fervescit
1753 5535 1867 5602 ira;

290 5644 390 5684 nec
414 5643 471 5684 se
492 5627 603 5698 jam
625 5637 801 5699 potest
825 5627 1076 5684 cohibere
1098 5625 1181 5682 vel
1220 5640 1426 5697 regere,
1458 5625 1550 5697 qui
1582 5625 1756 5682 factus
1785 5636 1870 5683 est

289 5717 537 5774 sululitus
558 5719 815 5787 potestati
843 5717 1049 5773 alicam.
1075 5715 1210 5783 Hinc
1243 5730 1402 5771 omne
1427 5716 1576 5786 pacis
1596 5716 1869 5774 vinculum

1963 4541 2126 4596 faciat
2159 4539 2255 4592 tibi
2291 4537 2433 4593 Deus
2458 4546 2582 4591 tuus
2613 4555 2625 4590 :
2659 4536 2767 4590 noli
2792 4549 3036 4606 quaerere
3063 4535 3130 4590 de
3158 4533 3406 4603 proximo
3424 4535 3548 4589 vin-

1962 4634 2185 4696 dictam,
2216 4647 2282 4689 ne
2325 4637 2651 4700 expetantur
2675 4643 2706 4682 a
2749 4636 2821 4694 te,
2850 4627 3080 4682 Domino
3101 4626 3431 4691 vindicante,
3453 4626 3547 4682 de-

1962 4723 2109 4778 licta.
2158 4721 2286 4776 Noli
2317 4721 2452 4775 vinci
2490 4737 2522 4773 a
2549 4719 2710 4785 malo,
2763 4718 2856 4772 sed
2898 4720 3042 4772 vince
3086 4717 3141 4770 in
3181 4715 3314 4770 bono
3345 4716 3544 4771 malum

1963 4812 2137 4884 (Rom.
2179 4828 2277 4873 xu,
2321 4811 2433 4878 2|).
2490 4809 2644 4876 Quod
2690 4825 2794 4863 non
2843 4809 2926 4862 vis
2957 4815 3016 4861 ut
3048 4805 3144 4860 tibi
3183 4804 3348 4859 faciat
3377 4805 3543 4870 Deus,

1962 4904 2070 4959 noh
2103 4912 2158 4957 tu
2191 4904 2350 4957 homo
2379 4891 2806 4957 facerc'homini.
2847 4901 2901 4953 In
2934 4907 3163 4967 utroque
3182 4896 3536 4952 Testamento

1963 4996 2223 5064 scriptum
2256 4995 2525 5065 reperitur
2554 5009 2569 5047 :
2603 4991 2758 5058 Quod
2776 4992 2869 5045 tibi
2897 5008 2998 5045 non
3027 5009 3098 5046 ms
3127 4988 3264 5060 ﬁeri,
3287 4987 3442 5044 alteri
3483 5005 3548 5042 ne

1963 5087 2152 5156 facias.
2188 5086 2246 5142 Si
2274 5101 2405 5158 ergo
2451 5095 2606 5142 cavet
2638 5085 2924 5156 quisquam
2959 5084 3124 5141 alteri
3171 5084 3352 5141 facere
3401 5083 3546 5154 quod

1965 5193 2306 5249 nequaquam
2343 5178 2453 5233 vult
2494 5176 2562 5232 ab
2591 5176 2763 5232 altero
2798 5176 3026 5247 perpeti,
3074 5183 3230 5230 cavet
3265 5177 3450 5244 utique
3475 5187 3545 5227 ne

1963 5269 2215 5339 superbia
2244 5268 2420 5322 elatus
2466 5267 2772 5338 proximum
2808 5267 3094 5338 despiciat;
3147 5273 3304 5320 cavet
3332 5279 3398 5316 ne
3432 5276 3546 5314 am-

1966 5359 2172 5414 bitione
2195 5368 2496 5414 commotus
2535 5355 2760 5413 fratrem
2805 5358 2873 5412 ad
2903 5357 3238 5412 iracundiam
3270 5357 3540 5422 provocet,

1968 5459 2125 5506 cavet
2157 5466 2226 5504 ne
2270 5449 2483 5505 invidias
2505 5463 2692 5505 morsu
2722 5443 2962 5504 dilaniat.
2995 5447 3127 5502 Cum
3163 5443 3389 5513 quisque
3414 5453 3547 5494 vero

1968 5541 2169 5611 cogitat
2189 5555 2252 5594 ea
2288 5539 2442 5594 alteri
2485 5539 2664 5596 facere
2685 5556 2805 5611 quae
2831 5539 2932 5592 sibi
2961 5537 3028 5590 ab
3063 5533 3236 5587 altero
3258 5529 3370 5583 vult
3403 5527 3544 5594 ﬁeri,

1969 5629 2087 5684 sine
2108 5629 2271 5683 dubio
2314 5638 2508 5698 pensat
2548 5637 2610 5684 ut
2645 5629 2805 5684 malis
2831 5628 2990 5688 bona,
3036 5630 3092 5675 et
3125 5621 3282 5676 benis
3322 5618 3545 5675 meliora

1969 5719 2275 5785 retribuat,
2353 5722 2674 5791 procacibus
2741 5712 3207 5771 mansuetudinem
3274 5711 3548 5772 ostendat.
