  <div class='ocr_page' id='page_1' title='image "/cluster/home/n/w/nwhite01/storage/ocr_20150623/102/hvd.32044052820032/487.png"; bbox 0 0 3970 6202; ppageno 0'>
   <div class='ocr_carea' id='block_1_1' title="bbox 468 317 574 374">
    <p class='ocr_par' dir='ltr' id='par_1_1' title="bbox 468 317 574 374">
     <span class='ocr_line' id='line_1_1' title="bbox 468 317 574 374; baseline 0 0"><span class='ocrx_word' id='word_1_1' title='bbox 468 317 574 374; x_wconf 77' lang='lat'><strong>963</strong></span> 
     </span>
    </p>
   </div>
   <div class='ocr_carea' id='block_1_2' title="bbox 1764 266 2515 365">
    <p class='ocr_par' dir='ltr' id='par_1_2' title="bbox 1764 266 2515 365">
     <span class='ocr_line' id='line_1_2' title="bbox 1764 266 2515 365; baseline -0.012 -2"><span class='ocrx_word' id='word_1_2' title='bbox 1764 303 2114 365; x_wconf 73' lang='lat' dir='ltr'><strong>SMARAGDI</strong></span> <span class='ocrx_word' id='word_1_3' title='bbox 2145 296 2435 357; x_wconf 62' lang='lat' dir='ltr'><strong>secans</strong></span> <span class='ocrx_word' id='word_1_4' title='bbox 2506 266 2515 269; x_wconf 71' lang='grc'><em>’</em></span> 
     </span>
    </p>
   </div>
   <div class='ocr_carea' id='block_1_3' title="bbox 3228 216 3263 227">
    <p class='ocr_par' dir='ltr' id='par_1_3' title="bbox 3228 216 3263 227">
     <span class='ocr_line' id='line_1_3' title="bbox 3228 216 3263 227; baseline 0 -2"><span class='ocrx_word' id='word_1_5' title='bbox 3228 216 3263 227; x_wconf 48' lang='grc' dir='ltr'><strong>α</strong></span> 
     </span>
    </p>
   </div>
   <div class='ocr_carea' id='block_1_4' title="bbox 3620 294 3733 355">
    <p class='ocr_par' dir='ltr' id='par_1_4' title="bbox 3620 294 3733 355">
     <span class='ocr_line' id='line_1_4' title="bbox 3620 294 3733 355; baseline 0.027 -3"><span class='ocrx_word' id='word_1_6' title='bbox 3620 294 3733 355; x_wconf 68' lang='grc'><strong>964</strong></span> 
     </span>
    </p>
   </div>
   <div class='ocr_carea' id='block_1_5' title="bbox 467 406 3734 501">
    <p class='ocr_par' dir='ltr' id='par_1_5' title="bbox 467 406 3734 501">
     <span class='ocr_line' id='line_1_5' title="bbox 467 406 3734 501; baseline -0.009 -13"><span class='ocrx_word' id='word_1_7' title='bbox 467 431 765 488; x_wconf 77' lang='lat' dir='ltr'><strong>humilibus</strong></span> <span class='ocrx_word' id='word_1_8' title='bbox 815 428 1052 501; x_wconf 71' lang='lat' dir='ltr'><strong>gratiam</strong></span> <span class='ocrx_word' id='word_1_9' title='bbox 1109 424 1460 494; x_wconf 83' lang='lat' dir='ltr'><strong>benignitatis</strong></span> <span class='ocrx_word' id='word_1_10' title='bbox 1508 422 1882 486; x_wconf 75' lang='lat' dir='ltr'><strong>demonstret;</strong></span> <span class='ocrx_word' id='word_1_11' title='bbox 1952 435 2043 475; x_wconf 72' lang='lat' dir='ltr'><strong>er-</strong></span> <span class='ocrx_word' id='word_1_12' title='bbox 2070 420 2117 479; x_wconf 79' lang='grc' dir='ltr'>Α</span> <span class='ocrx_word' id='word_1_13' title='bbox 2144 415 2331 487; x_wconf 86' lang='lat' dir='ltr'><strong>ligant.</strong></span> <span class='ocrx_word' id='word_1_14' title='bbox 2359 413 2486 468; x_wconf 67' lang='lat' dir='ltr'><strong>Haec</strong></span> <span class='ocrx_word' id='word_1_15' title='bbox 2512 425 2664 481; x_wconf 77' lang='lat' dir='ltr'><strong>ergo,</strong></span> <span class='ocrx_word' id='word_1_16' title='bbox 2706 425 2823 474; x_wconf 86' lang='lat' dir='ltr'><strong>rex,</strong></span> <span class='ocrx_word' id='word_1_17' title='bbox 2857 425 2925 467; x_wconf 91' lang='lat' dir='ltr'><strong>ne</strong></span> <span class='ocrx_word' id='word_1_18' title='bbox 2958 408 3052 501; x_wconf 84' lang='lat' dir='ltr'><strong>tibi</strong></span> <span class='ocrx_word' id='word_1_19' title='bbox 3076 407 3418 501; x_wconf 81' lang='lat' dir='ltr'><strong>contingant,</strong></span> <span class='ocrx_word' id='word_1_20' title='bbox 3455 406 3734 501; x_wconf 78' lang='lat' dir='ltr'><strong>reirenata</strong></span> 
     </span>
    </p>
   </div>
   <div class='ocr_carea' id='block_1_6' title="bbox 468 510 2045 581">
    <p class='ocr_par' dir='ltr' id='par_1_6' title="bbox 468 510 2045 581">
     <span class='ocr_line' id='line_1_6' title="bbox 468 510 2045 581; baseline -0.011 0"><span class='ocrx_word' id='word_1_21' title='bbox 468 525 716 581; x_wconf 72' lang='lat' dir='ltr'><strong>tantibus</strong></span> <span class='ocrx_word' id='word_1_22' title='bbox 755 521 898 576; x_wconf 78' lang='lat' dir='ltr'><strong>viain</strong></span> <span class='ocrx_word' id='word_1_23' title='bbox 965 514 1305 574; x_wconf 67' lang='lat' dir='ltr'><strong>rectitudinis</strong></span> <span class='ocrx_word' id='word_1_24' title='bbox 1354 515 1715 575; x_wconf 88' lang='lat' dir='ltr'><strong>demonstrat,</strong></span> <span class='ocrx_word' id='word_1_25' title='bbox 1767 510 2045 569; x_wconf 64' lang='lat' dir='ltr'><strong>discordts</strong></span> 
     </span>
    </p>
   </div>
   <div class='ocr_carea' id='block_1_7' title="bbox 467 598 2047 686">
    <p class='ocr_par' dir='ltr' id='par_1_7' title="bbox 467 598 2047 686">
     <span class='ocr_line' id='line_1_7' title="bbox 467 598 2047 686; baseline -0.011 -15"><span class='ocrx_word' id='word_1_26' title='bbox 467 615 539 671; x_wconf 83' lang='lat' dir='ltr'><strong>ad</strong></span> <span class='ocrx_word' id='word_1_27' title='bbox 589 627 781 686; x_wconf 90' lang='lat' dir='ltr'><strong>pacem</strong></span> <span class='ocrx_word' id='word_1_28' title='bbox 828 616 1071 675; x_wconf 76' lang='lat' dir='ltr'><strong>revocat,</strong></span> <span class='ocrx_word' id='word_1_29' title='bbox 1123 606 1433 664; x_wconf 86' lang='lat' dir='ltr'><strong>necessaria</strong></span> <span class='ocrx_word' id='word_1_30' title='bbox 1478 604 1846 674; x_wconf 74' lang='lat' dir='ltr'><strong>indigentibus</strong></span> <span class='ocrx_word' id='word_1_31' title='bbox 1886 598 2047 655; x_wconf 86' lang='lat' dir='ltr'><strong>mini-</strong></span> 
     </span>
    </p>
   </div>
   <div class='ocr_carea' id='block_1_8' title="bbox 470 693 2047 767">
    <p class='ocr_par' dir='ltr' id='par_1_8' title="bbox 470 693 2047 767">
     <span class='ocr_line' id='line_1_8' title="bbox 470 693 2047 767; baseline -0.01 -8"><span class='ocrx_word' id='word_1_32' title='bbox 470 712 638 767; x_wconf 83' lang='lat' dir='ltr'><strong>strat,</strong></span> <span class='ocrx_word' id='word_1_33' title='bbox 694 700 925 756; x_wconf 68' lang='lat' dir='ltr'><strong>amictus</strong></span> <span class='ocrx_word' id='word_1_34' title='bbox 986 700 1157 756; x_wconf 86' lang='lat' dir='ltr'><strong>verbo</strong></span> <span class='ocrx_word' id='word_1_35' title='bbox 1210 696 1600 754; x_wconf 77' lang='lat' dir='ltr'><strong>consolationis</strong></span> <span class='ocrx_word' id='word_1_36' title='bbox 1655 693 1934 757; x_wconf 82' lang='lat' dir='ltr'><strong>sublevat,</strong></span> <span class='ocrx_word' id='word_1_37' title='bbox 1988 697 2047 745; x_wconf 90' lang='lat' dir='ltr'><strong>et</strong></span> 
     </span>
    </p>
   </div>
   <div class='ocr_carea' id='block_1_9' title="bbox 462 785 2042 864">
    <p class='ocr_par' dir='ltr' id='par_1_9' title="bbox 462 785 2042 864">
     <span class='ocr_line' id='line_1_9' title="bbox 462 785 2042 864; baseline -0.008 -12"><span class='ocrx_word' id='word_1_38' title='bbox 462 804 662 854; x_wconf 81' lang='lat' dir='ltr'><strong>cuncta</strong></span> <span class='ocrx_word' id='word_1_39' title='bbox 715 808 836 864; x_wconf 68' lang='lat' dir='ltr'><strong>quae</strong></span> <span class='ocrx_word' id='word_1_40' title='bbox 879 792 1023 848; x_wconf 81' lang='lat' dir='ltr'><strong>valet</strong></span> <span class='ocrx_word' id='word_1_41' title='bbox 1064 791 1330 862; x_wconf 76' lang='lat' dir='ltr'><strong>proximis</strong></span> <span class='ocrx_word' id='word_1_42' title='bbox 1376 788 1606 845; x_wconf 77' lang='lat' dir='ltr'><strong>ﬁdeliter</strong></span> <span class='ocrx_word' id='word_1_43' title='bbox 1646 785 2042 843; x_wconf 78' lang='lat' dir='ltr'><strong>subministrat.</strong></span> 
     </span>
    </p>
   </div>
   <div class='ocr_carea' id='block_1_10' title="bbox 1030 900 1482 958">
    <p class='ocr_par' dir='ltr' id='par_1_10' title="bbox 1030 900 1482 958">
     <span class='ocr_line' id='line_1_10' title="bbox 1030 900 1482 958; baseline -0.007 0"><span class='ocrx_word' id='word_1_44' title='bbox 1030 901 1257 958; x_wconf 82' lang='lat' dir='ltr'><strong>CAPUT</strong></span> <span class='ocrx_word' id='word_1_45' title='bbox 1293 900 1482 956; x_wconf 69' lang='lat' dir='ltr'><strong>XXIV.</strong></span> 
     </span>
    </p>
   </div>
   <div class='ocr_carea' id='block_1_11' title="bbox 957 972 1530 1043">
    <p class='ocr_par' dir='ltr' id='par_1_11' title="bbox 957 972 1530 1043">
     <span class='ocr_line' id='line_1_11' title="bbox 957 972 1530 1043; baseline -0.005 -16"><span class='ocrx_word' id='word_1_46' title='bbox 957 972 1039 1027; x_wconf 86' lang='lat' dir='ltr'><strong>De</strong></span> <span class='ocrx_word' id='word_1_47' title='bbox 1074 973 1400 1043; x_wconf 83' lang='lat' dir='ltr'><strong>reprimenda</strong></span> <span class='ocrx_word' id='word_1_48' title='bbox 1427 973 1530 1025; x_wconf 88' lang='lat' dir='ltr'><strong>ira.</strong></span> 
     </span>
    </p>
   </div>
   <div class='ocr_carea' id='block_1_12' title="bbox 538 1054 2049 1136">
    <p class='ocr_par' dir='ltr' id='par_1_12' title="bbox 538 1054 2049 1136">
     <span class='ocr_line' id='line_1_12' title="bbox 538 1054 2049 1136; baseline -0.006 -13"><span class='ocrx_word' id='word_1_49' title='bbox 538 1054 673 1123; x_wconf 80' lang='lat' dir='ltr'><strong>Nam</strong></span> <span class='ocrx_word' id='word_1_50' title='bbox 716 1066 845 1136; x_wconf 73' lang='lat' dir='ltr'><strong>quia</strong></span> <span class='ocrx_word' id='word_1_51' title='bbox 880 1064 1019 1120; x_wconf 85' lang='lat' dir='ltr'><strong>solet</strong></span> <span class='ocrx_word' id='word_1_52' title='bbox 1056 1065 1218 1120; x_wconf 88' lang='lat' dir='ltr'><strong>homo</strong></span> <span class='ocrx_word' id='word_1_53' title='bbox 1257 1063 1462 1118; x_wconf 82' lang='lat' dir='ltr'><strong>homini</strong></span> <span class='ocrx_word' id='word_1_54' title='bbox 1502 1076 1600 1133; x_wconf 81' lang='lat' dir='ltr'><strong>per</strong></span> <span class='ocrx_word' id='word_1_55' title='bbox 1649 1062 1788 1116; x_wconf 88' lang='lat' dir='ltr'><strong>iram</strong></span> <span class='ocrx_word' id='word_1_56' title='bbox 1826 1059 2049 1116; x_wconf 76' lang='lat' dir='ltr'><strong>reddere</strong></span> 
     </span>
    </p>
   </div>
   <div class='ocr_carea' id='block_1_13' title="bbox 469 1150 2051 1224">
    <p class='ocr_par' dir='ltr' id='par_1_13' title="bbox 469 1150 2051 1224">
     <span class='ocr_line' id='line_1_13' title="bbox 469 1150 2051 1224; baseline -0.006 -11"><span class='ocrx_word' id='word_1_57' title='bbox 469 1158 779 1219; x_wconf 73' lang='lat' dir='ltr'><strong>vindictam,</strong></span> <span class='ocrx_word' id='word_1_58' title='bbox 809 1156 931 1211; x_wconf 87' lang='lat' dir='ltr'><strong>ideo</strong></span> <span class='ocrx_word' id='word_1_59' title='bbox 950 1169 1179 1224; x_wconf 89' lang='lat' dir='ltr'><strong>peccare</strong></span> <span class='ocrx_word' id='word_1_60' title='bbox 1206 1168 1304 1223; x_wconf 90' lang='lat' dir='ltr'><strong>per</strong></span> <span class='ocrx_word' id='word_1_61' title='bbox 1320 1153 1467 1207; x_wconf 80' lang='lat' dir='ltr'><strong>iram</strong></span> <span class='ocrx_word' id='word_1_62' title='bbox 1493 1166 1591 1207; x_wconf 89' lang='lat' dir='ltr'><strong>nos</strong></span> <span class='ocrx_word' id='word_1_63' title='bbox 1611 1150 2051 1220; x_wconf 74' lang='lat' dir='ltr'><strong>Apostolus&#39;pro-</strong></span> 
     </span>
    </p>
   </div>
   <div class='ocr_carea' id='block_1_14' title="bbox 469 1240 2051 1314">
    <p class='ocr_par' dir='ltr' id='par_1_14' title="bbox 469 1240 2051 1314">
     <span class='ocr_line' id='line_1_14' title="bbox 469 1240 2051 1314; baseline -0.006 -10"><span class='ocrx_word' id='word_1_64' title='bbox 469 1249 620 1304; x_wconf 88' lang='lat' dir='ltr'><strong>hibet</strong></span> <span class='ocrx_word' id='word_1_65' title='bbox 671 1248 894 1303; x_wconf 89' lang='lat' dir='ltr'><strong>dicens:</strong></span> <span class='ocrx_word' id='word_1_66' title='bbox 919 1246 1221 1301; x_wconf 83' lang='lat' dir='ltr'><strong>Irascimini</strong></span> <span class='ocrx_word' id='word_1_67' title='bbox 1254 1254 1308 1298; x_wconf 85' lang='lat' dir='ltr'><strong>et</strong></span> <span class='ocrx_word' id='word_1_68' title='bbox 1341 1244 1500 1299; x_wconf 88' lang='lat' dir='ltr'><strong>nolite</strong></span> <span class='ocrx_word' id='word_1_69' title='bbox 1535 1259 1772 1314; x_wconf 80' lang='lat' dir='ltr'><strong>peccare.</strong></span> <span class='ocrx_word' id='word_1_70' title='bbox 1813 1240 1909 1297; x_wconf 86' lang='lat' dir='ltr'><strong>Sol</strong></span> <span class='ocrx_word' id='word_1_71' title='bbox 1944 1258 2051 1296; x_wconf 77' lang='lat' dir='ltr'><strong>non</strong></span> 
     </span>
    </p>
   </div>
   <div class='ocr_carea' id='block_1_15' title="bbox 466 1329 2051 1406">
    <p class='ocr_par' dir='ltr' id='par_1_15' title="bbox 466 1329 2051 1406">
     <span class='ocr_line' id='line_1_15' title="bbox 466 1329 2051 1406; baseline -0.006 -13"><span class='ocrx_word' id='word_1_72' title='bbox 466 1338 673 1393; x_wconf 74' lang='lat' dir='ltr'><strong>occidat</strong></span> <span class='ocrx_word' id='word_1_73' title='bbox 708 1352 865 1406; x_wconf 80' lang='lat' dir='ltr'><strong>super</strong></span> <span class='ocrx_word' id='word_1_74' title='bbox 891 1334 1224 1390; x_wconf 77' lang='lat' dir='ltr'><strong>iracundiam</strong></span> <span class='ocrx_word' id='word_1_75' title='bbox 1249 1342 1494 1387; x_wconf 74' lang='lat' dir='ltr'><strong>vestram.</strong></span> <span class='ocrx_word' id='word_1_76' title='bbox 1526 1330 1703 1386; x_wconf 84' lang='lat' dir='ltr'><strong>Nolite</strong></span> <span class='ocrx_word' id='word_1_77' title='bbox 1723 1330 1897 1387; x_wconf 71' lang='lat' dir='ltr'><strong>locum</strong></span> <span class='ocrx_word' id='word_1_78' title='bbox 1922 1329 2051 1384; x_wconf 81' lang='lat' dir='ltr'><strong>dare</strong></span> 
     </span>
    </p>
   </div>
   <div class='ocr_carea' id='block_1_16' title="bbox 465 1420 2047 1497">
    <p class='ocr_par' dir='ltr' id='par_1_16' title="bbox 465 1420 2047 1497">
     <span class='ocr_line' id='line_1_16' title="bbox 465 1420 2047 1497; baseline -0.004 -16"><span class='ocrx_word' id='word_1_79' title='bbox 465 1426 675 1482; x_wconf 80' lang='lat' dir='ltr'><strong>diabolo</strong></span> <span class='ocrx_word' id='word_1_80' title='bbox 701 1426 917 1497; x_wconf 72' lang='lat' dir='ltr'><strong>(Epiros.</strong></span> <span class='ocrx_word' id='word_1_81' title='bbox 959 1440 1037 1488; x_wconf 83' lang='lat' dir='ltr'><strong>tv.</strong></span> <span class='ocrx_word' id='word_1_82' title='bbox 1066 1423 1178 1490; x_wconf 71' lang='lat'><strong>26).</strong></span> <span class='ocrx_word' id='word_1_83' title='bbox 1233 1424 1395 1479; x_wconf 81' lang='lat' dir='ltr'><strong>Vides</strong></span> <span class='ocrx_word' id='word_1_84' title='bbox 1418 1437 1569 1492; x_wconf 84' lang='lat' dir='ltr'><strong>ergo,</strong></span> <span class='ocrx_word' id='word_1_85' title='bbox 1608 1420 1897 1497; x_wconf 74' lang='lat' dir='ltr'><strong>mitissime</strong></span> <span class='ocrx_word' id='word_1_86' title='bbox 1925 1434 2047 1484; x_wconf 81' lang='lat' dir='ltr'><strong>rex,</strong></span> 
     </span>
    </p>
   </div>
   <div class='ocr_carea' id='block_1_17' title="bbox 468 1510 2050 1587">
    <p class='ocr_par' dir='ltr' id='par_1_17' title="bbox 468 1510 2050 1587">
     <span class='ocr_line' id='line_1_17' title="bbox 468 1510 2050 1587; baseline -0.005 -15"><span class='ocrx_word' id='word_1_87' title='bbox 468 1519 595 1586; x_wconf 86' lang='lat' dir='ltr'><strong>quia</strong></span> <span class='ocrx_word' id='word_1_88' title='bbox 631 1516 725 1587; x_wconf 91' lang='lat' dir='ltr'><strong>qui</strong></span> <span class='ocrx_word' id='word_1_89' title='bbox 747 1532 846 1586; x_wconf 84' lang='lat' dir='ltr'><strong>per</strong></span> <span class='ocrx_word' id='word_1_90' title='bbox 869 1516 1005 1571; x_wconf 87' lang='lat' dir='ltr'><strong>iram</strong></span> <span class='ocrx_word' id='word_1_91' title='bbox 1033 1515 1091 1569; x_wconf 93' lang='lat' dir='ltr'><strong>in</strong></span> <span class='ocrx_word' id='word_1_92' title='bbox 1120 1514 1345 1568; x_wconf 80' lang='lat' dir='ltr'><strong>fratrem</strong></span> <span class='ocrx_word' id='word_1_93' title='bbox 1382 1512 1589 1582; x_wconf 82' lang='lat' dir='ltr'><strong>expetit</strong></span> <span class='ocrx_word' id='word_1_94' title='bbox 1624 1512 1942 1576; x_wconf 72' lang='lat' dir='ltr'><strong>vindictam,</strong></span> <span class='ocrx_word' id='word_1_95' title='bbox 1988 1510 2050 1565; x_wconf 86' lang='lat' dir='ltr'><strong>in</strong></span> 
     </span>
    </p>
   </div>
   <div class='ocr_carea' id='block_1_18' title="bbox 471 1602 2053 1672">
    <p class='ocr_par' dir='ltr' id='par_1_18' title="bbox 471 1602 2053 1672">
     <span class='ocr_line' id='line_1_18' title="bbox 471 1602 2053 1672; baseline -0.003 -10"><span class='ocrx_word' id='word_1_96' title='bbox 471 1608 637 1663; x_wconf 89' lang='lat' dir='ltr'><strong>corde</strong></span> <span class='ocrx_word' id='word_1_97' title='bbox 664 1604 997 1662; x_wconf 81' lang='lat' dir='ltr'><strong>suodiabolo</strong></span> <span class='ocrx_word' id='word_1_98' title='bbox 1032 1604 1166 1663; x_wconf 78' lang='lat' dir='ltr'><strong>facit</strong></span> <span class='ocrx_word' id='word_1_99' title='bbox 1200 1604 1380 1659; x_wconf 88' lang='lat' dir='ltr'><strong>locum</strong></span> <span class='ocrx_word' id='word_1_100' title='bbox 1405 1621 1419 1667; x_wconf 85' lang='lat'><strong>;</strong></span> <span class='ocrx_word' id='word_1_101' title='bbox 1452 1611 1507 1658; x_wconf 91' lang='lat' dir='ltr'><strong>et</strong></span> <span class='ocrx_word' id='word_1_102' title='bbox 1535 1617 1669 1658; x_wconf 86' lang='lat' dir='ltr'><strong>vero</strong></span> <span class='ocrx_word' id='word_1_103' title='bbox 1688 1602 1826 1669; x_wconf 84' lang='lat' dir='ltr'><strong>Soli,</strong></span> <span class='ocrx_word' id='word_1_104' title='bbox 1854 1603 1948 1672; x_wconf 92' lang='lat' dir='ltr'><strong>qui</strong></span> <span class='ocrx_word' id='word_1_105' title='bbox 1969 1610 2053 1659; x_wconf 88' lang='lat' dir='ltr'><strong>est</strong></span> 
     </span>
    </p>
   </div>
   <div class='ocr_carea' id='block_1_19' title="bbox 467 1696 2047 1769">
    <p class='ocr_par' dir='ltr' id='par_1_19' title="bbox 467 1696 2047 1769">
     <span class='ocr_line' id='line_1_19' title="bbox 467 1696 2047 1769; baseline -0.004 -12"><span class='ocrx_word' id='word_1_106' title='bbox 467 1701 742 1764; x_wconf 73' lang='lat' dir='ltr'><strong>Christus,</strong></span> <span class='ocrx_word' id='word_1_107' title='bbox 779 1700 1117 1769; x_wconf 84' lang='lat' dir='ltr'><strong>quantumin</strong></span> <span class='ocrx_word' id='word_1_108' title='bbox 1140 1699 1430 1768; x_wconf 87' lang='lat' dir='ltr'><strong>semetipso</strong></span> <span class='ocrx_word' id='word_1_109' title='bbox 1453 1705 1555 1763; x_wconf 87' lang='lat' dir='ltr'><strong>est,</strong></span> <span class='ocrx_word' id='word_1_110' title='bbox 1615 1696 1747 1753; x_wconf 80' lang='lat' dir='ltr'><strong>facit</strong></span> <span class='ocrx_word' id='word_1_111' title='bbox 1773 1712 2047 1753; x_wconf 86' lang='lat' dir='ltr'><strong>occasum.</strong></span> 
     </span>
    </p>
   </div>
   <div class='ocr_carea' id='block_1_20' title="bbox 2144 498 3736 571">
    <p class='ocr_par' dir='ltr' id='par_1_20' title="bbox 2144 498 3736 571">
     <span class='ocr_line' id='line_1_20' title="bbox 2144 498 3736 571; baseline -0.003 -11"><span class='ocrx_word' id='word_1_112' title='bbox 2144 505 2245 569; x_wconf 87' lang='lat' dir='ltr'><strong>ira,</strong></span> <span class='ocrx_word' id='word_1_113' title='bbox 2275 502 2458 559; x_wconf 80' lang='lat' dir='ltr'><strong>omnia</strong></span> <span class='ocrx_word' id='word_1_114' title='bbox 2485 501 2710 571; x_wconf 84' lang='lat' dir='ltr'><strong>dispone</strong></span> <span class='ocrx_word' id='word_1_115' title='bbox 2746 514 2866 554; x_wconf 87' lang='lat' dir='ltr'><strong>cum</strong></span> <span class='ocrx_word' id='word_1_116' title='bbox 2889 500 3148 571; x_wconf 82' lang='lat' dir='ltr'><strong>patientia</strong></span> <span class='ocrx_word' id='word_1_117' title='bbox 3173 514 3189 561; x_wconf 84' lang='lat'><strong>;</strong></span> <span class='ocrx_word' id='word_1_118' title='bbox 3227 512 3408 554; x_wconf 88' lang='lat' dir='ltr'><strong>sermo</strong></span> <span class='ocrx_word' id='word_1_119' title='bbox 3432 498 3582 554; x_wconf 86' lang='lat' dir='ltr'><strong>enim</strong></span> <span class='ocrx_word' id='word_1_120' title='bbox 3608 508 3736 555; x_wconf 88' lang='lat' dir='ltr'><strong>tuus</strong></span> 
     </span>
    </p>
   </div>
   <div class='ocr_carea' id='block_1_21' title="bbox 2144 590 3736 669">
    <p class='ocr_par' dir='ltr' id='par_1_21' title="bbox 2144 590 3736 669">
     <span class='ocr_line' id='line_1_21' title="bbox 2144 590 3736 669; baseline -0.003 -21"><span class='ocrx_word' id='word_1_121' title='bbox 2144 603 2411 669; x_wconf 83' lang='lat' dir='ltr'><strong>potestate</strong></span> <span class='ocrx_word' id='word_1_122' title='bbox 2428 592 2618 664; x_wconf 83' lang='lat' dir='ltr'><strong>plenus</strong></span> <span class='ocrx_word' id='word_1_123' title='bbox 2647 598 2751 658; x_wconf 88' lang='lat' dir='ltr'><strong>est,</strong></span> <span class='ocrx_word' id='word_1_124' title='bbox 2776 592 2864 648; x_wconf 89' lang='lat' dir='ltr'><strong>cui</strong></span> <span class='ocrx_word' id='word_1_125' title='bbox 2894 606 3053 647; x_wconf 87' lang='lat' dir='ltr'><strong>nemo</strong></span> <span class='ocrx_word' id='word_1_126' title='bbox 3073 590 3331 649; x_wconf 86' lang='lat' dir='ltr'><strong>resistere</strong></span> <span class='ocrx_word' id='word_1_127' title='bbox 3353 598 3553 661; x_wconf 85' lang='lat' dir='ltr'><strong>potest.</strong></span> <span class='ocrx_word' id='word_1_128' title='bbox 3590 590 3736 662; x_wconf 68' lang='lat' dir='ltr'><strong>Ergo</strong></span> 
     </span>
    </p>
   </div>
   <div class='ocr_carea' id='block_1_22' title="bbox 2136 683 3733 758">
    <p class='ocr_par' dir='ltr' id='par_1_22' title="bbox 2136 683 3733 758">
     <span class='ocr_line' id='line_1_22' title="bbox 2136 683 3733 758; baseline -0.003 -13"><span class='ocrx_word' id='word_1_129' title='bbox 2136 704 2269 745; x_wconf 85' lang='lat' dir='ltr'><strong>cum</strong></span> <span class='ocrx_word' id='word_1_130' title='bbox 2302 701 2437 758; x_wconf 84' lang='lat' dir='ltr'><strong>pace</strong></span> <span class='ocrx_word' id='word_1_131' title='bbox 2490 686 2716 756; x_wconf 88' lang='lat' dir='ltr'><strong>dispone</strong></span> <span class='ocrx_word' id='word_1_132' title='bbox 2762 699 2883 754; x_wconf 68' lang='lat' dir='ltr'><strong>quae</strong></span> <span class='ocrx_word' id='word_1_133' title='bbox 2923 683 3257 753; x_wconf 89' lang='lat' dir='ltr'><strong>disponenda</strong></span> <span class='ocrx_word' id='word_1_134' title='bbox 3314 692 3462 748; x_wconf 91' lang='lat' dir='ltr'><strong>sunt,</strong></span> <span class='ocrx_word' id='word_1_135' title='bbox 3514 691 3575 739; x_wconf 91' lang='lat' dir='ltr'><strong>et</strong></span> <span class='ocrx_word' id='word_1_136' title='bbox 3609 699 3733 740; x_wconf 87' lang='lat' dir='ltr'><strong>cum</strong></span> 
     </span>
    </p>
   </div>
   <div class='ocr_carea' id='block_1_23' title="bbox 2148 775 3734 849">
    <p class='ocr_par' dir='ltr' id='par_1_23' title="bbox 2148 775 3734 849">
     <span class='ocr_line' id='line_1_23' title="bbox 2148 775 3734 849; baseline -0.001 -14"><span class='ocrx_word' id='word_1_137' title='bbox 2148 776 2537 847; x_wconf 85' lang='lat' dir='ltr'><strong>tranquillitate</strong></span> <span class='ocrx_word' id='word_1_138' title='bbox 2560 791 2837 849; x_wconf 22' lang='lat' dir='ltr'><strong>rcgedquze</strong></span> <span class='ocrx_word' id='word_1_139' title='bbox 2870 775 3104 846; x_wconf 86' lang='lat' dir='ltr'><strong>regenda</strong></span> <span class='ocrx_word' id='word_1_140' title='bbox 3129 782 3275 840; x_wconf 89' lang='lat' dir='ltr'><strong>sunt,</strong></span> <span class='ocrx_word' id='word_1_141' title='bbox 3325 783 3386 830; x_wconf 89' lang='lat' dir='ltr'><strong>ut</strong></span> <span class='ocrx_word' id='word_1_142' title='bbox 3412 783 3469 831; x_wconf 90' lang='lat' dir='ltr'><strong>et</strong></span> <span class='ocrx_word' id='word_1_143' title='bbox 3510 791 3734 846; x_wconf 90' lang='lat' dir='ltr'><strong>regnum</strong></span> 
     </span>
    </p>
   </div>
   <div class='ocr_carea' id='block_1_24' title="bbox 2142 867 3735 939">
    <p class='ocr_par' dir='ltr' id='par_1_24' title="bbox 2142 867 3735 939">
     <span class='ocr_line' id='line_1_24' title="bbox 2142 867 3735 939; baseline -0.001 -14"><span class='ocrx_word' id='word_1_144' title='bbox 2142 868 2289 926; x_wconf 6' lang='lat' dir='ltr'><strong>(bene</strong></span> <span class='ocrx_word' id='word_1_145' title='bbox 2302 877 2360 925; x_wconf 91' lang='lat' dir='ltr'><strong>et</strong></span> <span class='ocrx_word' id='word_1_146' title='bbox 2366 867 2513 937; x_wconf 71' lang='lat' dir='ltr'><strong>iuste</strong></span> <span class='ocrx_word' id='word_1_147' title='bbox 2524 868 2815 939; x_wconf 82' lang='lat' dir='ltr'><strong>gubernes,</strong></span> <span class='ocrx_word' id='word_1_148' title='bbox 2830 877 2887 924; x_wconf 88' lang='lat' dir='ltr'><strong>et</strong></span> <span class='ocrx_word' id='word_1_149' title='bbox 2899 868 3095 924; x_wconf 65' lang='lat' dir='ltr'><strong>animae</strong></span> <span class='ocrx_word' id='word_1_150' title='bbox 3106 868 3571 938; x_wconf 67' lang='lat' dir='ltr'><strong>tuaapossessorin</strong></span> <span class='ocrx_word' id='word_1_151' title='bbox 3582 875 3735 924; x_wconf 59' lang='lat' dir='ltr'><strong>aiter-</strong></span> 
     </span>
    </p>
   </div>
   <div class='ocr_carea' id='block_1_25' title="bbox 2150 960 2527 1019">
    <p class='ocr_par' dir='ltr' id='par_1_25' title="bbox 2150 960 2527 1019">
     <span class='ocr_line' id='line_1_25' title="bbox 2150 960 2527 1019; baseline -0.003 -2"><span class='ocrx_word' id='word_1_152' title='bbox 2150 976 2279 1017; x_wconf 87' lang='lat' dir='ltr'><strong>num</strong></span> <span class='ocrx_word' id='word_1_153' title='bbox 2304 960 2527 1019; x_wconf 64' lang='lat' dir='ltr'><strong>laeteris.</strong></span> 
     </span>
    </p>
   </div>
   <div class='ocr_carea' id='block_1_26' title="bbox 2735 1048 3167 1105">
    <p class='ocr_par' dir='ltr' id='par_1_26' title="bbox 2735 1048 3167 1105">
     <span class='ocr_line' id='line_1_26' title="bbox 2735 1048 3167 1105; baseline -0.002 -1"><span class='ocrx_word' id='word_1_154' title='bbox 2735 1048 2963 1105; x_wconf 82' lang='lat' dir='ltr'><strong>CAPUT</strong></span> <span class='ocrx_word' id='word_1_155' title='bbox 2999 1048 3167 1104; x_wconf 83' lang='lat' dir='ltr'><strong>XXV.</strong></span> 
     </span>
    </p>
   </div>
   <div class='ocr_carea' id='block_1_27' title="bbox 2433 1137 3447 1195">
    <p class='ocr_par' dir='ltr' id='par_1_27' title="bbox 2433 1137 3447 1195">
     <span class='ocr_line' id='line_1_27' title="bbox 2433 1137 3447 1195; baseline 0.002 -2"><span class='ocrx_word' id='word_1_156' title='bbox 2433 1137 2512 1193; x_wconf 88' lang='lat' dir='ltr'><strong>De</strong></span> <span class='ocrx_word' id='word_1_157' title='bbox 2543 1155 2650 1194; x_wconf 83' lang='lat' dir='ltr'><strong>non</strong></span> <span class='ocrx_word' id='word_1_158' title='bbox 2669 1140 3038 1194; x_wconf 81' lang='lat' dir='ltr'><strong>consentienth</strong></span> <span class='ocrx_word' id='word_1_159' title='bbox 3060 1139 3447 1195; x_wconf 74' lang='lat' dir='ltr'><strong>adulatoribus.</strong></span> 
     </span>
    </p>
   </div>
   <div class='ocr_carea' id='block_1_28' title="bbox 2220 1210 3738 1299">
    <p class='ocr_par' dir='ltr' id='par_1_28' title="bbox 2220 1210 3738 1299">
     <span class='ocr_line' id='line_1_28' title="bbox 2220 1210 3738 1299; baseline -0.001 -14"><span class='ocrx_word' id='word_1_160' title='bbox 2220 1228 2407 1285; x_wconf 89' lang='lat' dir='ltr'><strong>Solent</strong></span> <span class='ocrx_word' id='word_1_161' title='bbox 2421 1242 2654 1298; x_wconf 86' lang='lat' dir='ltr'><strong>namque</strong></span> <span class='ocrx_word' id='word_1_162' title='bbox 2665 1228 2975 1284; x_wconf 86' lang='lat' dir='ltr'><strong>adulatores</strong></span> <span class='ocrx_word' id='word_1_163' title='bbox 2989 1229 3056 1283; x_wconf 88' lang='lat' dir='ltr'><strong>ad</strong></span> <span class='ocrx_word' id='word_1_164' title='bbox 3072 1210 3399 1289; x_wconf 80' lang='lat' dir='ltr'><strong>reddendum</strong></span> <span class='ocrx_word' id='word_1_165' title='bbox 3414 1227 3617 1284; x_wconf 83' lang='lat' dir='ltr'><strong>malum</strong></span> <span class='ocrx_word' id='word_1_166' title='bbox 3635 1244 3738 1299; x_wconf 81' lang='lat' dir='ltr'><strong>pro</strong></span> 
     </span>
    </p>
   </div>
   <div class='ocr_carea' id='block_1_29' title="bbox 2150 1319 3739 1390">
    <p class='ocr_par' dir='ltr' id='par_1_29' title="bbox 2150 1319 3739 1390">
     <span class='ocr_line' id='line_1_29' title="bbox 2150 1319 3739 1390; baseline -0.001 -13"><span class='ocrx_word' id='word_1_167' title='bbox 2150 1322 2294 1377; x_wconf 88' lang='lat' dir='ltr'><strong>bono</strong></span> <span class='ocrx_word' id='word_1_168' title='bbox 2322 1319 2425 1376; x_wconf 82' lang='lat' dir='ltr'><strong>sibi</strong></span> <span class='ocrx_word' id='word_1_169' title='bbox 2446 1320 2850 1381; x_wconf 83' lang='lat' dir='ltr'><strong>consentientes</strong></span> <span class='ocrx_word' id='word_1_170' title='bbox 2874 1319 3102 1375; x_wconf 85' lang='lat' dir='ltr'><strong>incitare</strong></span> <span class='ocrx_word' id='word_1_171' title='bbox 3127 1327 3397 1389; x_wconf 85' lang='lat' dir='ltr'><strong>potentes.</strong></span> <span class='ocrx_word' id='word_1_172' title='bbox 3440 1319 3533 1390; x_wconf 88' lang='lat' dir='ltr'><strong>qui</strong></span> <span class='ocrx_word' id='word_1_173' title='bbox 3556 1327 3615 1374; x_wconf 89' lang='lat' dir='ltr'><strong>et</strong></span> <span class='ocrx_word' id='word_1_174' title='bbox 3631 1320 3739 1375; x_wconf 80' lang='lat' dir='ltr'><strong>sibi</strong></span> 
     </span>
    </p>
   </div>
   <div class='ocr_carea' id='block_1_30' title="bbox 2150 1406 3737 1480">
    <p class='ocr_par' dir='ltr' id='par_1_30' title="bbox 2150 1406 3737 1480">
     <span class='ocr_line' id='line_1_30' title="bbox 2150 1406 3737 1480; baseline 0 -14"><span class='ocrx_word' id='word_1_175' title='bbox 2150 1406 2743 1479; x_wconf 62' lang='lat' dir='ltr'><strong>aeternuanraeparent</strong></span> <span class='ocrx_word' id='word_1_176' title='bbox 2776 1409 3105 1475; x_wconf 85' lang='lat' dir='ltr'><strong>incendium,</strong></span> <span class='ocrx_word' id='word_1_177' title='bbox 3132 1417 3190 1464; x_wconf 88' lang='lat' dir='ltr'><strong>et</strong></span> <span class='ocrx_word' id='word_1_178' title='bbox 3229 1409 3335 1465; x_wconf 89' lang='lat' dir='ltr'><strong>illis</strong></span> <span class='ocrx_word' id='word_1_179' title='bbox 3358 1410 3619 1480; x_wconf 87' lang='lat' dir='ltr'><strong>perniciei</strong></span> <span class='ocrx_word' id='word_1_180' title='bbox 3650 1411 3737 1465; x_wconf 84' lang='lat' dir='ltr'><strong>in-</strong></span> 
     </span>
    </p>
   </div>
   <div class='ocr_carea' id='block_1_31' title="bbox 2151 1498 3740 1569">
    <p class='ocr_par' dir='ltr' id='par_1_31' title="bbox 2151 1498 3740 1569">
     <span class='ocr_line' id='line_1_31' title="bbox 2151 1498 3740 1569; baseline -0.001 -14"><span class='ocrx_word' id='word_1_181' title='bbox 2151 1500 2331 1556; x_wconf 74' lang='lat' dir='ltr'><strong>ierant</strong></span> <span class='ocrx_word' id='word_1_182' title='bbox 2356 1499 2778 1564; x_wconf 86' lang='lat' dir='ltr'><strong>detrimentum;</strong></span> <span class='ocrx_word' id='word_1_183' title='bbox 2820 1514 2959 1569; x_wconf 83' lang='lat' dir='ltr'><strong>quos</strong></span> <span class='ocrx_word' id='word_1_184' title='bbox 2981 1498 3291 1569; x_wconf 78' lang='lat' dir='ltr'><strong>diligenter,</strong></span> <span class='ocrx_word' id='word_1_185' title='bbox 3340 1498 3740 1555; x_wconf 86' lang='lat' dir='ltr'><strong>discretissime</strong></span> 
     </span>
    </p>
   </div>
   <div class='ocr_carea' id='block_1_32' title="bbox 2153 1585 3736 1660">
    <p class='ocr_par' dir='ltr' id='par_1_32' title="bbox 2153 1585 3736 1660">
     <span class='ocr_line' id='line_1_32' title="bbox 2153 1585 3736 1660; baseline -0.001 -13"><span class='ocrx_word' id='word_1_186' title='bbox 2153 1609 2270 1658; x_wconf 78' lang='lat' dir='ltr'><strong>rex,</strong></span> <span class='ocrx_word' id='word_1_187' title='bbox 2304 1592 2480 1647; x_wconf 87' lang='lat' dir='ltr'><strong>vitare</strong></span> <span class='ocrx_word' id='word_1_188' title='bbox 2506 1599 2801 1653; x_wconf 87' lang='lat' dir='ltr'><strong>memento,</strong></span> <span class='ocrx_word' id='word_1_189' title='bbox 2851 1597 2908 1644; x_wconf 92' lang='lat' dir='ltr'><strong>et</strong></span> <span class='ocrx_word' id='word_1_190' title='bbox 2954 1589 3047 1660; x_wconf 91' lang='lat' dir='ltr'><strong>qui</strong></span> <span class='ocrx_word' id='word_1_191' title='bbox 3076 1591 3189 1645; x_wconf 90' lang='lat' dir='ltr'><strong>sint</strong></span> <span class='ocrx_word' id='word_1_192' title='bbox 3215 1590 3291 1644; x_wconf 88' lang='lat' dir='ltr'><strong>illi</strong></span> <span class='ocrx_word' id='word_1_193' title='bbox 3329 1585 3648 1647; x_wconf 80' lang='lat' dir='ltr'><strong>acutissime</strong></span> <span class='ocrx_word' id='word_1_194' title='bbox 3676 1600 3736 1646; x_wconf 90' lang='lat' dir='ltr'><strong>et</strong></span> 
     </span>
    </p>
   </div>
   <div class='ocr_carea' id='block_1_33' title="bbox 2151 1678 3740 1753">
    <p class='ocr_par' dir='ltr' id='par_1_33' title="bbox 2151 1678 3740 1753">
     <span class='ocr_line' id='line_1_33' title="bbox 2151 1678 3740 1753; baseline -0.001 -16"><span class='ocrx_word' id='word_1_195' title='bbox 2151 1688 2311 1737; x_wconf 86' lang='lat' dir='ltr'><strong>caute</strong></span> <span class='ocrx_word' id='word_1_196' title='bbox 2344 1680 2622 1745; x_wconf 86' lang='lat' dir='ltr'><strong>discutito.</strong></span> <span class='ocrx_word' id='word_1_197' title='bbox 2669 1687 2725 1734; x_wconf 90' lang='lat' dir='ltr'><strong>et</strong></span> <span class='ocrx_word' id='word_1_198' title='bbox 2750 1678 2946 1739; x_wconf 85' lang='lat' dir='ltr'><strong>talibus</strong></span> <span class='ocrx_word' id='word_1_199' title='bbox 2973 1679 3122 1735; x_wconf 90' lang='lat' dir='ltr'><strong>nullo</strong></span> <span class='ocrx_word' id='word_1_200' title='bbox 3161 1681 3322 1735; x_wconf 87' lang='lat' dir='ltr'><strong>modo</strong></span> <span class='ocrx_word' id='word_1_201' title='bbox 3356 1679 3612 1751; x_wconf 87' lang='lat' dir='ltr'><strong>nulloque</strong></span> <span class='ocrx_word' id='word_1_202' title='bbox 3635 1697 3740 1753; x_wconf 77' lang='lat' dir='ltr'><strong>pa-</strong></span> 
     </span>
    </p>
   </div>
   <div class='ocr_carea' id='block_1_34' title="bbox 467 1769 2047 1860">
    <p class='ocr_par' dir='ltr' id='par_1_34' title="bbox 467 1789 2047 1860">
     <span class='ocr_line' id='line_1_34' title="bbox 467 1789 2047 1860; baseline -0.002 -13"><span class='ocrx_word' id='word_1_203' title='bbox 467 1793 635 1847; x_wconf 81' lang='lat' dir='ltr'><strong>Becte</strong></span> <span class='ocrx_word' id='word_1_204' title='bbox 661 1792 860 1846; x_wconf 82' lang='lat' dir='ltr'><strong>etenim</strong></span> <span class='ocrx_word' id='word_1_205' title='bbox 886 1804 983 1860; x_wconf 86' lang='lat' dir='ltr'><strong>per</strong></span> <span class='ocrx_word' id='word_1_206' title='bbox 1033 1790 1203 1845; x_wconf 80' lang='lat' dir='ltr'><strong>solem</strong></span> <span class='ocrx_word' id='word_1_207' title='bbox 1264 1789 1541 1853; x_wconf 86' lang='lat' dir='ltr'><strong>Christus,</strong></span> <span class='ocrx_word' id='word_1_208' title='bbox 1568 1798 1624 1844; x_wconf 88' lang='lat' dir='ltr'><strong>et</strong></span> <span class='ocrx_word' id='word_1_209' title='bbox 1651 1802 1750 1859; x_wconf 90' lang='lat' dir='ltr'><strong>per</strong></span> <span class='ocrx_word' id='word_1_210' title='bbox 1796 1790 2047 1844; x_wconf 84' lang='lat' dir='ltr'><strong>tenebras</strong></span> 
     </span>
    </p>
   </div>
   <div class='ocr_carea' id='block_1_35' title="bbox 2152 1769 3741 1860">
    <p class='ocr_par' dir='ltr' id='par_1_35' title="bbox 2155 1769 3741 1841">
     <span class='ocr_line' id='line_1_35' title="bbox 2155 1769 3741 1841; baseline 0.001 -15"><span class='ocrx_word' id='word_1_211' title='bbox 2155 1778 2243 1826; x_wconf 90' lang='lat' dir='ltr'><strong>cto</strong></span> <span class='ocrx_word' id='word_1_212' title='bbox 2268 1769 2582 1839; x_wconf 84' lang='lat' dir='ltr'><strong>consentire</strong></span> <span class='ocrx_word' id='word_1_213' title='bbox 2625 1769 2886 1840; x_wconf 78' lang='lat' dir='ltr'><strong>digneris,</strong></span> <span class='ocrx_word' id='word_1_214' title='bbox 2941 1784 3010 1825; x_wconf 93' lang='lat' dir='ltr'><strong>ne</strong></span> <span class='ocrx_word' id='word_1_215' title='bbox 3040 1778 3093 1824; x_wconf 88' lang='lat' dir='ltr'><strong>te</strong></span> <span class='ocrx_word' id='word_1_216' title='bbox 3117 1769 3384 1827; x_wconf 82' lang='lat' dir='ltr'><strong>lactantes</strong></span> <span class='ocrx_word' id='word_1_217' title='bbox 3418 1779 3581 1841; x_wconf 85' lang='lat' dir='ltr'><strong>atque</strong></span> <span class='ocrx_word' id='word_1_218' title='bbox 3615 1772 3741 1833; x_wconf 70' lang='lat' dir='ltr'><strong>lan-</strong></span> 
     </span>
    </p>
   </div>
   <div class='ocr_carea' id='block_1_36' title="bbox 464 1878 2054 1950">
    <p class='ocr_par' dir='ltr' id='par_1_36' title="bbox 464 1878 2054 1950">
     <span class='ocr_line' id='line_1_36' title="bbox 464 1878 2054 1950; baseline -0.003 -13"><span class='ocrx_word' id='word_1_219' title='bbox 464 1880 713 1937; x_wconf 84' lang='lat' dir='ltr'><strong>diabolus</strong></span> <span class='ocrx_word' id='word_1_220' title='bbox 740 1879 1074 1950; x_wconf 82' lang='lat' dir='ltr'><strong>intelligitur.</strong></span> <span class='ocrx_word' id='word_1_221' title='bbox 1098 1878 1287 1948; x_wconf 83' lang='lat' dir='ltr'><strong>Neque</strong></span> <span class='ocrx_word' id='word_1_222' title='bbox 1310 1880 1456 1935; x_wconf 88' lang='lat' dir='ltr'><strong>enim</strong></span> <span class='ocrx_word' id='word_1_223' title='bbox 1482 1886 1712 1949; x_wconf 86' lang='lat' dir='ltr'><strong>possunt</strong></span> <span class='ocrx_word' id='word_1_224' title='bbox 1736 1879 1791 1933; x_wconf 92' lang='lat' dir='ltr'><strong>in</strong></span> <span class='ocrx_word' id='word_1_225' title='bbox 1815 1893 1925 1933; x_wconf 89' lang='lat' dir='ltr'><strong>uno</strong></span> <span class='ocrx_word' id='word_1_226' title='bbox 1956 1878 2054 1933; x_wconf 88' lang='lat' dir='ltr'><strong>ho-</strong></span> 
     </span>
    </p>
   </div>
   <div class='ocr_carea' id='block_1_37' title="bbox 393 1970 2057 2041">
    <p class='ocr_par' dir='ltr' id='par_1_37' title="bbox 393 1970 2057 2041">
     <span class='ocr_line' id='line_1_37' title="bbox 393 1970 2057 2041; baseline -0.002 -15"><span class='ocrx_word' id='word_1_227' title='bbox 393 2031 402 2041; x_wconf 44' lang='lat'><strong>.</strong></span> <span class='ocrx_word' id='word_1_228' title='bbox 467 1971 632 2027; x_wconf 83' lang='lat' dir='ltr'><strong>minis</strong></span> <span class='ocrx_word' id='word_1_229' title='bbox 682 1970 995 2040; x_wconf 83' lang='lat' dir='ltr'><strong>pectusculo</strong></span> <span class='ocrx_word' id='word_1_230' title='bbox 1030 1970 1110 2025; x_wconf 90' lang='lat' dir='ltr'><strong>sol</strong></span> <span class='ocrx_word' id='word_1_231' title='bbox 1140 1978 1198 2025; x_wconf 90' lang='lat' dir='ltr'><strong>et</strong></span> <span class='ocrx_word' id='word_1_232' title='bbox 1228 1971 1470 2037; x_wconf 64' lang='lat' dir='ltr'><strong>tenebrae</strong></span> <span class='ocrx_word' id='word_1_233' title='bbox 1503 1970 1709 2039; x_wconf 86' lang='lat' dir='ltr'><strong>pariter</strong></span> <span class='ocrx_word' id='word_1_234' title='bbox 1751 1985 2057 2025; x_wconf 85' lang='lat' dir='ltr'><strong>commora-</strong></span> 
     </span>
    </p>
   </div>
   <div class='ocr_carea' id='block_1_38' title="bbox 466 2060 2054 2130">
    <p class='ocr_par' dir='ltr' id='par_1_38' title="bbox 466 2060 2054 2130">
     <span class='ocr_line' id='line_1_38' title="bbox 466 2060 2054 2130; baseline -0.001 -14"><span class='ocrx_word' id='word_1_235' title='bbox 466 2062 514 2116; x_wconf 86' lang='lat' dir='ltr'><strong>ri</strong></span> <span class='ocrx_word' id='word_1_236' title='bbox 554 2077 569 2116; x_wconf 88' lang='lat'>:</span> <span class='ocrx_word' id='word_1_237' title='bbox 600 2061 880 2117; x_wconf 76' lang='lat' dir='ltr'><strong>habitante</strong></span> <span class='ocrx_word' id='word_1_238' title='bbox 906 2061 1106 2116; x_wconf 88' lang='lat' dir='ltr'><strong>etenim</strong></span> <span class='ocrx_word' id='word_1_239' title='bbox 1142 2061 1262 2116; x_wconf 88' lang='lat' dir='ltr'><strong>luce</strong></span> <span class='ocrx_word' id='word_1_240' title='bbox 1291 2060 1547 2130; x_wconf 79' lang='lat' dir='ltr'><strong>fugantur</strong></span> <span class='ocrx_word' id='word_1_241' title='bbox 1600 2061 1854 2125; x_wconf 76' lang='lat' dir='ltr'><strong>tenebrae,</strong></span> <span class='ocrx_word' id='word_1_242' title='bbox 1904 2074 2054 2115; x_wconf 86' lang='lat' dir='ltr'><strong>cum-</strong></span> 
     </span>
    </p>
   </div>
   <div class='ocr_carea' id='block_1_39' title="bbox 466 2149 2056 2218">
    <p class='ocr_par' dir='ltr' id='par_1_39' title="bbox 466 2149 2056 2218">
     <span class='ocr_line' id='line_1_39' title="bbox 466 2149 2056 2218; baseline -0.003 -11"><span class='ocrx_word' id='word_1_243' title='bbox 466 2151 804 2207; x_wconf 80' lang='lat' dir='ltr'><strong>morantibus</strong></span> <span class='ocrx_word' id='word_1_244' title='bbox 851 2151 1090 2205; x_wconf 86' lang='lat' dir='ltr'><strong>tenebris</strong></span> <span class='ocrx_word' id='word_1_245' title='bbox 1148 2150 1458 2206; x_wconf 87' lang='lat' dir='ltr'><strong>excluditur</strong></span> <span class='ocrx_word' id='word_1_246' title='bbox 1506 2150 1621 2206; x_wconf 87' lang='lat' dir='ltr'><strong>lux.</strong></span> <span class='ocrx_word' id='word_1_247' title='bbox 1678 2149 1865 2218; x_wconf 84' lang='lat' dir='ltr'><strong>Neque</strong></span> <span class='ocrx_word' id='word_1_248' title='bbox 1910 2150 2056 2204; x_wconf 86' lang='lat' dir='ltr'><strong>enim</strong></span> 
     </span>
    </p>
   </div>
   <div class='ocr_carea' id='block_1_40' title="bbox 464 2242 2057 2313">
    <p class='ocr_par' dir='ltr' id='par_1_40' title="bbox 464 2242 2057 2313">
     <span class='ocr_line' id='line_1_40' title="bbox 464 2242 2057 2313; baseline -0.004 -13"><span class='ocrx_word' id='word_1_249' title='bbox 464 2244 794 2300; x_wconf 86' lang='lat' dir='ltr'><strong>commorari</strong></span> <span class='ocrx_word' id='word_1_250' title='bbox 842 2252 1024 2313; x_wconf 87' lang='lat' dir='ltr'><strong>potest</strong></span> <span class='ocrx_word' id='word_1_251' title='bbox 1077 2258 1199 2298; x_wconf 87' lang='lat' dir='ltr'><strong>cum</strong></span> <span class='ocrx_word' id='word_1_252' title='bbox 1242 2243 1607 2298; x_wconf 83' lang='lat' dir='ltr'><strong>amaritudine</strong></span> <span class='ocrx_word' id='word_1_253' title='bbox 1659 2242 1907 2306; x_wconf 87' lang='lat' dir='ltr'><strong>dulcedo,</strong></span> <span class='ocrx_word' id='word_1_254' title='bbox 1960 2249 2057 2297; x_wconf 86' lang='lat' dir='ltr'><strong>aut</strong></span> 
     </span>
    </p>
   </div>
   <div class='ocr_carea' id='block_1_41' title="bbox 466 2335 2055 2403">
    <p class='ocr_par' dir='ltr' id='par_1_41' title="bbox 466 2335 2055 2403">
     <span class='ocr_line' id='line_1_41' title="bbox 466 2335 2055 2403; baseline -0.004 -11"><span class='ocrx_word' id='word_1_255' title='bbox 466 2351 593 2392; x_wconf 82' lang='lat' dir='ltr'><strong>eum</strong></span> <span class='ocrx_word' id='word_1_256' title='bbox 643 2335 849 2389; x_wconf 88' lang='lat' dir='ltr'><strong>lumine</strong></span> <span class='ocrx_word' id='word_1_257' title='bbox 878 2335 1074 2403; x_wconf 84' lang='lat' dir='ltr'><strong>caligo,</strong></span> <span class='ocrx_word' id='word_1_258' title='bbox 1117 2341 1212 2388; x_wconf 86' lang='lat' dir='ltr'><strong>aut</strong></span> <span class='ocrx_word' id='word_1_259' title='bbox 1249 2347 1372 2389; x_wconf 86' lang='lat' dir='ltr'><strong>cum</strong></span> <span class='ocrx_word' id='word_1_260' title='bbox 1401 2348 1534 2403; x_wconf 86' lang='lat' dir='ltr'><strong>pace</strong></span> <span class='ocrx_word' id='word_1_261' title='bbox 1561 2347 1764 2402; x_wconf 85' lang='lat' dir='ltr'><strong>pugna,</strong></span> <span class='ocrx_word' id='word_1_262' title='bbox 1806 2339 1901 2386; x_wconf 86' lang='lat' dir='ltr'><strong>aut</strong></span> <span class='ocrx_word' id='word_1_263' title='bbox 1930 2346 2055 2386; x_wconf 83' lang='lat' dir='ltr'><strong>cum</strong></span> 
     </span>
    </p>
   </div>
   <div class='ocr_carea' id='block_1_42' title="bbox 466 2423 2053 2495">
    <p class='ocr_par' dir='ltr' id='par_1_42' title="bbox 466 2423 2053 2495">
     <span class='ocr_line' id='line_1_42' title="bbox 466 2423 2053 2495; baseline 0 -14"><span class='ocrx_word' id='word_1_264' title='bbox 466 2424 865 2494; x_wconf 85' lang='lat' dir='ltr'><strong>tranquillitate</strong></span> <span class='ocrx_word' id='word_1_265' title='bbox 888 2432 1194 2495; x_wconf 85' lang='lat' dir='ltr'><strong>tempestas.</strong></span> <span class='ocrx_word' id='word_1_266' title='bbox 1219 2425 1436 2492; x_wconf 87' lang='lat' dir='ltr'><strong>Depone</strong></span> <span class='ocrx_word' id='word_1_267' title='bbox 1458 2439 1610 2495; x_wconf 84' lang='lat' dir='ltr'><strong>ergo,</strong></span> <span class='ocrx_word' id='word_1_268' title='bbox 1627 2423 1912 2479; x_wconf 87' lang='lat' dir='ltr'><strong>mitissime</strong></span> <span class='ocrx_word' id='word_1_269' title='bbox 1936 2438 2053 2488; x_wconf 83' lang='lat' dir='ltr'><strong>rex,</strong></span> 
     </span>
    </p>
   </div>
   <div class='ocr_carea' id='block_1_43' title="bbox 465 2510 2073 2583">
    <p class='ocr_par' dir='ltr' id='par_1_43' title="bbox 465 2510 2073 2583">
     <span class='ocr_line' id='line_1_43' title="bbox 465 2510 2073 2583; baseline -0.001 -11"><span class='ocrx_word' id='word_1_270' title='bbox 465 2518 762 2573; x_wconf 75' lang='lat' dir='ltr'><strong>auxiliante</strong></span> <span class='ocrx_word' id='word_1_271' title='bbox 794 2518 1044 2579; x_wconf 84' lang='lat' dir='ltr'><strong>Domino,</strong></span> <span class='ocrx_word' id='word_1_272' title='bbox 1076 2518 1235 2580; x_wconf 89' lang='lat' dir='ltr'><strong>iram,</strong></span> <span class='ocrx_word' id='word_1_273' title='bbox 1275 2526 1331 2573; x_wconf 90' lang='lat' dir='ltr'><strong>et</strong></span> <span class='ocrx_word' id='word_1_274' title='bbox 1353 2516 1462 2571; x_wconf 90' lang='lat' dir='ltr'><strong>noli</strong></span> <span class='ocrx_word' id='word_1_275' title='bbox 1502 2531 1601 2583; x_wconf 87' lang='lat' dir='ltr'><strong>per</strong></span> <span class='ocrx_word' id='word_1_276' title='bbox 1641 2515 1779 2570; x_wconf 87' lang='lat' dir='ltr'><strong>iram</strong></span> <span class='ocrx_word' id='word_1_277' title='bbox 1829 2510 2073 2571; x_wconf 67' lang='lat' dir='ltr'><strong>reddere</strong></span> 
     </span>
    </p>
   </div>
   <div class='ocr_carea' id='block_1_44' title="bbox 464 2607 2055 2678">
    <p class='ocr_par' dir='ltr' id='par_1_44' title="bbox 464 2607 2055 2678">
     <span class='ocr_line' id='line_1_44' title="bbox 464 2607 2055 2678; baseline 0.001 -14"><span class='ocrx_word' id='word_1_278' title='bbox 464 2610 783 2665; x_wconf 73' lang='lat' dir='ltr'><strong>vindictam.</strong></span> <span class='ocrx_word' id='word_1_279' title='bbox 814 2610 1046 2664; x_wconf 83' lang='lat' dir='ltr'><strong>Attende</strong></span> <span class='ocrx_word' id='word_1_280' title='bbox 1092 2609 1377 2677; x_wconf 76' lang='lat' dir='ltr'><strong>diligenter</strong></span> <span class='ocrx_word' id='word_1_281' title='bbox 1399 2608 1528 2678; x_wconf 87' lang='lat' dir='ltr'><strong>quid</strong></span> <span class='ocrx_word' id='word_1_282' title='bbox 1561 2608 1716 2663; x_wconf 84' lang='lat' dir='ltr'><strong>Pauli</strong></span> <span class='ocrx_word' id='word_1_283' title='bbox 1742 2623 1843 2664; x_wconf 87' lang='lat' dir='ltr'><strong>nos</strong></span> <span class='ocrx_word' id='word_1_284' title='bbox 1866 2607 2055 2665; x_wconf 89' lang='lat' dir='ltr'><strong>admo—</strong></span> 
     </span>
    </p>
   </div>
   <div class='ocr_carea' id='block_1_45' title="bbox 448 2697 2055 2757">
    <p class='ocr_par' dir='ltr' id='par_1_45' title="bbox 448 2697 2055 2757">
     <span class='ocr_line' id='line_1_45' title="bbox 448 2697 2055 2757; baseline -0.001 -2"><span class='ocrx_word' id='word_1_285' title='bbox 448 2702 649 2756; x_wconf 79' lang='lat' dir='ltr'><strong>nentis</strong></span> <span class='ocrx_word' id='word_1_286' title='bbox 670 2701 816 2756; x_wconf 89' lang='lat' dir='ltr'><strong>dicat</strong></span> <span class='ocrx_word' id='word_1_287' title='bbox 843 2701 1132 2755; x_wconf 81' lang='lat' dir='ltr'><strong>sententia.</strong></span> <span class='ocrx_word' id='word_1_288' title='bbox 1172 2699 1263 2757; x_wconf 79' lang='lat' dir='ltr'><strong>Ait</strong></span> <span class='ocrx_word' id='word_1_289' title='bbox 1298 2700 1442 2755; x_wconf 84' lang='lat' dir='ltr'><strong>enim</strong></span> <span class='ocrx_word' id='word_1_290' title='bbox 1482 2718 1496 2754; x_wconf 91' lang='lat'><strong>:</strong></span> <span class='ocrx_word' id='word_1_291' title='bbox 1533 2697 1692 2755; x_wconf 83' lang='lat' dir='ltr'><strong>Nunc</strong></span> <span class='ocrx_word' id='word_1_292' title='bbox 1736 2707 1913 2757; x_wconf 75' lang='lat' dir='ltr'><strong>autem</strong></span> <span class='ocrx_word' id='word_1_293' title='bbox 1962 2699 2055 2753; x_wconf 60' lang='lat' dir='ltr'><strong>de.</strong></span> 
     </span>
    </p>
   </div>
   <div class='ocr_carea' id='block_1_46' title="bbox 464 2787 2050 2863">
    <p class='ocr_par' dir='ltr' id='par_1_46' title="bbox 464 2787 2050 2863">
     <span class='ocr_line' id='line_1_46' title="bbox 464 2787 2050 2863; baseline -0.002 -16"><span class='ocrx_word' id='word_1_294' title='bbox 464 2793 639 2863; x_wconf 81' lang='lat' dir='ltr'><strong>ponite</strong></span> <span class='ocrx_word' id='word_1_295' title='bbox 659 2801 709 2847; x_wconf 84' lang='lat' dir='ltr'><strong>et</strong></span> <span class='ocrx_word' id='word_1_296' title='bbox 728 2808 818 2846; x_wconf 74' lang='lat' dir='ltr'><strong>vos</strong></span> <span class='ocrx_word' id='word_1_297' title='bbox 845 2808 1049 2849; x_wconf 76' lang='lat' dir='ltr'><strong>omnem</strong></span> <span class='ocrx_word' id='word_1_298' title='bbox 1076 2793 1234 2856; x_wconf 81' lang='lat' dir='ltr'><strong>iram,</strong></span> <span class='ocrx_word' id='word_1_299' title='bbox 1266 2791 1682 2861; x_wconf 76' lang='lat' dir='ltr'><strong>indignationem</strong></span> <span class='ocrx_word' id='word_1_300' title='bbox 1709 2799 1759 2845; x_wconf 88' lang='lat' dir='ltr'><strong>et</strong></span> <span class='ocrx_word' id='word_1_301' title='bbox 1789 2787 2050 2845; x_wconf 66' lang='lat' dir='ltr'><strong>malitiam</strong></span> 
     </span>
    </p>
   </div>
   <div class='ocr_carea' id='block_1_47' title="bbox 464 2880 2051 2955">
    <p class='ocr_par' dir='ltr' id='par_1_47' title="bbox 464 2880 2051 2955">
     <span class='ocr_line' id='line_1_47' title="bbox 464 2880 2051 2955; baseline -0.003 -16"><span class='ocrx_word' id='word_1_302' title='bbox 464 2881 691 2955; x_wconf 84' lang='lat' dir='ltr'><strong>(Coloss.</strong></span> <span class='ocrx_word' id='word_1_303' title='bbox 717 2901 802 2947; x_wconf 83' lang='lat' dir='ltr'><strong>In,</strong></span> <span class='ocrx_word' id='word_1_304' title='bbox 833 2884 909 2955; x_wconf 91' lang='lat'><strong>8).</strong></span> <span class='ocrx_word' id='word_1_305' title='bbox 939 2883 1173 2953; x_wconf 70' lang='lat' dir='ltr'><strong>Iacobus</strong></span> <span class='ocrx_word' id='word_1_306' title='bbox 1196 2898 1419 2955; x_wconf 81' lang='lat' dir='ltr'><strong>quoque</strong></span> <span class='ocrx_word' id='word_1_307' title='bbox 1451 2883 1584 2938; x_wconf 84' lang='lat' dir='ltr'><strong>dicit</strong></span> <span class='ocrx_word' id='word_1_308' title='bbox 1613 2881 1752 2939; x_wconf 83' lang='lat' dir='ltr'><strong>:Ira</strong></span> <span class='ocrx_word' id='word_1_309' title='bbox 1782 2883 1927 2938; x_wconf 77' lang='lat' dir='ltr'><strong>enim</strong></span> <span class='ocrx_word' id='word_1_310' title='bbox 1948 2880 2051 2937; x_wconf 68' lang='lat' dir='ltr'><strong>uiri</strong></span> 
     </span>
    </p>
   </div>
   <div class='ocr_carea' id='block_1_48' title="bbox 470 2971 2047 3045">
    <p class='ocr_par' dir='ltr' id='par_1_48' title="bbox 470 2971 2047 3045">
     <span class='ocr_line' id='line_1_48' title="bbox 470 2971 2047 3045; baseline -0.002 -17"><span class='ocrx_word' id='word_1_311' title='bbox 470 2974 735 3045; x_wconf 80' lang='lat' dir='ltr'><strong>justitiam</strong></span> <span class='ocrx_word' id='word_1_312' title='bbox 761 2974 856 3028; x_wconf 85' lang='lat' dir='ltr'><strong>Dei</strong></span> <span class='ocrx_word' id='word_1_313' title='bbox 885 2991 989 3029; x_wconf 87' lang='lat' dir='ltr'><strong>non</strong></span> <span class='ocrx_word' id='word_1_314' title='bbox 1015 2985 1263 3044; x_wconf 84' lang='lat' dir='ltr'><strong>operatur</strong></span> <span class='ocrx_word' id='word_1_315' title='bbox 1284 2975 1485 3044; x_wconf 57' lang='lat' dir='ltr'><strong>(Jama,</strong></span> <span class='ocrx_word' id='word_1_316' title='bbox 1513 2972 1625 3044; x_wconf 73' lang='lat'><strong>20).</strong></span> <span class='ocrx_word' id='word_1_317' title='bbox 1660 2971 1915 3027; x_wconf 89' lang='lat' dir='ltr'><strong>Salomon</strong></span> <span class='ocrx_word' id='word_1_318' title='bbox 1941 2971 2047 3026; x_wconf 85' lang='lat' dir='ltr'><strong>ait:</strong></span> 
     </span>
    </p>
   </div>
   <div class='ocr_carea' id='block_1_49' title="bbox 479 3066 2051 3137">
    <p class='ocr_par' dir='ltr' id='par_1_49' title="bbox 479 3066 2051 3137">
     <span class='ocr_line' id='line_1_49' title="bbox 479 3066 2051 3137; baseline 0 -17"><span class='ocrx_word' id='word_1_319' title='bbox 479 3066 638 3120; x_wconf 88' lang='lat' dir='ltr'><strong>Zelus</strong></span> <span class='ocrx_word' id='word_1_320' title='bbox 666 3075 713 3120; x_wconf 90' lang='lat' dir='ltr'><strong>et</strong></span> <span class='ocrx_word' id='word_1_321' title='bbox 749 3067 1029 3120; x_wconf 80' lang='lat' dir='ltr'><strong>iracundia</strong></span> <span class='ocrx_word' id='word_1_322' title='bbox 1074 3069 1318 3122; x_wconf 73' lang='lat' dir='ltr'><strong>ntinaunt</strong></span> <span class='ocrx_word' id='word_1_323' title='bbox 1346 3067 1479 3129; x_wconf 80' lang='lat' dir='ltr'><strong>dies,</strong></span> <span class='ocrx_word' id='word_1_324' title='bbox 1503 3076 1553 3120; x_wconf 89' lang='lat' dir='ltr'><strong>et</strong></span> <span class='ocrx_word' id='word_1_325' title='bbox 1574 3075 1698 3121; x_wconf 77' lang='lat' dir='ltr'><strong>ante</strong></span> <span class='ocrx_word' id='word_1_326' title='bbox 1731 3076 1932 3137; x_wconf 83' lang='lat' dir='ltr'><strong>tempus</strong></span> <span class='ocrx_word' id='word_1_327' title='bbox 1954 3066 2051 3120; x_wconf 86' lang='lat' dir='ltr'><strong>ad-</strong></span> 
     </span>
    </p>
   </div>
   <div class='ocr_carea' id='block_1_50' title="bbox 2156 1858 3738 1932">
    <p class='ocr_par' dir='ltr' id='par_1_50' title="bbox 2156 1858 3738 1932">
     <span class='ocr_line' id='line_1_50' title="bbox 2156 1858 3738 1932; baseline 0.004 -17"><span class='ocrx_word' id='word_1_328' title='bbox 2156 1860 2350 1917; x_wconf 78' lang='lat' dir='ltr'><strong>dentes</strong></span> <span class='ocrx_word' id='word_1_329' title='bbox 2378 1875 2410 1912; x_wconf 87' lang='lat' dir='ltr'><strong>a</strong></span> <span class='ocrx_word' id='word_1_330' title='bbox 2454 1860 2553 1923; x_wconf 84' lang='lat' dir='ltr'><strong>via</strong></span> <span class='ocrx_word' id='word_1_331' title='bbox 2574 1858 2846 1914; x_wconf 83' lang='lat' dir='ltr'><strong>divertant</strong></span> <span class='ocrx_word' id='word_1_332' title='bbox 2873 1860 3044 1930; x_wconf 81' lang='lat' dir='ltr'><strong>regia,</strong></span> <span class='ocrx_word' id='word_1_333' title='bbox 3087 1869 3145 1915; x_wconf 89' lang='lat' dir='ltr'><strong>et</strong></span> <span class='ocrx_word' id='word_1_334' title='bbox 3168 1875 3415 1930; x_wconf 79' lang='lat' dir='ltr'><strong>gressum</strong></span> <span class='ocrx_word' id='word_1_335' title='bbox 3438 1864 3624 1932; x_wconf 82' lang='lat' dir='ltr'><strong>operis</strong></span> <span class='ocrx_word' id='word_1_336' title='bbox 3654 1865 3738 1923; x_wconf 91' lang='lat' dir='ltr'><strong>tui</strong></span> 
     </span>
    </p>
   </div>
   <div class='ocr_carea' id='block_1_51' title="bbox 2156 1946 3737 2018">
    <p class='ocr_par' dir='ltr' id='par_1_51' title="bbox 2156 1946 3737 2018">
     <span class='ocr_line' id='line_1_51' title="bbox 2156 1946 3737 2018; baseline 0.003 -14"><span class='ocrx_word' id='word_1_337' title='bbox 2156 1948 2214 2004; x_wconf 87' lang='lat' dir='ltr'><strong>in</strong></span> <span class='ocrx_word' id='word_1_338' title='bbox 2254 1949 2344 2004; x_wconf 88' lang='lat' dir='ltr'><strong>via</strong></span> <span class='ocrx_word' id='word_1_339' title='bbox 2377 1946 2579 2003; x_wconf 82' lang='lat' dir='ltr'><strong>faciant</strong></span> <span class='ocrx_word' id='word_1_340' title='bbox 2620 1962 2822 2018; x_wconf 88' lang='lat' dir='ltr'><strong>ponere</strong></span> <span class='ocrx_word' id='word_1_341' title='bbox 2862 1963 2970 2004; x_wconf 90' lang='lat' dir='ltr'><strong>non</strong></span> <span class='ocrx_word' id='word_1_342' title='bbox 3021 1958 3189 2004; x_wconf 85' lang='lat' dir='ltr'><strong>recta.</strong></span> <span class='ocrx_word' id='word_1_343' title='bbox 3240 1949 3319 2005; x_wconf 92' lang='lat' dir='ltr'><strong>De</strong></span> <span class='ocrx_word' id='word_1_344' title='bbox 3356 1951 3553 2008; x_wconf 85' lang='lat' dir='ltr'><strong>talibus</strong></span> <span class='ocrx_word' id='word_1_345' title='bbox 3587 1954 3737 2009; x_wconf 80' lang='lat' dir='ltr'><strong>enim</strong></span> 
     </span>
    </p>
   </div>
   <div class='ocr_carea' id='block_1_52' title="bbox 2155 2040 3743 2112">
    <p class='ocr_par' dir='ltr' id='par_1_52' title="bbox 2155 2040 3743 2112">
     <span class='ocr_line' id='line_1_52' title="bbox 2155 2040 3743 2112; baseline 0.003 -16"><span class='ocrx_word' id='word_1_346' title='bbox 2155 2040 2524 2098; x_wconf 84' lang='lat' dir='ltr'><strong>adulatoribus</strong></span> <span class='ocrx_word' id='word_1_347' title='bbox 2573 2041 2834 2110; x_wconf 84' lang='lat' dir='ltr'><strong>scriptum</strong></span> <span class='ocrx_word' id='word_1_348' title='bbox 2862 2049 2985 2096; x_wconf 86' lang='lat' dir='ltr'><strong>est:</strong></span> <span class='ocrx_word' id='word_1_349' title='bbox 3025 2040 3117 2095; x_wconf 70' lang='grc' dir='ltr'><strong>νει·</strong></span> <span class='ocrx_word' id='word_1_350' title='bbox 3158 2042 3371 2112; x_wconf 84' lang='lat' dir='ltr'><strong>iniquus</strong></span> <span class='ocrx_word' id='word_1_351' title='bbox 3408 2042 3569 2098; x_wconf 68' lang='lat' dir='ltr'><strong>laeta</strong></span> <span class='ocrx_word' id='word_1_352' title='bbox 3599 2046 3743 2101; x_wconf 71' lang='lat' dir='ltr'><strong>anti-</strong></span> 
     </span>
    </p>
   </div>
   <div class='ocr_carea' id='block_1_53' title="bbox 2154 2127 3740 2205">
    <p class='ocr_par' dir='ltr' id='par_1_53' title="bbox 2154 2127 3740 2205">
     <span class='ocr_line' id='line_1_53' title="bbox 2154 2127 3740 2205; baseline 0.004 -24"><span class='ocrx_word' id='word_1_353' title='bbox 2154 2143 2276 2183; x_wconf 85' lang='lat' dir='ltr'><strong>cum</strong></span> <span class='ocrx_word' id='word_1_354' title='bbox 2307 2144 2486 2194; x_wconf 86' lang='lat' dir='ltr'><strong>suum,</strong></span> <span class='ocrx_word' id='word_1_355' title='bbox 2529 2137 2578 2183; x_wconf 86' lang='lat' dir='ltr'><strong>et</strong></span> <span class='ocrx_word' id='word_1_356' title='bbox 2602 2127 2745 2182; x_wconf 81' lang='lat' dir='ltr'><strong>ducit</strong></span> <span class='ocrx_word' id='word_1_357' title='bbox 2768 2144 2888 2183; x_wconf 86' lang='lat' dir='ltr'><strong>eum</strong></span> <span class='ocrx_word' id='word_1_358' title='bbox 2909 2145 3003 2199; x_wconf 88' lang='lat' dir='ltr'><strong>per</strong></span> <span class='ocrx_word' id='word_1_359' title='bbox 3031 2131 3166 2187; x_wconf 77' lang='lat' dir='ltr'><strong>riam</strong></span> <span class='ocrx_word' id='word_1_360' title='bbox 3197 2148 3301 2189; x_wconf 84' lang='lat' dir='ltr'><strong>non</strong></span> <span class='ocrx_word' id='word_1_361' title='bbox 3324 2132 3514 2188; x_wconf 84' lang='lat' dir='ltr'><strong>bonum</strong></span> <span class='ocrx_word' id='word_1_362' title='bbox 3539 2132 3740 2205; x_wconf 67' lang='grc' dir='ltr'><strong>(ΡΙ-ου.</strong></span> 
     </span>
    </p>
   </div>
   <div class='ocr_carea' id='block_1_54' title="bbox 2155 2219 3744 2292">
    <p class='ocr_par' dir='ltr' id='par_1_54' title="bbox 2155 2219 3744 2292">
     <span class='ocr_line' id='line_1_54' title="bbox 2155 2219 3744 2292; baseline 0.003 -16"><span class='ocrx_word' id='word_1_363' title='bbox 2155 2236 2269 2285; x_wconf 77' lang='lat' dir='ltr'><strong>xvr,</strong></span> <span class='ocrx_word' id='word_1_364' title='bbox 2293 2219 2408 2289; x_wconf 71' lang='lat'><strong>29).</strong></span> <span class='ocrx_word' id='word_1_365' title='bbox 2434 2219 2635 2275; x_wconf 88' lang='lat' dir='ltr'><strong>lterum</strong></span> <span class='ocrx_word' id='word_1_366' title='bbox 2662 2219 2729 2275; x_wconf 89' lang='lat' dir='ltr'><strong>de</strong></span> <span class='ocrx_word' id='word_1_367' title='bbox 2758 2220 3094 2291; x_wconf 87' lang='lat' dir='ltr'><strong>principibus</strong></span> <span class='ocrx_word' id='word_1_368' title='bbox 3115 2223 3205 2292; x_wconf 87' lang='lat' dir='ltr'><strong>qui</strong></span> <span class='ocrx_word' id='word_1_369' title='bbox 3232 2225 3585 2279; x_wconf 84' lang='lat' dir='ltr'><strong>consentiunt</strong></span> <span class='ocrx_word' id='word_1_370' title='bbox 3601 2226 3744 2281; x_wconf 79' lang='lat' dir='ltr'><strong>adu-</strong></span> 
     </span>
    </p>
   </div>
   <div class='ocr_carea' id='block_1_55' title="bbox 2134 2309 3743 2385">
    <p class='ocr_par' dir='ltr' id='par_1_55' title="bbox 2134 2309 3743 2385">
     <span class='ocr_line' id='line_1_55' title="bbox 2134 2309 3743 2385; baseline 0.002 -20"><span class='ocrx_word' id='word_1_371' title='bbox 2134 2311 2419 2373; x_wconf 73' lang='lat' dir='ltr'><strong>latoribus</strong></span> <span class='ocrx_word' id='word_1_372' title='bbox 2465 2312 2726 2381; x_wconf 83' lang='lat' dir='ltr'><strong>scriptum</strong></span> <span class='ocrx_word' id='word_1_373' title='bbox 2748 2320 2832 2367; x_wconf 86' lang='lat' dir='ltr'><strong>est</strong></span> <span class='ocrx_word' id='word_1_374' title='bbox 2869 2330 2882 2366; x_wconf 86' lang='lat'><strong>:</strong></span> <span class='ocrx_word' id='word_1_375' title='bbox 2915 2309 3169 2384; x_wconf 77' lang='lat' dir='ltr'><strong>Princeps</strong></span> <span class='ocrx_word' id='word_1_376' title='bbox 3205 2314 3296 2385; x_wconf 83' lang='lat' dir='ltr'><strong>qui</strong></span> <span class='ocrx_word' id='word_1_377' title='bbox 3327 2313 3548 2371; x_wconf 81' lang='lat' dir='ltr'><strong>libenter</strong></span> <span class='ocrx_word' id='word_1_378' title='bbox 3581 2315 3743 2371; x_wconf 65' lang='lat' dir='ltr'><strong>audit</strong></span> 
     </span>
    </p>
   </div>
   <div class='ocr_carea' id='block_1_56' title="bbox 2154 2404 3742 2480">
    <p class='ocr_par' dir='ltr' id='par_1_56' title="bbox 2154 2404 3742 2480">
     <span class='ocr_line' id='line_1_56' title="bbox 2154 2404 3742 2480; baseline 0.001 -20"><span class='ocrx_word' id='word_1_379' title='bbox 2154 2404 2366 2460; x_wconf 73' lang='lat' dir='ltr'><strong>uerbum</strong></span> <span class='ocrx_word' id='word_1_380' title='bbox 2383 2404 2663 2469; x_wconf 82' lang='lat' dir='ltr'><strong>mendacii,</strong></span> <span class='ocrx_word' id='word_1_381' title='bbox 2684 2421 2859 2461; x_wconf 82' lang='lat' dir='ltr'><strong>omnes</strong></span> <span class='ocrx_word' id='word_1_382' title='bbox 2882 2405 3146 2467; x_wconf 76' lang='lat' dir='ltr'><strong>ministros</strong></span> <span class='ocrx_word' id='word_1_383' title='bbox 3168 2407 3320 2462; x_wconf 81' lang='lat' dir='ltr'><strong>habet</strong></span> <span class='ocrx_word' id='word_1_384' title='bbox 3343 2407 3534 2480; x_wconf 75' lang='lat' dir='ltr'><strong>impios</strong></span> <span class='ocrx_word' id='word_1_385' title='bbox 3544 2406 3742 2477; x_wconf 72' lang='lat' dir='ltr'><strong>(Prae.</strong></span> 
     </span>
    </p>
   </div>
   <div class='ocr_carea' id='block_1_57' title="bbox 2154 2493 3746 2568">
    <p class='ocr_par' dir='ltr' id='par_1_57' title="bbox 2154 2493 3746 2568">
     <span class='ocr_line' id='line_1_57' title="bbox 2154 2493 3746 2568; baseline 0.001 -15"><span class='ocrx_word' id='word_1_386' title='bbox 2154 2511 2306 2560; x_wconf 78' lang='lat' dir='ltr'><strong>xxix,</strong></span> <span class='ocrx_word' id='word_1_387' title='bbox 2365 2493 2630 2563; x_wconf 69' lang='lat' dir='ltr'><strong>12).ltem</strong></span> <span class='ocrx_word' id='word_1_388' title='bbox 2676 2494 2743 2550; x_wconf 89' lang='lat' dir='ltr'><strong>de</strong></span> <span class='ocrx_word' id='word_1_389' title='bbox 2768 2495 3178 2553; x_wconf 88' lang='lat' dir='ltr'><strong>adulatoribus:</strong></span> <span class='ocrx_word' id='word_1_390' title='bbox 3206 2495 3746 2568; x_wconf 70' lang='lat' dir='ltr'><strong>Lingnafallaxnon</strong></span> 
     </span>
    </p>
   </div>
   <div class='ocr_carea' id='block_1_58' title="bbox 2142 2584 3743 2660">
    <p class='ocr_par' dir='ltr' id='par_1_58' title="bbox 2142 2584 3743 2660">
     <span class='ocr_line' id='line_1_58' title="bbox 2142 2584 3743 2660; baseline 0.001 -18"><span class='ocrx_word' id='word_1_391' title='bbox 2142 2595 2295 2647; x_wconf 76' lang='lat' dir='ltr'><strong>,amat</strong></span> <span class='ocrx_word' id='word_1_392' title='bbox 2316 2586 2584 2645; x_wconf 77' lang='lat' dir='ltr'><strong>ueritatem</strong></span> <span class='ocrx_word' id='word_1_393' title='bbox 2607 2602 2625 2641; x_wconf 90' lang='lat'><strong><em>:</em></strong></span> <span class='ocrx_word' id='word_1_394' title='bbox 2648 2595 2695 2640; x_wconf 89' lang='lat' dir='ltr'><strong>et</strong></span> <span class='ocrx_word' id='word_1_395' title='bbox 2720 2602 2776 2640; x_wconf 90' lang='lat' dir='ltr'><strong>os</strong></span> <span class='ocrx_word' id='word_1_396' title='bbox 2796 2584 3054 2641; x_wconf 81' lang='lat' dir='ltr'><strong>lubricum</strong></span> <span class='ocrx_word' id='word_1_397' title='bbox 3076 2596 3322 2656; x_wconf 78' lang='lat' dir='ltr'><strong>operatur</strong></span> <span class='ocrx_word' id='word_1_398' title='bbox 3338 2589 3522 2644; x_wconf 80' lang='lat' dir='ltr'><strong>ruinas</strong></span> <span class='ocrx_word' id='word_1_399' title='bbox 3545 2587 3743 2660; x_wconf 71' lang='grc' dir='ltr'><strong>(Ρνω.</strong></span> 
     </span>
    </p>
   </div>
   <div class='ocr_carea' id='block_1_59' title="bbox 2153 2676 3749 2749">
    <p class='ocr_par' dir='ltr' id='par_1_59' title="bbox 2153 2676 3749 2749">
     <span class='ocr_line' id='line_1_59' title="bbox 2153 2676 3749 2749; baseline -0.001 -15"><span class='ocrx_word' id='word_1_400' title='bbox 2153 2694 2302 2744; x_wconf 80' lang='lat' dir='ltr'><strong>xxvr,</strong></span> <span class='ocrx_word' id='word_1_401' title='bbox 2343 2676 2459 2749; x_wconf 70' lang='lat'><strong>28).</strong></span> <span class='ocrx_word' id='word_1_402' title='bbox 2514 2678 2648 2733; x_wconf 84' lang='lat' dir='ltr'><strong>Item</strong></span> <span class='ocrx_word' id='word_1_403' title='bbox 2686 2678 2752 2739; x_wconf 83' lang='lat' dir='ltr'><strong>de</strong></span> <span class='ocrx_word' id='word_1_404' title='bbox 2807 2678 3305 2734; x_wconf 87' lang='lat' dir='ltr'><strong>consentientibus:</strong></span> <span class='ocrx_word' id='word_1_405' title='bbox 3341 2677 3521 2735; x_wconf 68' lang='lat' dir='ltr'><strong>Malus</strong></span> <span class='ocrx_word' id='word_1_406' title='bbox 3557 2678 3749 2735; x_wconf 72' lang='lat' dir='ltr'><strong>obedit</strong></span> 
     </span>
    </p>
   </div>
   <div class='ocr_carea' id='block_1_60' title="bbox 2151 2768 3753 2846">
    <p class='ocr_par' dir='ltr' id='par_1_60' title="bbox 2151 2768 3753 2846">
     <span class='ocr_line' id='line_1_60' title="bbox 2151 2768 3753 2846; baseline 0.005 -23"><span class='ocrx_word' id='word_1_407' title='bbox 2151 2769 2346 2841; x_wconf 68' lang='lat' dir='ltr'><strong>lingua</strong></span> <span class='ocrx_word' id='word_1_408' title='bbox 2378 2770 2570 2842; x_wconf 61' lang='lat' dir='ltr'><strong>iniqua</strong></span> <span class='ocrx_word' id='word_1_409' title='bbox 2601 2780 2701 2839; x_wconf 47' lang='lat' dir='ltr'><strong>get</strong></span> <span class='ocrx_word' id='word_1_410' title='bbox 2753 2768 2924 2846; x_wconf 75' lang='lat' dir='ltr'><strong>fallaa:</strong></span> <span class='ocrx_word' id='word_1_411' title='bbox 2963 2770 3285 2841; x_wconf 82' lang='lat' dir='ltr'><strong>obtemperat</strong></span> <span class='ocrx_word' id='word_1_412' title='bbox 3318 2770 3471 2827; x_wconf 85' lang='lat' dir='ltr'><strong>labiis</strong></span> <span class='ocrx_word' id='word_1_413' title='bbox 3508 2773 3753 2831; x_wconf 68' lang='lat' dir='ltr'><strong>menda-</strong></span> 
     </span>
    </p>
   </div>
   <div class='ocr_carea' id='block_1_61' title="bbox 2152 2859 3755 2932">
    <p class='ocr_par' dir='ltr' id='par_1_61' title="bbox 2152 2859 3755 2932">
     <span class='ocr_line' id='line_1_61' title="bbox 2152 2859 3755 2932; baseline 0.005 -17"><span class='ocrx_word' id='word_1_414' title='bbox 2152 2862 2298 2915; x_wconf 83' lang='lat' dir='ltr'><strong>cibus</strong></span> <span class='ocrx_word' id='word_1_415' title='bbox 2337 2859 2517 2932; x_wconf 77' lang='lat' dir='ltr'><strong>(Prov.</strong></span> <span class='ocrx_word' id='word_1_416' title='bbox 2543 2876 2680 2927; x_wconf 83' lang='lat' dir='ltr'><strong>xvn,</strong></span> <span class='ocrx_word' id='word_1_417' title='bbox 2716 2859 2793 2932; x_wconf 68' lang='lat'><strong>4).</strong></span> <span class='ocrx_word' id='word_1_418' title='bbox 2847 2859 2926 2919; x_wconf 83' lang='lat' dir='ltr'><strong>Tu</strong></span> <span class='ocrx_word' id='word_1_419' title='bbox 2952 2876 3100 2932; x_wconf 81' lang='lat' dir='ltr'><strong>ergo,</strong></span> <span class='ocrx_word' id='word_1_420' title='bbox 3136 2861 3440 2919; x_wconf 87' lang='lat' dir='ltr'><strong>clarissime</strong></span> <span class='ocrx_word' id='word_1_421' title='bbox 3458 2879 3576 2930; x_wconf 84' lang='lat' dir='ltr'><strong>rex.</strong></span> <span class='ocrx_word' id='word_1_422' title='bbox 3598 2879 3755 2923; x_wconf 61' lang='lat' dir='ltr'><strong>eam</strong></span> 
     </span>
    </p>
   </div>
   <div class='ocr_carea' id='block_1_62' title="bbox 2152 2952 3758 3024">
    <p class='ocr_par' dir='ltr' id='par_1_62' title="bbox 2152 2952 3758 3024">
     <span class='ocr_line' id='line_1_62' title="bbox 2152 2952 3758 3024; baseline 0.002 -16"><span class='ocrx_word' id='word_1_423' title='bbox 2152 2953 2491 3009; x_wconf 86' lang='lat' dir='ltr'><strong>adulatorum</strong></span> <span class='ocrx_word' id='word_1_424' title='bbox 2515 2953 2754 3008; x_wconf 85' lang='lat' dir='ltr'><strong>lubricas</strong></span> <span class='ocrx_word' id='word_1_425' title='bbox 2784 2952 3198 3024; x_wconf 81' lang='lat' dir='ltr'><strong>mortiferasque</strong></span> <span class='ocrx_word' id='word_1_426' title='bbox 3226 2954 3435 3021; x_wconf 86' lang='lat' dir='ltr'><strong>ruinas,</strong></span> <span class='ocrx_word' id='word_1_427' title='bbox 3457 2964 3512 3010; x_wconf 89' lang='lat' dir='ltr'><strong>et</strong></span> <span class='ocrx_word' id='word_1_428' title='bbox 3534 2970 3602 3010; x_wconf 89' lang='lat' dir='ltr'><strong>ne</strong></span> <span class='ocrx_word' id='word_1_429' title='bbox 3632 2957 3758 3011; x_wconf 87' lang='lat' dir='ltr'><strong>sub</strong></span> 
     </span>
    </p>
   </div>
   <div class='ocr_carea' id='block_1_63' title="bbox 2152 3043 3752 3119">
    <p class='ocr_par' dir='ltr' id='par_1_63' title="bbox 2152 3043 3752 3119">
     <span class='ocr_line' id='line_1_63' title="bbox 2152 3043 3752 3119; baseline 0.002 -20"><span class='ocrx_word' id='word_1_430' title='bbox 2152 3045 2451 3099; x_wconf 87' lang='lat' dir='ltr'><strong>amicorum</strong></span> <span class='ocrx_word' id='word_1_431' title='bbox 2484 3044 2662 3114; x_wconf 72' lang='lat' dir='ltr'><strong>specie</strong></span> <span class='ocrx_word' id='word_1_432' title='bbox 2717 3043 2931 3099; x_wconf 88' lang='lat' dir='ltr'><strong>illorum</strong></span> <span class='ocrx_word' id='word_1_433' title='bbox 2966 3052 3020 3100; x_wconf 89' lang='lat' dir='ltr'><strong>te</strong></span> <span class='ocrx_word' id='word_1_434' title='bbox 3065 3044 3338 3119; x_wconf 86' lang='lat' dir='ltr'><strong>decipiant</strong></span> <span class='ocrx_word' id='word_1_435' title='bbox 3386 3045 3525 3101; x_wconf 87' lang='lat' dir='ltr'><strong>male</strong></span> <span class='ocrx_word' id='word_1_436' title='bbox 3579 3062 3752 3102; x_wconf 75' lang='lat' dir='ltr'><strong>suum</strong></span> 
     </span>
    </p>
   </div>
   <div class='ocr_carea' id='block_1_64' title="bbox 464 3125 3757 3227">
    <p class='ocr_par' dir='ltr' id='par_1_64' title="bbox 464 3125 3757 3227">
     <span class='ocr_line' id='line_1_64' title="bbox 464 3125 3757 3227; baseline 0.002 -42"><span class='ocrx_word' id='word_1_437' title='bbox 464 3158 617 3210; x_wconf 53' lang='lat' dir='ltr'><strong>dm,</strong></span> <span class='ocrx_word' id='word_1_438' title='bbox 638 3165 899 3210; x_wconf 50' lang='grc' dir='ltr'><strong>δεηθείη,</strong></span> <span class='ocrx_word' id='word_1_439' title='bbox 932 3157 1187 3225; x_wconf 51' lang='lat' dir='ltr'><strong>cogam”</strong></span> <span class='ocrx_word' id='word_1_440' title='bbox 1239 3156 1430 3227; x_wconf 46' lang='lat' dir='ltr'><strong>(Ecdi-</strong></span> <span class='ocrx_word' id='word_1_441' title='bbox 1456 3125 1591 3220; x_wconf 38' lang='grc' dir='ltr'>ᾴιχ,</span> <span class='ocrx_word' id='word_1_442' title='bbox 1621 3156 1736 3224; x_wconf 53' lang='grc' dir='ltr'><strong>εδ),</strong></span> <span class='ocrx_word' id='word_1_443' title='bbox 1778 3125 1899 3225; x_wconf 59' lang='lat' dir='ltr'><strong>lp&#39;se</strong></span> <span class='ocrx_word' id='word_1_444' title='bbox 1919 3170 2048 3225; x_wconf 55' lang='grc' dir='ltr'><strong>(μεθ,</strong></span> <span class='ocrx_word' id='word_1_445' title='bbox 2075 3125 2120 3187; x_wconf 89' lang='lat' dir='ltr'><strong>C</strong></span> <span class='ocrx_word' id='word_1_446' title='bbox 2152 3135 2397 3195; x_wconf 63' lang='lat' dir='ltr'><strong>fallaciis.</strong></span> <span class='ocrx_word' id='word_1_447' title='bbox 2422 3134 2560 3195; x_wconf 79' lang='lat' dir='ltr'><strong>Audi</strong></span> <span class='ocrx_word' id='word_1_448' title='bbox 2589 3134 2718 3204; x_wconf 84' lang='lat' dir='ltr'><strong>quid</strong></span> <span class='ocrx_word' id='word_1_449' title='bbox 2762 3136 2828 3190; x_wconf 85' lang='lat' dir='ltr'><strong>de</strong></span> <span class='ocrx_word' id='word_1_450' title='bbox 2859 3134 2969 3227; x_wconf 71' lang='lat' dir='ltr'><strong>illis</strong></span> <span class='ocrx_word' id='word_1_451' title='bbox 3000 3135 3260 3207; x_wconf 83' lang='lat' dir='ltr'><strong>scriptum</strong></span> <span class='ocrx_word' id='word_1_452' title='bbox 3281 3142 3366 3191; x_wconf 83' lang='lat' dir='ltr'><strong>est</strong></span> <span class='ocrx_word' id='word_1_453' title='bbox 3391 3153 3407 3188; x_wconf 91' lang='lat'><strong>:</strong></span> <span class='ocrx_word' id='word_1_454' title='bbox 3443 3133 3757 3193; x_wconf 73' lang='lat' dir='ltr'><strong>Simulator</strong></span> 
     </span>
    </p>
   </div>
   <div class='ocr_carea' id='block_1_65' title="bbox 469 3242 2048 3313">
    <p class='ocr_par' dir='ltr' id='par_1_65' title="bbox 469 3242 2048 3313">
     <span class='ocr_line' id='line_1_65' title="bbox 469 3242 2048 3313; baseline 0.002 -16"><span class='ocrx_word' id='word_1_455' title='bbox 469 3258 577 3313; x_wconf 89' lang='lat' dir='ltr'><strong>que</strong></span> <span class='ocrx_word' id='word_1_456' title='bbox 625 3242 887 3298; x_wconf 86' lang='lat' dir='ltr'><strong>Dominus</strong></span> <span class='ocrx_word' id='word_1_457' title='bbox 915 3251 1120 3306; x_wconf 87' lang='lat' dir='ltr'><strong>noster,</strong></span> <span class='ocrx_word' id='word_1_458' title='bbox 1147 3245 1314 3300; x_wconf 87' lang='lat' dir='ltr'><strong>totius</strong></span> <span class='ocrx_word' id='word_1_459' title='bbox 1340 3244 1596 3299; x_wconf 73' lang='lat' dir='ltr'><strong>Ecclesia:</strong></span> <span class='ocrx_word' id='word_1_460' title='bbox 1621 3259 1734 3300; x_wconf 74' lang='lat' dir='ltr'><strong>siue</strong></span> <span class='ocrx_word' id='word_1_461' title='bbox 1758 3259 2048 3300; x_wconf 61' lang='lat' dir='ltr'><strong>ornameuv</strong></span> 
     </span>
    </p>
   </div>
   <div class='ocr_carea' id='block_1_66' title="bbox 474 3331 2049 3403">
    <p class='ocr_par' dir='ltr' id='par_1_66' title="bbox 474 3331 2049 3403">
     <span class='ocr_line' id='line_1_66' title="bbox 474 3331 2049 3403; baseline 0 -16"><span class='ocrx_word' id='word_1_462' title='bbox 474 3339 591 3388; x_wconf 89' lang='lat' dir='ltr'><strong>tum</strong></span> <span class='ocrx_word' id='word_1_463' title='bbox 639 3338 696 3386; x_wconf 90' lang='lat' dir='ltr'><strong>et</strong></span> <span class='ocrx_word' id='word_1_464' title='bbox 719 3331 904 3397; x_wconf 83' lang='lat' dir='ltr'><strong>decus,</strong></span> <span class='ocrx_word' id='word_1_465' title='bbox 953 3332 1277 3401; x_wconf 71' lang='lat' dir='ltr'><strong>prmdicator</strong></span> <span class='ocrx_word' id='word_1_466' title='bbox 1320 3342 1376 3387; x_wconf 86' lang='lat' dir='ltr'><strong>et</strong></span> <span class='ocrx_word' id='word_1_467' title='bbox 1413 3334 1622 3396; x_wconf 84' lang='lat' dir='ltr'><strong>doctor,</strong></span> <span class='ocrx_word' id='word_1_468' title='bbox 1652 3332 1954 3403; x_wconf 80' lang='lat' dir='ltr'><strong>exemplum</strong></span> <span class='ocrx_word' id='word_1_469' title='bbox 1993 3340 2049 3390; x_wconf 95' lang='lat' dir='ltr'><strong>et</strong></span> 
     </span>
    </p>
   </div>
   <div class='ocr_carea' id='block_1_67' title="bbox 470 3419 2050 3492">
    <p class='ocr_par' dir='ltr' id='par_1_67' title="bbox 470 3419 2050 3492">
     <span class='ocr_line' id='line_1_67' title="bbox 470 3419 2050 3492; baseline 0.001 -15"><span class='ocrx_word' id='word_1_470' title='bbox 470 3419 669 3484; x_wconf 78' lang='lat' dir='ltr'><strong>forma,</strong></span> <span class='ocrx_word' id='word_1_471' title='bbox 699 3429 935 3484; x_wconf 86' lang='lat' dir='ltr'><strong>creator,</strong></span> <span class='ocrx_word' id='word_1_472' title='bbox 974 3421 1300 3492; x_wconf 82' lang='lat' dir='ltr'><strong>gubernator</strong></span> <span class='ocrx_word' id='word_1_473' title='bbox 1324 3432 1381 3478; x_wconf 90' lang='lat' dir='ltr'><strong>et</strong></span> <span class='ocrx_word' id='word_1_474' title='bbox 1405 3430 1606 3487; x_wconf 86' lang='lat' dir='ltr'><strong>rector.</strong></span> <span class='ocrx_word' id='word_1_475' title='bbox 1632 3423 1702 3481; x_wconf 86' lang='lat' dir='ltr'><strong>ab</strong></span> <span class='ocrx_word' id='word_1_476' title='bbox 1720 3422 1803 3478; x_wconf 89' lang='lat' dir='ltr'><strong>ira</strong></span> <span class='ocrx_word' id='word_1_477' title='bbox 1824 3438 1925 3479; x_wconf 91' lang='lat' dir='ltr'><strong>nos</strong></span> <span class='ocrx_word' id='word_1_478' title='bbox 1946 3420 2050 3479; x_wconf 85' lang='lat' dir='ltr'><strong>lra-</strong></span> 
     </span>
    </p>
   </div>
   <div class='ocr_carea' id='block_1_68' title="bbox 439 3510 2052 3583">
    <p class='ocr_par' dir='ltr' id='par_1_68' title="bbox 439 3510 2052 3583">
     <span class='ocr_line' id='line_1_68' title="bbox 439 3510 2052 3583; baseline 0.001 -16"><span class='ocrx_word' id='word_1_479' title='bbox 439 3510 573 3572; x_wconf 85' lang='lat' dir='ltr'><strong>,tris</strong></span> <span class='ocrx_word' id='word_1_480' title='bbox 600 3510 823 3565; x_wconf 82' lang='lat' dir='ltr'><strong>omnino</strong></span> <span class='ocrx_word' id='word_1_481' title='bbox 847 3525 1152 3578; x_wconf 76' lang='lat' dir='ltr'><strong>removens,</strong></span> <span class='ocrx_word' id='word_1_482' title='bbox 1187 3511 1264 3565; x_wconf 90' lang='lat' dir='ltr'><strong>ait</strong></span> <span class='ocrx_word' id='word_1_483' title='bbox 1290 3530 1303 3565; x_wconf 90' lang='lat'><strong>:</strong></span> <span class='ocrx_word' id='word_1_484' title='bbox 1330 3512 1514 3569; x_wconf 81' lang='lat' dir='ltr'><strong>Omnis</strong></span> <span class='ocrx_word' id='word_1_485' title='bbox 1534 3512 1627 3582; x_wconf 78' lang='lat' dir='ltr'><strong>qui</strong></span> <span class='ocrx_word' id='word_1_486' title='bbox 1665 3512 1916 3567; x_wconf 81' lang='lat' dir='ltr'><strong>irascitur</strong></span> <span class='ocrx_word' id='word_1_487' title='bbox 1940 3513 2052 3583; x_wconf 75' lang='lat' dir='ltr'><strong>{ra-</strong></span> 
     </span>
    </p>
   </div>
   <div class='ocr_carea' id='block_1_69' title="bbox 465 3600 2047 3672">
    <p class='ocr_par' dir='ltr' id='par_1_69' title="bbox 465 3600 2047 3672">
     <span class='ocr_line' id='line_1_69' title="bbox 465 3600 2047 3672; baseline 0.001 -15"><span class='ocrx_word' id='word_1_488' title='bbox 465 3601 535 3658; x_wconf 85' lang='lat' dir='ltr'><strong>tri</strong></span> <span class='ocrx_word' id='word_1_489' title='bbox 561 3617 677 3663; x_wconf 83' lang='lat' dir='ltr'><strong>suo,</strong></span> <span class='ocrx_word' id='word_1_490' title='bbox 718 3617 838 3655; x_wconf 86' lang='lat' dir='ltr'><strong>reus</strong></span> <span class='ocrx_word' id='word_1_491' title='bbox 858 3600 1179 3670; x_wconf 74' lang='lat' dir='ltr'><strong>erltjadlcio</strong></span> <span class='ocrx_word' id='word_1_492' title='bbox 1225 3600 1441 3670; x_wconf 79' lang='lat' dir='ltr'><strong>(Matth.</strong></span> <span class='ocrx_word' id='word_1_493' title='bbox 1491 3618 1548 3667; x_wconf 88' lang='lat' dir='ltr'><strong>v,</strong></span> <span class='ocrx_word' id='word_1_494' title='bbox 1576 3602 1690 3672; x_wconf 64' lang='grc' dir='ltr'><strong>ἥ).</strong></span> <span class='ocrx_word' id='word_1_495' title='bbox 1739 3600 2047 3658; x_wconf 77' lang='lat' dir='ltr'><strong>Cavendum</strong></span> 
     </span>
    </p>
   </div>
   <div class='ocr_carea' id='block_1_70' title="bbox 446 3689 2051 3760">
    <p class='ocr_par' dir='ltr' id='par_1_70' title="bbox 446 3689 2051 3760">
     <span class='ocr_line' id='line_1_70' title="bbox 446 3689 2051 3760; baseline 0.001 -15"><span class='ocrx_word' id='word_1_496' title='bbox 446 3696 551 3745; x_wconf 78' lang='lat' dir='ltr'><strong>est</strong></span> <span class='ocrx_word' id='word_1_497' title='bbox 580 3703 711 3758; x_wconf 87' lang='lat' dir='ltr'><strong>ergo</strong></span> <span class='ocrx_word' id='word_1_498' title='bbox 743 3690 981 3744; x_wconf 87' lang='lat' dir='ltr'><strong>maxime</strong></span> <span class='ocrx_word' id='word_1_499' title='bbox 1022 3691 1239 3755; x_wconf 77' lang='lat' dir='ltr'><strong>regibus</strong></span> <span class='ocrx_word' id='word_1_500' title='bbox 1259 3690 1327 3744; x_wconf 90' lang='lat' dir='ltr'><strong>ad</strong></span> <span class='ocrx_word' id='word_1_501' title='bbox 1370 3689 1622 3745; x_wconf 83' lang='lat' dir='ltr'><strong>ell‘ectum</strong></span> <span class='ocrx_word' id='word_1_502' title='bbox 1669 3706 1823 3747; x_wconf 83' lang='lat' dir='ltr'><strong>suam</strong></span> <span class='ocrx_word' id='word_1_503' title='bbox 1856 3692 2051 3760; x_wconf 82' lang='lat' dir='ltr'><strong>perdu-</strong></span> 
     </span>
    </p>
   </div>
   <div class='ocr_carea' id='block_1_71' title="bbox 470 3779 2051 3851">
    <p class='ocr_par' dir='ltr' id='par_1_71' title="bbox 470 3779 2051 3851">
     <span class='ocr_line' id='line_1_71' title="bbox 470 3779 2051 3851; baseline 0.001 -16"><span class='ocrx_word' id='word_1_504' title='bbox 470 3794 598 3835; x_wconf 87' lang='lat' dir='ltr'><strong>cere</strong></span> <span class='ocrx_word' id='word_1_505' title='bbox 627 3779 784 3832; x_wconf 85' lang='lat' dir='ltr'><strong>iram.</strong></span> <span class='ocrx_word' id='word_1_506' title='bbox 818 3779 1000 3848; x_wconf 87' lang='lat' dir='ltr'><strong>Neque</strong></span> <span class='ocrx_word' id='word_1_507' title='bbox 1038 3779 1183 3839; x_wconf 85' lang='lat' dir='ltr'><strong>enim</strong></span> <span class='ocrx_word' id='word_1_508' title='bbox 1218 3780 1442 3849; x_wconf 63' lang='lat' dir='ltr'><strong>aequalis</strong></span> <span class='ocrx_word' id='word_1_509' title='bbox 1461 3789 1545 3835; x_wconf 83' lang='lat' dir='ltr'><strong>est</strong></span> <span class='ocrx_word' id='word_1_510' title='bbox 1572 3781 1857 3851; x_wconf 83' lang='lat' dir='ltr'><strong>cujuslibet</strong></span> <span class='ocrx_word' id='word_1_511' title='bbox 1880 3782 2051 3845; x_wconf 75' lang='lat' dir='ltr'><strong>hami-</strong></span> 
     </span>
    </p>
   </div>
   <div class='ocr_carea' id='block_1_72' title="bbox 470 3868 2047 3941">
    <p class='ocr_par' dir='ltr' id='par_1_72' title="bbox 470 3868 2047 3941">
     <span class='ocr_line' id='line_1_72' title="bbox 470 3868 2047 3941; baseline 0.003 -19"><span class='ocrx_word' id='word_1_512' title='bbox 470 3868 560 3924; x_wconf 88' lang='lat' dir='ltr'><strong>nis</strong></span> <span class='ocrx_word' id='word_1_513' title='bbox 586 3883 708 3923; x_wconf 89' lang='lat' dir='ltr'><strong>cum</strong></span> <span class='ocrx_word' id='word_1_514' title='bbox 737 3869 816 3924; x_wconf 89' lang='lat' dir='ltr'><strong>ira</strong></span> <span class='ocrx_word' id='word_1_515' title='bbox 846 3870 1010 3940; x_wconf 86' lang='lat' dir='ltr'><strong>regis.</strong></span> <span class='ocrx_word' id='word_1_516' title='bbox 1043 3870 1118 3924; x_wconf 93' lang='lat' dir='ltr'><strong>De</strong></span> <span class='ocrx_word' id='word_1_517' title='bbox 1163 3871 1242 3925; x_wconf 86' lang='lat' dir='ltr'><strong>ira</strong></span> <span class='ocrx_word' id='word_1_518' title='bbox 1265 3871 1407 3941; x_wconf 82' lang='lat' dir='ltr'><strong>regis</strong></span> <span class='ocrx_word' id='word_1_519' title='bbox 1443 3872 1703 3941; x_wconf 87' lang='lat' dir='ltr'><strong>scriptum</strong></span> <span class='ocrx_word' id='word_1_520' title='bbox 1733 3880 1821 3927; x_wconf 91' lang='lat' dir='ltr'><strong>est</strong></span> <span class='ocrx_word' id='word_1_521' title='bbox 1849 3890 1862 3925; x_wconf 91' lang='lat'><strong>:</strong></span> <span class='ocrx_word' id='word_1_522' title='bbox 1895 3873 2047 3935; x_wconf 79' lang='lat' dir='ltr'><strong>Sicut</strong></span> 
     </span>
    </p>
   </div>
   <div class='ocr_carea' id='block_1_73' title="bbox 468 3957 2044 4031">
    <p class='ocr_par' dir='ltr' id='par_1_73' title="bbox 468 3957 2044 4031">
     <span class='ocr_line' id='line_1_73' title="bbox 468 3957 2044 4031; baseline 0.004 -20"><span class='ocrx_word' id='word_1_523' title='bbox 468 3957 707 4026; x_wconf 76' lang='lat' dir='ltr'><strong>fremitus</strong></span> <span class='ocrx_word' id='word_1_524' title='bbox 720 3958 903 4025; x_wconf 88' lang='lat' dir='ltr'><strong>leonis,</strong></span> <span class='ocrx_word' id='word_1_525' title='bbox 924 3960 999 4014; x_wconf 88' lang='lat' dir='ltr'><strong>ita</strong></span> <span class='ocrx_word' id='word_1_526' title='bbox 1020 3961 1102 4015; x_wconf 86' lang='lat' dir='ltr'><strong>ira</strong></span> <span class='ocrx_word' id='word_1_527' title='bbox 1118 3962 1251 4030; x_wconf 81' lang='lat' dir='ltr'><strong>regis</strong></span> <span class='ocrx_word' id='word_1_528' title='bbox 1270 3959 1453 4030; x_wconf 66' lang='lat' dir='ltr'><strong>(Prov.</strong></span> <span class='ocrx_word' id='word_1_529' title='bbox 1470 3978 1584 4027; x_wconf 76' lang='lat' dir='ltr'><strong>xtx,</strong></span> <span class='ocrx_word' id='word_1_530' title='bbox 1602 3959 1710 4031; x_wconf 71' lang='grc'><strong>12).</strong></span> <span class='ocrx_word' id='word_1_531' title='bbox 1729 3963 1796 4018; x_wconf 85' lang='grc' dir='ltr'><strong>Εῑ</strong></span> <span class='ocrx_word' id='word_1_532' title='bbox 1818 3962 2044 4018; x_wconf 86' lang='lat' dir='ltr'><strong>iterum:</strong></span> 
     </span>
    </p>
   </div>
   <div class='ocr_carea' id='block_1_74' title="bbox 467 4045 2049 4123">
    <p class='ocr_par' dir='ltr' id='par_1_74' title="bbox 467 4045 2049 4123">
     <span class='ocr_line' id='line_1_74' title="bbox 467 4045 2049 4123; baseline 0.006 -24"><span class='ocrx_word' id='word_1_533' title='bbox 467 4045 563 4100; x_wconf 89' lang='lat' dir='ltr'><strong>Ira</strong></span> <span class='ocrx_word' id='word_1_534' title='bbox 592 4050 726 4118; x_wconf 83' lang='lat' dir='ltr'><strong>regis</strong></span> <span class='ocrx_word' id='word_1_535' title='bbox 755 4049 966 4105; x_wconf 81' lang='lat' dir='ltr'><strong>nuntius</strong></span> <span class='ocrx_word' id='word_1_536' title='bbox 984 4050 1166 4105; x_wconf 84' lang='lat' dir='ltr'><strong>mortis</strong></span> <span class='ocrx_word' id='word_1_537' title='bbox 1185 4049 1361 4115; x_wconf 74' lang='lat' dir='ltr'><strong>(Prov.</strong></span> <span class='ocrx_word' id='word_1_538' title='bbox 1382 4067 1492 4114; x_wconf 76' lang='lat' dir='ltr'><strong>xvi,</strong></span> <span class='ocrx_word' id='word_1_539' title='bbox 1512 4051 1619 4118; x_wconf 71' lang='lat' dir='ltr'><strong>l4).</strong></span> <span class='ocrx_word' id='word_1_540' title='bbox 1641 4051 1778 4123; x_wconf 82' lang='lat' dir='ltr'><strong>Ergo</strong></span> <span class='ocrx_word' id='word_1_541' title='bbox 1789 4061 2049 4121; x_wconf 85' lang='lat' dir='ltr'><strong>quantum</strong></span> 
     </span>
    </p>
   </div>
   <div class='ocr_carea' id='block_1_75' title="bbox 465 4138 2048 4211">
    <p class='ocr_par' dir='ltr' id='par_1_75' title="bbox 465 4138 2048 4211">
     <span class='ocr_line' id='line_1_75' title="bbox 465 4138 2048 4211; baseline 0.006 -22"><span class='ocrx_word' id='word_1_542' title='bbox 465 4138 694 4195; x_wconf 62' lang='lat' dir='ltr'><strong>validior</strong></span> <span class='ocrx_word' id='word_1_543' title='bbox 713 4147 800 4194; x_wconf 90' lang='lat' dir='ltr'><strong>est</strong></span> <span class='ocrx_word' id='word_1_544' title='bbox 817 4140 897 4194; x_wconf 92' lang='lat' dir='ltr'><strong>ira</strong></span> <span class='ocrx_word' id='word_1_545' title='bbox 912 4140 1055 4211; x_wconf 79' lang='lat' dir='ltr'><strong>regis</strong></span> <span class='ocrx_word' id='word_1_546' title='bbox 1066 4141 1133 4195; x_wconf 88' lang='lat' dir='ltr'><strong>ad</strong></span> <span class='ocrx_word' id='word_1_547' title='bbox 1153 4142 1483 4198; x_wconf 88' lang='lat' dir='ltr'><strong>reddendum</strong></span> <span class='ocrx_word' id='word_1_548' title='bbox 1499 4142 1810 4207; x_wconf 81' lang='lat' dir='ltr'><strong>vindictam,</strong></span> <span class='ocrx_word' id='word_1_549' title='bbox 1843 4152 2048 4199; x_wconf 67' lang='lat' dir='ltr'><strong>tantum</strong></span> 
     </span>
    </p>
   </div>
   <div class='ocr_carea' id='block_1_76' title="bbox 462 4232 2045 4303">
    <p class='ocr_par' dir='ltr' id='par_1_76' title="bbox 462 4232 2045 4303">
     <span class='ocr_line' id='line_1_76' title="bbox 462 4232 2045 4303; baseline 0.003 -14"><span class='ocrx_word' id='word_1_550' title='bbox 462 4232 837 4289; x_wconf 81' lang='lat' dir='ltr'><strong>alidelissimis</strong></span> <span class='ocrx_word' id='word_1_551' title='bbox 872 4233 1090 4300; x_wconf 76' lang='lat' dir='ltr'><strong>regibus</strong></span> <span class='ocrx_word' id='word_1_552' title='bbox 1115 4241 1412 4303; x_wconf 82' lang='lat' dir='ltr'><strong>temperata</strong></span> <span class='ocrx_word' id='word_1_553' title='bbox 1435 4234 1601 4290; x_wconf 84' lang='lat' dir='ltr'><strong>debet</strong></span> <span class='ocrx_word' id='word_1_554' title='bbox 1631 4250 1755 4291; x_wconf 87' lang='lat' dir='ltr'><strong>esse</strong></span> <span class='ocrx_word' id='word_1_555' title='bbox 1785 4244 1842 4290; x_wconf 89' lang='lat' dir='ltr'><strong>et</strong></span> <span class='ocrx_word' id='word_1_556' title='bbox 1865 4244 2045 4294; x_wconf 68' lang='lat' dir='ltr'><strong>muta.</strong></span> 
     </span>
    </p>
   </div>
   <div class='ocr_carea' id='block_1_77' title="bbox 536 4322 2048 4397">
    <p class='ocr_par' dir='ltr' id='par_1_77' title="bbox 536 4322 2048 4397">
     <span class='ocr_line' id='line_1_77' title="bbox 536 4322 2048 4397; baseline 0.004 -20"><span class='ocrx_word' id='word_1_557' title='bbox 536 4323 616 4377; x_wconf 88' lang='lat' dir='ltr'><strong>Tu</strong></span> <span class='ocrx_word' id='word_1_558' title='bbox 662 4338 814 4388; x_wconf 77' lang='lat' dir='ltr'><strong>vero,</strong></span> <span class='ocrx_word' id='word_1_559' title='bbox 868 4322 1156 4379; x_wconf 87' lang='lat' dir='ltr'><strong>mitissime</strong></span> <span class='ocrx_word' id='word_1_560' title='bbox 1182 4339 1299 4387; x_wconf 86' lang='lat' dir='ltr'><strong>rex,</strong></span> <span class='ocrx_word' id='word_1_561' title='bbox 1355 4325 1401 4379; x_wconf 90' lang='lat' dir='ltr'><strong>si</strong></span> <span class='ocrx_word' id='word_1_562' title='bbox 1447 4325 1531 4380; x_wconf 87' lang='lat' dir='ltr'><strong>vis</strong></span> <span class='ocrx_word' id='word_1_563' title='bbox 1573 4341 1671 4395; x_wconf 85' lang='lat' dir='ltr'><strong>per</strong></span> <span class='ocrx_word' id='word_1_564' title='bbox 1696 4327 1838 4382; x_wconf 85' lang='lat' dir='ltr'><strong>hanc</strong></span> <span class='ocrx_word' id='word_1_565' title='bbox 1883 4343 2048 4397; x_wconf 84' lang='lat' dir='ltr'><strong>quam</strong></span> 
     </span>
    </p>
   </div>
   <div class='ocr_carea' id='block_1_78' title="bbox 457 4412 2047 4489">
    <p class='ocr_par' dir='ltr' id='par_1_78' title="bbox 457 4412 2047 4489">
     <span class='ocr_line' id='line_1_78' title="bbox 457 4412 2047 4489; baseline 0.003 -19"><span class='ocrx_word' id='word_1_566' title='bbox 457 4412 749 4477; x_wconf 73' lang='lat' dir='ltr'><strong>scribimus</strong></span> <span class='ocrx_word' id='word_1_567' title='bbox 773 4414 997 4485; x_wconf 78' lang='lat' dir='ltr'><strong>Regiam</strong></span> <span class='ocrx_word' id='word_1_568' title='bbox 1046 4429 1269 4471; x_wconf 87' lang='lat' dir='ltr'><strong>currere</strong></span> <span class='ocrx_word' id='word_1_569' title='bbox 1291 4415 1467 4479; x_wconf 80' lang='lat' dir='ltr'><strong>Viam,</strong></span> <span class='ocrx_word' id='word_1_570' title='bbox 1507 4426 1562 4472; x_wconf 91' lang='lat' dir='ltr'><strong>et</strong></span> <span class='ocrx_word' id='word_1_571' title='bbox 1582 4419 1648 4473; x_wconf 88' lang='lat' dir='ltr'><strong>ad</strong></span> <span class='ocrx_word' id='word_1_572' title='bbox 1689 4434 1942 4489; x_wconf 88' lang='lat' dir='ltr'><strong>superam</strong></span> <span class='ocrx_word' id='word_1_573' title='bbox 1971 4420 2047 4477; x_wconf 85' lang='lat' dir='ltr'><strong>le-</strong></span> 
     </span>
    </p>
   </div>
   <div class='ocr_carea' id='block_1_79' title="bbox 2149 3225 3755 3300">
    <p class='ocr_par' dir='ltr' id='par_1_79' title="bbox 2149 3225 3755 3300">
     <span class='ocr_line' id='line_1_79' title="bbox 2149 3225 3755 3300; baseline 0.001 -17"><span class='ocrx_word' id='word_1_574' title='bbox 2149 3244 2239 3283; x_wconf 87' lang='lat' dir='ltr'><strong>ore</strong></span> <span class='ocrx_word' id='word_1_575' title='bbox 2276 3227 2701 3298; x_wconf 81' lang='lat' dir='ltr'><strong>decipitamirum</strong></span> <span class='ocrx_word' id='word_1_576' title='bbox 2724 3244 2877 3283; x_wconf 81' lang='lat' dir='ltr'><strong>suum</strong></span> <span class='ocrx_word' id='word_1_577' title='bbox 2909 3225 3093 3300; x_wconf 81' lang='lat' dir='ltr'><strong>(Prov.</strong></span> <span class='ocrx_word' id='word_1_578' title='bbox 3128 3244 3207 3294; x_wconf 70' lang='grc' dir='ltr'>ιι,</span> <span class='ocrx_word' id='word_1_579' title='bbox 3245 3228 3322 3296; x_wconf 87' lang='lat'><strong>9).</strong></span> <span class='ocrx_word' id='word_1_580' title='bbox 3363 3228 3496 3284; x_wconf 85' lang='lat' dir='ltr'><strong>Item</strong></span> <span class='ocrx_word' id='word_1_581' title='bbox 3528 3227 3597 3283; x_wconf 79' lang='lat' dir='ltr'><strong>de</strong></span> <span class='ocrx_word' id='word_1_582' title='bbox 3630 3228 3755 3285; x_wconf 83' lang='lat' dir='ltr'><strong>illis</strong></span> 
     </span>
    </p>
   </div>
   <div class='ocr_carea' id='block_1_80' title="bbox 2150 3315 3756 3388">
    <p class='ocr_par' dir='ltr' id='par_1_80' title="bbox 2150 3315 3756 3388">
     <span class='ocr_line' id='line_1_80' title="bbox 2150 3315 3756 3388; baseline 0.001 -17"><span class='ocrx_word' id='word_1_583' title='bbox 2150 3315 2412 3386; x_wconf 87' lang='lat' dir='ltr'><strong>scriptum</strong></span> <span class='ocrx_word' id='word_1_584' title='bbox 2438 3324 2522 3370; x_wconf 90' lang='lat' dir='ltr'><strong>est</strong></span> <span class='ocrx_word' id='word_1_585' title='bbox 2551 3330 2566 3371; x_wconf 92' lang='lat'><strong>:</strong></span> <span class='ocrx_word' id='word_1_586' title='bbox 2600 3316 2704 3385; x_wconf 84' lang='lat' dir='ltr'><strong>Qui</strong></span> <span class='ocrx_word' id='word_1_587' title='bbox 2747 3316 2921 3372; x_wconf 83' lang='lat' dir='ltr'><strong>beatos</strong></span> <span class='ocrx_word' id='word_1_588' title='bbox 2973 3333 3063 3373; x_wconf 77' lang='lat' dir='ltr'><strong>vos</strong></span> <span class='ocrx_word' id='word_1_589' title='bbox 3098 3317 3302 3382; x_wconf 79' lang='lat' dir='ltr'><strong>dicunt,</strong></span> <span class='ocrx_word' id='word_1_590' title='bbox 3340 3318 3441 3388; x_wconf 87' lang='lat' dir='ltr'><strong>ipsi</strong></span> <span class='ocrx_word' id='word_1_591' title='bbox 3481 3334 3570 3374; x_wconf 81' lang='lat' dir='ltr'><strong>ros</strong></span> <span class='ocrx_word' id='word_1_592' title='bbox 3591 3317 3756 3373; x_wconf 77' lang='lat' dir='ltr'><strong>deci—</strong></span> 
     </span>
    </p>
   </div>
   <div class='ocr_carea' id='block_1_81' title="bbox 2147 3404 3752 3478">
    <p class='ocr_par' dir='ltr' id='par_1_81' title="bbox 2147 3404 3752 3478">
     <span class='ocr_line' id='line_1_81' title="bbox 2147 3404 3752 3478; baseline 0.003 -22"><span class='ocrx_word' id='word_1_593' title='bbox 2147 3404 2337 3475; x_wconf 86' lang='lat' dir='ltr'><strong>piunt;</strong></span> <span class='ocrx_word' id='word_1_594' title='bbox 2372 3404 2608 3459; x_wconf 79' lang='lat' dir='ltr'><strong>semitam</strong></span> <span class='ocrx_word' id='word_1_595' title='bbox 2635 3405 2825 3475; x_wconf 84' lang='lat' dir='ltr'><strong>pedum</strong></span> <span class='ocrx_word' id='word_1_596' title='bbox 2849 3414 3132 3459; x_wconf 83' lang='lat' dir='ltr'><strong>vestrorum</strong></span> <span class='ocrx_word' id='word_1_597' title='bbox 3155 3408 3463 3463; x_wconf 84' lang='lat' dir='ltr'><strong>conturbant</strong></span> <span class='ocrx_word' id='word_1_598' title='bbox 3485 3406 3626 3478; x_wconf 82' lang='lat' dir='ltr'><strong>(lsa.</strong></span> <span class='ocrx_word' id='word_1_599' title='bbox 3656 3422 3752 3472; x_wconf 84' lang='grc' dir='ltr'>ιιι,</span> 
     </span>
    </p>
   </div>
   <div class='ocr_carea' id='block_1_82' title="bbox 2152 3493 3756 3571">
    <p class='ocr_par' dir='ltr' id='par_1_82' title="bbox 2152 3493 3756 3571">
     <span class='ocr_line' id='line_1_82' title="bbox 2152 3493 3756 3571; baseline 0.003 -21"><span class='ocrx_word' id='word_1_600' title='bbox 2152 3493 2261 3568; x_wconf 74' lang='grc'><strong>12).</strong></span> <span class='ocrx_word' id='word_1_601' title='bbox 2288 3494 2365 3551; x_wconf 85' lang='lat' dir='ltr'><strong>Te</strong></span> <span class='ocrx_word' id='word_1_602' title='bbox 2405 3509 2535 3567; x_wconf 86' lang='lat' dir='ltr'><strong>ergo</strong></span> <span class='ocrx_word' id='word_1_603' title='bbox 2564 3496 2693 3571; x_wconf 86' lang='lat' dir='ltr'><strong>quid</strong></span> <span class='ocrx_word' id='word_1_604' title='bbox 2717 3497 2859 3552; x_wconf 86' lang='lat' dir='ltr'><strong>inter</strong></span> <span class='ocrx_word' id='word_1_605' title='bbox 2889 3496 3019 3555; x_wconf 82' lang='lat' dir='ltr'><strong>tales</strong></span> <span class='ocrx_word' id='word_1_606' title='bbox 3047 3512 3204 3569; x_wconf 83' lang='lat' dir='ltr'><strong>agere</strong></span> <span class='ocrx_word' id='word_1_607' title='bbox 3242 3498 3465 3565; x_wconf 88' lang='lat' dir='ltr'><strong>debeas,</strong></span> <span class='ocrx_word' id='word_1_608' title='bbox 3494 3496 3756 3569; x_wconf 84' lang='lat' dir='ltr'><strong>Spiritus</strong></span> 
     </span>
    </p>
   </div>
   <div class='ocr_carea' id='block_1_83' title="bbox 2148 3587 3747 3659">
    <p class='ocr_par' dir='ltr' id='par_1_83' title="bbox 2148 3587 3747 3659">
     <span class='ocr_line' id='line_1_83' title="bbox 2148 3587 3747 3659; baseline 0.001 -17"><span class='ocrx_word' id='word_1_609' title='bbox 2148 3596 2369 3647; x_wconf 84' lang='lat' dir='ltr'><strong>sanctus</strong></span> <span class='ocrx_word' id='word_1_610' title='bbox 2396 3603 2495 3658; x_wconf 88' lang='lat' dir='ltr'><strong>per</strong></span> <span class='ocrx_word' id='word_1_611' title='bbox 2531 3587 2766 3642; x_wconf 88' lang='lat' dir='ltr'><strong>divinam</strong></span> <span class='ocrx_word' id='word_1_612' title='bbox 2810 3587 3144 3659; x_wconf 88' lang='lat' dir='ltr'><strong>Scripturam</strong></span> <span class='ocrx_word' id='word_1_613' title='bbox 3195 3590 3450 3645; x_wconf 88' lang='lat' dir='ltr'><strong>admonet</strong></span> <span class='ocrx_word' id='word_1_614' title='bbox 3486 3588 3699 3646; x_wconf 85' lang='lat' dir='ltr'><strong>dicens</strong></span> <span class='ocrx_word' id='word_1_615' title='bbox 3729 3604 3747 3643; x_wconf 91' lang='lat'><strong>:</strong></span> 
     </span>
    </p>
   </div>
   <div class='ocr_carea' id='block_1_84' title="bbox 2150 3677 3754 3751">
    <p class='ocr_par' dir='ltr' id='par_1_84' title="bbox 2150 3677 3754 3751">
     <span class='ocr_line' id='line_1_84' title="bbox 2150 3677 3754 3751; baseline 0.001 -18"><span class='ocrx_word' id='word_1_616' title='bbox 2150 3678 2425 3744; x_wconf 85' lang='lat' dir='ltr'><strong>Quomodo</strong></span> <span class='ocrx_word' id='word_1_617' title='bbox 2465 3677 2717 3749; x_wconf 82' lang='lat' dir='ltr'><strong>probatur</strong></span> <span class='ocrx_word' id='word_1_618' title='bbox 2763 3680 2818 3734; x_wconf 87' lang='lat' dir='ltr'><strong>in</strong></span> <span class='ocrx_word' id='word_1_619' title='bbox 2874 3680 3188 3749; x_wconf 79' lang='lat' dir='ltr'><strong>conﬂatorio</strong></span> <span class='ocrx_word' id='word_1_620' title='bbox 3234 3690 3533 3751; x_wconf 83' lang='lat' dir='ltr'><strong>argentum,</strong></span> <span class='ocrx_word' id='word_1_621' title='bbox 3583 3690 3639 3734; x_wconf 73' lang='lat' dir='ltr'><strong>et</strong></span> <span class='ocrx_word' id='word_1_622' title='bbox 3695 3684 3754 3736; x_wconf 78' lang='lat' dir='ltr'><strong>in</strong></span> 
     </span>
    </p>
   </div>
   <div class='ocr_carea' id='block_1_85' title="bbox 2147 3771 3756 3845">
    <p class='ocr_par' dir='ltr' id='par_1_85' title="bbox 2147 3771 3756 3845">
     <span class='ocr_line' id='line_1_85' title="bbox 2147 3771 3756 3845; baseline 0.004 -20"><span class='ocrx_word' id='word_1_623' title='bbox 2147 3771 2362 3842; x_wconf 82' lang='lat' dir='ltr'><strong>fornace</strong></span> <span class='ocrx_word' id='word_1_624' title='bbox 2412 3788 2603 3826; x_wconf 89' lang='lat' dir='ltr'><strong>aurum</strong></span> <span class='ocrx_word' id='word_1_625' title='bbox 2645 3787 2663 3827; x_wconf 74' lang='grc' dir='ltr'><strong><em>ε</em></strong></span> <span class='ocrx_word' id='word_1_626' title='bbox 2705 3773 2780 3829; x_wconf 76' lang='lat' dir='ltr'><strong>sic</strong></span> <span class='ocrx_word' id='word_1_627' title='bbox 2817 3775 3076 3845; x_wconf 79' lang='lat' dir='ltr'><strong>probatur</strong></span> <span class='ocrx_word' id='word_1_628' title='bbox 3117 3775 3271 3834; x_wconf 74' lang='lat' dir='ltr'><strong>homo</strong></span> <span class='ocrx_word' id='word_1_629' title='bbox 3321 3792 3410 3832; x_wconf 72' lang='lat' dir='ltr'><strong>ore</strong></span> <span class='ocrx_word' id='word_1_630' title='bbox 3457 3774 3756 3838; x_wconf 71' lang='lat' dir='ltr'><strong>laudantis</strong></span> 
     </span>
    </p>
   </div>
   <div class='ocr_carea' id='block_1_86' title="bbox 2148 3858 2645 3935">
    <p class='ocr_par' dir='ltr' id='par_1_86' title="bbox 2148 3858 2645 3935">
     <span class='ocr_line' id='line_1_86' title="bbox 2148 3858 2645 3935; baseline 0.012 -21"><span class='ocrx_word' id='word_1_631' title='bbox 2148 3858 2329 3935; x_wconf 81' lang='lat' dir='ltr'><strong>(Prov.</strong></span> <span class='ocrx_word' id='word_1_632' title='bbox 2346 3879 2494 3918; x_wconf 77' lang='lat' dir='ltr'><strong>xxvu</strong></span> <span class='ocrx_word' id='word_1_633' title='bbox 2505 3903 2519 3926; x_wconf 92' lang='lat'><strong>,</strong></span> <span class='ocrx_word' id='word_1_634' title='bbox 2533 3863 2645 3933; x_wconf 76' lang='grc'><strong>21).</strong></span> 
     </span>
    </p>
   </div>
   <div class='ocr_carea' id='block_1_87' title="bbox 2219 3951 3759 4026">
    <p class='ocr_par' dir='ltr' id='par_1_87' title="bbox 2219 3951 3759 4026">
     <span class='ocr_line' id='line_1_87' title="bbox 2219 3951 3759 4026; baseline 0.005 -20"><span class='ocrx_word' id='word_1_635' title='bbox 2219 3951 2361 4008; x_wconf 82' lang='lat' dir='ltr'><strong>Ecce</strong></span> <span class='ocrx_word' id='word_1_636' title='bbox 2386 3952 2561 4022; x_wconf 87' lang='lat' dir='ltr'><strong>qualis</strong></span> <span class='ocrx_word' id='word_1_637' title='bbox 2601 3953 2743 4009; x_wconf 89' lang='lat' dir='ltr'><strong>inter</strong></span> <span class='ocrx_word' id='word_1_638' title='bbox 2776 3953 3108 4011; x_wconf 84' lang='lat' dir='ltr'><strong>laudantium</strong></span> <span class='ocrx_word' id='word_1_639' title='bbox 3150 3956 3596 4026; x_wconf 83' lang='lat' dir='ltr'><strong>adulantiumque</strong></span> <span class='ocrx_word' id='word_1_640' title='bbox 3637 3959 3759 4015; x_wconf 82' lang='lat' dir='ltr'><strong>lin-</strong></span> 
     </span>
    </p>
   </div>
   <div class='ocr_carea' id='block_1_88' title="bbox 2147 4041 3737 4118">
    <p class='ocr_par' dir='ltr' id='par_1_88' title="bbox 2147 4041 3737 4118">
     <span class='ocr_line' id='line_1_88' title="bbox 2147 4041 3737 4118; baseline 0.006 -22"><span class='ocrx_word' id='word_1_641' title='bbox 2147 4055 2282 4114; x_wconf 82' lang='lat' dir='ltr'><strong>guas</strong></span> <span class='ocrx_word' id='word_1_642' title='bbox 2310 4041 2491 4114; x_wconf 75' lang='lat' dir='ltr'><strong>justus</strong></span> <span class='ocrx_word' id='word_1_643' title='bbox 2514 4052 2569 4097; x_wconf 91' lang='lat' dir='ltr'><strong>et</strong></span> <span class='ocrx_word' id='word_1_644' title='bbox 2612 4052 2789 4100; x_wconf 88' lang='lat' dir='ltr'><strong>rectus</strong></span> <span class='ocrx_word' id='word_1_645' title='bbox 2829 4045 3103 4101; x_wconf 80' lang='lat' dir='ltr'><strong>invenitur</strong></span> <span class='ocrx_word' id='word_1_646' title='bbox 3122 4047 3372 4118; x_wconf 87' lang='lat' dir='ltr'><strong>princeps</strong></span> <span class='ocrx_word' id='word_1_647' title='bbox 3415 4047 3643 4104; x_wconf 87' lang='lat' dir='ltr'><strong>scilicet</strong></span> <span class='ocrx_word' id='word_1_648' title='bbox 3674 4050 3737 4105; x_wconf 86' lang='lat' dir='ltr'><strong>lu</strong></span> 
     </span>
    </p>
   </div>
   <div class='ocr_carea' id='block_1_89' title="bbox 2148 4135 3759 4207">
    <p class='ocr_par' dir='ltr' id='par_1_89' title="bbox 2148 4135 3759 4207">
     <span class='ocr_line' id='line_1_89' title="bbox 2148 4135 3759 4207; baseline 0.006 -17"><span class='ocrx_word' id='word_1_649' title='bbox 2148 4135 2322 4191; x_wconf 58' lang='lat' dir='ltr'><strong>eicior</strong></span> <span class='ocrx_word' id='word_1_650' title='bbox 2362 4145 2587 4207; x_wconf 86' lang='lat' dir='ltr'><strong>argento</strong></span> <span class='ocrx_word' id='word_1_651' title='bbox 2615 4136 2888 4193; x_wconf 85' lang='lat' dir='ltr'><strong>etclarior</strong></span> <span class='ocrx_word' id='word_1_652' title='bbox 2928 4154 3083 4197; x_wconf 89' lang='lat' dir='ltr'><strong>auro.</strong></span> <span class='ocrx_word' id='word_1_653' title='bbox 3125 4139 3253 4196; x_wconf 76' lang='lat' dir='ltr'><strong>Hzec</strong></span> <span class='ocrx_word' id='word_1_654' title='bbox 3290 4141 3365 4197; x_wconf 88' lang='lat' dir='ltr'><strong>illi</strong></span> <span class='ocrx_word' id='word_1_655' title='bbox 3397 4149 3587 4196; x_wconf 88' lang='lat' dir='ltr'><strong>tamen</strong></span> <span class='ocrx_word' id='word_1_656' title='bbox 3616 4158 3759 4200; x_wconf 74' lang='lat' dir='ltr'><strong>eve-</strong></span> 
     </span>
    </p>
   </div>
   <div class='ocr_carea' id='block_1_90' title="bbox 2148 4229 3760 4303">
    <p class='ocr_par' dir='ltr' id='par_1_90' title="bbox 2148 4229 3760 4303">
     <span class='ocr_line' id='line_1_90' title="bbox 2148 4229 3760 4303; baseline 0.006 -20"><span class='ocrx_word' id='word_1_657' title='bbox 2148 4229 2319 4294; x_wconf 80' lang='lat' dir='ltr'><strong>uient,</strong></span> <span class='ocrx_word' id='word_1_658' title='bbox 2346 4229 2391 4286; x_wconf 87' lang='lat' dir='ltr'><strong>si</strong></span> <span class='ocrx_word' id='word_1_659' title='bbox 2425 4230 2619 4285; x_wconf 77' lang='lat' dir='ltr'><strong>divina:</strong></span> <span class='ocrx_word' id='word_1_660' title='bbox 2673 4232 3082 4287; x_wconf 86' lang='lat' dir='ltr'><strong>concordaverit</strong></span> <span class='ocrx_word' id='word_1_661' title='bbox 3128 4232 3442 4303; x_wconf 68' lang='lat' dir='ltr'><strong>Scriptum,</strong></span> <span class='ocrx_word' id='word_1_662' title='bbox 3485 4234 3593 4295; x_wconf 84' lang='lat' dir='ltr'><strong>ubi</strong></span> <span class='ocrx_word' id='word_1_663' title='bbox 3623 4238 3717 4292; x_wconf 79' lang='lat' dir='ltr'><strong>ait</strong></span> <span class='ocrx_word' id='word_1_664' title='bbox 3741 4252 3760 4291; x_wconf 90' lang='lat'><strong>:</strong></span> 
     </span>
    </p>
   </div>
   <div class='ocr_carea' id='block_1_91' title="bbox 2162 4317 3760 4394">
    <p class='ocr_par' dir='ltr' id='par_1_91' title="bbox 2162 4317 3760 4394">
     <span class='ocr_line' id='line_1_91' title="bbox 2162 4317 3760 4394; baseline 0.006 -23"><span class='ocrx_word' id='word_1_665' title='bbox 2162 4317 2413 4373; x_wconf 81' lang='lat' dir='ltr'><strong>Voluntas</strong></span> <span class='ocrx_word' id='word_1_666' title='bbox 2436 4335 2612 4389; x_wconf 77' lang='lat' dir='ltr'><strong>regum</strong></span> <span class='ocrx_word' id='word_1_667' title='bbox 2641 4318 2785 4375; x_wconf 85' lang='lat' dir='ltr'><strong>labia</strong></span> <span class='ocrx_word' id='word_1_668' title='bbox 2816 4320 2967 4390; x_wconf 84' lang='lat' dir='ltr'><strong>justa</strong></span> <span class='ocrx_word' id='word_1_669' title='bbox 2992 4335 3010 4372; x_wconf 88' lang='lat'><strong><em>:</em></strong></span> <span class='ocrx_word' id='word_1_670' title='bbox 3037 4322 3126 4392; x_wconf 86' lang='lat' dir='ltr'><strong>qui</strong></span> <span class='ocrx_word' id='word_1_671' title='bbox 3177 4332 3317 4377; x_wconf 86' lang='lat' dir='ltr'><strong>recta</strong></span> <span class='ocrx_word' id='word_1_672' title='bbox 3343 4321 3588 4394; x_wconf 80' lang='lat' dir='ltr'><strong>loquitur</strong></span> <span class='ocrx_word' id='word_1_673' title='bbox 3607 4326 3760 4380; x_wconf 82' lang='lat' dir='ltr'><strong>diri-</strong></span> 
     </span>
    </p>
   </div>
   <div class='ocr_carea' id='block_1_92' title="bbox 2148 4405 3762 4481">
    <p class='ocr_par' dir='ltr' id='par_1_92' title="bbox 2148 4405 3762 4481">
     <span class='ocr_line' id='line_1_92' title="bbox 2148 4405 3762 4481; baseline 0.003 -19"><span class='ocrx_word' id='word_1_674' title='bbox 2148 4419 2298 4477; x_wconf 79' lang='lat' dir='ltr'><strong>getur</strong></span> <span class='ocrx_word' id='word_1_675' title='bbox 2353 4405 2539 4477; x_wconf 78' lang='lat' dir='ltr'><strong>(Prov.</strong></span> <span class='ocrx_word' id='word_1_676' title='bbox 2583 4425 2696 4474; x_wconf 71' lang='grc' dir='ltr'>χιι,</span> <span class='ocrx_word' id='word_1_677' title='bbox 2738 4409 2847 4481; x_wconf 74' lang='grc'><strong>15).</strong></span> <span class='ocrx_word' id='word_1_678' title='bbox 2899 4409 3194 4481; x_wconf 81' lang='lat' dir='ltr'><strong>Diligenter</strong></span> <span class='ocrx_word' id='word_1_679' title='bbox 3238 4412 3474 4476; x_wconf 84' lang='lat' dir='ltr'><strong>attende,</strong></span> <span class='ocrx_word' id='word_1_680' title='bbox 3514 4428 3650 4479; x_wconf 64' lang='lat' dir='ltr'><strong>rex,</strong></span> <span class='ocrx_word' id='word_1_681' title='bbox 3700 4424 3762 4469; x_wconf 84' lang='lat' dir='ltr'><strong>et</strong></span> 
     </span>
    </p>
   </div>
   <div class='ocr_carea' id='block_1_93' title="bbox 460 4470 3759 4576">
    <p class='ocr_par' dir='ltr' id='par_1_93' title="bbox 460 4470 3759 4576">
     <span class='ocr_line' id='line_1_93' title="bbox 460 4470 3759 4576; baseline 0.005 -19"><span class='ocrx_word' id='word_1_682' title='bbox 460 4502 638 4558; x_wconf 79' lang='lat' dir='ltr'><strong>liciter</strong></span> <span class='ocrx_word' id='word_1_683' title='bbox 665 4503 981 4573; x_wconf 83' lang='lat' dir='ltr'><strong>regiamque</strong></span> <span class='ocrx_word' id='word_1_684' title='bbox 1009 4505 1271 4560; x_wconf 82' lang='lat' dir='ltr'><strong>scandere</strong></span> <span class='ocrx_word' id='word_1_685' title='bbox 1293 4507 1550 4576; x_wconf 89' lang='lat' dir='ltr'><strong>patriam,</strong></span> <span class='ocrx_word' id='word_1_686' title='bbox 1608 4470 1922 4565; x_wconf 52' lang='lat' dir='ltr'><strong>mansruetus</strong></span> <span class='ocrx_word' id='word_1_687' title='bbox 1971 4519 2048 4565; x_wconf 68' lang='grc' dir='ltr'><strong>ειν</strong></span> <span class='ocrx_word' id='word_1_688' title='bbox 2071 4470 2125 4531; x_wconf 78' lang='lat' dir='ltr'><strong>D</strong></span> <span class='ocrx_word' id='word_1_689' title='bbox 2151 4497 2272 4553; x_wconf 58' lang='lat' dir='ltr'><strong>&quot;me</strong></span> <span class='ocrx_word' id='word_1_690' title='bbox 2297 4497 2343 4552; x_wconf 74' lang='grc' dir='ltr'>εί</span> <span class='ocrx_word' id='word_1_691' title='bbox 2392 4498 2445 4552; x_wconf 67' lang='lat' dir='ltr'><strong>in</strong></span> <span class='ocrx_word' id='word_1_692' title='bbox 2467 4509 2761 4573; x_wconf 72' lang='grc' dir='ltr'><strong>εοηεΡθοίυ</strong></span> <span class='ocrx_word' id='word_1_693' title='bbox 2789 4500 2985 4554; x_wconf 71' lang='lat' dir='ltr'><strong>summi</strong></span> <span class='ocrx_word' id='word_1_694' title='bbox 3033 4501 3174 4570; x_wconf 62' lang='lat' dir='ltr'><strong>regis</strong></span> <span class='ocrx_word' id='word_1_695' title='bbox 3221 4501 3308 4555; x_wconf 70' lang='lat' dir='ltr'><strong>me</strong></span> <span class='ocrx_word' id='word_1_696' title='bbox 3344 4499 3608 4571; x_wconf 51' lang='lat' dir='ltr'><strong>dirigitur</strong></span> <span class='ocrx_word' id='word_1_697' title='bbox 3654 4504 3759 4574; x_wconf 74' lang='grc' dir='ltr'><strong>«ιυὶ</strong></span> 
     </span>
    </p>
   </div>
   <div class='ocr_carea' id='block_1_94' title="bbox 462 4591 2045 4667">
    <p class='ocr_par' dir='ltr' id='par_1_94' title="bbox 462 4591 2045 4667">
     <span class='ocr_line' id='line_1_94' title="bbox 462 4591 2045 4667; baseline 0.007 -22"><span class='ocrx_word' id='word_1_698' title='bbox 462 4607 573 4662; x_wconf 77' lang='lat' dir='ltr'><strong>que</strong></span> <span class='ocrx_word' id='word_1_699' title='bbox 597 4591 916 4651; x_wconf 81' lang='lat' dir='ltr'><strong>mitissimus</strong></span> <span class='ocrx_word' id='word_1_700' title='bbox 943 4602 1093 4659; x_wconf 82' lang='lat' dir='ltr'><strong>esto;</strong></span> <span class='ocrx_word' id='word_1_701' title='bbox 1118 4602 1176 4648; x_wconf 88' lang='lat' dir='ltr'><strong>et</strong></span> <span class='ocrx_word' id='word_1_702' title='bbox 1202 4595 1249 4649; x_wconf 88' lang='lat' dir='ltr'><strong>si</strong></span> <span class='ocrx_word' id='word_1_703' title='bbox 1272 4598 1581 4667; x_wconf 81' lang='lat' dir='ltr'><strong>proruperit</strong></span> <span class='ocrx_word' id='word_1_704' title='bbox 1606 4598 1908 4664; x_wconf 87' lang='lat' dir='ltr'><strong>iracundia,</strong></span> <span class='ocrx_word' id='word_1_705' title='bbox 1955 4615 2045 4656; x_wconf 89' lang='lat' dir='ltr'><strong>re-</strong></span> 
     </span>
    </p>
   </div>
   <div class='ocr_carea' id='block_1_95' title="bbox 458 4680 2046 4757">
    <p class='ocr_par' dir='ltr' id='par_1_95' title="bbox 458 4680 2046 4757">
     <span class='ocr_line' id='line_1_95' title="bbox 458 4680 2046 4757; baseline 0.004 -22"><span class='ocrx_word' id='word_1_706' title='bbox 458 4680 665 4751; x_wconf 78' lang='lat' dir='ltr'><strong>stringe</strong></span> <span class='ocrx_word' id='word_1_707' title='bbox 726 4680 910 4747; x_wconf 86' lang='lat' dir='ltr'><strong>illam;</strong></span> <span class='ocrx_word' id='word_1_708' title='bbox 967 4682 1012 4737; x_wconf 87' lang='lat' dir='ltr'><strong>si</strong></span> <span class='ocrx_word' id='word_1_709' title='bbox 1045 4685 1502 4754; x_wconf 66' lang='lat' dir='ltr'><strong>prmoccupaverit</strong></span> <span class='ocrx_word' id='word_1_710' title='bbox 1551 4694 1805 4753; x_wconf 86' lang='lat' dir='ltr'><strong>mentem,</strong></span> <span class='ocrx_word' id='word_1_711' title='bbox 1859 4688 2046 4757; x_wconf 70' lang='lat' dir='ltr'><strong>mitiga</strong></span> 
     </span>
    </p>
   </div>
   <div class='ocr_carea' id='block_1_96' title="bbox 456 4771 2046 4848">
    <p class='ocr_par' dir='ltr' id='par_1_96' title="bbox 456 4771 2046 4848">
     <span class='ocr_line' id='line_1_96' title="bbox 456 4771 2046 4848; baseline 0.008 -19"><span class='ocrx_word' id='word_1_712' title='bbox 456 4784 612 4835; x_wconf 76' lang='lat' dir='ltr'><strong>eam;</strong></span> <span class='ocrx_word' id='word_1_713' title='bbox 654 4771 700 4826; x_wconf 87' lang='lat' dir='ltr'><strong>si</strong></span> <span class='ocrx_word' id='word_1_714' title='bbox 723 4773 1007 4829; x_wconf 85' lang='lat' dir='ltr'><strong>emerserit</strong></span> <span class='ocrx_word' id='word_1_715' title='bbox 1055 4774 1259 4840; x_wconf 87' lang='lat' dir='ltr'><strong>animo,</strong></span> <span class='ocrx_word' id='word_1_716' title='bbox 1306 4778 1602 4848; x_wconf 87' lang='lat' dir='ltr'><strong>comprime</strong></span> <span class='ocrx_word' id='word_1_717' title='bbox 1630 4779 1810 4845; x_wconf 88' lang='lat' dir='ltr'><strong>illam;</strong></span> <span class='ocrx_word' id='word_1_718' title='bbox 1841 4781 1886 4837; x_wconf 91' lang='lat' dir='ltr'><strong>si</strong></span> <span class='ocrx_word' id='word_1_719' title='bbox 1936 4782 2046 4841; x_wconf 76' lang='lat' dir='ltr'><strong>ira-</strong></span> 
     </span>
    </p>
   </div>
   <div class='ocr_carea' id='block_1_97' title="bbox 475 4858 2043 4933">
    <p class='ocr_par' dir='ltr' id='par_1_97' title="bbox 475 4858 2043 4933">
     <span class='ocr_line' id='line_1_97' title="bbox 475 4858 2043 4933; baseline 0.007 -19"><span class='ocrx_word' id='word_1_720' title='bbox 475 4859 674 4915; x_wconf 67' lang='lat' dir='ltr'><strong>tundiaa</strong></span> <span class='ocrx_word' id='word_1_721' title='bbox 720 4858 869 4916; x_wconf 79' lang='lat' dir='ltr'><strong>furor</strong></span> <span class='ocrx_word' id='word_1_722' title='bbox 920 4862 1216 4933; x_wconf 84' lang='lat' dir='ltr'><strong>pulsaverit</strong></span> <span class='ocrx_word' id='word_1_723' title='bbox 1252 4865 1519 4932; x_wconf 89' lang='lat' dir='ltr'><strong>animum,</strong></span> <span class='ocrx_word' id='word_1_724' title='bbox 1561 4868 1835 4929; x_wconf 82' lang='lat' dir='ltr'><strong>fraternus</strong></span> <span class='ocrx_word' id='word_1_725' title='bbox 1887 4887 2043 4927; x_wconf 88' lang='lat' dir='ltr'><strong>amor</strong></span> 
     </span>
    </p>
   </div>
   <div class='ocr_carea' id='block_1_98' title="bbox 462 4948 2039 5031">
    <p class='ocr_par' dir='ltr' id='par_1_98' title="bbox 462 4948 2039 5031">
     <span class='ocr_line' id='line_1_98' title="bbox 462 4948 2039 5031; baseline 0.01 -28"><span class='ocrx_word' id='word_1_726' title='bbox 462 4948 781 5018; x_wconf 77' lang='lat' dir='ltr'><strong>comprimat</strong></span> <span class='ocrx_word' id='word_1_727' title='bbox 808 4949 980 5014; x_wconf 89' lang='lat' dir='ltr'><strong>illam,</strong></span> <span class='ocrx_word' id='word_1_728' title='bbox 1010 4951 1250 5009; x_wconf 81' lang='lat' dir='ltr'><strong>fraterna</strong></span> <span class='ocrx_word' id='word_1_729' title='bbox 1280 4954 1505 5011; x_wconf 86' lang='lat' dir='ltr'><strong>dulcedo</strong></span> <span class='ocrx_word' id='word_1_730' title='bbox 1539 4964 1806 5031; x_wconf 79' lang='lat' dir='ltr'><strong>temperet</strong></span> <span class='ocrx_word' id='word_1_731' title='bbox 1829 4959 2039 5017; x_wconf 88' lang='lat' dir='ltr'><strong>iracun-</strong></span> 
     </span>
    </p>
   </div>
   <div class='ocr_carea' id='block_1_99' title="bbox 459 5037 2037 5115">
    <p class='ocr_par' dir='ltr' id='par_1_99' title="bbox 459 5037 2037 5115">
     <span class='ocr_line' id='line_1_99' title="bbox 459 5037 2037 5115; baseline 0.006 -20"><span class='ocrx_word' id='word_1_732' title='bbox 459 5037 623 5101; x_wconf 79' lang='lat' dir='ltr'><strong>diam,</strong></span> <span class='ocrx_word' id='word_1_733' title='bbox 660 5038 896 5095; x_wconf 81' lang='lat' dir='ltr'><strong>fraterna</strong></span> <span class='ocrx_word' id='word_1_734' title='bbox 919 5041 1157 5099; x_wconf 77' lang='lat' dir='ltr'><strong>Charitas</strong></span> <span class='ocrx_word' id='word_1_735' title='bbox 1189 5052 1451 5115; x_wconf 85' lang='lat' dir='ltr'><strong>temperet</strong></span> <span class='ocrx_word' id='word_1_736' title='bbox 1480 5046 1900 5114; x_wconf 84' lang='lat' dir='ltr'><strong>animositatem,</strong></span> <span class='ocrx_word' id='word_1_737' title='bbox 1924 5049 2037 5104; x_wconf 81' lang='lat' dir='ltr'><strong>fra-</strong></span> 
     </span>
    </p>
   </div>
   <div class='ocr_carea' id='block_1_100' title="bbox 461 5125 2035 5205">
    <p class='ocr_par' dir='ltr' id='par_1_100' title="bbox 461 5125 2035 5205">
     <span class='ocr_line' id='line_1_100' title="bbox 461 5125 2035 5205; baseline 0.011 -25"><span class='ocrx_word' id='word_1_738' title='bbox 461 5135 614 5180; x_wconf 90' lang='lat' dir='ltr'><strong>terna</strong></span> <span class='ocrx_word' id='word_1_739' title='bbox 641 5125 858 5181; x_wconf 89' lang='lat' dir='ltr'><strong>dilectio</strong></span> <span class='ocrx_word' id='word_1_740' title='bbox 893 5130 1101 5201; x_wconf 85' lang='lat' dir='ltr'><strong>mitiget</strong></span> <span class='ocrx_word' id='word_1_741' title='bbox 1125 5131 1571 5205; x_wconf 85' lang='lat' dir='ltr'><strong>indignationem.</strong></span> <span class='ocrx_word' id='word_1_742' title='bbox 1635 5135 1850 5193; x_wconf 87' lang='lat' dir='ltr'><strong>Grande</strong></span> <span class='ocrx_word' id='word_1_743' title='bbox 1891 5140 2035 5197; x_wconf 86' lang='lat' dir='ltr'><strong>enim</strong></span> 
     </span>
    </p>
   </div>
   <div class='ocr_carea' id='block_1_101' title="bbox 459 5217 2033 5300">
    <p class='ocr_par' dir='ltr' id='par_1_101' title="bbox 459 5217 2033 5300">
     <span class='ocr_line' id='line_1_101' title="bbox 459 5217 2033 5300; baseline 0.01 -30"><span class='ocrx_word' id='word_1_744' title='bbox 459 5217 650 5271; x_wconf 80' lang='lat' dir='ltr'><strong>vitium</strong></span> <span class='ocrx_word' id='word_1_745' title='bbox 686 5222 770 5272; x_wconf 90' lang='lat' dir='ltr'><strong>est</strong></span> <span class='ocrx_word' id='word_1_746' title='bbox 815 5217 1095 5274; x_wconf 87' lang='lat' dir='ltr'><strong>iracundia</strong></span> <span class='ocrx_word' id='word_1_747' title='bbox 1138 5240 1151 5275; x_wconf 84' lang='lat'><strong>:</strong></span> <span class='ocrx_word' id='word_1_748' title='bbox 1184 5239 1282 5293; x_wconf 89' lang='lat' dir='ltr'><strong>per</strong></span> <span class='ocrx_word' id='word_1_749' title='bbox 1305 5224 1443 5280; x_wconf 88' lang='lat' dir='ltr'><strong>iram</strong></span> <span class='ocrx_word' id='word_1_750' title='bbox 1475 5227 1735 5297; x_wconf 75' lang='lat' dir='ltr'><strong>sapientia</strong></span> <span class='ocrx_word' id='word_1_751' title='bbox 1769 5230 2033 5300; x_wconf 84' lang='lat' dir='ltr'><strong>perditur,</strong></span> 
     </span>
    </p>
   </div>
   <div class='ocr_carea' id='block_1_102' title="bbox 459 5304 2038 5384">
    <p class='ocr_par' dir='ltr' id='par_1_102' title="bbox 459 5304 2038 5384">
     <span class='ocr_line' id='line_1_102' title="bbox 459 5304 2038 5384; baseline 0.01 -25"><span class='ocrx_word' id='word_1_752' title='bbox 459 5321 558 5376; x_wconf 82' lang='lat' dir='ltr'><strong>per</strong></span> <span class='ocrx_word' id='word_1_753' title='bbox 587 5305 725 5362; x_wconf 86' lang='lat' dir='ltr'><strong>iram</strong></span> <span class='ocrx_word' id='word_1_754' title='bbox 744 5304 958 5376; x_wconf 64' lang='lat' dir='ltr'><strong>iustitia</strong></span> <span class='ocrx_word' id='word_1_755' title='bbox 987 5308 1331 5380; x_wconf 87' lang='lat' dir='ltr'><strong>relinquitur,</strong></span> <span class='ocrx_word' id='word_1_756' title='bbox 1356 5329 1455 5384; x_wconf 90' lang='lat' dir='ltr'><strong>per</strong></span> <span class='ocrx_word' id='word_1_757' title='bbox 1475 5316 1610 5371; x_wconf 87' lang='lat' dir='ltr'><strong>iram</strong></span> <span class='ocrx_word' id='word_1_758' title='bbox 1639 5317 1872 5375; x_wconf 83' lang='lat' dir='ltr'><strong>societas</strong></span> <span class='ocrx_word' id='word_1_759' title='bbox 1891 5335 2038 5375; x_wconf 75' lang='lat' dir='ltr'><strong>amo-</strong></span> 
     </span>
    </p>
   </div>
   <div class='ocr_carea' id='block_1_103' title="bbox 462 5397 2026 5480">
    <p class='ocr_par' dir='ltr' id='par_1_103' title="bbox 462 5397 2026 5480">
     <span class='ocr_line' id='line_1_103' title="bbox 462 5397 2026 5480; baseline 0.01 -29"><span class='ocrx_word' id='word_1_760' title='bbox 462 5399 538 5455; x_wconf 89' lang='lat' dir='ltr'><strong>ris</strong></span> <span class='ocrx_word' id='word_1_761' title='bbox 578 5397 903 5463; x_wconf 81' lang='lat' dir='ltr'><strong>dissolvitur,</strong></span> <span class='ocrx_word' id='word_1_762' title='bbox 942 5410 1039 5469; x_wconf 86' lang='lat' dir='ltr'><strong>per</strong></span> <span class='ocrx_word' id='word_1_763' title='bbox 1065 5399 1201 5455; x_wconf 88' lang='lat' dir='ltr'><strong>iram</strong></span> <span class='ocrx_word' id='word_1_764' title='bbox 1222 5405 1375 5473; x_wconf 88' lang='lat' dir='ltr'><strong>pacis</strong></span> <span class='ocrx_word' id='word_1_765' title='bbox 1412 5408 1701 5463; x_wconf 87' lang='lat' dir='ltr'><strong>concordia</strong></span> <span class='ocrx_word' id='word_1_766' title='bbox 1740 5410 2026 5480; x_wconf 86' lang='lat' dir='ltr'><strong>rumpitur,</strong></span> 
     </span>
    </p>
   </div>
   <div class='ocr_carea' id='block_1_104' title="bbox 457 5488 2031 5561">
    <p class='ocr_par' dir='ltr' id='par_1_104' title="bbox 457 5488 2031 5561">
     <span class='ocr_line' id='line_1_104' title="bbox 457 5488 2031 5561; baseline 0.006 -19"><span class='ocrx_word' id='word_1_767' title='bbox 457 5503 555 5557; x_wconf 90' lang='lat' dir='ltr'><strong>per</strong></span> <span class='ocrx_word' id='word_1_768' title='bbox 578 5488 717 5543; x_wconf 88' lang='lat' dir='ltr'><strong>iram</strong></span> <span class='ocrx_word' id='word_1_769' title='bbox 748 5488 835 5542; x_wconf 81' lang='lat' dir='ltr'><strong>lex</strong></span> <span class='ocrx_word' id='word_1_770' title='bbox 877 5489 1122 5546; x_wconf 88' lang='lat' dir='ltr'><strong>veritatis</strong></span> <span class='ocrx_word' id='word_1_771' title='bbox 1166 5493 1463 5561; x_wconf 87' lang='lat' dir='ltr'><strong>amittitur;</strong></span> <span class='ocrx_word' id='word_1_772' title='bbox 1520 5496 1813 5553; x_wconf 71' lang='lat' dir='ltr'><strong>iracundiae</strong></span> <span class='ocrx_word' id='word_1_773' title='bbox 1840 5498 2031 5554; x_wconf 87' lang='lat' dir='ltr'><strong>stimu-</strong></span> 
     </span>
    </p>
   </div>
   <div class='ocr_carea' id='block_1_105' title="bbox 2150 4588 3754 4662">
    <p class='ocr_par' dir='ltr' id='par_1_105' title="bbox 2150 4588 3754 4662">
     <span class='ocr_line' id='line_1_105' title="bbox 2150 4588 3754 4662; baseline 0.004 -19"><span class='ocrx_word' id='word_1_774' title='bbox 2150 4598 2301 4643; x_wconf 79' lang='lat' dir='ltr'><strong>rccta</strong></span> <span class='ocrx_word' id='word_1_775' title='bbox 2344 4588 2605 4658; x_wconf 86' lang='lat' dir='ltr'><strong>loquitur,</strong></span> <span class='ocrx_word' id='word_1_776' title='bbox 2660 4591 2816 4655; x_wconf 81' lang='lat' dir='ltr'><strong>debet</strong></span> <span class='ocrx_word' id='word_1_777' title='bbox 2837 4597 2893 4645; x_wconf 91' lang='lat' dir='ltr'><strong>et</strong></span> <span class='ocrx_word' id='word_1_778' title='bbox 2940 4591 2997 4649; x_wconf 90' lang='lat' dir='ltr'><strong>in</strong></span> <span class='ocrx_word' id='word_1_779' title='bbox 3027 4600 3317 4662; x_wconf 89' lang='lat' dir='ltr'><strong>conspectu</strong></span> <span class='ocrx_word' id='word_1_780' title='bbox 3362 4600 3453 4647; x_wconf 90' lang='lat' dir='ltr'><strong>tuo</strong></span> <span class='ocrx_word' id='word_1_781' title='bbox 3496 4593 3603 4650; x_wconf 87' lang='lat' dir='ltr'><strong>ille</strong></span> <span class='ocrx_word' id='word_1_782' title='bbox 3661 4596 3754 4649; x_wconf 81' lang='lat' dir='ltr'><strong>di-</strong></span> 
     </span>
    </p>
   </div>
   <div class='ocr_carea' id='block_1_106' title="bbox 2148 4680 3759 4754">
    <p class='ocr_par' dir='ltr' id='par_1_106' title="bbox 2148 4680 3759 4754">
     <span class='ocr_line' id='line_1_106' title="bbox 2148 4680 3759 4754; baseline 0.004 -20"><span class='ocrx_word' id='word_1_783' title='bbox 2148 4680 2249 4752; x_wconf 79' lang='lat' dir='ltr'><strong>rigi</strong></span> <span class='ocrx_word' id='word_1_784' title='bbox 2271 4681 2362 4751; x_wconf 91' lang='lat' dir='ltr'><strong>qui</strong></span> <span class='ocrx_word' id='word_1_785' title='bbox 2391 4697 2497 4736; x_wconf 91' lang='lat' dir='ltr'><strong>non</strong></span> <span class='ocrx_word' id='word_1_786' title='bbox 2528 4681 2801 4738; x_wconf 74' lang='lat' dir='ltr'><strong>adulantis</strong></span> <span class='ocrx_word' id='word_1_787' title='bbox 2844 4682 2939 4738; x_wconf 89' lang='lat' dir='ltr'><strong>sed</strong></span> <span class='ocrx_word' id='word_1_788' title='bbox 2982 4698 3110 4737; x_wconf 89' lang='lat' dir='ltr'><strong>vera</strong></span> <span class='ocrx_word' id='word_1_789' title='bbox 3142 4683 3376 4754; x_wconf 87' lang='lat' dir='ltr'><strong>loquitur</strong></span> <span class='ocrx_word' id='word_1_790' title='bbox 3400 4683 3602 4739; x_wconf 86' lang='lat' dir='ltr'><strong>verba.</strong></span> <span class='ocrx_word' id='word_1_791' title='bbox 3638 4685 3759 4743; x_wconf 69' lang='lat' dir='ltr'><strong>Re.</strong></span> 
     </span>
    </p>
   </div>
   <div class='ocr_carea' id='block_1_107' title="bbox 2147 4772 3753 4848">
    <p class='ocr_par' dir='ltr' id='par_1_107' title="bbox 2147 4772 3753 4848">
     <span class='ocr_line' id='line_1_107' title="bbox 2147 4772 3753 4848; baseline 0.004 -21"><span class='ocrx_word' id='word_1_792' title='bbox 2147 4787 2281 4842; x_wconf 89' lang='lat' dir='ltr'><strong>spue</strong></span> <span class='ocrx_word' id='word_1_793' title='bbox 2324 4785 2453 4844; x_wconf 85' lang='lat' dir='ltr'><strong>ergo</strong></span> <span class='ocrx_word' id='word_1_794' title='bbox 2474 4772 2542 4828; x_wconf 88' lang='lat' dir='ltr'><strong>ab</strong></span> <span class='ocrx_word' id='word_1_795' title='bbox 2572 4772 2793 4829; x_wconf 79' lang='lat' dir='ltr'><strong>auribus</strong></span> <span class='ocrx_word' id='word_1_796' title='bbox 2821 4773 2928 4830; x_wconf 82' lang='lat' dir='ltr'><strong>tuis</strong></span> <span class='ocrx_word' id='word_1_797' title='bbox 2950 4774 3226 4830; x_wconf 89' lang='lat' dir='ltr'><strong>suasorios</strong></span> <span class='ocrx_word' id='word_1_798' title='bbox 3272 4776 3753 4848; x_wconf 82' lang='lat' dir='ltr'><strong>deccptoriosque</strong></span> 
     </span>
    </p>
   </div>
   <div class='ocr_carea' id='block_1_108' title="bbox 2145 4863 3755 4936">
    <p class='ocr_par' dir='ltr' id='par_1_108' title="bbox 2145 4863 3755 4936">
     <span class='ocr_line' id='line_1_108' title="bbox 2145 4863 3755 4936; baseline 0.004 -17"><span class='ocrx_word' id='word_1_799' title='bbox 2145 4877 2454 4929; x_wconf 86' lang='lat' dir='ltr'><strong>sermones;</strong></span> <span class='ocrx_word' id='word_1_800' title='bbox 2474 4879 2665 4934; x_wconf 89' lang='lat' dir='ltr'><strong>respue</strong></span> <span class='ocrx_word' id='word_1_801' title='bbox 2679 4863 2929 4918; x_wconf 84' lang='lat' dir='ltr'><strong>blandam</strong></span> <span class='ocrx_word' id='word_1_802' title='bbox 2945 4864 3274 4923; x_wconf 87' lang='lat' dir='ltr'><strong>adulantium</strong></span> <span class='ocrx_word' id='word_1_803' title='bbox 3296 4865 3539 4936; x_wconf 82' lang='lat' dir='ltr'><strong>linguam</strong></span> <span class='ocrx_word' id='word_1_804' title='bbox 3556 4886 3571 4921; x_wconf 88' lang='lat'>:</span> <span class='ocrx_word' id='word_1_805' title='bbox 3593 4868 3755 4924; x_wconf 88' lang='lat' dir='ltr'><strong>bene</strong></span> 
     </span>
    </p>
   </div>
   <div class='ocr_carea' id='block_1_109' title="bbox 2140 4955 3753 5028">
    <p class='ocr_par' dir='ltr' id='par_1_109' title="bbox 2140 4955 3753 5028">
     <span class='ocr_line' id='line_1_109' title="bbox 2140 4955 3753 5028; baseline 0.004 -18"><span class='ocrx_word' id='word_1_806' title='bbox 2140 4955 2340 5010; x_wconf 89' lang='lat' dir='ltr'><strong>etenim</strong></span> <span class='ocrx_word' id='word_1_807' title='bbox 2364 4962 2583 5019; x_wconf 75' lang='lat' dir='ltr'><strong>sonant,</strong></span> <span class='ocrx_word' id='word_1_808' title='bbox 2599 4955 2693 5010; x_wconf 87' lang='lat' dir='ltr'><strong>sed</strong></span> <span class='ocrx_word' id='word_1_809' title='bbox 2716 4955 2855 5027; x_wconf 77' lang='lat' dir='ltr'><strong>male</strong></span> <span class='ocrx_word' id='word_1_810' title='bbox 2877 4956 3184 5028; x_wconf 85' lang='lat' dir='ltr'><strong>decipiunt;</strong></span> <span class='ocrx_word' id='word_1_811' title='bbox 3208 4957 3445 5014; x_wconf 86' lang='lat' dir='ltr'><strong>suaviter</strong></span> <span class='ocrx_word' id='word_1_812' title='bbox 3468 4968 3753 5026; x_wconf 83' lang='lat' dir='ltr'><strong>cantant,</strong></span> 
     </span>
    </p>
   </div>
   <div class='ocr_carea' id='block_1_110' title="bbox 2139 5043 3757 5122">
    <p class='ocr_par' dir='ltr' id='par_1_110' title="bbox 2139 5043 3757 5122">
     <span class='ocr_line' id='line_1_110' title="bbox 2139 5043 3757 5122; baseline 0.007 -24"><span class='ocrx_word' id='word_1_813' title='bbox 2139 5043 2234 5099; x_wconf 86' lang='lat' dir='ltr'><strong>scd</strong></span> <span class='ocrx_word' id='word_1_814' title='bbox 2264 5043 2407 5099; x_wconf 87' lang='lat' dir='ltr'><strong>male</strong></span> <span class='ocrx_word' id='word_1_815' title='bbox 2433 5044 2705 5103; x_wconf 87' lang='lat' dir='ltr'><strong>maculant</strong></span> <span class='ocrx_word' id='word_1_816' title='bbox 2725 5062 2741 5112; x_wconf 87' lang='lat'><strong>;</strong></span> <span class='ocrx_word' id='word_1_817' title='bbox 2762 5047 3087 5116; x_wconf 88' lang='lat' dir='ltr'><strong>promittunt</strong></span> <span class='ocrx_word' id='word_1_818' title='bbox 3102 5048 3305 5115; x_wconf 89' lang='lat' dir='ltr'><strong>dulcia,</strong></span> <span class='ocrx_word' id='word_1_819' title='bbox 3356 5049 3449 5105; x_wconf 88' lang='lat' dir='ltr'><strong>sed</strong></span> <span class='ocrx_word' id='word_1_820' title='bbox 3485 5052 3757 5122; x_wconf 84' lang='lat' dir='ltr'><strong>perdunt</strong></span> 
     </span>
    </p>
   </div>
   <div class='ocr_carea' id='block_1_111' title="bbox 2140 5149 2398 5195">
    <p class='ocr_par' dir='ltr' id='par_1_111' title="bbox 2140 5149 2398 5195">
     <span class='ocr_line' id='line_1_111' title="bbox 2140 5149 2398 5195; baseline 0.008 -4"><span class='ocrx_word' id='word_1_821' title='bbox 2140 5149 2398 5195; x_wconf 81' lang='lat' dir='ltr'><strong>animam.</strong></span> 
     </span>
    </p>
   </div>
   <div class='ocr_carea' id='block_1_112' title="bbox 2702 5228 3156 5286">
    <p class='ocr_par' dir='ltr' id='par_1_112' title="bbox 2702 5228 3156 5286">
     <span class='ocr_line' id='line_1_112' title="bbox 2702 5228 3156 5286; baseline 0.004 -2"><span class='ocrx_word' id='word_1_822' title='bbox 2702 5228 2929 5285; x_wconf 78' lang='lat' dir='ltr'><strong>CAPUT</strong></span> <span class='ocrx_word' id='word_1_823' title='bbox 2966 5229 3156 5286; x_wconf 76' lang='lat' dir='ltr'><strong>XXVI.</strong></span> 
     </span>
    </p>
   </div>
   <div class='ocr_carea' id='block_1_113' title="bbox 2612 5316 3212 5379">
    <p class='ocr_par' dir='ltr' id='par_1_113' title="bbox 2612 5316 3212 5379">
     <span class='ocr_line' id='line_1_113' title="bbox 2612 5316 3212 5379; baseline 0.007 -6"><span class='ocrx_word' id='word_1_824' title='bbox 2612 5316 2691 5373; x_wconf 86' lang='lat' dir='ltr'><strong>De</strong></span> <span class='ocrx_word' id='word_1_825' title='bbox 2711 5319 2941 5373; x_wconf 74' lang='lat' dir='ltr'><strong>cauenda</strong></span> <span class='ocrx_word' id='word_1_826' title='bbox 2969 5321 3212 5379; x_wconf 78' lang='lat' dir='ltr'><strong>auaritia.</strong></span> 
     </span>
    </p>
   </div>
   <div class='ocr_carea' id='block_1_114' title="bbox 2206 5403 3749 5485">
    <p class='ocr_par' dir='ltr' id='par_1_114' title="bbox 2206 5403 3749 5485">
     <span class='ocr_line' id='line_1_114' title="bbox 2206 5403 3749 5485; baseline 0.006 -26"><span class='ocrx_word' id='word_1_827' title='bbox 2206 5403 2284 5460; x_wconf 88' lang='lat' dir='ltr'><strong>Tu</strong></span> <span class='ocrx_word' id='word_1_828' title='bbox 2328 5420 2480 5476; x_wconf 82' lang='lat' dir='ltr'><strong>ergo,</strong></span> <span class='ocrx_word' id='word_1_829' title='bbox 2504 5421 2621 5485; x_wconf 74' lang='lat' dir='ltr'><strong>rex,</strong></span> <span class='ocrx_word' id='word_1_830' title='bbox 2658 5421 2757 5461; x_wconf 92' lang='lat' dir='ltr'><strong>nec</strong></span> <span class='ocrx_word' id='word_1_831' title='bbox 2790 5422 2888 5476; x_wconf 83' lang='lat' dir='ltr'><strong>pro</strong></span> <span class='ocrx_word' id='word_1_832' title='bbox 2914 5408 3304 5476; x_wconf 87' lang='lat' dir='ltr'><strong>adulatoribus,</strong></span> <span class='ocrx_word' id='word_1_833' title='bbox 3354 5425 3588 5481; x_wconf 82' lang='lat' dir='ltr'><strong>necpro</strong></span> <span class='ocrx_word' id='word_1_834' title='bbox 3612 5431 3749 5471; x_wconf 78' lang='lat' dir='ltr'><strong>mu-</strong></span> 
     </span>
    </p>
   </div>
   <div class='ocr_carea' id='block_1_115' title="bbox 2134 5493 3747 5567">
    <p class='ocr_par' dir='ltr' id='par_1_115' title="bbox 2134 5493 3747 5567">
     <span class='ocr_line' id='line_1_115' title="bbox 2134 5493 3747 5567; baseline 0.009 -19"><span class='ocrx_word' id='word_1_835' title='bbox 2134 5493 2376 5560; x_wconf 81' lang='lat' dir='ltr'><strong>neribus,</strong></span> <span class='ocrx_word' id='word_1_836' title='bbox 2424 5509 2456 5549; x_wconf 87' lang='lat' dir='ltr'><strong>a</strong></span> <span class='ocrx_word' id='word_1_837' title='bbox 2500 5504 2649 5550; x_wconf 86' lang='lat' dir='ltr'><strong>recto</strong></span> <span class='ocrx_word' id='word_1_838' title='bbox 2678 5497 2934 5567; x_wconf 82' lang='lat' dir='ltr'><strong>regioque</strong></span> <span class='ocrx_word' id='word_1_839' title='bbox 2961 5499 3199 5554; x_wconf 86' lang='lat' dir='ltr'><strong>divertas</strong></span> <span class='ocrx_word' id='word_1_840' title='bbox 3251 5500 3465 5565; x_wconf 89' lang='lat' dir='ltr'><strong>itinere,</strong></span> <span class='ocrx_word' id='word_1_841' title='bbox 3516 5518 3643 5560; x_wconf 76' lang='lat' dir='ltr'><strong>nec</strong></span> <span class='ocrx_word' id='word_1_842' title='bbox 3672 5507 3747 5563; x_wconf 84' lang='lat' dir='ltr'><strong>ad</strong></span> 
     </span>
    </p>
   </div>
   <div class='ocr_carea' id='block_1_116' title="bbox 460 5576 3753 5663">
    <p class='ocr_par' dir='ltr' id='par_1_116' title="bbox 460 5576 3753 5663">
     <span class='ocr_line' id='line_1_116' title="bbox 460 5576 3753 5663; baseline 0.006 -30"><span class='ocrx_word' id='word_1_843' title='bbox 460 5576 528 5633; x_wconf 87' lang='lat' dir='ltr'><strong>lis</strong></span> <span class='ocrx_word' id='word_1_844' title='bbox 562 5576 831 5648; x_wconf 76' lang='lat' dir='ltr'><strong>agitatum</strong></span> <span class='ocrx_word' id='word_1_845' title='bbox 854 5593 1051 5649; x_wconf 90' lang='lat' dir='ltr'><strong>corpus</strong></span> <span class='ocrx_word' id='word_1_846' title='bbox 1088 5581 1291 5647; x_wconf 88' lang='lat' dir='ltr'><strong>tremit,</strong></span> <span class='ocrx_word' id='word_1_847' title='bbox 1332 5581 1514 5652; x_wconf 79' lang='lat' dir='ltr'><strong>lingua</strong></span> <span class='ocrx_word' id='word_1_848' title='bbox 1550 5583 1799 5650; x_wconf 88' lang='lat' dir='ltr'><strong>balbutit,</strong></span> <span class='ocrx_word' id='word_1_849' title='bbox 1850 5584 2032 5640; x_wconf 90' lang='lat' dir='ltr'><strong>vultus</strong></span> <span class='ocrx_word' id='word_1_850' title='bbox 2134 5584 2376 5640; x_wconf 61' lang='lat' dir='ltr'><strong>avaritire</strong></span> <span class='ocrx_word' id='word_1_851' title='bbox 2403 5586 2625 5652; x_wconf 85' lang='lat' dir='ltr'><strong>malum,</strong></span> <span class='ocrx_word' id='word_1_852' title='bbox 2653 5595 2862 5643; x_wconf 89' lang='lat' dir='ltr'><strong>rectum</strong></span> <span class='ocrx_word' id='word_1_853' title='bbox 2895 5590 3210 5661; x_wconf 82' lang='lat' dir='ltr'><strong>regiumque</strong></span> <span class='ocrx_word' id='word_1_854' title='bbox 3238 5589 3472 5663; x_wconf 84' lang='lat' dir='ltr'><strong>digneris</strong></span> <span class='ocrx_word' id='word_1_855' title='bbox 3496 5588 3753 5652; x_wconf 70' lang='lat' dir='ltr'><strong>ﬂectere</strong></span> 
     </span>
    </p>
   </div>
   <div class='ocr_carea' id='block_1_117' title="bbox 463 5668 2111 5745">
    <p class='ocr_par' dir='ltr' id='par_1_117' title="bbox 463 5668 2111 5745">
     <span class='ocr_line' id='line_1_117' title="bbox 463 5668 2111 5745; baseline 0.008 -26"><span class='ocrx_word' id='word_1_856' title='bbox 463 5668 708 5736; x_wconf 70' lang='lat' dir='ltr'><strong>ignescit,</strong></span> <span class='ocrx_word' id='word_1_857' title='bbox 735 5683 831 5724; x_wconf 84' lang='lat' dir='ltr'><strong>cur</strong></span> <span class='ocrx_word' id='word_1_858' title='bbox 854 5669 1120 5745; x_wconf 84' lang='lat' dir='ltr'><strong>palpitans</strong></span> <span class='ocrx_word' id='word_1_859' title='bbox 1159 5672 1429 5745; x_wconf 77' lang='lat' dir='ltr'><strong>tremulat,</strong></span> <span class='ocrx_word' id='word_1_860' title='bbox 1458 5682 1513 5729; x_wconf 89' lang='lat' dir='ltr'><strong>et</strong></span> <span class='ocrx_word' id='word_1_861' title='bbox 1547 5675 1687 5731; x_wconf 89' lang='lat' dir='ltr'><strong>oculi</strong></span> <span class='ocrx_word' id='word_1_862' title='bbox 1730 5676 1931 5732; x_wconf 87' lang='lat' dir='ltr'><strong>turbati</strong></span> <span class='ocrx_word' id='word_1_863' title='bbox 1948 5691 2033 5732; x_wconf 57' lang='lat' dir='ltr'><strong>ca.</strong></span> <span class='ocrx_word' id='word_1_864' title='bbox 2106 5734 2111 5743; x_wconf 70' lang='grc'><strong><em>,</em></strong></span> 
     </span>
    </p>
   </div>
   <div class='ocr_carea' id='block_1_118' title="bbox 2139 5676 3741 5759">
    <p class='ocr_par' dir='ltr' id='par_1_118' title="bbox 2139 5676 3741 5759">
     <span class='ocr_line' id='line_1_118' title="bbox 2139 5676 3741 5759; baseline 0.001 -28"><span class='ocrx_word' id='word_1_865' title='bbox 2139 5690 2406 5750; x_wconf 80' lang='lat' dir='ltr'><strong>gressum.</strong></span> <span class='ocrx_word' id='word_1_866' title='bbox 2440 5676 2644 5753; x_wconf 76' lang='lat' dir='ltr'><strong>Regum</strong></span> <span class='ocrx_word' id='word_1_867' title='bbox 2668 5678 2868 5738; x_wconf 82' lang='lat' dir='ltr'><strong>etenim</strong></span> <span class='ocrx_word' id='word_1_868' title='bbox 2898 5682 3203 5756; x_wconf 85' lang='lat' dir='ltr'><strong>specialiter</strong></span> <span class='ocrx_word' id='word_1_869' title='bbox 3229 5683 3505 5759; x_wconf 79' lang='lat' dir='ltr'><strong>inculpans</strong></span> <span class='ocrx_word' id='word_1_870' title='bbox 3532 5691 3741 5751; x_wconf 64' lang='grc' dir='ltr'><strong>δςιιτί.</strong></span> 
     </span>
    </p>
   </div>
  </div>
