3968 6204
327 297 432 359 965

1768 288 1882 345 VIA
1923 287 2152 345 REGIA.

3483 295 3594 353 966

326 416 455 469 tiam
484 410 686 483 scripta
719 411 976 467 divinitus
1005 409 1278 465 invenitur
1305 408 1594 465 sententia.
1645 406 1736 462 Ait
1761 406 1905 462 enim
1936 407 1986 465 Α
2013 421 2116 460 non
2164 406 2220 460 in
2253 405 2502 475 judicio;
2555 408 2782 461 amicum
2813 423 2967 463 suum
3003 411 3256 480 opprimet
3289 413 3508 482 frustra,
3548 424 3598 470 es

325 503 584 559 Salomon
626 504 680 557 in
724 501 1033 558 Proverbiis
1067 501 1219 558 :Rea:
1255 502 1430 574 justus
1467 499 1620 570 erigit
1661 507 1858 552 terram
1891 509 1910 547 :

324 596 403 652 vir
447 611 639 649 avarus
659 594 886 648 destruet
907 610 1023 649 eam
1061 591 1245 663 (Prov.
1287 607 1441 656 xxix,
1467 590 1546 660 4).
1594 588 1728 642 Item
1754 586 1908 657 ipse:

325 684 616 740 Conturbat
639 683 856 738 domum
899 701 1051 739 suam
1085 686 1175 755 qui
1197 693 1426 738 sectatur
1463 681 1740 736 avaritiam
1763 692 1782 730 :
1823 677 1913 749 qui

325 787 500 830 autem
547 777 658 828 odit
701 792 920 830 munera
945 815 961 840 ,
1008 777 1141 829 vivet
1187 772 1381 845 (Prov.
1424 786 1514 836 xv,
1573 769 1695 842 27).
1735 769 1916 824 1)οωί-

325 882 429 924 nus
453 867 506 922 in
532 868 830 936 Evangelio
861 867 1138 938 discipulis
1159 868 1234 921 ait
1263 884 1276 920 :
1315 863 1504 920 Cavete
1525 865 1590 918 ab
1621 862 1763 917 omni
1789 878 1914 916 ava-

327 957 642 1028 ritia:quia
689 973 793 1010 non
837 958 892 1010 in
941 955 1270 1009 abundantia
1315 954 1626 1024 cujusquam
1661 953 1767 1006 vita
1794 950 1911 1020 ejus

325 1056 422 1110 est,
443 1063 509 1100 e1:
529 1046 609 1099 liis
632 1061 751 1116 qua:
773 1045 1000 1116 possidet
1025 1043 1177 1114 (Luc.
1213 1059 1312 1108 xu,
1335 1044 1439 1113 l5).
1471 1041 1607 1097 lluic
1629 1040 1912 1096 sententia

327 1137 666 1193 coneordans
703 1136 1064 1191 Ecclesiastes
1095 1137 1170 1190 ait
1205 1136 1446 1190 :Avarus
1484 1152 1588 1189 non
1614 1133 1913 1204 implebitur

323 1227 548 1297 pecunia
577 1243 595 1280 :
615 1235 668 1280 et
701 1227 790 1296 qui
819 1234 960 1278 amat
985 1225 1214 1290 divitias,
1253 1227 1482 1296 fructum
1520 1241 1624 1279 non
1659 1225 1826 1294 capiet
1846 1239 1912 1278 ea:

324 1319 400 1372 eis
436 1316 636 1389 (Eccle.
668 1331 721 1381 ν,
752 1315 830 1388 9).
877 1315 1132 1370 Habacuc
1174 1329 1388 1385 quoque
1432 1313 1695 1384 propheta
1731 1312 1862 1366 dicit
1892 1327 1905 1364 :

334 1407 428 1463 Va:
475 1408 565 1478 qui
605 1416 882 1478 congregat
929 1407 1212 1460 avaritiam
1256 1406 1454 1460 malam
1495 1407 1638 1459 domi
1676 1414 1909 1459 suw:ut

325 1501 394 1554 sit
425 1501 482 1552 in
522 1497 724 1552 excelso
771 1499 926 1551 nidus
945 1497 1081 1567 ejus,
1119 1507 1168 1550 et
1189 1496 1402 1551 liberari
1424 1514 1478 1550 se
1495 1505 1644 1566 putat
1663 1497 1726 1548 de
1749 1511 1909 1547 manu

325 1588 456 1644 mali
495 1587 723 1660 (Hebae.
764 1603 822 1650 ιι,
882 1587 976 1659 9)!
1018 1587 1215 1641 Paulus
1241 1587 1518 1656 apostolus
1550 1586 1808 1654 pmlicat
1836 1584 1914 1638 di-

327 1695 458 1736 cens
490 1697 503 1733 :
537 1677 722 1733 Omnis
749 1678 1061 1747 fornicator,
1105 1687 1196 1730 aut
1224 1676 1542 1739 immundus,
1577 1684 1668 1728 aut
1692 1689 1907 1737 avarus,

2013 495 2300 550 mercedem
2337 496 2454 565 ejus
2476 512 2580 550 non
2617 499 2794 552 reddet
2842 501 2910 552 ei.
2973 500 3078 566 Qui
3108 501 3234 555 dicit
3254 519 3272 556 :
3295 502 3598 572 Ediﬁcabo

2010 588 2142 641 mihi
2161 587 2376 641 domum
2410 586 2608 654 latam,
2648 597 2695 642 et
2716 591 2983 644 cenacula
3000 593 3231 662 spatiosa
3262 607 3281 646 :
3308 595 3398 664 qui
3419 609 3591 665 apem

2011 679 2111 734 sibi
2131 681 2409 750 fenestras,
2453 682 2579 750 facit
2601 681 2870 752 laquearia
2892 685 3126 750 cedrino,
3167 688 3435 759 pingitque
3458 691 3604 743 sino-

2011 771 2131 842 pide
2169 771 2304 841 (Jer.
2357 787 2489 836 χιιι,
2522 773 2632 841 13).
2667 773 2834 829 Isaias
2867 775 3064 831 talibus
3112 779 3309 833 clamat
3334 789 3390 835 et
3419 782 3596 837 dicit:

2025 858 2114 913 Va:
2135 862 2225 931 qui
2253 861 2571 930 conjungitis
2592 862 2805 916 domum
2827 864 2896 916 ad
2923 864 3155 931 domum,
3181 878 3229 922 et
3261 887 3444 939 agrum
3468 889 3596 942 agro

2012 951 2290 1021 copulatis,
2341 968 2503 1020 usque
2524 952 2593 1004 ad
2614 955 2890 1006 terminum
2927 954 3048 1009 loci.
3107 956 3363 1028 Nunquid
3388 961 3599 1017 habita-

2014 1041 2132 1095 bitis
2166 1059 2250 1096 vos
2296 1041 2396 1096 soli
2449 1045 2504 1096 in
2542 1043 2718 1098 medio
2760 1049 3061 1101 terrarum?
3114 1047 3179 1101 In
3209 1051 3428 1105 auribus
3469 1055 3598 1109 meis

2011 1143 2132 1186 sunt
2154 1133 2286 1197 Iure,
2308 1134 2433 1187 dicit
2478 1134 2735 1190 Dominus
2765 1138 3086 1190 exercituum
3136 1138 3270 1211 (Isa.
3293 1155 3349 1207 v,
3377 1141 3453 1212 8).
3482 1144 3596 1201 Hoc

2012 1225 2188 1296 ipsum
2246 1236 2300 1281 et
2357 1227 2612 1283 Salomon
2654 1230 2906 1298 prohibet
2956 1231 3188 1286 dicens:
3231 1233 3314 1288 Ne
3365 1237 3598 1306 attingas

2010 1315 2350 1386 parvulorum
2367 1318 2616 1371 terminos
2633 1335 2651 1372 :
2675 1327 2724 1372 et
2745 1335 2925 1389 agrum
2937 1321 3254 1391 pupillorum
3280 1341 3342 1377 ne
3366 1326 3597 1380 introeas

2013 1405 2194 1477 (Prov.
2233 1423 2389 1472 χχιιι,
2415 1408 2523 1479 10).

2083 1496 2201 1550 Tibi
2238 1513 2388 1566 ergo,
2420 1513 2540 1562 rex,
2571 1500 2912 1567 omnipotens
2933 1501 3192 1557 Dominus
3217 1505 3394 1574 ampla
3423 1515 3476 1560 et
3504 1507 3602 1562 llo-

2015 1584 2492 1654 rida,divitiisque
2540 1589 2698 1656 plena
2743 1590 2932 1644 tribuit
2985 1607 3170 1662 regna,
3207 1607 3602 1666 parentumque

2015 1677 2330 1746 multiplicia
2388 1677 2573 1734 divisit
2631 1689 2685 1734 et
2741 1683 2983 1751 przedia;
3043 1685 3298 1741 ﬁseorum
3366 1689 3598 1757 plurima

325 1770 466 1842 quod
485 1767 834 1822 estidolorum
859 1768 1097 1831 servitus,
1136 1783 1241 1820 non
1285 1766 1436 1820 habet
1471 1764 1828 1819 ha'redilaletn
1851 1763 1907 1817 in
1941 1746 1984 1804 Β
2014 1770 2160 1824 dedit
2205 1772 2485 1841 vectigalia
2511 1812 2527 1837 ,
2575 1781 2629 1827 et
2679 1746 2979 1829 multorum
3023 1786 3302 1846 potentum
3353 1746 3591 1838 honora-

328 1876 486 1932 regno
509 1858 701 1913 Christi
734 1866 784 1910 et
805 1857 900 1910 Dei
923 1856 1137 1927 (Ephes.
1163 1872 1215 1920 v,
1245 1855 1325 1926 5).

288 1977 294 1981 -
399 1952 478 2006 Tu
509 1965 658 2020 ergo,
707 1948 1010 2018 largissime
1043 1962 1158 2010 rex,
1205 1960 1324 1999 ama
1361 1941 1810 2005 misericordiam,
1852 1950 1910 1995 et

329 2041 455 2114 fuge
487 2035 803 2103 avaritiam?
833 2047 894 2092 ut
913 2053 1033 2092 cum
1063 2036 1282 2092 Christo
1301 2035 1683 2090 'brereditatem
1707 2034 1908 2088 habere

330 2131 590 2189 merearis
618 2139 893 2185 aeternam.
948 2128 1210 2184 Omnibus
1231 2136 1348 2182 esto
1391 2125 1704 2189 muniﬁcus,
1738 2124 1911 2179 omni-

333 2231 432 2280 bus
469 2223 674 2293 largus,
694 2231 756 2276 ut
776 2237 874 2292 per
901 2229 952 2275 te
973 2235 1080 2274 non
1111 2219 1249 2274 male
1271 2220 1598 2281 destruatur,
1627 2217 1720 2272 sed
1741 2216 1912 2272 felici-

332 2323 418 2370 ter
440 2313 684 2384 erigatur
727 2313 879 2382 regni
913 2311 987 2364 tui
1012 2319 1179 2364 terra.
1219 2305 1338 2363 Non
1375 2316 1435 2363 ut
1460 2323 1656 2362 avarus
1692 2307 1912 2361 domum

335 2412 482 2460 tuam
502 2402 816 2466 conturbes,
840 2401 932 2456 sed
966 2407 1026 2452 ut
1044 2399 1226 2468 largus
1249 2397 1504 2452 aediﬁces.
1530 2396 1746 2451 Grande
1765 2394 1910 2449 enim

332 2503 388 2550 et
409 2495 601 2565 ingens
623 2491 822 2546 malum
849 2498 932 2545 est
951 2489 1176 2544 avaritia
1210 2506 1223 2543 :
1253 2485 1915 2559 igniseuiminexstingui-

338 2585 524 2641 biliter
547 2590 631 2638 est
671 2581 868 2636 ardens
893 2589 948 2634 et
978 2579 1379 2634 incessabiliter
1409 2593 1595 2632 urens.
1635 2575 1712 2646 De
1738 2573 1914 2627 avari-

336 2681 411 2736 tia
456 2677 598 2733 enim
632 2676 684 2729 in
729 2674 866 2728 libro
894 2673 1038 2727 beati
1068 2672 1170 2726 Job
1203 2672 1463 2741 scriptum
1510 2678 1631 2722 est:
1661 2665 1805 2735 Ignis
1826 2664 1916 2718 de-

337 2767 541 2824 vorabit
569 2763 907 2820 tabernacula
937 2779 1136 2826 eorum,
1168 2762 1257 2832 qui
1284 2776 1502 2814 munera
1524 2759 1741 2812 libenter
1776 2755 1918 2809 acci-

335 2859 486 2929 piunt
526 2854 648 2928 (Job
676 2867 764 2917 xv,
802 2853 914 2924 54).
945 2851 1096 2906 Sicut
1113 2852 1258 2906 enim
1278 2863 1474 2919 corpus
1505 2847 1782 2906 habitatio
1809 2860 1921 2899 ma-

340 2948 516 3008 teriali
542 2946 786 3010 aediﬁcio,
812 2945 891 3000 sic
919 2957 1072 2997 mens
1097 2943 1304 2996 habitat
1334 2941 1387 2994 iu
1417 2938 1764 3010 cogitationis
1789 2951 1913 2991 con-

339 3040 462 3096 silio
487 3057 500 3094 :
528 3037 620 3092 sed
652 3036 789 3107 ignis
814 3032 1159 3089 tabernacula
1180 3032 1425 3096 devorat,
1452 3043 1574 3085 eum
1598 3035 1763 3083 aestus
1791 3041 1919 3080 sva-

340 3129 481 3186 vitim
507 3125 864 3200 cogitationes
890 3123 1088 3178 mentis
1117 3122 1380 3177 devastat.
1419 3118 1660 3176 Avaritia
1704 3117 1920 3172 modum

342 3223 575 3291 ignorat,
602 3224 1085 3289 temperamentum
1106 3215 1303 3280 nescit,
1333 3213 1495 3269 ﬁnem
1521 3210 1754 3270 habendi
1776 3217 1926 3283 post-

343 3309 515 3383 ponit,
563 3316 770 3364 etcum
805 3313 999 3361 cuncta
1031 3303 1274 3366 devoret,
1327 3301 1668 3357 saturitatem
1711 3299 1927 3369 penitus

343 3399 534 3460 nescit,
565 3397 735 3451 esurit
781 3407 995 3463 semper
1017 3400 1073 3447 et
1104 3391 1407 3456 mendicat,
1436 3391 1590 3458 inops
1618 3398 1703 3440 est
1721 3397 1773 3440 et
1793 3401 1927 3456 pau-

343 3495 555 3559 pertate
595 3485 831 3555 repleta;
876 3491 931 3538 et
972 3498 1095 3538 cum
1137 3482 1395 3535 feralibus
1428 3487 1622 3532 cuncta
1676 3476 1928 3530 dentibus

346 3578 518 3641 rodat,
561 3576 737 3629 adhuc
773 3588 833 3628 se
861 3573 1100 3642 jejunum
1120 3570 1398 3626 horribilis
1427 3567 1716 3622 conﬁtetur
1736 3574 1791 3617 et
1825 3565 1930 3619 cla-

347 3676 500 3730 mat;
548 3673 748 3720 etcum
783 3663 856 3716 sit
887 3675 1052 3714 unum
1080 3661 1300 3714 nomine
1325 3667 1481 3713 tenus
1509 3657 1721 3720 vitium,
1761 3655 1928 3709 multa

347 3759 417 3814 ab
443 3755 534 3811 illo
579 3753 682 3808 alia
719 3751 986 3826 pullulant
1017 3759 1074 3804 et
1110 3757 1393 3820 emergunt
1431 3748 1581 3810 vitia,
1627 3748 1769 3802 sicut
1798 3747 1932 3801 scri-

347 3856 498 3918 ptum
556 3853 640 3901 est
692 3861 705 3898 :
757 3841 934 3896 Radix
984 3841 1216 3894 omnium
1255 3839 1518 3894 malorum
1572 3848 1647 3893 est
1701 3839 1929 3893 avaritia

351 3938 403 4011 (I
433 3937 568 3992 Tim.
597 3951 667 4001 vt,
702 3934 810 4005 10).
860 3933 928 3990 Ει
972 3947 1077 3986 non
1109 3931 1280 3986 solum
1310 3931 1519 3986 occulta
1553 3930 1806 4001 plurima,
1838 3931 1932 3985 sed

340 4040 406 4086 et
432 4036 620 4100 aperta
667 4034 893 4097 generat
945 4023 1117 4080 multa
1145 4023 1305 4078 mala.
1356 4022 1484 4077 Inde
1523 4030 1710 4093 rugata
1756 4021 1935 4078 fronte

353 4125 409 4178 in
459 4129 726 4177 conventu
789 4117 1139 4173 inveniuntur
1206 4115 1457 4181 falsarii;
1519 4114 1642 4169 inde
1699 4115 1753 4168 in
1814 4128 1933 4168 me-

351 4213 443 4269 dio
473 4212 710 4268 civitatis
759 4209 978 4274 sicarii;
1035 4207 1160 4263 inde
1187 4208 1242 4262 in
1263 4206 1754 4278 publicoveneﬁci;
1810 4207 1935 4261 inde

356 4309 542 4372 aperte
598 4300 804 4355 crimen
876 4298 1215 4363 admittitur;
1284 4297 1410 4352 inde
1475 4296 1651 4352 scelus
1717 4295 1934 4366 publice

355 4399 629 4462 operatur.

422 4507 424 4510 -
927 4471 1155 4530 CAPUT
1191 4473 1400 4532 XXVII.

467 4568 532 4626 Ut
569 4568 632 4623 de
653 4567 900 4638 impensis
937 4566 1122 4620 alienis
1166 4567 1353 4620 domus
1383 4582 1486 4620 non
1514 4565 1822 4634 (ediﬁcetur.

369 4679 372 4684 ·
431 4659 513 4713 Tu
534 4674 688 4724 vero,
720 4673 754 4712 o
783 4673 898 4720 rex,
941 4657 1089 4711 velut
1136 4657 1475 4712 mundissimi
1517 4657 1659 4726 regis
1694 4655 1838 4711 ﬁlius
1868 4657 1940 4711 ab

363 4752 512 4809 omni
552 4765 788 4808 munere
831 4765 1009 4806 nocuo
1052 4749 1229 4820 regias
1266 4748 1547 4802 excutiens
1580 4749 1776 4803 munda
1826 4763 1943 4802 ma-

366 4861 489 4909 nus,
519 4843 644 4914 quia
685 4842 945 4910 scriptum
973 4848 1056 4895 est
1099 4858 1111 4893 :
1149 4838 1254 4903 Qui
1294 4839 1488 4891 excutit
1514 4823 1849 4892 manus‘sua‘s
1874 4838 1939 4891 ab

368 4933 510 4988 omni
549 4932 896 5000 munere,qui
935 4930 1143 4983 obturat
1170 4944 1323 4980 aures
1349 4943 1472 4981 suas
1516 4943 1580 4980 ne
1617 4928 1800 4980 audiat
1821 4944 1944 4982 sau-

370 5025 602 5094 guinem,
625 5031 671 5074 et
694 5020 890 5075 claudit
913 5018 1091 5073 oculos
1119 5035 1242 5071 suos
1282 5033 1346 5070 ne
1370 5017 1538 5070 rideat
1571 5018 1794 5082 malum,
1847 5018 1946 5072 iste

370 5115 427 5170 in
457 5112 672 5167 excelsis
693 5111 943 5165 habitabit
970 5109 1107 5179 (lsa.
1145 5124 1327 5171 xxxm,
1360 5107 1470 5179 15).
1504 5108 1644 5179 Ergo
1666 5117 1725 5162 ut
1747 5123 1953 5162 merea-

375 5203 452 5258 ris
504 5202 560 5261 in
614 5201 829 5258 excelso
867 5201 1054 5255 sedere
1092 5197 1322 5256 feliciter
1365 5199 1580 5263 throno,
1634 5198 1953 5254 muneribus

376 5309 676 5365 pauperum
710 5308 818 5348 non
857 5291 1157 5362 atnplilices
1187 5289 1418 5352 tibimet,
1459 5297 1553 5344 aut
1595 5289 1830 5344 aediﬁces
1863 5290 1957 5345 do-

380 5399 526 5440 mum
556 5383 721 5454 :quia
751 5383 1012 5452 scriptum
1041 5389 1160 5441 est:
1195 5380 1298 5446 Qui
1322 5381 1549 5450 ardiﬁcat
1569 5381 1782 5434 domum
1803 5399 1955 5436 suam

380 5473 655 5544 impendiis
698 5472 904 5537 alienis,
939 5472 1090 5542 quasi
1135 5472 1225 5540 qui
1273 5469 1467 5540 colligit
1507 5470 1704 5540 lapides
1749 5489 1873 5527 suos
1901 5473 1956 5529 in

380 5566 548 5620 hieme
582 5564 772 5636 (Eccli.
813 5580 924 5631 xxi,
956 5564 1032 5635 9).
1072 5561 1339 5617 Jeremias
1363 5577 1573 5632 quoque
1594 5563 1672 5618 ait
1702 5583 1716 5618 :
1757 5563 1846 5618 Ve
1867 5565 1956 5636 qui

384 5656 612 5726 edi/ibat
644 5657 856 5712 domum
899 5670 1052 5709 suam
1073 5654 1126 5712 in
1149 5653 1435 5724 injustitiu,
1470 5663 1518 5708 et
1562 5653 1828 5710 cwnacula
1857 5670 1955 5709 sua

2011 1863 2087 1917 vit
2108 1879 2351 1929 munera,
2376 1881 2446 1918 un
2468 1865 2518 1918 ’ze
2545 1867 2690 1935 regia
2716 1866 2982 1923 fabricare
3005 1873 3176 1940 possis
3208 1873 3424 1940 palatia.
3456 1874 3601 1932 Cave

2011 1969 2080 2008 ne
2108 1971 2405 2024 pauperum
2431 1956 2684 2026 lacrymis
2707 1959 3139 2030 miserorumque
3197 1963 3459 2032 impensis
3493 1965 3593 2022 tibi

2013 2045 2205 2100 domus
2219 2046 2518 2102 aediﬁcetur
2545 2049 2762 2118 regalis.

2577 2157 2806 2216 CAPUT
2846 2161 3079 2216 XXVIII.

2017 2260 2084 2317 Ut
2103 2281 2197 2336 pro
2218 2266 2428 2336 justitia
2459 2266 2702 2336 facienda
2729 2270 2875 2353 nulla
2917 2291 2949 2326 a
2969 2273 3239 2342 judic'ibus
3269 2280 3606 2349 requirantur

2690 2356 2930 2410 prtrmtu.

2085 2445 2362 2502 iudicibus
2405 2462 2533 2519 ergo
2577 2451 2683 2506 tuis
2713 2453 2970 2523 prmeipe,
3015 2469 3134 2520 rex,
3179 2464 3240 2510 ut
3269 2458 3474 2512 nullum
3494 2475 3594 2529 pro

2010 2535 2220 2607 justitia
2242 2539 2522 2626 przemium
2555 2540 2708 2595 istius
2731 2544 2912 2598 saeculi
2944 2547 3240 2614 requirant.
3276 2548 3515 2620 Ptaecipe
3540 2561 3599 2605 ut

2016 2643 2114 2698 pro
2135 2625 2282 2694 justo
2299 2627 2505 2696 judicio
2544 2633 2858 2699 temporalia
2881 2635 3029 2690 lucra
3055 2654 3160 2694 non
3193 2649 3474 2710 appetant,
3504 2643 3600 2697 sel

2017 2727 2252 2781 atterua;
2301 2719 2606 2774 mercedem
2652 2738 2759 2776 non
2815 2728 3094 2794 requirant
3133 2732 3456 2800 perituram,
3506 2736 3604 2790 sed

2018 2822 2461 2877 permansuram;
2515 2825 2721 2881 pauper
2754 2828 2822 2868 an
2861 2815 3014 2871 dives
3063 2818 3152 2884 sit,
3203 2836 3424 2876 causam
3480 2839 3608 2893 per-

2021 2900 2254 2968 spiciant.
2274 2916 2379 2955 nou
2401 2917 2716 2972 personam;
2755 2905 2809 2960 in
2834 2908 3086 2962 omnibus
3109 2911 3393 2967 veritatem
3423 2925 3602 2969 custo-

2022 2991 2192 3057 diant,
2234 3009 2343 3050 non
2387 2993 2698 3050 ambitionis
2746 3013 2990 3053 munera.
3046 2999 3145 3068 Qui
3176 3004 3462 3072 praesentia
3489 3021 3608 3060 nm-

1949 3113 1994 3176 Ο
2027 3098 2157 3138 nera
2185 3083 2421 3152 affectat,
2474 3077 2710 3142 futuram
2737 3089 2964 3158 gloriam
2988 3107 3094 3146 non
3142 3103 3346 3160 sperat.
3384 3093 3484 3162 Qui
3515 3111 3608 3152 cu-

2024 3174 2185 3246 pidus
2218 3175 2308 3255 hic
2333 3176 2524 3250 recipit
2552 3193 2651 3248 pro
2686 3177 2898 3246 justitia
2930 3181 3089 3245 dona,
3144 3183 3375 3238 ulterius
3401 3194 3606 3242 aeterna

2025 3283 2133 3322 non
2161 3269 2388 3338 accipiet
2426 3271 2667 3339 praemia.
2698 3269 2900 3326 Contra
2930 3272 3613 3343 delinquentiumjudicum

2023 3359 2346 3427 pravitatem
2374 3374 2470 3427 per
2505 3354 2725 3430 Moysen
2763 3363 2964 3416 dicitur
2995 3380 3009 3414 :
3039 3362 3192 3416 Iuste
3234 3365 3373 3433 quod
3409 3366 3611 3433 justum

2026 3457 2102 3501 est
2130 3449 2424 3518 exsequeris
2451 3448 2628 3518 (Deut.
2668 3465 2779 3514 xvr,
2807 3450 2918 3509 20).
2949 3448 3102 3504 Juste
3123 3467 3253 3520 ergo
3283 3451 3490 3518 justum
3521 3471 3618 3508 ex-

2027 3537 2291 3606 sequitur,
2340 3539 2432 3606 qui
2463 3538 2729 3607 justitiam
2758 3548 2980 3609 propter
3011 3541 3177 3595 Deum
3213 3553 3451 3608 exercet,
3505 3559 3614 3600 non

2026 3633 2247 3694 pr0ptcr
2271 3625 2574 3681 avaritiam.
2597 3625 2784 3682 Omnis
2805 3629 2897 3698 qui
2922 3636 3069 3684 recte
3091 3629 3322 3698 judicat,
3348 3640 3606 3687 stateram

2030 3714 2083 3768 iu
2113 3731 2273 3770 manu
2305 3725 2512 3786 gestat;
2548 3717 2603 3774 in
2635 3726 2864 3789 utroque
2883 3735 3052 3789 penso
3073 3719 3344 3789 justitiam
3377 3732 3434 3778 et
3459 3723 3619 3780 misc-

2030 3807 2321 3863 ricordiam
2361 3819 2544 3879 portat
2570 3829 2582 3864 :
2611 3811 2702 3866 sed
2724 3827 2822 3881 per
2849 3812 3114 3889 justitiam
3163 3817 3363 3885 promit
3405 3817 3616 3884 peccati

2031 3902 2379 3966 sententiam,
2424 3911 2480 3958 et
2505 3919 2602 3972 per
2643 3905 3068 3960 misericordiam
3114 3907 3324 3974 peccati
3354 3916 3620 3976 temperat

2032 4001 2249 4058 pmuam
2279 4006 2292 4053 ;
2328 3999 2390 4043 ut
2409 3990 2556 4060 justo
2579 3991 2867 4048 llbramlne
2889 3995 3132 4062 quaedam
3179 4010 3277 4062 per
3300 3996 3612 4064 aequitatem

2033 4077 2284 4146 corrigat.
2308 4079 2554 4148 quaedam
2582 4095 2712 4134 vero
2743 4095 2841 4148 per
2879 4081 3284 4138 miserationem
3319 4082 3617 4155 indulgeat.

2609 4192 2837 4247 CAPUT
2875 4193 3062 4248 XXIX.

2198 4276 2281 4333 Ne
2316 4290 2512 4334 statera
2538 4281 2723 4335 dolosa
2757 4283 3056 4337 inveniatur
3079 4286 3133 4338 in
3165 4303 3322 4357 regno
3345 4296 3457 4343 tuo.

2112 4388 2350 4443 Prohibe
2378 4404 2531 4460 ergo,
2553 4390 2852 4458 justissima
2878 4402 3040 4463 atque
3071 4397 3376 4451 rectissime
3403 4413 3514 4461 rex,
3553 4415 3622 4453 ne

1962 4453 2016 4514 Ῑ)
2043 4485 2247 4533 statera
2283 4477 2468 4533 dolosa
2509 4481 2578 4534 sit
2605 4479 2658 4533 in
2689 4497 2856 4549 regno
2889 4453 3000 4538 tuo.
3046 4484 3182 4538 Audi
3206 4487 3332 4554 quid
3365 4453 3626 4542 Dominus

2037 4567 2236 4638 populo
2275 4568 2435 4624 lsrael
2466 4571 2713 4638 prohibet
2743 4572 2928 4626 dicens
2963 4591 2976 4626 :
3009 4574 3133 4628 Non
3175 4575 3384 4630 habebis
3409 4577 3464 4630 in
3503 4593 3624 4630 suc-

2041 4657 2158 4711 culo
2207 4657 2412 4712 diversa
2448 4659 2698 4727 pondera,
2741 4660 2917 4730 majus
2964 4672 3011 4714 et
3053 4664 3263 4728 minus;
3307 4681 3400 4718 nec
3437 4665 3534 4718 erit
3570 4665 3625 4722 in

2042 4748 2200 4801 domo
2241 4758 2334 4801 tua
2376 4749 2583 4802 modius
2632 4751 2808 4821 major
2835 4760 2883 4805 et
2910 4753 3124 4818 minor;
3163 4754 3366 4824 pondus
3412 4756 3629 4816 habebis

2035 4838 2246 4908 justum
2268 4849 2314 4892 et
2337 4855 2534 4903 verum,
2557 4850 2604 4893 et
2635 4842 2840 4895 modius
2870 4843 3088 4913 (rqualis
3109 4854 3155 4898 et
3196 4862 3345 4901 verus
3374 4849 3470 4901 erit
3495 4847 3587 4901 tibi
3609 4863 3629 4908 ε

2047 4940 2104 4983 ut
2149 4931 2313 4982 multo
2337 4939 2567 4999 tempore
2598 4932 2740 4984 vivas
2771 4949 2927 5003 super
2955 4945 3168 4999 terram,
3189 4953 3345 5006 quam
3373 4937 3631 4991 Dominus

2049 5019 2190 5074 Deus
2229 5031 2351 5074 tuus
2393 5019 2593 5074 dederit
2645 5022 2759 5076 tibi.
2801 5023 3148 5078 Abominatur
3186 5027 3322 5079 enim
3375 5025 3638 5086 Dominus-

2057 5109 2198 5165 Deus
2215 5119 2336 5162 tuus
2361 5125 2478 5163 eum
2517 5110 2605 5178 qui
2634 5111 2761 5178 facit
2795 5111 2907 5164 hac
2943 5112 3119 5184 (Deut.
3166 5131 3292 5181 xxv,
3336 5113 3446 5185 15).
3488 5113 3634 5171 Salo-

2056 5217 2181 5257 mon
2211 5215 2424 5269 quoque
2449 5200 2526 5254 ait
2550 5217 2563 5252 :
2593 5201 2926 5256 Abominatio
2948 5214 3023 5261 est
3048 5206 3188 5274 apud
3204 5206 3484 5265 Dominum
3498 5219 3630 5272 pan:

2054 5293 2154 5348 dus
2180 5303 2231 5347 et
2259 5293 2506 5360 pondus:
2531 5301 2726 5347 statera
2771 5294 2954 5349 dolosa
2999 5313 3100 5352 non
3145 5308 3218 5351 est
3271 5299 3405 5350 bona
3448 5294 3628 5365 (Prov.

2061 5399 2154 5447 xx,
2185 5382 2300 5451 25).
2333 5381 2465 5436 item
2495 5381 2609 5454 ipse
2639 5401 2653 5436 :
2692 5382 2902 5438 Statera
2959 5386 3140 5439 dolosa
3198 5385 3516 5436 abominatio
3561 5393 3635 5442 est

2060 5472 2202 5542 apud
2265 5471 2569 5536 Dominum,
2629 5482 2676 5526 et
2732 5475 2935 5544 pondus
2987 5489 3193 5544 (equum
3249 5472 3487 5526 voluntas
3525 5473 3636 5544 ejus

2061 5560 2247 5632 (Prov.
2289 5577 2370 5625 XI,
2435 5561 2510 5632 1).
2542 5561 2679 5618 Vere
2705 5564 2851 5617 enim
2879 5563 3096 5632 grandis
3119 5569 3203 5614 est
3229 5560 3490 5630 pravitas,
3514 5578 3640 5633 pro.

2058 5661 2182 5722 pter
2204 5662 2416 5708 terrena
2451 5653 2748 5710 commoda
2777 5653 2986 5708 Domini
3011 5642 3259 5708 deserere
3281 5651 3504 5722 judicia.
3545 5653 3649 5710 Bu-
