3968 6204
418 305 528 363 ἳϐτ

1729 301 2079 370 SMARAGDI
2119 301 2408 358 ABBATlS

3565 308 3662 364 953

425 419 511 473 lus
535 416 682 472 enim
713 413 954 469 occultus
981 419 1036 466 et
1077 408 1401 466 diabolicum
1445 425 1607 480 opus,
1662 427 1758 482 pro
1783 421 2000 467 terreno
2029 415 2077 473 Α
2101 413 2194 467 stis
2221 423 2430 483 pactum
2455 412 2510 466 in
2532 421 2804 480 conspectu
2838 429 2973 476 meo,
2999 414 3051 465 in
3069 412 3226 466 domo
3256 415 3308 468 in
3329 431 3433 480 qua
3465 415 3665 473 invoca-

425 508 578 564 lucro
598 503 806 573 justum
831 513 886 557 et
909 501 1154 571 legalitcr
1181 501 1450 554 sancitum
1480 499 1850 556 fraudulenter
1879 517 1999 554 mu-

383 607 542 652 ‘tare
581 596 837 656 modium,
902 600 998 645 aut
1053 590 1315 645 divinitus
1376 591 1621 646 instituta
1666 599 2001 647 commutare

424 686 658 757 pondera
685 685 736 738 in
767 683 1080 752 deceptione
1103 681 1364 736 fraterna.
1385 681 1432 736 Α
1454 682 1680 738 Domino
1707 683 1853 737 enim
1894 690 2001 736 tra-

423 783 612 845 ditnm,
655 781 723 834 ab
772 779 970 846 illoque
1016 776 1247 832 ﬁdeliter
1301 776 1683 830 conﬁrmatum
1734 783 1998 840 tenemus,

422 873 546 941 quia
570 872 626 925 in
651 869 937 924 dilectione
965 868 1057 923 Dei
1102 876 1150 922 et
1178 869 1412 936 proximi
1442 876 1551 921 tota
1591 867 1674 922 lex
1723 868 1922 936 pendet
1948 875 2001 922 et

423 961 695 1031 propheta:
725 959 938 1031 (Matth.
981 975 1113 1021 χχιι,
1145 958 1259 1028 40).
1286 958 1426 1028 Ergo
1445 959 1535 1027 qui
1561 959 1746 1012 dolosa
1773 967 2002 1022 statera,-

421 1058 518 1106 aut
539 1051 747 1104 minore
771 1051 950 1104 modio
987 1049 1330 1119 pondereque
1374 1049 1556 1102 dolose
1601 1049 1800 1116 decipit
1847 1048 2002 1100 inno-

423 1148 655 1204 centem,
707 1154 812 1195 nec
852 1140 1156 1209 proximum
1195 1139 1391 1209 diligit,
1431 1153 1590 1207 quem
1630 1138 2002 1206 fraudulenter

417 1229 749 1299 supplantat,
796 1245 896 1283 nec
928 1229 1116 1293 Deum,
1147 1229 1300 1297 cujus
1329 1229 1475 1298 leges
1501 1243 1566 1282 ac
1607 1236 1878 1296 praecepta
1905 1228 2000 1282 de-

421 1317 656 1388 Spiciens
698 1317 886 1373 calcat.
937 1318 1002 1371 Et
1031 1318 1082 1371 in
1107 1318 1209 1372 hoc
1243 1318 1582 1372 convincitur
1611 1317 1739 1386 quia
1759 1317 1903 1386 leges
1945 1324 2001 1370 et

423 1409 713 1478 prophetas
735 1424 765 1463 a
788 1425 846 1464 se
881 1410 1235 1464 inobediendo
1272 1409 1457 1478 procul
1494 1409 1728 1478 expellit,
1772 1411 1864 1480 qui
1914 1411 1993 1466 in-

344 1543 350 1549 .
422 1500 722 1556 obediendo
755 1507 1022 1568 prmcepta
1055 1500 1266 1554 Domini
1289 1516 1396 1555 non
1424 1501 1678 1556 custodit.

993 1611 1220 1667 CAPUT
1259 1611 1430 1665 XXX.

740 1681 1130 1736 Prohibendam
1169 1698 1232 1734 ne
1263 1683 1534 1751 captivitas
1559 1681 1673 1750 fiat.

2105 512 2215 557 tum
2246 514 2320 556 est
2363 517 2545 556 nomen
2578 518 2747 555 meum
2777 519 2932 571 super
2973 519 3108 556 eam.
3140 502 3206 555 Et
3240 508 3426 557 reversi
3453 507 3598 570 estis,
3618 517 3664 562 et

2105 592 2522 648 commaculastis
2555 593 2745 646 nomen
2786 609 2956 646 meum
2980 607 2998 644 :
3019 603 3066 646 et
3096 593 3376 647 reduxistis
3401 599 3666 667 unusquis-

2102 700 2202 756 que
2242 699 2446 738 servum
2486 699 2673 748 suum,
2709 691 2758 736 et
2801 682 3151 752 unusquisque
3189 684 3440 738 ancillam
3483 704 3660 754 suum,

2101 774 2572 846 quosdimiseratis
2594 783 2646 825 ut
2671 783 2836 826 essent
2865 771 3012 826 liberi
3043 782 3091 826 et
3129 789 3242 828 sure
3275 779 3544 843 potestatis
3573 793 3590 830 :
3619 791 3661 834 et

2102 867 2421 936 subjugastis
2449 881 2558 927 eos.
2603 873 2660 916 ut
2699 863 2801 916 sint
2834 862 2971 916 vobis
2995 865 3129 916 servi
3169 873 3216 916 et
3257 865 3484 918 ancillte.
3530 860 3658 922 Pro.

2101 967 2276 1027 pterea
2305 957 2416 1010 lta'c
2456 956 2580 1008 dicit
2621 954 2875 1008 Dominus
2897 968 2915 1005 :
2948 953 3048 1008 Vos
3075 971 3179 1009 non
3218 957 3440 1011 audistis
3477 975 3579 1025 me,
3613 973 3660 1014 ut

2101 1045 2454 1115 pradicaretis
2497 1043 2786 1097 libertatem
2832 1045 3182 1114 unusquisque
3222 1045 3382 1114 fratri
3433 1063 3527 1100 sua
3553 1089 3568 1112 ,
3618 1062 3658 1104 et

2101 1135 2452 1205 unusquisque
2472 1134 2638 1187 amico
2665 1149 2762 1187 suo
2785 1149 2804 1186 :
2832 1149 2947 1188 ecce
2974 1151 3067 1203 ego
3101 1135 3328 1203 prwdico
3356 1136 3496 1191 vobis
3519 1136 3662 1191 libet-

2101 1235 2282 1289 tatem,
2313 1226 2386 1278 ait
2415 1223 2691 1286 Dominus,
2718 1224 2787 1276 ad
2806 1222 3060 1293 gladium,
3087 1225 3156 1278 ad
3188 1236 3403 1295 pestem,
3425 1236 3475 1280 et
3501 1229 3572 1281 ad
3593 1229 3662 1296 fac

2100 1330 2237 1367 mem
2264 1327 2283 1366 :
2309 1323 2356 1368 et
2402 1314 2538 1366 dabo
2585 1329 2670 1366 vos
2716 1313 2771 1368 in
2813 1315 3205 1369 commotionem
3250 1316 3450 1370 cunctis
3496 1320 3660 1388 regnis

2101 1399 2254 1457 terra:
2283 1402 2416 1473 (Jer.
2450 1402 2643 1468 ntwa,
2677 1402 2784 1475 l3).

2172 1493 2311 1548 Vere
2334 1493 2553 1548 obedire
2585 1493 2745 1548 debet
2779 1493 2938 1548 homo
2966 1494 3100 1560 Deo,
3123 1502 3180 1549 et
3211 1492 3327 1562 ejus
3364 1497 3657 1566 praeceptis,

2101 1582 2155 1637 in
2188 1592 2450 1652 quantum
2494 1582 2583 1636 ille
2609 1583 3015 1652 possibilitatem
3060 1584 3288 1649 dederit,
3315 1584 3552 1640 obedire.
3600 1586 3661 1640 Et

2101 1673 2242 1726 inter
2264 1672 2371 1726 alia
2395 1680 2659 1741 praecepta
2683 1672 2962 1737 salutaria,
2985 1681 3042 1726 et
3065 1687 3228 1742 opera
3253 1681 3418 1739 recta,
3448 1683 3658 1744 propter

495 1772 729 1828 Prohibe
752 1786 904 1840 ergo,
939 1771 1357 1826 clementissime
1383 1786 1496 1835 rex,
1534 1786 1599 1824 ne
1629 1771 1682 1825 in
1713 1785 1877 1841 regno
1907 1781 1990 1825 tuo

2100 1760 2321 1814 nimiam
2351 1760 2496 1814 illius
2540 1761 2858 1815 charitatem
2891 1761 3260 1830 unusquisque
3284 1761 3482 1817 liberos
3509 1762 3658 1816 debet

423 1865 710 1935 captivitas
741 1864 850 1917 ﬁat.
900 1864 1028 1918 Esto
1071 1863 1413 1917 ﬁdelissimus
1464 1862 1607 1916 illius
1638 1862 1814 1918 Patris
1857 1862 1999 1918 ﬁlius

422 1956 490 2010 ad
515 1972 675 2026 quem
703 1953 939 2024 quotidie
966 1953 1168 2009 clamas
1191 1969 1315 2007 cum
1341 1953 1555 2008 exteris
1582 1952 1871 2009 fratribus:
1891 1949 1999 2006 Pa-

425 2053 505 2095 ter
526 2054 720 2105 noster,
743 2043 833 2112 qui
854 2058 906 2096 es
935 2041 988 2094 in
1018 2042 1156 2095 cwlis
1184 2041 1396 2113 (Matth.
1423 2057 1497 2106 v1,
1521 2041 1596 2110 9).
1621 2041 1891 2110 Quidquid
1911 2040 2000 2095 il'le

423 2147 613 2186 amans
654 2131 848 2203 diligit,
893 2140 947 2186 et
991 2141 1044 2185 tu
1094 2131 1298 2200 dilige:
1334 2131 1593 2200 quidquid
1638 2131 1862 2184 audiens
1913 2131 1999 2186 ille

424 2225 693 2294 prohibet,
723 2233 778 2279 et
801 2234 858 2278 tu
883 2224 1126 2293 prohibe.
1170 2223 1387 2278 Imitare
1415 2222 1562 2276 illum
1601 2221 1845 2285 ﬁdeliter,
1875 2237 1998 2276 cum

423 2329 532 2383 quo
578 2329 764 2384 speras
806 2329 1036 2385 regnare
1078 2314 1406 2383 perenniter.
1469 2312 1586 2383 Ipse
1635 2313 1780 2367 enim
1831 2310 1998 2383 Moysi

425 2407 743 2476 prmcipiens
789 2406 904 2461 ait:
948 2405 1009 2461 Si
1056 2405 1401 2475 deprehensus
1432 2406 1592 2474 fuerit
1622 2405 1774 2459 homo
1808 2405 2000 2460 sollici-

421 2505 540 2548 tans
565 2495 781 2564 fratrem
809 2511 960 2547 suum
992 2495 1056 2547 de
1079 2493 1206 2562 [iliis
1234 2492 1422 2557 Israel,
1454 2504 1501 2547 et
1531 2493 1734 2548 vendito
1759 2511 1819 2548 eo
1846 2509 1997 2547 acce-

422 2587 554 2656 perit
573 2585 822 2656 pretium,
865 2585 1226 2653 interﬁcietur,
1253 2595 1302 2638 et
1327 2584 1531 2654 auferes
1570 2583 1764 2638 malum
1793 2583 1856 2638 de
1885 2600 1994 2639 me-

421 2677 508 2730 dio
537 2677 614 2730 tui
642 2676 821 2748 (Deut.
865 2692 977 2741 xxv,
1007 2677 1115 2747 17).
1163 2675 1278 2745 Ipse
1298 2687 1509 2745 quoque
1533 2689 1633 2745 per
1674 2675 1840 2729 Amos
1871 2690 1999 2746 ιιι-οε

423 2765 642 2833 phetam
692 2764 890 2819 clamat
943 2773 998 2819 et
1045 2765 1176 2819 dicit
1218 2782 1231 2818 :
1267 2764 1438 2835 Super
1495 2765 1660 2819 tribus
1718 2764 1995 2819 sceleribus

425 2852 606 2920 Ceste,
635 2865 682 2910 et
711 2871 868 2926 super
888 2865 1114 2927 quatuor
1145 2872 1247 2910 non
1277 2865 1570 2909 convertam
1596 2873 1711 2910 eam
1738 2873 1756 2910 :
1777 2874 1836 2911 eo
1856 2857 1995 2928 quod

423 2944 781 2998 transtulerint
819 2945 1164 3015 captivitatem
1201 2947 1504 3015 perfectam;
1536 2956 1590 3000 ut
1629 2947 1995 3003 concluderent

420 3049 534 3086 eam
582 3035 636 3086 in
683 3033 944 3088 Idumam.
990 3035 1119 3089 [tem
1162 3035 1234 3089 ibi
1261 3043 1285 3088 ':
1312 3035 1482 3106 Super
1509 3036 1674 3090 tribus
1715 3037 1994 3093 sceleribus

2099 1851 2372 1906 dimittere
2410 1866 2615 1912 servos.
2652 1851 2999 1906 considerans
3025 1853 3152 1921 quia
3193 1868 3302 1907 non
3332 1853 3404 1906 illi
3441 1869 3531 1908 eos
3566 1869 3655 1908 ua-

2098 1945 2218 1992 tura
2249 1939 2480 2010 subegit,
2521 1939 2616 1994 sed
2651 1939 2842 2009 culpa;
2873 1941 3184 1996 conditione
3207 1941 3353 1996 enim
3389 1941 3652 2011 aequaliter

2098 2027 2267 2082 creati
2310 2044 2515 2094 sumus,
2545 2029 2639 2084 sed
2665 2029 2784 2084 aliis
2821 2029 2911 2084 alii
2941 2031 3097 2100 culpa
3139 2032 3370 2086 subacti.
3411 2031 3577 2086 Simul
3602 2041 3655 2088 et

2098 2117 2508 2173 considerantes
2527 2119 2652 2188 quia
2693 2120 2740 2174 si
2782 2119 3112 2186 dimiseritis,
3157 2121 3461 2176 dimittetur
3491 2122 3656 2177 vobis.

2098 2205 2232 2262 Nam
2263 2216 2319 2262 et
2359 2222 2480 2274 vos,
2515 2208 2747 2272 domine,
2785 2209 3142 2265 eonditionale
3176 2211 3429 2280 opprimit
3457 2209 3656 2282 jugum.

2098 2295 2403 2352 llonoriﬁca
2452 2312 2610 2367 ergo,
2649 2296 2948 2365 justissime
3000 2314 3064 2353 ac
3105 2299 3350 2368 piissime
3400 2317 3528 2366 rex,
3572 2318 3658 2372 pro

2096 2387 2346 2442 omnibus
2397 2387 2565 2444 Deum
2606 2397 2776 2455 tuum,
2828 2390 2977 2458 quia,
3004 2400 3066 2445 ut
3111 2392 3371 2462 scriptum
3409 2401 3516 2461 est,
3564 2393 3660 2449 Pro

2097 2478 2336 2534 omnibus
2360 2481 2722 2549 honoriﬁcavit
2754 2492 2826 2546 te,
2847 2483 2961 2538 sive
3000 2483 3054 2538 in
3087 2485 3258 2539 servis
3286 2485 3380 2538 tibi
3405 2487 3659 2551 subactis,

2097 2571 2212 2650 sive
2265 2571 2319 2625 in
2361 2572 2567 2628 divitiis
2608 2574 2703 2628 tibi
2745 2575 3034 2640 concessis,
3089 2591 3156 2630 ex
3200 2575 3305 2630 illis
3351 2576 3550 2631 liberos
3594 2577 3660 2631 fa-

2097 2663 2306 2730 ciendo,
2333 2672 2390 2719 et
2413 2679 2478 2718 ex
2512 2664 2633 2720 istis
2655 2665 3025 2737 elecmosynas
3052 2666 3355 2730 tribuendo,
3388 2669 3662 2738 praeceptis

2096 2752 2238 2808 illius
2259 2754 2480 2810 obedire
2503 2769 2609 2810 nou
2651 2769 2850 2810 cesses.
2880 2756 3012 2810 Esto
3036 2771 3332 2826 pauperum
3367 2766 3543 2828 pater,
3573 2773 3652 2828 pu-

2095 2845 2346 2915 pillorum
2386 2847 2639 2914 nutritor,
2687 2848 3047 2918 orphanorum
3097 2856 3326 2912 amator,
3366 2848 3668 2902 viduarum-

2096 2949 2204 3005 que
2244 2936 2515 3004 defensor,
2558 2939 2964 3009 peregrinorum
3007 2939 3284 3003 educator,
3323 2939 3662 3008 omniumque

2097 3029 2392 3082 secundum
2436 3027 2636 3098 regula:
2683 3029 3042 3086 ministerium
3083 3029 3334 3086 defensor
3373 3037 3432 3085 et
3463 3039 3660 3085 rector.

426 3121 574 3191 Tyri,
614 3131 661 3174 et
686 3139 842 3191 super
876 3134 1103 3192 quatuor
1137 3141 1238 3177 non
1269 3135 1561 3179 convertam
1597 3143 1734 3193 eum,
1770 3145 1829 3181 eo
1853 3129 1990 3199 quod
2019 3115 2064 3178 C
2095 3118 2246 3183 Εειον
2289 3119 2504 3178 (Πισίδιο
2543 3121 2794 3186 ἀοηὲηιθν
2847 3122 2988 3178 illius
3031 3123 3220 3193 gratia.
3248 3122 3530 3194 Ιπϐίθῐιιεν
3579 3138 3665 3179 53-

422 3210 767 3264 concluserint
819 3213 1164 3280 captivitatem
1210 3215 1490 3283 perfectam
1538 3217 1592 3270 in
1633 3217 1894 3284 Idumam,
1945 3229 1992 3275 et

425 3316 528 3352 non
557 3300 813 3353 recordati
832 3310 952 3353 sunt
974 3302 1180 3372 [sederis
1212 3303 1455 3373 fratrum.
1483 3307 1613 3362 Item
1645 3308 1757 3378 ipse
1782 3327 1794 3363 :
1825 3309 1995 3380 Su,:er

425 3387 589 3442 tribus
616 3388 892 3443 sceleribus
928 3388 1114 3455 Israel,
1151 3402 1198 3446 et
1223 3409 1379 3464 super
1399 3406 1626 3465 quatuor
1655 3415 1757 3452 non
1784 3415 1993 3452 conver-

420 3488 524 3532 tam
549 3496 666 3533 eum
689 3494 706 3531 :
735 3497 828 3551 pro
857 3498 916 3534 eo
938 3482 1076 3553 quod
1103 3485 1387 3539 vendiderit
1411 3504 1506 3557 pro
1530 3499 1742 3559 argento
1760 3491 1990 3560 justum,

421 3582 468 3625 et
489 3590 765 3644 pauperem
814 3591 906 3645 pro
935 3575 1295 3632 calceamentis
1323 3577 1499 3648 (Amos
1525 3597 1566 3646 ι,
1595 3580 1627 3634 6
1656 3592 1704 3635 et
1726 3583 1791 3647 9;
1827 3599 1884 3648 ιι,
1912 3584 1988 3655 6).

493 3662 722 3729 Utjustc
757 3673 812 3719 et
839 3677 985 3721 recte
1027 3682 1156 3736 erga
1200 3683 1386 3724 servos
1421 3681 1628 3740 agatur,
1663 3683 1718 3727 et
1749 3683 1807 3727 ut
1836 3674 1989 3730 liberi

424 3753 783 3818 dimittantur,
822 3756 985 3811 lsaias
1031 3757 1229 3812 clamat
1261 3767 1315 3813 ct
1344 3758 1514 3814 dicit:
1543 3761 1658 3815 IIoc
1701 3774 1774 3817 est
1825 3767 1991 3835 magis

415 3842 700 3912 jejunium,
731 3845 868 3916 quod
904 3845 1075 3916 elegi:
1101 3846 1323 3902 dissolve
1355 3849 1707 3919 colligationes
1756 3845 1991 3923 impieta-

373 3992 383 4004 ο
420 3932 505 3994 tis,
535 3933 672 3988 solve
698 3935 976 4003 fasciculos
1003 3936 1367 4006 deprimentes,
1395 3939 1594 3996 dimitte
1623 3959 1707 3997 eos
1735 3944 1824 4014 qui
1861 3961 1988 4000 con-

421 4020 577 4088 fracti
604 4033 747 4088 sunt,
764 4023 969 4090 liberos,
996 4036 1044 4080 et
1068 4043 1216 4081 omne
1239 4044 1369 4083 onus
1391 4031 1805 4102 disrumpeUsa.
1832 4051 1986 4102 Lvnt,

419 4110 494 4179 6).
523 4111 930 4169 Ecclesiasticus
963 4131 1174 4185 quoque
1199 4135 1210 4170 :
1242 4116 1366 4172 Non
1392 4119 1553 4173 (tedas
1596 4138 1796 4176 servum
1824 4125 1878 4176 in
1907 4142 1988 4178 ve-

421 4200 572 4254 ritate
588 4212 902 4272 Operantem,
929 4221 1089 4275 neque
1117 4209 1491 4261 mercenarium
1520 4209 1730 4264 dantem
1754 4214 1984 4269 animum

418 4305 586 4344 suam.
619 4292 809 4348 Servus
850 4306 1085 4350 sensatus
1130 4297 1196 4350 sit
1225 4298 1318 4350 tibi
1367 4297 1585 4354 dilectus
1609 4303 1760 4371 quasi
1805 4304 1984 4358 anima

418 4389 532 4446 tua,
568 4399 670 4437 non
707 4384 987 4455 defraudes
1015 4384 1164 4441 illum
1189 4387 1442 4454 libertate,
1471 4408 1632 4463 neque
1657 4394 1862 4464 inopem
1886 4397 1979 4450 de-

2095 3207 2294 3276 pientia
2309 3209 2529 3284 .pleuus,
2560 3220 2679 3267 esto
2700 3211 2984 3282 prudentia
3011 3212 3288 3282 pneditus,
3315 3222 3435 3268 esto
3461 3214 3664 3284 simpli-

2090 3299 2259 3356 citate
2298 3281 2523 3368 ditatus,
2559 3310 2677 3358 esto
2703 3281 2977 3374 patientia
3014 3281 3291 3370 fundatus,
3336 3303 3450 3361 zelo
3486 3281 3663 3360 tamen

2095 3391 2437 3447 rectitudinis
2469 3403 2702 3449 erectus.
2739 3393 3000 3451 Omnibus
3018 3404 3140 3451 esto
3159 3395 3306 3450 mitis
3329 3403 3490 3465 atque
3513 3395 3663 3465 paci-

2091 3479 2251 3546 ﬁcus,
2275 3482 2371 3537 sed
2395 3491 2572 3537 tamen
2619 3484 2734 3539 zelo
2771 3485 3106 3541 rectitudinis
3133 3500 3410 3541 accensus.
3448 3484 3506 3540 lu
3543 3501 3665 3555 pen-

2087 3570 2355 3638 quireudo
2374 3570 2641 3640 justitiam
2667 3583 2784 3630 esto
2812 3576 3074 3631 sollicitus
3103 3577 3404 3648 indagator,
3433 3577 3489 3631 in
3525 3575 3664 3645 diju-

2092 3661 2320 3718 dicando
2347 3664 2689 3720 cautissimus
2717 3675 3026 3732 exsecutor,
3055 3667 3129 3721 ita
3161 3676 3340 3722 tamen
3363 3675 3422 3722 ut
3451 3668 3662 3724 miseri-

2087 3753 2274 3807 cordia
2319 3767 2529 3824 semper
2544 3754 2749 3823 judicio
2769 3767 3131 3826 praeponatur.
3175 3757 3444 3815 Memento
3472 3761 3604 3830 quia
3630 3775 3658 3814 a

2092 3839 2319 3898 Domino
2362 3843 2783 3901 misericordiam
2823 3849 3073 3919 accipiet,
3110 3850 3201 3919 qui
3241 3847 3400 3906 fratri
3445 3850 3659 3906 miseri-

2090 3931 2327 3987 corditer
2350 3933 2654 3989 indulserit.

2159 4023 2286 4080 Haac
2314 4025 2361 4080 si
2387 4025 2670 4095 diligenter
2695 4042 2862 4096 agens
2905 4029 3230 4100 impleveris,
3260 4045 3357 4087 rex
3387 4031 3672 4091 roborsbit

2089 4114 2348 4170 Dominus
2401 4131 2625 4187 regnum
2665 4125 2834 4183 tuum,
2884 4121 3142 4175 exaltgbit
3179 4121 3394 4187 solium,
3439 4131 3494 4177 et
3539 4123 3660 4178 bra-

2088 4204 2268 4258 chium
2323 4205 2688 4274 conﬁrmabit,
2743 4211 2998 4279 quoniam
3041 4211 3196 4279 cujus
3245 4213 3358 4268 vult
3400 4213 3658 4269 Dominus

2085 4293 2396 4350 brachium-
2437 4299 2758 4365 conﬁrmat,
2816 4311 2871 4355 ct
2918 4303 2986 4357 ad
3035 4301 3338 4360 faciendam
3377 4305 3655 4360 victoriam

2088 4399 2242 4440 suum
2284 4387 2518 4456 gladium
2567 4406 2688 4444 cum
2737 4393 2938 4448 auxilio
2966 4401 3205 4463 prmstat.
3250 4393 3341 4451 Sic
3370 4396 3515 4451 enim
3563 4412 3657 4466 per

418 4471 678 4544 relinquas
706 4475 856 4530 illum
884 4477 1073 4549 (Eccli.
1097 4494 1192 4544 vn,
1225 4480 1315 4546 22,
1343 4481 1456 4553 23).
1479 4457 1609 4538 Item
1641 4457 1757 4555 ipse
1781 4504 1794 4540 :
1821 4488 1883 4543 Si
1906 4500 1980 4543 est

2094 4475 2424 4532 Ezechielem
2455 4481 2771 4550 prophetam
2821 4484 2936 4538 ait:
2967 4457 3049 4538 -Et
3089 4485 3394 4554 confortabo
3441 4457 3655 4540 brachia

415 4561 509 4616 tibi
534 4580 708 4620 servus
736 4566 928 4636 ﬁdelis,
952 4569 1019 4622 sit
1045 4568 1138 4623 tibi
1165 4572 1314 4641 quasi
1349 4572 1526 4626 anima
1556 4584 1668 4641 tua,
1694 4578 1847 4648 quasi
1872 4578 1984 4647 fra-

414 4660 545 4707 trem
568 4653 644 4710 sic
664 4671 781 4708 eum
800 4667 968 4712 tracta
1007 4658 1194 4730 (Ibid.,
1219 4677 1412 4726 uxm,
1437 4663 1551 4734 5-1).
1579 4665 1834 4723 Dominus
1857 4685 1987 4739 quo

414 4759 519 4812 quc
550 4759 648 4815 per
671 4744 959 4806 Jeremiam
1001 4752 1194 4822 populo
1219 4752 1380 4808 lsrael
1418 4757 1484 4812 de
1513 4759 1685 4814 servis
1714 4761 1818 4817 hoc
1838 4764 1984 4818 dedit

415 4845 756 4906 prteceptum.
815 4841 906 4896 Ait
952 4843 1094 4897 enim
1130 4861 1142 4897 :
1182 4843 1312 4900 IIwc
1356 4846 1482 4900 dicit
1536 4849 1794 4906 Dominus
1842 4854 1982 4910 Deus

415 4922 624 4978 Israel:
653 4925 763 4996 Ego
799 4932 1028 4999 percussi
1063 4933 1229 5002 fmdus
1259 4951 1376 4989 cum
1415 4940 1650 5007 patribus
1691 4945 1892 5010 vestris,
1923 4947 1978 5000 in

412 5015 496 5070 die
513 5031 620 5084 qua
643 5017 799 5072 eduxi
827 5038 911 5075 eos
945 5023 1011 5081 de
1045 5034 1185 5080 terra
1219 5027 1456 5097 Aigypti,
1493 5031 1557 5084 de
1578 5031 1732 5087 domo
1761 5038 1978 5091 servitu-

412 5105 479 5158 tis
507 5105 682 5159 dicens
706 5124 723 5161 :
757 5109 885 5164 Cum
911 5115 1148 5184 completi
1178 5118 1372 5186 fuerim
1401 5132 1590 5192 septem
1618 5127 1764 5191 anni,
1806 5127 1978 5183 dimit-

410 5205 487 5249 tat
526 5212 875 5268 unusquisque
901 5201 1114 5269 fratrem
1145 5225 1299 5262 suum
1329 5210 1618 5268 Hebra'um'
1633 5216 1722 5287 qui
1741 5219 1974 5272 venditus

409 5297 485 5343 est
515 5289 587 5354 ei,
621 5298 670 5343 et
693 5291 896 5345 servivit
921 5293 1020 5350 tibi
1040 5312 1131 5350 sea:
1169 5301 1318 5354 annis
1341 5315 1360 5353 .'
1389 5313 1437 5356 et
1465 5305 1691 5361 dimittes
1720 5325 1838 5362 eum
1862 5327 1895 5362 a
1927 5320 1975 5364 te

409 5379 658 5445 liberum;
684 5392 733 5437 et
763 5400 865 5438 non
889 5384 1168 5440 audierunt
1197 5399 1369 5458 patres
1397 5397 1547 5448 vestri
1572 5413 1673 5461 me,
1705 5414 1796 5452 nec
1825 5398 1978 5452 incli-

411 5481 662 5527 naverunt
691 5490 872 5529 aurem
891 5490 1061 5530 suam.
1101 5475 1169 5530 Et
1196 5483 1426 5535 conversi
1456 5484 1576 5539 estis
1601 5503 1686 5541 vos
1719 5488 1892 5554 hodie,
1926 5498 1976 5541 et

412 5559 606 5625 fecistis
625 5564 765 5633 quod
801 5577 994 5621 rectum
1019 5578 1093 5621 est
1121 5567 1176 5621 in
1206 5569 1368 5625 oculis
1397 5575 1543 5641 meis,
1585 5587 1640 5629 ut
1662 5578 1975 5647 praedicare-

413 5647 479 5701 tis
508 5648 794 5734 libertatem
834 5656 1184 5727 unusquisque
1219 5659 1290 5715 ad
1314 5662 1536 5717 clinicum
1577 5682 1748 5720 suum.
1777 5667 1845 5719 Et
1873 5667 1973 5721 ini-

2085 4569 2220 4638 regis
2256 4569 2563 4641 Babylonis,
2609 4573 2845 4645 daboque
2894 4575 3129 4645 gladium
3180 4593 3352 4631 meum
3394 4578 3453 4632 in
3493 4595 3652 4632 manu

2080 4658 2198 4728 ejus
2229 4676 2248 4714 :
2276 4670 2325 4714 et
2373 4662 2702 4733 confringam
2747 4667 2961 4720 brachia
3003 4665 3322 4732 Pharaonis,
3363 4677 3414 4720 et
3453 4673 3650 4737 gestent

2080 4753 2354 4820 gemitibus
2394 4753 2650 4824 interfecti
2687 4773 2864 4811 coram
2909 4758 3044 4826 facie
3082 4759 3216 4828 ejus,
3261 4769 3310 4813 et
3344 4759 3650 4827 confortaba

2081 4839 2294 4895 brachia
2327 4843 2459 4912 regis
2481 4843 2785 4915 Babylon's,
2825 4857 2872 4900 et
2905 4847 3116 4902 brachia
3148 4847 3446 4904 Pharaonis
3477 4851 3650 4904 conci-

2081 4932 2224 4995 dent,
2272 4941 2322 4985 et
2346 4935 2506 4988 scient
2551 4936 2674 5005 quia
2723 4953 2815 5006 ego
2849 4936 3124 5002 Dominus,
3155 4955 3273 4993 cum
3305 4940 3494 4994 dedero
3541 4941 3649 5010 σὺν

2078 5019 2224 5073 dium
2269 5037 2440 5076 meum
2466 5023 2519 5076 in
2561 5039 2719 5078 manu
2755 5027 2886 5095 regis
2929 5026 3236 5097 Babylonis,
3284 5039 3333 5082 et
3362 5031 3644 5084 attenderit

2076 5125 2194 5164 eum
2222 5127 2376 5182 super
2401 5123 2594 5169 terram
2622 5115 2838 5186 τεθειρεὶ
2868 5117 3085 5189 (ΕιιεΙι.
3123 5135 3253 5184 xxx,
3283 5121 3410 5192 24).,

2147 5219 2283 5274 Nam
2331 5221 2484 5292 cujus
2510 5225 2623 5280 vult
2669 5228 2926 5284 Dominus
2973 5231 3252 5286 brachium
3299 5233 3539 5288 debilitat
3589 5241 3645 5286 ct

2077 5307 2312 5380 frangit:
2345 5311 2458 5381 ipse
2491 5314 2634 5368 enim
2663 5323 2718 5370 et
2747 5317 2850 5372 hoc
2875 5319 2943 5372 ad
2963 5319 3310 5390 .Ezecbielem
3347 5320 3512 5375 dicit:
3534 5319 3642 5374 Fili

2075 5401 2320 5467 hominis,
2354 5403 2625 5458 brachium
2652 5403 2949 5462 Pharaonis
2982 5409 3114 5479 regis
3143 5411 3375 5481 confregi
3397 5425 3418 5463 :
3441 5421 3486 5464 et
3527 5427 3642 5464 ecce

2076 5505 2180 5541 non
2198 5500 2273 5543 est
2303 5490 2599 5546 obvolutum
2634 5503 2690 5547 ut
2719 5495 3076 5550 restitueretur
3102 5498 3151 5551 ei
3166 5499 3389 5562 sanitas,
3419 5509 3474 5552 ut
3501 5499 3640 5568 liga-

2077 5589 2218 5633 retur
2249 5583 2460 5649 pannis,
2487 5591 2533 5635 et
2568 5582 2881 5651 fasciaretur
2915 5584 3162 5650 linteolis,
3208 5598 3262 5641 ut
3311 5598 3508 5657 recepto
3549 5603 3627 5639 reo

2073 5668 2198 5722 bore
2217 5680 2386 5741 posset
2420 5680 2590 5726 tenere
2629 5657 2880 5742 gladium.
2914 5673 3198 5743 Propterea
3240 5678 3352 5730 here
3384 5677 3504 5730 dicit
3530 5673 3637 5729 Do-
