3970 6202
370 321 472 383 969

1781 323 1936 388 \‘lTA
1971 325 2204 389 REGE.-

3505 349 3609 408 970

366 441 539 497 minus
571 439 710 496 Deus
741 454 758 495 :
787 431 921 497 Ecce
941 456 1032 513 ego
1057 444 1125 498 ad
1148 434 1476 501 Pharaonem
1504 463 1668 517 regem
1694 447 1932 518 Aa‘ggpti,
1966 457 2014 514 Α
2040 447 2108 502 Ει
2136 448 2191 503 in
2228 446 2330 504 bac
2369 455 2518 504 turre
2558 448 2650 505 Ille
2680 447 3006 518 defenditur,
3033 453 3124 523 Qui
3155 455 3211 509 in
3255 457 3460 514 auxilio
3493 461 3612 532 ejus

361 542 411 586 et
445 533 798 587 comminuam
828 535 1096 588 brachium
1129 537 1244 606 ejus
1272 537 1428 606 forte,
1456 539 1547 592 sed
1575 539 1934 608 confractum;

361 626 608 695 dejiciam
631 625 898 679 brachium
927 627 991 679 de
1014 644 1170 680 manu
1196 628 1311 698 ejus
1334 642 1351 679 :
1375 638 1422 682 et
1450 629 1743 699 dispergam
1773 627 1936 699 Αἴθῃ-

360 725 507 784 ptum
535 713 591 767 in
614 713 872 784 gentibus,
897 723 946 768 et
958 713 1228 770 'bentitabo
1251 733 1336 770 eos
1357 717 1410 768 in
1439 717 1589 770 terris
1618 715 1779 787 (Ibid.
1810 718 1927 781 21).

2034 537 2311 592 conﬁdens
2336 538 2626 594 virtutibus
2664 551 2926 596 armatur.
2965 541 3155 598 Turris
3194 546 3345 601 enim
3370 548 3475 606 ista
3498 551 3612 607 vir-

2034 626 2235 684 tutibus
2273 638 2360 685 est
2400 629 2579 700 plena,
2625 629 2760 686 non
2784 631 2996 702 gladiis,
3043 643 3249 706 pugnat
3279 639 3447 695 verbo
3498 655 3609 696 non

2031 722 2240 791 praelio,
2270 738 2370 778 nec
2394 723 2637 781 localiter
2663 726 2922 792 defendit,
2945 729 3042 784 sed
3064 730 3440 790 universaliter
3474 735 3614 792 invi-

359 803 427 858 Et
467 802 521 856 in
572 800 789 858 Psalmo
845 804 1104 873 scriptum
1147 813 1231 858 est
1270 821 1283 858 :
1322 805 1562 859 Avertisti
1609 806 1935 876 adjutorium
2032 819 2120 866 eta
2137 810 2462 870 fortitudine
2480 815 2683 871 electos
2711 832 2836 873 suos
2861 820 3098 891 protegit
3125 829 3182 877 et
3213 824 3467 881 custotit.

359 892 526 963 gladii
556 892 688 962 ejus,
738 902 790 946 et
833 911 936 949 non
977 911 1032 949 es
1077 896 1126 950 ei
1171 895 1462 951 auxillatus
1495 898 1549 952 in
1586 891 1720 952 bello
1742 895 1928 970 (Psal.

372 997 638 1048 tum",
658 976 776 1050 44).

434 1074 587 1139 Quod
615 1078 793 1128 autem
816 1083 872 1130 et
891 1076 1188 1142 victoriam,
1215 1088 1502 1150 antequam
1534 1080 1646 1146 ﬁat,
1676 1081 1932 1137 Dominus

359 1162 658 1232 cognoscit,
712 1164 827 1234 ipse
865 1179 965 1234 per
1010 1167 1347 1223 Ezechielem
1394 1169 1468 1224 ait
1503 1185 1518 1224 :
1553 1170 1631 1225 Tu
1673 1188 1816 1242 ergo,
1851 1172 1932 1240 ﬁli

359 1249 606 1316 hominis,
642 1250 753 1304 [nec
781 1252 906 1306 dicit
940 1253 1191 1310 Dominus
1223 1256 1400 1311 Deus:
1430 1257 1528 1312 Dic
1563 1261 1702 1312 omni
1734 1260 1930 1315 volucri

357 1348 406 1391 et
438 1339 688 1393 universis
713 1341 894 1396 avibus
918 1332 1217 1416 cunctisque
1241 1345 1414 1402 bestiis
1447 1350 1562 1419 agri
1585 1362 1604 1400 :
1630 1347 1925 1414 Conuenite,

354 1439 647 1498 properate,
706 1435 997 1487 concurrite
1045 1437 1270 1506 undique
1304 1439 1374 1492 ad
1426 1441 1684 1495 victimam
1738 1456 1926 1509 meam,

355 1534 514 1588 quam
567 1536 662 1588 ego
715 1521 927 1576 immolo
957 1523 1118 1587 vobis,
1167 1527 1426 1582 victimam
1476 1529 1726 1599 grandem
1773 1547 1930 1600 super

355 1617 554 1662 montes
594 1607 785 1680 Israel,
811 1621 867 1665 ut
913 1614 1194 1668 comedatis
1231 1633 1440 1672 carnem
1499 1629 1545 1672 et
1578 1619 1763 1674 bibatis
1799 1637 1924 1676 san-

353 1696 596 1765 guinem;
649 1715 834 1754 carnes
882 1701 1098 1770 fortium
1156 1707 1459 1773 comedetis,
1522 1719 1572 1764 et
1621 1713 1926 1782 sanguinem

353 1784 645 1856 principum
673 1798 826 1844 terra:
849 1791 1030 1846 bibetis
1052 1804 1070 1844 τ
1095 1796 1342 1862 arietum,
1364 1808 1410 1851 et
1433 1816 1706 1870 agnorum,
1737 1812 1784 1856 et
1809 1803 1918 1857 hir-
1944 1798 1992 1857 Β

353 1892 556 1942 corum,
583 1888 953 1954 taurorumque
993 1893 1041 1938 et
1065 1885 1362 1952 altilium,et
1380 1889 1648 1960 vinguium
1670 1893 1920 1948 omnium.

353 1966 421 2020 Et
451 1972 728 2027 comedetis
755 1973 960 2052 adipem
987 1977 1042 2031 in
1076 1979 1671 2045 saturitatem,etbibetis
1710 1985 1925 2055 sangui-

353 2076 470 2113 nem
511 2061 565 2113 in
603 2061 921 2130 ebrietatem,
972 2066 1038 2120 de
1071 2069 1297 2135 victima,
1329 2087 1483 2141 quam
1509 2088 1601 2142 ego
1643 2075 1922 2131 immolabo

350 2149 527 2204 vobis:
554 2161 602 2204 et
626 2153 994 2210 saturabimini
1021 2173 1177 2227 super
1217 2175 1447 2214 mensam
1484 2177 1651 2217 meam
1691 2163 1756 2219 de
1789 2181 1920 2236 equo

348 2247 400 2290 et
425 2241 593 2309 equite
621 2241 770 2310 forti,
792 2253 840 2296 et
881 2244 946 2297 de
996 2245 1249 2302 universis
1286 2249 1410 2303 viris
1443 2249 1803 2319 bellatoribus,
1846 2255 1921 2308 ait

353 2325 610 2382 Dominus
641 2329 780 2385 Deus
810 2331 1028 2402 (Ezech.
1055 2349 1245 2404 xxxu,
1265 2334 1476 2420 17-20).

903 2461 1130 2521 CAPUT
1163 2465 1352 2523 XXXI.

657 2550 737 2606 De
759 2554 1004 2623 prcesidlo
1038 2555 1250 2612 Domini
1280 2561 1604 2631 requirendo.

423 2639 504 2697 Tu
545 2658 692 2714 ergo,
736 2645 1037 2704 clarissime
1085 2665 1203 2715 rex,
1233 2659 1294 2705 ut
1336 2653 1431 2708 tibi
1481 2654 1741 2712 Dominus
1769 2663 1826 2712 et
1861 2657 1917 2713 In

353 2729 576 2786 brachio
622 2733 1012 2805 fortitudinem,
1050 2748 1106 2794 et
1145 2741 1200 2795 in
1246 2741 1385 2799 bello
1409 2743 1689 2800 victoriam
1731 2747 1915 2814 donet,

349 2821 519 2890 ipsius
547 2837 757 2894 semper
798 2828 1019 2896 require
1054 2829 1321 2898 solatium,
1352 2844 1407 2888 et
1443 2836 1510 2890 ad
1548 2835 1664 2905 ejus
1687 2836 1917 2908 confuge

345 2911 670 2980 praesidium.
697 2912 788 2969 Sic
812 2917 955 2971 enim
981 2919 1238 2990 scriptum
1266 2931 1348 2976 est
1371 2937 1385 2976 :
1416 2923 1596 2978 Turris
1626 2926 1914 2995 fortissima

345 3003 530 3055 nbmen
557 3002 767 3058 Domini
796 3020 815 3058 :
839 3007 909 3061 ad
934 3009 1103 3078 ipsum
1146 3014 1308 3066 currit
1338 3015 1540 3084 justus,
1581 3026 1630 3071 et
1658 3018 1913 3074 exaltabi-

2575 927 2804 985 CAPUT
2842 924 3059 985 XXXII.

2636 1015 2712 1072 De
2741 1021 3000 1074 oratione.

2101 1098 2234 1159 Nam
2266 1118 2334 1166 et
2371 1107 2474 1163 hoc
2509 1108 2823 1164 intuendum
2851 1119 2953 1177 est,
2982 1113 3107 1182 quia
3149 1115 3215 1170 ad
3256 1111 3358 1171 hoc
3387 1117 3610 1175 cmleste

2028 1195 2338 1265 praesidium
2371 1212 2464 1252 rex
2513 1197 2678 1254 David
2705 1199 2910 1255 orando
2938 1203 3214 1272 pervenit;
3243 1205 3322 1260 sic
3355 1207 3499 1262 enim
3524 1207 3606 1264 ln-

2029 1284 2232 1341 choans
2256 1287 2422 1356 carpit
2451 1305 2464 1341 ε
2500 1288 2736 1353 Exaudi,
2786 1289 2941 1356 Deus,
2972 1295 3260 1348 orationem
3289 1311 3458 1351 meam
3487 1315 3606 1353 cunt

2028 1375 2312 1446 deprecor:
2337 1395 2370 1432 a
2396 1380 2578 1434 timore
2600 1381 2800 1434 inimici
2824 1383 2965 1452 eripe
2993 1385 3224 1438 animam
3247 1403 3436 1442 meam.
3470 1387 3606 1444 Pro-

2028 1469 2203 1522 texisti
2243 1484 2324 1524 nte
2360 1487 2393 1523 a
2430 1482 2679 1525 conventu
2720 1472 3146 1542 malignantium,
3194 1493 3226 1531 a
3269 1478 3606 1535 multitudine

2027 1561 2355 1629 operantium
2394 1560 2742 1630 iniquitatem,
2773 1568 2878 1615 etc.
2923 1560 3095 1631 (Psal.
3136 1579 3287 1628 Lxut,
3320 1566 3396 1638 1.)
3447 1568 3514 1622 Et
3543 1573 3602 1624 tu

2026 1663 2180 1718 ergo,
2212 1647 2520 1704 ﬁdelissime
2546 1665 2662 1716 rex,
2706 1659 2765 1704 ut
2795 1651 3006 1705 Domini
3040 1653 3216 1721 possis
3255 1657 3456 1711 auxilio
3491 1656 3602 1712 ful-

2028 1745 2114 1792 tus
2141 1745 2288 1792 tuum
2335 1735 2627 1796 defendere
2655 1757 2898 1812 regnum,
2940 1743 3055 1811 ejus
3089 1744 3293 1817 jugiter
3322 1763 3487 1805 orans
3519 1767 3584 1807 re

2025 1829 2178 1898 quire
2198 1831 2522 1900 prmsidium.
2563 1832 2734 1904 Ipsius
2759 1837 2902 1889 enim
2932 1837 3098 1892 David
3121 1841 3264 1910 regis
3292 1841 3598 1898 innumera-

2023 1919 2152 1974 bilia
2179 1922 2244 1975 de
2268 1921 2512 1978 oratione
2541 1923 2593 1977 in
2634 1924 2862 1980 Psalmis
2891 1927 3057 1981 habes
3087 1929 3351 1999 exempla.
3383 1932 3458 1985 De
3505 1930 3602 1986 Sa-

2023 2007 2234 2064 lomone
2259 2026 2471 2081 quoque
2510 2021 2564 2068 et
2603 2013 2692 2069 hic
2716 2029 2985 2084 perpauca
3011 2018 3262 2085 ponimus
3303 2021 3548 2091 exempla
3580 2040 3594 2076 :

2020 2096 2114 2152 Ait
2153 2100 2298 2154 enim
2327 2117 2340 2153 :
2367 2100 2540 2171 Longe
2587 2111 2664 2156 est
2707 2103 2965 2158 Dominus
3002 2107 3066 2159 ab
3097 2107 3307 2177 impiis;
3335 2119 3382 2163 et
3407 2112 3600 2165 oratio-

2022 2204 2112 2243 nes
2134 2189 2402 2259 iustorum
2431 2191 2678 2245 exaudiet
2707 2191 2889 2263 (Prov.
2922 2209 3015 2259 xv,
3045 2195 3159 2266 29).
3198 2195 3306 2262 Qui
3329 2211 3597 2254 conservat

2020 2277 2208 2349 legem,
2247 2280 2559 2350 multiplicat
2586 2283 2876 2336 orationem
2918 2283 3108 2355 (Eccli.
3139 2301 3303 2352 xxxv,
3345 2286 3419 2357 1).
3463 2289 3596 2344 Item

2019 2368 2135 2437 ipse
2161 2387 2173 2422 :
2203 2367 2389 2424 Oratio
2437 2371 2492 2424 in
2533 2370 2828 2426 humilitate
2863 2375 3151 2444 penetrabit
3196 2392 3353 2447 super
3395 2390 3596 2434 montes

2021 2458 2213 2530 (Ibid.,
2241 2477 2370 2516 vers.
2395 2462 2509 2532 2!).
2551 2463 2810 2518 Dominus
2847 2464 2901 2519 in
2930 2465 3220 2537 Evangelia
3249 2469 3328 2523 ait
3358 2483 3372 2522 :
3404 2469 3598 2526 Omnia

2015 2565 2338 2620 quacunque
2371 2553 2623 2620 petieritis
2650 2553 2707 2606 in
2745 2555 2983 2609 oratione
3005 2558 3293 2624 credentes,
3332 2560 3598 2630 accipietis

2019 2639 2234 2711 (Matth.
2261 2657 2375 2706 nt,
2395 2642 2510 2713 22).
2548 2642 2773 2714 Vigilate
2800 2645 3140 2715 itaque,omni
3159 2657 3388 2719 tempore
3430 2667 3594 2707 oran-

2017 2740 2112 2794 tes,
2132 2739 2188 2783 ut
2232 2731 2377 2801 digni
2420 2732 2718 2787 habeann'ni
2769 2733 2948 2805 fugere
2991 2751 3110 2806 quc
3130 2736 3312 2806 futura
3358 2749 3508 2806 sunt,
3545 2751 3596 2796 et

2017 2829 2156 2873 stare
2204 2831 2323 2875 ante
2382 2822 2552 2889 ﬁlium
2599 2822 2826 2877 hominis
2870 2822 3023 2894 (Luc.
3076 2839 3191 2890 ut,
3229 2825 3340 2895 56).
3393 2826 3595 2887 Paulus

2017 2925 2230 2982 quoque
2274 2911 2393 2966 ait:
2421 2911 2663 2966 Orationi
2707 2913 2979 2979 instantes,
3029 2926 3238 2970 orantes
3285 2919 3431 2972 omni
3463 2928 3590 2975 εστι·
3640 2985 3643 2987 ε

2015 3019 2161 3072 pore,
2207 3003 2264 3057 in
2316 3003 2505 3074 spiritu
2535 3004 2809 3075 vigilantes
2856 3006 2912 3059 in
2947 3007 3088 3060 omni
3111 3007 3372 3063 instantia
3411 3009 3590 3083 (Rom.

343 3103 432 3148 tur
457 3095 636 3167 (Prov.
687 3114 842 3165 xvut,
893 3100 1001 3169 10).
1041 3103 1183 3174 Ergo
1217 3105 1360 3161 salus
1403 3121 1506 3163 non
1557 3111 1805 3166 consistit
1855 3111 1908 3167 in

2022 3108 2112 3158 xu,
2153 3094 2258 3159 i2;
2290 3093 2484 3164 Ephes.
2515 3111 2592 3160 vi,
2622 3094 2732 3166 18).
2761 3095 2996 3151 Iacobus
3022 3106 3201 3152 autem
3238 3099 3406 3153 dicit:
3431 3099 3593 3154 Orate

344 3185 688 3242 multitudine
715 3190 914 3258 populi,
945 3207 1046 3247 nec
1074 3194 1127 3246 in
1160 3203 1432 3251 armatura
1476 3198 1778 3268 multiplici,
1811 3201 1905 3256 sed

2022 3197 2106 3248 pro
2136 3182 2350 3236 invicem
2377 3192 2435 3236 ut
2465 3182 2735 3238 salvemini
2762 3197 2782 3237 :
2814 3184 3037 3238 multum
3074 3186 3210 3241 enim
3241 3187 3376 3241 valet
3403 3188 3589 3258 depres-

343 3277 400 3331 in
430 3277 765 3336 invocatione
791 3283 1026 3338 nominis
1054 3284 1287 3342 Domini.
1322 3287 1542 3348 Stabilis
1564 3293 1706 3347 enim
1741 3301 1796 3348 et
1819 3294 1906 3349 in-

339 3380 605 3420 concussa
632 3369 793 3426 tutela
822 3381 906 3427 est
926 3373 1144 3431 cmleste
1179 3378 1519 3448 praesidium;
1553 3383 1695 3452 quod
1720 3385 1848 3454 quia
1877 3401 1909 3440 a

341 3457 560 3528 regibus
581 3459 808 3518 sollicite
830 3465 900 3518 sit
923 3470 1290 3536 quaerendum,
1322 3472 1489 3528 David
1511 3487 1610 3530 rex
1634 3483 1719 3531 est
1743 3474 1911 3531 dulci-

345 3555 428 3601 ter
452 3548 764 3617 imitandus,
791 3554 883 3624 qui
910 3557 1136 3614 Domino
1173 3558 1446 3616 humiliter
1465 3563 1769 3632 supplicans
1793 3565 1905 3618 ait:

351 3636 583 3704 Exaudi,
612 3639 770 3705 Deus,
792 3643 1202 3714 deprecationem
1230 3663 1433 3704 meam:
1458 3651 1665 3706 intende
1683 3653 1908 3707 orationi

347 3744 495 3782 mete.
526 3730 570 3784 A
600 3731 788 3799 ﬁnibus
818 3743 971 3791 terrm
999 3738 1068 3792 ad
1092 3748 1143 3793 te
1167 3738 1426 3794 clamavi:
1453 3741 1577 3795 dum
1605 3743 1910 3797 anxiaretur

341 3833 434 3869 cor
451 3833 644 3885 meum,
666 3822 721 3875 in
752 3833 898 3893 petra
929 3826 1170 3883 exaltasti
1202 3845 1304 3883 me.
1343 3830 1618 3886 Deduxisti
1648 3847 1753 3898 me,
1783 3833 1908 3902 quia

341 3908 514 3975 factus
539 3927 592 3966 es
619 3930 735 3984 spes
774 3933 887 3972 mea
909 3931 928 3970 :
948 3921 1111 3974 turris
1151 3922 1473 3990 fortitudinis
1493 3941 1526 3978 a
1553 3925 1688 3995 facie
1711 3926 1907 3980 inimici

341 3995 515 4067 (Psal.
551 4017 641 4068 ιι,
671 4003 744 4076 1).
770 4005 929 4061 Petra
953 4009 1098 4063 enim
1138 4012 1227 4066 hic
1264 4021 1318 4066 et
1346 4013 1510 4068 turris
1537 4015 1807 4070 Christum
1836 4017 1910 4070 si-

348 4088 610 4157 gniﬁcant
633 4111 646 4146 :
670 4094 722 4149 in
743 4094 845 4152 hac
865 4099 1006 4154 enim
1037 4113 1187 4170 petra
1209 4110 1355 4158 recte
1387 4119 1444 4159 se
1463 4106 1756 4162 exaltatum
1783 4122 1909 4177 pro-

344 4181 580 4247 nuntiat,
601 4183 693 4254 qui
728 4185 784 4242 in
815 4187 920 4243 ﬁde
946 4189 1086 4246 illius
1125 4207 1184 4248 se
1211 4191 1492 4250 fundatum
1533 4213 1642 4254 non
1677 4199 1902 4256 dubitat.

653 5760 940 5850 Parant”
968 5756 1094 5854 CII!

2014 3273 2152 3326 catio
2173 3271 2311 3342 justi
2351 3273 2568 3327 assidua
2598 3273 2739 3345 (Jac.
2767 3288 2822 3339 v,
2865 3273 2974 3346 16).
3000 3275 3136 3330 Nam
3164 3285 3220 3331 et
3247 3291 3348 3333 nos
3374 3291 3592 3333 oramus

2015 3374 2230 3430 semper
2257 3375 2380 3414 cum
2410 3361 2666 3429 Apostolo
2692 3377 2792 3430 pro
2826 3363 2998 3428 vobis,
3029 3373 3088 3418 ut
3109 3365 3359 3433 dignetur
3383 3380 3480 3421 vos
3501 3381 3593 3421 vo-

2015 3449 2230 3503 catione
2263 3463 2359 3502 sua
2389 3449 2552 3514 Deus,
2577 3458 2634 3503 et
2658 3451 2878 3520 impleat
2899 3467 3112 3506 omnem
3135 3454 3467 3509 voluntatem
3493 3457 3596 3512 bo-

2017 3539 2226 3604 nitatis,
2253 3547 2308 3596 et
2347 3555 2483 3609 Opus
2520 3540 2642 3594 ﬁdei
2690 3541 2746 3595 in
2789 3542 3010 3608 virtute,
3048 3551 3107 3596 ut
3137 3543 3466 3599 clariﬁcetur
3493 3560 3594 3600 no-

2014 3644 2138 3684 men
2166 3629 2377 3684 Domini
2414 3631 2580 3686 nostri
2614 3630 2742 3687 Iesu
2769 3631 2970 3687 Christi
3015 3632 3071 3687 in
3100 3634 3272 3699 vobis,
3304 3643 3362 3689 et
3401 3648 3499 3690 vos
3531 3635 3589 3691 in

2009 3719 2121 3782 illo,
2163 3719 2458 3775 secundum
2490 3720 2717 3791 gratiam
2757 3720 2853 3776 Dei
2889 3721 3060 3776 nostri
3109 3731 3164 3776 et
3200 3722 3412 3778 Domini
3451 3720 3586 3780 lese

2007 3809 2230 3866 Christi.
2269 3809 2592 3880 Conﬁdimus
2630 3822 2806 3867 autem
2833 3815 2898 3868 de
2926 3815 3066 3870 vobis
3113 3817 3171 3870 in
3194 3815 3420 3871 Domino
3452 3832 3590 3888 quo-

2012 3902 2154 3955 niam
2191 3918 2309 3972 qua:
2339 3891 2692 3974 pratcipim'us,
2735 3913 2783 3958 et
2811 3904 3006 3974 facitis,
3047 3915 3096 3960 et
3132 3907 3356 3976 facietis.
3405 3905 3590 3961 Doms"-

2014 4010 2112 4047 nus
2134 4003 2308 4048 autem
2335 3993 2532 4063 dirigat
2571 3994 2732 4050 corda
2778 4003 2945 4051 vestra
2973 3997 3028 4051 in
3075 3998 3331 4052 charitate
3377 3996 3496 4065 Dei,
3535 4008 3586 4053 et

2011 4086 2262 4154 patientia
2291 4083 2486 4140 Christi
2514 4085 2587 4157 (Il
2607 4087 2781 4144 Thess.
2806 4089 2960 4158 111,4,
2971 4086 3050 4157 5).
3075 4089 3274 4146 Amen.

2011 4197 2239 4268 Explicit
2261 4197 2390 4256 liber
2405 4197 2684 4272 Smaragdi
2706 4201 2928 4269 abbatis,
2951 4203 3040 4274 qui
3058 4201 3251 4258 dicitur
3267 4199 3368 4258 Yts
3386 4197 3582 4258 Recta.

2183 4848 2196 4855 ο
2202 4845 2260 4855 -..⁵,
2269 4846 2376 4862 ac“

3165 5765 3239 5825 3t
