3970 6202
279 361 288 366 “
334 343 439 411 ΜΞ

1430 351 1608 405 acra
1650 343 2100 407 εοιιιΑτιΟΝις
2144 337 2470 407 assumi.

3471 337 3572 410 CH

336 488 444 528 non
470 470 594 524 licet
620 483 723 522 non
750 466 988 522 credere.
1021 463 1263 532 quisquis
1295 463 1362 517 ad
1407 465 1508 518 hoc
1533 464 1676 518 valet
1696 464 1903 528 pertin-
1926 468 1979 526 Α
2004 464 2088 518 dis
2116 466 2387 535 mysteriis
2413 469 2614 519 leniore
2657 463 2955 534 loquantur,
3001 461 3160 518 deinr
3201 453 3571 539 considerandi
3595 499 3609 514 -

337 578 484 636 gere.
509 573 583 600 -—-'
607 558 777 613 Μιεει.
807 555 1056 625 Nunquid
1084 571 1190 609 non
1217 557 1353 610 bene
1392 557 1532 610 idem
1561 563 1686 610 tunc
1724 564 1906 611 aucto-

336 669 425 708 res
469 650 746 712 fecissem,
779 647 829 703 si
856 656 1090 716 quatuor
1122 653 1334 700 tantum.
1361 646 1603 702 addendo
1629 648 1861 717 syllabas
1887 673 1904 713 ς

339 754 446 796 tam
475 739 938 812 pernecessarium
965 737 1086 791 fidei
1117 745 1512 791 sacramentum
1538 738 1906 792 cunctisdein-

336 845 463 896 ceps
495 825 1061 894 sacculisperspicuum
1086 824 1440 878 redderetur?
1473 855 1540 862 ——
1573 824 1732 878 Pam.
1754 825 1907 880 Sicut

336 935 446 974 non
495 918 668 971 audeo
713 915 892 968 dicere
941 928 1044 966 non
1091 913 1224 966 bene
1263 911 1474 974 fecisse,
1522 913 1566 966 si
1607 914 1902 978 fecissent,

337 1011 462 1078 quia
494 1006 680 1077 procul
715 1005 876 1059 dubio
902 1004 1040 1057 sicut
1067 1011 1258 1057 caetera
1287 1019 1406 1073 quae
1436 1004 1516 1057 vel
1563 1005 1862 1060 omiserunt
1887 1046 1902 1071 ,

336 1103 571 1156 scientes
617 1101 823 1167 utique,
859 1107 914 1151 et
959 1113 1064 1150 non
1097 1106 1204 1150 tam
1246 1098 1478 1150 humana
1516 1113 1674 1166 quam
1726 1099 1904 1153 divina

337 1193 620 1246 illuminati
655 1191 914 1260 sapientia
951 1189 1212 1254 fecerunt,
1252 1191 1325 1243 ita
1355 1206 1566 1259 quoque
1590 1208 1696 1245 non
1734 1193 1904 1247 audeo

336 1282 516 1334 dicere
542 1281 680 1334 istud
727 1295 819 1333 eos
851 1279 1004 1332 nobis
1045 1279 1222 1332 minus
1271 1279 1629 1345 intellexisse;
1678 1296 1906 1349 perpen-

334 1372 480 1424 disse
503 1385 601 1424 cur
625 1369 965 1432 dimiserunt,
990 1368 1072 1420 vel
1101 1383 1197 1421 cur
1211 1368 1510 1431 dimissum,
1537 1385 1605 1422 ne
1629 1369 1765 1421 ultra
1788 1370 1906 1422 mit-

337 1469 562 1525 teretur,
589 1460 728 1514 sicut
754 1469 809 1514 et
828 1468 1020 1513 etetera
1049 1460 1389 1527 prohibuere.
1421 1460 1497 1513 Tu
1529 1469 1582 1514 et
1619 1462 1695 1514 tui
1727 1461 1904 1515 videte

333 1551 462 1620 quid
499 1553 743 1606 sentiatis
793 1552 857 1605 de
893 1551 1064 1605 vobis.
1117 1550 1247 1604 Nam
1288 1560 1342 1605 et
1391 1568 1489 1622 ego
1533 1567 1616 1606 me
1644 1552 1751 1607 illis
1795 1571 1903 1608 non

333 1645 455 1698 dico
479 1644 785 1712 praeferam,
811 1627 904 1697 sed
951 1643 1113 1697 ctia'm
1167 1643 1294 1698 illud
1344 1645 1485 1698 absit
1526 1645 1656 1698 mihi
1705 1655 1761 1698 ut
1813 1661 1905 1700 co-

332 1749 548 1802 :eqnare
575 1750 991 1802 praesumam.—-
1005 1733 1169 1789 MISSI.
1188 1733 1342 1788 Absit
1369 1735 1552 1800 etiam,
1582 1737 1764 1801 Pater,
1793 1738 1903 1793 Deo

333 1835 522 1878 nostro
549 1832 877 1893 protegente,-
908 1824 1036 1878 illud
1073 1840 1103 1877 a
1134 1824 1308 1887 nobis,
1358 1833 1418 1878 ut
1463 1841 1559 1879 nos
1606 1827 1897 1895 quidquam

334 1915 525 1968 horum
553 1915 850 1984 cogitemus
875 1915 960 1968 vel
985 1915 1247 1979 dicamus,
1275 1915 1356 1968 vel
1393 1915 1643 1984 superbia
1691 1915 1857 1970 inflati
1884 1957 1898 1982 ,

332 2005 416 2059 vel
444 2005 497 2059 in
527 2005 722 2058 divinis
746 2007 902 2059 rebus
931 2006 1178 2059 humanae
1214 2004 1384 2059 laudis
1411 2005 1659 2072 cupidine
1703 2019 1898 2074 provo-
1935 2041 1937 2044 ς

333 2095 461 2158 cati,
489 2109 553 2149 ac
579 2094 621 2149 si
659 2101 871 2148 nosmet
898 2094 1002 2147 illis
1030 2110 1135 2148 non
1166 2101 1376 2147 tantum
1403 2095 1679 2163 przeferre,
1713 2108 1899 2148 verum

333 2187 501 2239 etiam
529 2199 810 2254 cmequare
846 2193 1272 2254 praesumamus:
1304 2186 1399 2239 sed
1448 2193 1656 2239 tantum
1710 2198 1900 2239 secun-

333 2278 460 2332 dum
490 2275 647 2344 hujus
677 2276 1008 2346 temporibus
1045 2275 1449 2344 qualitatem,ct
1474 2276 1897 2330 imbecillitatem

332 2367 564 2422 fratrum
624 2377 932 2422 nostrorum
979 2367 1246 2421 charitate
1299 2367 1721 2436 compa'tientes,
1769 2366 1898 2420 illud

332 2459 643 2528 querimus,
674 2458 727 2511 in
757 2473 821 2512 eo
847 2456 1412 2526 laboramus,ut,quia
1445 2457 1566 2511 finis
1592 2457 1775 2510 mundi
1807 2473 1900 2526 ap-

331 2548 677 2617 propinquat,
702 2547 757 2600 in
781 2561 886 2614 quo
909 2547 1046 2601 sicut
1078 2547 1335 2615 praedicta
1381 2554 1506 2600 sunt
1536 2556 1777 2615 tempora
1806 2560 1902 2615 pe-'

334 2632 592 2703 riculosa',
617 2638 779 2692 etiam
812 2636 933 2691 ideo
958 2637 1098 2691 inter
1131 2647 1326 2692 cmtera
1359 2637 1594 2690 maxime
1642 2635 1898 2690 fratribus

333 2730 537 2783 nostris
564 2727 819 2798 prodesse
848 2727 1143 2782 valeamus.
1167 2727 1284 2794 Quo
1308 2742 1438 2798 ergo
1480 2726 1666 2782 fideles
1700 2727 1752 2780 in
1793 2727 1898 2780 Do—

334 2822 485 2875 mino
505 2820 561 2874 in
588 2827 924 2874 sacramento
963 2819 1086 2873 fidei
1116 2819 1340 2874 reddere
1376 2820 1688 2873 studeamns
1715 2826 1768 2873 et
1819 2819 1898 2873 id-

333 2912 479 2965 circo
503 2911 629 2980 quia
657 2909 939 2980 praefatum
952 2909 1295 2980 symboluma'
1325 2910 1644 2980 quibusdam
1668 2910 1742 2962 ita
1771 2925 1896 2963 can-

334 3003 439 3055 tari
470 3003 788 3072 repe'rimus,
815 3010 870 3056 et
893 3001 1034 3070 quod
1063 3002 1114 3055 id
1144 3000 1489 3056 eclesiastica:
1511 3015 1808 3070 congruere
1834 2997 1897 3054 iis

332 3095 438 3154 dei,
465 3093 905 3157 sicutsentimus,
941 3102 1101 3162 atque
1133 3102 1230 3162 per
1263 3093 1367 3146 hoc
1395 3100 1450 3146 et
1475 3108 1618 3146 nunc
1643 3091 1758 3160 jam
1783 3092 1897 3162 pln-'

332 3187 502 3240 rimas
537 3185 742 3253 doctos,
765 3193 820 3240 et
844 3187 960 3240 sine
988 3184 1093 3239 fine
1129 3199 1299 3252 usque
1323 3184 1376 3238 in
1416 3183 1577 3238 ﬁnem
1607 3185 1788 3238 szecnli
1831 3185 1896 3239 de

331 3279 491 3331 tanto
513 3277 789 3347 mysterio,
820 3278 864 3331 si
891 3277 965 3332 ita
994 3284 1259 3341 teneatur,
1285 3276 1630 3330 instruendus
1659 3291 1781 3331 esse
1803 3291 1896 3331 co-

331 3366 636 3437 gnovimus,
663 3367 753 3435 qui
777 3381 1113 3436 nequaquam
1161 3366 1538 3429 instrueretur,
1570 3366 1673 3419 nisi
1714 3375 1896 3418 canta-

330 3454 520 3510 retur:
554 3455 742 3510 melius
763 3456 916 3509 nobis
955 3456 1128 3509 visum
1159 3454 1259 3508 fuit
1301 3455 1568 3508 cantando
1596 3449 1772 3507 tantes
1814 3454 1897 3506 in;

331 3555 563 3610 struere,
595 3559 752 3613 quam
777 3546 1002 3600 tacendo
1032 3543 1275 3598 indoctos
1301 3544 1625 3612 relinquere.
1669 3542 1726 3596 Si
1752 3543 1896 3596 enim

332 3637 498 3691 sciret
532 3637 826 3705 paternitas
866 3646 975 3701 tua,
1017 3645 1217 3704 quanta
1261 3645 1384 3689 sunt
1435 3636 1594 3689 hodie
1633 3635 1798 3688 millia
1845 3635 1904 3689 id'

333 3727 616 3780 scientium
641 3727 769 3794 quia
800 3733 1069 3788 cantatur,
1087 3725 1174 3795 qui
1200 3740 1475 3792 nunquam
1500 3725 1691 3780 scituri
1713 3733 1897 3779 essent

329 3816 436 3869 nisi
465 3823 793 3878 cantaretnr,
827 3813 1056 3868 fortasse
1080 3814 1356 3868 nobiscum
1384 3821 1618 3877 teneres,
1643 3820 1697 3867 et
1723 3813 1776 3867 id
1807 3821 1897 3866 tuo

327 3907 496 3960 etiam
523 3920 786 3960 consensu
812 3892 1190 3960 utcantaretur
1209 3905 1604 3974 acquiesceres.
1631 3933 1702 3944 ——
1731 3903 1893 3958 Pam.

328 3996 552 4050 Interim
593 3997 844 4050 assentio.
907 3994 1288 4050 Verumtamen
1314 4035 1330 4060 ,
1376 4010 1577 4064 quaeso,
1635 3993 1897 4064 responde

329 4087 464 4140 mihi
493 4104 506 4138 :
538 4085 671 4139 Nam
700 4086 948 4140 universa
985 4087 1290 4153 huiusmodi
1319 4086 1440 4141 fidei
1461 4088 1688 4156 mystica
1716 4102 1897 4141 sacra—

329 4186 536 4240 menta,
573 4192 690 4244 qua:
716 4176 958 4247 symbolo
987 4192 1093 4230 non
1117 4177 1480 4240 continentur,
1534 4177 1651 4232 sine
1703 4177 1897 4244 quibus

329 4266 579 4334 quisque,
607 4265 697 4332 qui
752 4266 818 4318 a‘d
871 4265 972 4320 hoc
1006 4266 1310 4336 pertingere
1352 4275 1548 4335 potest,
1601 4267 1897 4321 cathOlieus

329 4369 455 4409 esse
484 4370 588 4408 non
606 4363 802 4423 potest,
829 4355 1080 4424 symbolis
1105 4356 1411 4419 inserenda,
1441 4365 1726 4425 etpropter
1751 4372 1897 4411 com-

328 4444 589 4513 pendium
616 4443 794 4498 minus
809 4444 1239 4514 intelligentiam,
1263 4453 1321 4498 ut
1347 4445 1537 4513 cuique
1553 4443 1790 4510 libuerit,
1808 4446 1896 4498 ad-

330 4534 508 4588 denda
541 4544 665 4588 sunt
685 4535 708 4588 ‘i
728 4552 800 4575 ι·-
837 4535 1004 4589 Mtssr.
1031 4534 1376 4605 Nequaquam
1412 4553 1424 4589 :
1455 4537 1577 4605 quia
1610 4551 1712 4590 non
1742 4552 1893 4605 teque

327 4626 516 4678 omnia
545 4626 846 4680 necessaria
887 4633 1030 4680 stlnt.
1060 4642 1130 4664 -'—-
1168 4626 1330 4680 Pam.
1380 4626 1490 4680 Etsi
1525 4633 1629 4680 non
1669 4627 1847 4681 omnia
1878 4669 1891 4692 ,

326 4724 480 4770 certe
505 4715 734 4783 plurima
756 4723 881 4768 sunt
906 4716 992 4769 his
1023 4716 1240 4781 similia,
1270 4731 1388 4784 qua:
1432 4716 1531 4769 nisi
1562 4732 1592 4769 a
1643 4717 1897 4786 capienti:

325 4807 434 4862 bus
473 4806 784 4870 credantur,
809 4806 1056 4860 catholici
1081 4820 1198 4862 esse
1221 4821 1326 4860 non
1370 4815 1610 4876 possunt.
1639 4839 1704 4846 —
1728 4807 1894 4861 MISSI.

327 4895 568 4949 Dabisne
593 4896 812 4965 aliquid,
842 4912 947 4949 non
977 4897 1100 4950 dico
1120 4897 1418 4960 sublimius,
1446 4897 1537 4951 sed
1563 4897 1750 4951 saltem
1777 4896 1898 4950 huic

326 4986 509 5040 simile
551 4988 790 5056 symbolo
830 4987 1058 5040 deesse?
1104 5017 1173 5026 —
1201 4987 1359 5040 Pam.
1407 4987 1607 5055 Nempe
1651 4988 1816 5051 dabo,
1848 4997 1902 5040 et

322 5075 670 5130 abundanter
700 5077 855 5131 dabo.
893 5076 1150 5130 -‘-—-MISSI.
1189 5077 1262 5130 Da
1300 5076 1474 5145 primo
1513 5091 1702 5138 unum,
1749 5083 1801 5129 e't
1857 5078 1899 5129 si

319 5175 552 5221 necesse
577 5168 760 5234 fuerit,
793 5168 927 5223 adde
967 5169 1214 5224 alterum.
1239 5199 1309 5208 -—
1333 5168 1494 5222 PAPA.
1547 5167 1681 5234 Quia
1729 5169 1898 5222 amica

316 5263 514 5331 agitur
549 5264 892 5317 contentione
921 5262 1061 5331 Quoi
1091 5263 1282 5331 agitur,
1326 5271 1381 5315 et
1413 5275 1511 5331 pro
1556 5271 1900 5330 utrarumque

309 5352 565 5422 partium
596 5353 854 5422 quaeritur
883 5353 1051 5405 salute
1091 5355 1230 5421 quod
1274 5354 1531 5421 qumritur
1571 5351 1752 5421 (atque
1796 5353 1900 5405 uti-

311 5453 457 5495 nam
494 5441 703 5508 quoties
731 5441 928 5509 aliquid
963 5442 1263 5510 hujusmodi
1305 5442 1356 5495 in
1402 5441 1695 5510 majoribus
1724 5457 1817 5498 seu
1848 5443 1899 5495 in

305 5531 630 5586 hiinoribus
681 5531 1063 5586 ecclesiasticis
1111 5532 1193 5584 vel
1246 5522 1523 5586 catholicis
1584 5532 1902 5586 utilitatibus

301 5620 608 5690 qmnritur,
649 5622 721 5675 ita
755 5637 848 5690 per
893 5623 1071 5676 omnia
1107 5622 1325 5691 pacilicc
1367 5624 1481 5676 sine
1526 5634 1776 5692 perversa
1820 5623 1901 5676 in—

305 5709 573 5763 tsmtione
589 5719 921 5779 qumreretur
937 5715 1001 5780 ε),
1021 5727 1086 5764 ne
1114 5711 1238 5779 quid
1268 5710 1402 5766 forte
1425 5712 1491 5766 de
1516 5721 1620 5765 tatu
1644 5719 1900 5764 reveren-

2004 555 2174 620 locns,
2206 566 2260 610 et
2291 557 2535 611 dabimus
2567 557 2824 625 quidquid
2854 557 2918 610 de
2948 557 3031 611 his
3056 557 3264 612 dederit
3290 558 3567 615 Dominus.-

2003 674 2071 684 -—
2120 644 2189 697 Et
2241 651 2493 699 nocturna
2533 645 2785 699 dilatione
2821 663 3049 716 congrua
3087 646 3232 710 data,
3281 648 3354 701 ait
3385 647 3568 703 Pam:

2003 731 2251 800 Nunquid
2277 735 2446 803 magis
2470 735 2701 790 salutare
2740 744 2822 790 est
2851 737 3070 791 credere
3092 777 3106 800 ,
3145 738 3573 806 periculosude

2004 838 2108 877 non
2144 825 2388 889 credere,
2410 823 2667 894 Spiritum
2698 829 2942 881 sanctum
2970 844 3000 882 a
3025 828 3162 882 Filio
3189 830 3328 884 sient
3357 847 3384 883 a
3415 831 3574 888 Patre

2003 911 2317 981 procedere,-
2343 921 2504 982 quam
2526 915 2720 969 Filium
2745 915 3064 986 sapientiam
3083 918 3248 972 Deum
3265 935 3292 972 a
3310 919 3570 988 sapientia

2004 1001 2132 1067 Deo,
2155 1004 2432 1056 veritatem
2448 1004 2611 1057 Deum
2644 1021 2674 1059 a
2704 1007 2930 1060 veritate
2956 1008 3066 1061 Deo
3088 1009 3327 1077 g‘cnitum
3353 1015 3493 1073 esSe,
3520 1019 3576 1066 et

2003 1099 2180 1146 tamen
2208 1101 2495 1163 utrumque
2524 1111 2684 1150 unam
2715 1097 3054 1166 sapientiam,
3089 1110 3250 1152 nn‘am
3288 1100 3570 1154 veritatem

2002 1184 2357 1238 essentialiter
2377 1186 2541 1240 Deum
2559 1203 2696 1252 esse,
2729 1201 2849 1242 cum
2876 1198 3055 1242 tamen
3081 1197 3294 1244 constet
3320 1189 3370 1244 id
3403 1207 3430 1244 a
3457 1207 3566 1244 san:

2002 1274 2106 1327 etis
2132 1273 2383 1330 Patribus
2409 1279 2581 1331 eidem
2633 1279 2876 1348 symbolo
2920 1269 3144 1333 inditum
3186 1281 3290 1334 neu
3337 1281 3488 1336 esse?
3516 1271 3571 1334 Si

2002 1381 2130 1436 ergo
2152 1370 2267 1424 hmc'
2289 1371 2413 1435 duo,
2449 1372 2606 1426 sicuti
2653 1373 2924 1442 sapientes
2957 1374 3129 1439 decet,
3162 1373 3213 1426 in
3264 1383 3369 1426 tam
3415 1361 3571 1426 famis

2001 1457 2119 1514 liari
2149 1459 2512 1530 disputatione
2535 1464 2602 1517 ad
2632 1463 2733 1518 hoc
2761 1463 2962 1527 valent,
2989 1469 3044 1516 ut
3074 1464 3349 1517 no’biscnm
3375 1465 3573 1517 sentia-

2002 1551 2072 1604 tis
2098 1559 2152 1604 et
2177 1553 2534 1621 cognoscatis,
2563 1560 2644 1605 tot
2671 1554 2879 1620 priores
2909 1550 3203 1607 eatliolicos
3228 1550 3436 1618 Patres,
3483 1551 3572 1623 qui

2001 1638 2104 1694 hoc
2133 1640 2272 1694 unde
2313 1641 2492 1708 agitur
2512 1639 2592 1694 vel
2638 1640 2893 1711 symbolis
2935 1656 3042 1695 non
3080 1641 3445 1705 inseruerunt,
3493 1643 3574 1698 vci

2005 1729 2242 1784 inserere
2288 1731 2738 1798 quemadmodum
2788 1739 3016 1799 caetera,
3065 1734 3123 1787 ut
3167 1747 3325 1802 supra
3373 1733 3571 1788 dictum

1927 1812 1974 1869 B
2001 1827 2101 1882 est,
2125 1821 2449 1889 prohibuere
2481 1825 2493 1875 ἑ
2534 1840 2638 1876 non
2673 1824 2925 1891 praesenti
2956 1824 3282 1892 ignorantia,
3325 1835 3431 1877 non
3487 1822 3572 1877 fu:-

2002 1921 2119 1967 tura
2145 1915 2432 1985 negligenti
2463 1917 2799 1984 providentia
2813 1915 3242 1985 praetermisisse,
3269 1924 3321 1969 et
3350 1923 3573 1984 praeter-

1999 2003 2225 2057 missum
2265 2021 2333 2059 ne
2363 2007 2669 2059 mitteretur
2711 2005 3073 2075 prohibuisse,
3109 2021 3138 2058 a
3185 2006 3571 2078 coacervandis
3637 2035 3641 2039 ~

2000 2092 2320 2147 testimoniis
2350 2095 2702 2148 lifentissime
2731 2095 3074 2164 quiescimus.
3107 2093 3395 2148 Sciendum
3419 2101 3568 2160 vero,

1997 2196 2108 2240 non
2131 2183 2303 2236 solum
2334 2184 2630 2238 secundum
2668 2186 2962 2239 essentiam
3009 2184 3327 2251 divinitatis,
3383 2195 3571 2239 verum

1997 2274 2158 2328 etiam
2187 2276 2478 2330 secundum
2504 2277 2822 2346 mysterium
2838 2277 3128 2332 Dominicre
3157 2276 3568 2339 incarnationis,

1998 2370 2168 2430 tanta,
2202 2366 2311 2419 Deo
2335 2376 2573 2430 auctore,
2609 2377 2662 2422 et
2690 2381 2756 2422 ex
2787 2367 3098 2422 eorumdem
3121 2365 3342 2422 Patrum
3385 2373 3573 2422 ancto~

1999 2458 2156 2510 ritate
2187 2460 2372 2512 damus
2398 2465 2451 2512 et
2481 2458 2627 2521 talia,
2660 2467 2859 2527 quanta
2899 2470 3004 2512 nun
3036 2457 3206 2513 solum
3239 2444 3570 2528 sapientibus

1998 2546 2330 2612 satisfacere,
2365 2548 2458 2602 sed
2483 2549 2646 2602 etiam
2673 2548 2865 2603 stultos
2909 2550 3089 2603 valent
3132 2551 3458 2620 opprimere.
3501 2568 3570 2591 —'-

1998 2637 2168 2692 MISS].
2195 2638 2333 2704 Non,
2367 2639 2603 2707 inquam,
2642 2652 2859 2693 necesse
2887 2647 2968 2693 est
2991 2640 3044 2692 in
3091 2652 3154 2694 eo
3184 2641 3450 2706 laborare,
3501 2647 3569 2694 a'n

1998 2727 2300 2781 nesciamus
2340 2725 2480 2794 quod
2525 2725 2724 2779 scimus
2755 2744 2766 2778 ε
2800 2727 2924 2795 quia
2951 2727 3206 2796 quidquid
3231 2728 3426 2783 exinde
3475 2743 3572 2783 ca!-

1997 2815 2098 2870 teri
2130 2816 2322 2879 sciunt,
2354 2824 2452 2870 no‘s
2481 2816 2592 2870 Deo
2618 2821 2838 2871 auctore
2884 2816 3104 2880 scimus,
3133 2825 3225 2870 ant
3254 2817 3394 2872 scire
3444 2827 3571 2888 pos-

1996 2922 2200 2970 sumus,
2229 2907 2273 2961 si
2304 2923 2410 2960 non
2435 2906 2912 2961 scimus—Pam.
2947 2905 3057 2960 Hoc
3085 2915 3190 2970 est,
3217 2907 3406 2976 inquit,
3424 2900 3566 2978 quod

1995 2996 2276 3059 miramur,
2303 2996 2395 3065 qui
2423 2996 2539 3050 sine
2571 2995 2912 3064 profectuoso
2941 2995 3125 3050 labore
3155 2996 3376 3066 potestis
3415 2998 3564 3067 quie-

1997 3101 2169 3151 scere,
2194 3086 2451 3142 laboratls
2481 3101 2545 3140 ne
2562 3086 2871 3154 quiescatis'.
2897 3115 2964 3124 —
2989 3085 3157 3139 Missr.
3186 3086 3302 3140 Non
3337 3087 3457 3142 ideo
3484 3087 3566 3141 la-

1923 3154 1966 3216 C
1999 3178 2256 3233 boramus
2283 3193 2350 3232 ne
2377 3178 2738 3247 quiescamus,
2771 3178 2862 3232 sed
2893 3194 2959 3232 ne
2984 3183 3202 3248 propter
3216 3178 3465 3235 inertiam
3495 3171 3568 3251 pii

1999 3269 2201 3324 laboris
2245 3269 2523 3338 prteminm
2567 3267 2896 3331 amittamus,
2945 3277 3000 3321 et
3044 3268 3188 3322 salva
3227 3269 3566 3340 diligentiore

1999 3359 2384 3427 inquisitione,
2435 3358 2809 3424 declinataque
2862 3359 3124 3423 pertinact
3183 3359 3566 3422 cantentitine,

1997 3452 2170 3503 adhuc
2185 3433 2691 3517 majuszestimainus
2707 3449 2931 3509 lucrum,
2948 3449 3200 3516 quodper
3217 3448 3388 3504 hocin
3404 3451 3568 3504 corde

1997 3541 2349 3608 quaerenti-um
2396 3539 2729 3608 acquiritur,-
2767 3547 2928 3606 qua’m
2969 3537 3348 3591 deti’intentum
3398 3539 3451 3592 in'
3498 3548 3564 3593 eo

1997 3629 2110 3684 ﬁeri
2140 3630 2348 3683 illorum
2381 3629 2469 3697 qui
2500 3626 2618 3682 addi
2643 3626 2849 3692 lerunt,
2881 3643 2943 3681 ac
2970 3626 3012 3682 si
3045 3627 3140 3696 per
3167 3616 3561 3685 contumaciam

1996 3727 2394 3790 contemptores
2419 3726 2762 3787 paternarum
2781 3717 3221 3773 constitutionum
3244 3721 3560 3776 existerent.

1995 3813 2153 3866 Aliud
2196 3819 2277 3867 est
2317 3811 2458 3864 enim
2509 3816 2604 3878 per
2644 3810 3005 3879 arrogantiam
3044 3809 3394 3866 transiliendo
3423 3811 3563 3866 bona

1997 3907 2358 3965 contemnere,
2404 3902 2544 3954 aliud
2575 3902 2716 3953 bona
2745 3914 2842 3966 per
2879 3899 3309 3953 benevolentiam
3341 3901 3562 3954 meliora

1999 3994 2314 4047 eliicrre.-—
2341 3991 2501 4045 Pam.
2531 3990 2678 4043 lstud
2700 4004 2913 4058 quoque
2942 3989 3044 4043 etsi
3084 3992 3134 4043 in
3167 3992 3486 4058 quibusdam
3514 4001 3569 4044 ut

1997 4094 2186 4154 agatur
2207 4082 2404 4137 bonum
2427 4089 2540 4145 est,
2573 4096 2676 4133 non
2704 4088 2882 4134 tamen
2922 4079 3043 4134 ideo
3069 4081 3268 4148 ubique
3302 4083 3564 4151 agendum

1995 4183 2096 4228 est.
2127 4172 2240 4239 Qua
2277 4173 2340 4226 de
2373 4187 2432 4225 re
2475 4170 2639 4224 multa
2669 4172 2718 4225 id
2747 4171 2820 4224 ita
2847 4185 2968 4226 esse
2993 4171 3277 4240 probantia
3313 4173 3436 4228 addi
3468 4191 3564 4244 po-

1999 4272 2174 4317 terant
2207 4262 2511 4317 testimonia
2541 4280 2550 4314 :
2596 4262 2690 4315 sed
2717 4275 2803 4335 res
2833 4275 2932 4330 per
2959 4276 3018 4324 se
3062 4261 3352 4318 admodum
3395 4273 3569 4334 patet,

1995 4364 2194 4423 quanto
2222 4354 2409 4409 melius
2445 4357 2534 4418 sit,
2569 4366 2626 4410 ut
2666 4358 2894 4424 quisque
2939 4356 3216 4426 quodlibet
3249 4358 3447 4411 bonum
3494 4358 3566 4411 ita

2000 4454 2058 4496 ut
2088 4453 2172 4499 cst
2196 4445 2324 4500 utile
2372 4447 2596 4500 reddere
2625 4447 2840 4502 studeat
2869 4466 2882 4500 :
2907 4457 3028 4512 aut,
3067 4449 3113 4502 si
3143 4447 3280 4504 forte
3301 4450 3356 4504 id
3395 4451 3568 4519 ipsum

2000 4536 2197 4591 bimum
2247 4537 2435 4590 melius
2466 4537 2676 4592 edicere
2717 4539 2925 4604 nititur,-
2973 4542 3074 4595 hoc
3122 4542 3566 4609 primocaveat,

2000 4623 2102 4678 hoc
2131 4639 2451 4694 magnopere
2477 4629 2792 4694 perpendat,
2824 4645 2890 4683 ne
2917 4638 2971 4684 et
3014 4645 3071 4684 se
3097 4630 3238 4685 ultra
3277 4647 3440 4700 quam
3471 4633 3566 4686 de;

2002 4714 2118 4767 buit
2158 4715 2502 4768 temerarium
2550 4718 2944 4785 praesum-endo,-
2972 4728 3026 4774 ct
3054 4720 3181 4774 illud
3212 4723 3352 4791 quod
3392 4738 3486 4792 per
3513 4737 3572 4776 se

2004 4806 2219 4860 salubre
2243 4815 2358 4859 erat
2385 4806 2573 4860 reddat
2602 4810 2820 4864 noxium
2851 4813 3267 4879 corrumpendo.
3305 4813 3419 4869 Nisi
3447 4816 3570 4884 quis
3631 4843 3636 4848 -

2005 4894 2142 4949 forte
2174 4911 2413 4965 asserere
2439 4897 2564 4950 velit
2599 4898 2663 4952 de
2691 4901 2941 4966 prteseuti
2967 4902 3105 4956 unde
3142 4905 3341 4971 agitur,
3372 4905 3454 4959 vel
3489 4906 3568 4960 sis

2006 4985 2220 5040 milibus
2250 4985 2518 5055 capitulis,
2545 5004 2664 5055 qua:
2699 4989 2813 5042 sine
2838 4990 3076 5058 periculo
3103 5009 3202 5048 suo
3225 4995 3418 5050 docere
3441 4996 3568 5051 licet

2004 5084 2057 5128 et
2094 5075 2324 5141 discere,
2356 5085 2416 5130 ut
2441 5079 2572 5131 ordo
2597 5077 2818 5133 ducendi
2853 5079 3031 5135 licitus
3069 5083 3389 5148 dimittatur,
3417 5094 3471 5138 et
3495 5086 3565 5138 ibi

2005 5163 2449 5229 desernntur,nbi
2467 5181 2734 5234 nunquam
2760 5167 3013 5238 deinceps
3027 5171 3333 5228 docensant
3358 5174 3568 5228 discens

2005 5253 2391 5320 innocens,sed
2416 5271 2627 5325 semper
2643 5272 2774 5311 sane
2802 5258 2853 5311 in
2883 5263 3324 5332 transgressionis
3343 5263 3576 5314 crimine

2005 5348 2197 5400 merito
2227 5348 2506 5417 cnlpahilis
2554 5359 2780 5419 uterque
2827 5349 3118 5418 iudicetur.
3166 5353 3316 5418 Quod
3357 5362 3408 5405 te
3457 5351 3566 5405 for-

2007 5449 2165 5500 ltlSriC,
2198 5439 2240 5491 si
2269 5455 2374 5492 non
2407 5439 2714 5509 dedigncris
2752 5444 2967 5508 audire,
3015 5461 3118 5498 non
3145 5444 3412 5498 immerito
3454 5455 3573 5497 tan-

2006 5531 2084 5597 git
2112 5545 2124 5582 :
2156 5531 2244 5598 qui
2290 5531 2378 5584 hie
2407 5533 2546 5598 quod
2577 5533 2835 5588 hactenus
2869 5535 2918 5587 in
2964 5533 3199 5587 Ecclesia
3229 5533 3339 5596 Dei,
3376 5542 3431 5587 et
3464 5533 3572 5590 sibi

2007 5620 2234 5689 quisque
2264 5621 2479 5688 sapiens
2513 5624 2674 5683 scire,
2699 5632 2752 5675 ct
2786 5623 2898 5675 sine
2921 5622 3243 5688 cogitatione
3272 5623 3454 5677 delicti
3484 5622 3560 5677 inv

2009 5714 2268 5780 sipicntcr
2297 5714 2468 5780 potuit
2499 5716 2708 5773 docere,
2729 5714 2837 5780 jam
2875 5712 3123 5778 deinceps
3150 5727 3256 5766 non
3286 5711 3407 5766 dico
3436 5713 3570 5768 stula
