3970 6202
401 378 506 434 975

1447 367 1791 425 APPENDIX
1827 367 1920 424 AD
1957 367 2310 426 SMARAGDI
2344 371 2590 428 OPERA.

3533 374 3633 429 976

405 503 490 545 tus
522 489 746 549 discere,
787 482 884 539 sed
907 495 1006 537 nec
1050 480 1164 553 ipse
1210 479 1427 550 sapiens
1475 480 1591 536 sine
1636 481 1962 549 praevarica-
1992 488 2042 548 Α
2067 483 2236 538 Missi.
2263 484 2423 551 Ergo,
2446 493 2506 538 ut
2542 484 2716 548 video,
2740 465 2873 537 illud.
2908 497 2938 537 a
2964 491 3146 538 vestra
3185 483 3520 551 paternitate
3547 486 3638 541 de-

405 581 549 635 tione
594 577 765 648 possit
797 581 1040 638 cantare,
1092 572 1427 628 cantandove
1479 579 1540 626 ut
1573 571 1732 625 vultis
1779 585 1970 640 quem-

402 682 566 738 quam
595 665 807 727 doeere,
835 671 890 717 et
919 663 1045 715 dum
1067 660 1254 716 multis
1281 659 1386 716 alio
1413 675 1576 731 quam
1604 656 1811 714 debetis
1860 667 1972 713 tra-

401 760 533 814 mite
559 755 815 827 prodesse
846 753 1066 825 eligitis,
1096 752 1302 808 nullum
1323 753 1377 807 in
1402 753 1503 808 hac
1533 753 1796 808 duntaxat
1819 760 1974 822 parte

402 846 706 911 dimittitis,
743 844 829 900 cui
868 844 914 899 si
945 859 1041 898 vos
1069 851 1287 899 secutus
1348 841 1512 896 fuerit
1557 857 1664 896 non
1712 841 1968 896 noeeatis.

403 939 536 994 Nam
559 938 626 993 de
653 952 718 993 eo
745 936 887 1006 quod
916 951 1079 1006 supra
1110 935 1390 1000 docuistis,
1415 949 1519 989 non
1556 949 1710 1003 aeque
1724 932 1974 1002 judican-

402 1029 504 1083 dus
524 1026 608 1082 vel
634 1025 916 1081 habendus
943 1025 1014 1079 sit
1053 1025 1142 1080 ille
1163 1024 1255 1093 qui
1284 1024 1387 1079 tale
1409 1023 1610 1092 aliquid
1649 1023 1840 1080 devote
1861 1023 1973 1078 fru-

401 1129 548 1174 ctum
576 1117 865 1190 quzerendo
894 1125 1099 1186 ageret,
1132 1115 1223 1170 illo
1246 1115 1338 1184 qui
1375 1115 1476 1170 hoc
1516 1114 1822 1169 contumaci
1857 1114 1974 1182 jus-

406 1207 555 1262 sione
579 1211 950 1276 praesumeret.
981 1204 1107 1259 Haec
1131 1203 1393 1270 defensio,
1433 1203 1554 1270 vel,
1585 1203 1630 1258 si
1655 1203 1762 1257 dici
1793 1203 1972 1269 liceat,

406 1294 802 1367 tergiversatio,
839 1309 945 1348 non
975 1294 1082 1348 huc
1104 1293 1349 1364 respicit,
1381 1308 1488 1348 non
1530 1294 1674 1350 istud
1697 1293 1927 1349 intendit
1956 1311 1971 1345 ε

388 1387 530 1455 quia
559 1401 665 1439 non
703 1384 845 1438 idem
875 1391 1057 1454 patres
1081 1382 1438 1438 discernendo
1475 1383 1561 1438 vel
1595 1383 1972 1447 decreverunt,

405 1489 506 1528 nec
562 1481 881 1536 sanxerunt,
933 1479 991 1524 ut
1045 1472 1221 1540 ipsum
1258 1470 1551 1526 benevolus
1593 1481 1973 1541 praesumeret,

394 1585 514 1624 .non
563 1566 877 1631 malevolus,
922 1566 1016 1620 sed
1069 1565 1437 1620 tantummodo
1492 1565 1686 1620 nullus.
1709 1564 1971 1618 —-MISSI.

405 1656 658 1726 Nunquid
692 1671 799 1710 non
830 1670 860 1710 a
891 1663 943 1710 te
989 1655 1044 1709 id
1072 1654 1246 1722 ipsum
1291 1654 1590 1725 symbolum
1639 1663 1722 1709 est
1766 1655 1889 1710 data
1921 1655 1976 1710 in

388 1747 635 1802 ecclesia
671 1745 920 1801 cantandi
971 1745 1231 1806 licentia?,
1277 1744 1526 1814 Nunquid
1578 1760 1608 1798 a
1661 1745 1818 1799 nobis
1868 1746 1974 1799 huc

2071 574 2330 637 cernitur,
2357 581 2417 628 ut
2461 574 2638 644 primo
2665 572 2814 636 illud,
2849 572 2916 626 de
2940 586 3048 641 quo
3091 573 3319 641 quaestio
3343 572 3544 642 agitur,
3574 576 3640 630 de

2070 678 2211 733 saepe
2233 662 2346 718 fato
2374 662 2615 735 symbolo
2636 663 2876 727 tollatur,
2891 669 2947 717 et
2967 670 3096 716 tunc
3106 662 3324 717 demum
3340 678 3372 716 a
3398 664 3638 732 quolth

2071 753 2219 809 licite
2243 769 2307 809 ac
2330 754 2520 820 libere,
2550 756 2664 810 sive
2693 754 2983 814 cantando.
3011 753 3125 809 sive
3153 753 3436 818 tradendo,
3467 754 3643 811 disca-

2072 855 2162 902 tur
2203 857 2259 900 et
2297 847 2573 902 doceatur.
2595 878 2667 887 —
2689 847 2852 902 ΡΑΡΑ.
2872 847 2957 900 lta
2992 845 3181 915 procul
3209 847 3374 902 dubio
3399 862 3428 900 a
3455 857 3639 902 nostra

2071 945 2225 1008 parte
2246 938 2584 993 decernitur:
2615 939 2689 992 ita
2713 951 2927 1007 quoque
2947 946 3005 990 ut
3029 952 3060 990 a
3078 947 3260 992 vestra
3287 938 3636 1002 assentiatur,

2072 1043 2106 1082 a
2125 1028 2282 1084 nobis
2301 1029 2623 1084 omnimodis
2649 1027 3179 1082 suadetur.——Mrssu.
3209 1027 3528 1097 Quanquam
3557 1045 3642 1084 er-

2073 1133 2172 1190 go,
2226 1127 2287 1172 ut
2316 1133 2478 1188 supra
2523 1119 2637 1188 ipse
2689 1119 2904 1183 dixisti,
2939 1134 3039 1188 pro
3086 1119 3367 1173 ambarum
3412 1119 3644 1189 partium

2074 1209 2335 1279 quaeritur
2387 1209 2560 1264 salute
2591 1210 2734 1279 quod
2790 1210 3072 1279 quarritur,
3119 1210 3347 1265 sublatis
3387 1211 3474 1265 his
3525 1225 3646 1279 qua:

2073 1303 2258 1368 vultis,
2289 1303 2489 1358 bonum
2535 1311 2618 1357 est
2663 1311 2722 1356 ut
2770 1303 2909 1356 idem
2941 1303 3242 1373 symbolum
3284 1311 3550 1359 cantetur.
3578 1333 3647 1343 —

2075 1392 2237 1446 ΡΑΡΑ.
2277 1391 2482 1445 Bonum
2523 1405 2671 1446 sane.
2715 1391 2868 1458 Quod
2925 1402 3104 1446 tamen
3150 1408 3258 1446 non
3308 1393 3646 1463 imperando,

2074 1481 2169 1538 sed
2199 1488 2258 1536 ut
2276 1481 2428 1550 prius
2457 1481 2818 1548 permittendo
2864 1481 3126 1536 dicimus:
3155 1482 3281 1550 quia
3329 1481 3459 1537 illud
3490 1482 3646 1537 sicuti

2076 1578 2204 1626 tunc
2232 1571 2307 1624 ita
2331 1570 2386 1624 ct
2411 1585 2576 1635 nunc,
2607 1569 2650 1623 si
2696 1569 2907 1624 sincere
2936 1578 3143 1640 agatur,
3178 1571 3312 1625 utile
3359 1571 3648 1642 indigenti-

2072 1677 2174 1718 .ms
2197 1675 2318 1716 esse
2349 1674 2510 1731 posse
2547 1674 2653 1714 non
2683 1659 3010 1728 ignoramus.
3031 1689 3104 1699 —
3132 1657 3302 1714 MISSI.
3331 1659 3467 1726 Quia
3489 1673 3644 1724 vero,

2074 1758 2136 1804 ut
2156 1749 2356 1812 dicitis,
2407 1757 2465 1805 et
2493 1763 2685 1803 verum
2730 1747 2934 1813 dicitis,
2966 1747 3167 1802 bonum
3201 1757 3286 1804 est
3325 1757 3544 1804 cantare
3599 1749 3650 1803 id

406 1856 535 1895 usus
577 1839 664 1894 ille
699 1838 952 1894 cantandi
979 1838 1278 1908 processit?
1323 1837 1460 1892 Hinc
1488 1837 1688 1892 etenim
1712 1837 1837 1891 illuc
1861 1853 1978 1893 mos
2004 1851 2052 1910 Β
2079 1841 2251 1910 ipsum
2308 1838 2630 1909 symbolum,
2663 1839 2902 1907 nunquid
2940 1839 3086 1893 enim
3129 1837 3175 1893 si
3230 1853 3412 1894 sermo
3457 1838 3653 1908 plenus

405 1932 548 1986 idem
576 1929 848 1994 cantandi,
889 1944 996 1983 non
1026 1945 1056 1982 a
1088 1928 1243 1984 nobis
1291 1928 1395 1983 huc
1444 1929 1659 1983 advenit
1711 1939 1810 1983 :et
1851 1945 1982 1997 quo-

380 2017 567 2088 ,modo
595 2018 744 2072 illum
795 2031 967 2086 usque
1017 2015 1174 2071 hodie
1229 2017 1551 2071 cantamus?
1580 2015 1836 2071 ——PAPA.
1867 2018 1980 2087 Ego

396 2110 680 2166 licentiam
701 2109 824 2164 dedi
863 2108 1150 2172 cantandi;
1179 2122 1287 2163 non
1317 2116 1498 2163 autem
1527 2109 1798 2164 cantando
1822 2109 1982 2178 quid-

396 2200 553 2268 piam
580 2198 828 2264 addendi,
846 2198 1142 2263 minuendi,
1173 2213 1267 2254 seu
1290 2199 1532 2253 mutandi
1557 2216 1572 2252 :
1599 2207 1653 2253 et
1677 2206 1736 2252 ut
1757 2213 1980 2268 expres-

405 2291 524 2346 sius
551 2289 777 2360 aliquid,
805 2289 931 2360 quia
965 2305 1061 2344 vos
1088 2289 1304 2360 cogitis,
1327 2288 1535 2358 loquar,
1572 2287 1808 2358 quandiu
1830 2289 1981 2344 vobis

412 2381 467 2434 in
500 2378 605 2434 hoc
636 2378 769 2433 satis
815 2376 936 2443 fuit,
966 2379 1236 2448 quomodo
1286 2379 1341 2432 in
1371 2377 1680 2447 huiusmodi
1709 2376 1982 2433 cantando

409 2472 493 2527 vel
549 2471 870 2528 celebrando
912 2458 1277 2528 sacrosanctis
1320 2473 1591 2544 mysteriis
1636 2481 1820 2528 sancta
1875 2472 1982 2527 Ro-

411 2579 575 2619 mana
602 2571 751 2619 tenet
777 2562 1018 2619 Ecclesia
1039 2604 1054 2629 ,
1087 2577 1426 2633 nequaquam
1457 2571 1552 2618 aut
1595 2563 1750 2618 nobis
1778 2563 1830 2617 in
1862 2563 1980 2618 tali-

411 2657 512 2711 bus
568 2656 835 2721 laborare,
875 2664 969 2710 aut
1015 2655 1137 2711 aliis
1171 2656 1449 2710 laborandi
1511 2656 1850 2711 occasionem
1889 2668 1983 2709 ne-

409 2763 562 2804 cesse
587 2747 690 2803 fuit
719 2748 982 2821 ingerere.
1010 2748 1162 2816 Quod
1186 2764 1316 2804 vero
1345 2748 1590 2804 asseritis
1617 2748 1737 2803 ideo
1773 2762 1868 2802 vos
1907 2747 1982 2802 ita

410 2847 653 2903 cantare,
679 2839 935 2908 quoniam
966 2839 1102 2894 alios
1136 2839 1190 2892 in
1213 2838 1343 2892 istis
1381 2838 1624 2908 partibus
1653 2837 1806 2894 vobis
1837 2838 1986 2908 prio-

405 2942 501 2984 res
551 2927 778 2982 audistis
825 2937 1097 2992 cantasse,
1134 2927 1264 2997 quid
1315 2927 1383 2981 ad
1441 2926 1574 2981 nos?
1601 2924 1709 2981 Nos
1734 2926 1878 2980 enim
1930 2925 1984 2982 id

412 3019 588 3088 ipsum
616 3032 724 3073 non
755 3027 1067 3082 cantamus,
1099 3016 1194 3072 sed
1221 3015 1478 3086 legimus,
1510 3024 1566 3071 et
1615 3016 1839 3087 legendo
1884 3015 1981 3070 do-

411 3122 555 3173 cere,
582 3123 682 3164 nec
712 3115 891 3162 tamen
924 3106 1148 3177 legendo
1172 3115 1268 3163 aut
1315 3108 1556 3163 docendo
1603 3107 1802 3162 addere
1831 3107 1984 3176 quid-

2080 1938 2228 1986 recta
2256 1929 2359 1984 ﬁde
2381 1944 2412 1984 e
2437 1929 2617 1984 medio
2655 1928 2888 1992 tollatur,
2920 1929 3062 1982 idem
3091 1943 3270 1983 sermo
3297 1931 3365 1982 ab
3403 1930 3650 1983 omnibus

2079 2035 2145 2075 ac
2172 2019 2218 2074 si
2256 2027 2447 2074 contra
2491 2019 2654 2074 ﬁdem
2701 2018 2774 2073 sit
2799 2018 3277 2073 condemnabitur?
3325 2017 3493 2084 Quale
3524 2033 3655 2088 ergo

2079 2111 2234 2168 dabis
2280 2110 2597 2176 consilium,
2645 2124 2717 2165 ne
2754 2110 2986 2180 idipsum
3039 2109 3106 2163 ad
3165 2109 3380 2179 aliquod
3415 2117 3656 2164 transeat

2079 2200 2432 2256 exitium?—-
2471 2198 2637 2254 PAPA.
2680 2197 2737 2253 Si
2763 2199 3078 2269 priusquam
3124 2198 3200 2252 ita
3230 2206 3546 2253 eantaretur
3571 2199 3655 2252 in-

2079 2297 2380 2360 terrogatus
2394 2303 2591 2352 essem,
2608 2303 2677 2342 ne
2693 2288 3019 2342 iusereretur
3031 2288 3218 2357 utique
3233 2286 3654 2357 respondissem.

2078 2378 2150 2434 At
2177 2393 2340 2443 nunc,
2365 2379 2507 2448 quod
2536 2386 2718 2433 tamen
2745 2392 2850 2432 non
2880 2375 3214 2440 allirmando,
3265 2376 3357 2431 sed
3380 2375 3659 2430 vobiscum

2079 2467 2284 2536 pariter
2311 2466 2593 2522 tractando
2621 2465 2765 2532 dico,
2791 2473 3052 2534 quantum
3078 2465 3246 2520 menti
3286 2464 3552 2529 occurrit,
3589 2465 3660 2519 ita

2080 2557 2214 2612 mihi
2249 2557 2464 2612 videtur
2502 2570 2660 2626 posse
2687 2563 2974 2625 utrumque
3016 2554 3132 2609 ﬁeri
3165 2571 3180 2608 :
3215 2562 3276 2608 ut
3301 2553 3565 2624 paulatim
3609 2553 3661 2607 in

2079 2647 2299 2718 palatio,
2322 2648 2447 2717 quia
2472 2647 2526 2701 in
2561 2655 2745 2701 nostra
2775 2654 2958 2701 saneta
2978 2646 3206 2701 ecclesia
3241 2661 3346 2700 non
3377 2653 3660 2707 cantatur,

2081 2738 2332 2793 cantandi
2355 2736 2683 2792 consuetudo
2709 2735 2944 2804 ejusdem
2964 2736 3198 2807 symboli
3229 2735 3660 2790 intermittatur:

2083 2827 2268 2896 sicque
2290 2825 2401 2891 ﬁat,
2434 2833 2493 2879 ut
2514 2824 2656 2895 quod
2681 2825 2732 2880 id
2761 2825 2932 2894 ipsum
2953 2832 3012 2878 ut
3041 2832 3352 2880 cantaretur
3380 2837 3488 2878 non
3509 2838 3664 2892 quae.

2082 2915 2215 2972 libet
2236 2915 2551 2986 imperantis
2574 2913 2886 2976 auctoritas.
2903 2914 2997 2968 sed
3021 2914 3205 2982 potius
3227 2913 3479 2969 audiendi
3510 2911 3572 2967 id
3593 2912 3666 2967 fe-

2083 3011 2236 3059 cerat
2281 3004 2528 3070 novitas;
2563 3004 2608 3060 si
2650 3003 2950 3058 dimittatur
2977 3017 3008 3055 a
3043 3003 3218 3067 vobis,
3263 3001 3571 3057 dimittetur
3599 3004 3671 3058 ab

2085 3095 2336 3150 omnibus
2367 3103 2462 3150 :et
2490 3095 2565 3150 ita
2613 3093 2843 3150 fortasse
2871 3100 3133 3164 quantum
3160 3107 3280 3148 esse
3325 3099 3527 3162 potest,
3561 3107 3668 3146 non

414 3200 558 3266 piam
584 3197 760 3252 eidem
803 3197 1048 3267 symbolo
1090 3197 1379 3252 inserendo
1425 3198 1823 3266 pmsumimus.
1855 3188 1983 3263 Quae

2088 3183 2382 3256 incongrue
2409 3195 2700 3255 utrumque
2730 3185 2846 3240 ﬁeri
2885 3186 3056 3256 possit
3081 3205 3093 3240 :
3123 3194 3184 3240 ut
3209 3185 3354 3256 quod
3373 3183 3487 3252 jam
3521 3200 3673 3240 nunc

413 3299 544 3340 vero
564 3283 835 3354 praedictis
862 3283 1120 3356 symbolis
1153 3282 1276 3340 ﬁdei
1311 3292 1518 3338 tantum
1550 3299 1657 3341 non
1683 3299 1983 3354 congruen-

416 3380 509 3434 tia:
539 3380 724 3434 deesse
763 3377 1158 3449 cognoscimus,
1194 3393 1322 3444 non,
1363 3386 1419 3432 ut
1449 3392 1590 3448 saepe
1637 3377 1839 3433 dictum
1877 3387 1980 3444 est,

415 3471 650 3526 inserere
679 3469 1088 3540 przesumimus,
1123 3469 1219 3525 sed
1267 3469 1403 3524 locis
1453 3469 1852 3539 temporibusve
1889 3485 1986 3539 op-

415 3559 660 3628 portunis
703 3560 896 3630 quibus
945 3559 1201 3629 competit
1247 3559 1561 3614 ministrare
1613 3575 1988 3616 curamus.—

2087 3291 2117 3330 a
2137 3275 2438 3346 quibusque
2477 3278 2628 3346 prius
2650 3278 3015 3333 nescientibus
3037 3287 3184 3333 recte
3212 3279 3452 3334 creditur
3475 3278 3671 3333 creda-

2091 3375 2197 3430 tur,
2227 3373 2279 3420 et
2315 3373 2492 3420 tamen
2530 3366 2716 3422 illicita
2753 3368 3004 3423 cantandi
3029 3369 3360 3424 consuetudo
3403 3368 3527 3423 sine
3581 3383 3674 3422 cu-

2083 3453 2278 3524 jusque
2313 3453 2437 3511 lldei
2460 3455 2679 3512 lzesione
2702 3457 2939 3513 tollatur.

877 3748 1582 3860 APPENDIX
1663 3746 1849 3860 AD
1935 3749 2650 3868 SMABAGDI
2731 3753 3230 3865 OPERA.

498 3919 844 3982 CHARTIE
888 3919 1272 3984 LUDOVICI
1321 3919 1425 3982 ΡΠ
1467 3921 1568 3982 ΕΤ
1610 3920 2254 4062 LOTHhx‘ltlIglllf
2279 3925 2486 4000 EJUS,
2529 3927 2685 3986 PRO
2729 3928 3246 3989 MONASTERIO
3290 3875 3582 3992 SANCTl

1601 4095 1776 4168 (Apud
1820 4094 2031 4161 Baluz.,
2061 4095 2156 4150 lib.
2190 4112 2244 4151 ιν
2288 4098 2530 4172 Miscell.)

1877 4196 2266 4210 ψ

2099 4271 2269 4310 nonas
2309 4265 2364 4312 et
2389 4257 2626 4313 decimas
2654 4259 2810 4314 annis
2845 4260 3090 4329 singulis,
3123 4269 3181 4313 ut
3218 4261 3538 4330 prmdicmm
3566 4273 3677 4327 eat,

425 4325 617 4390 Charta
643 4333 1139 4432 Ludovicifit;
1164 4337 1484 4432 morigeri?
1508 4337 1692 4394 Sancti
1721 4337 1994 4397 Michaelis
2020 4373 2072 4432 Ι)
2100 4347 2322 4418 pmfato
2343 4351 2636 4404 venerabili
2674 4325 2970 4423 Smaragdo
2999 4325 3677 4421 suisque‘successoribust

901 4406 956 4458 in
997 4405 1129 4475 pago
1164 4405 1501 4461 Virdunensi.

511 4496 572 4550 ln
625 4495 840 4550 nomine
885 4495 1095 4552 Domini
1141 4497 1236 4552 Dei
1286 4496 1583 4554 Salvatoris
1631 4503 1805 4556 nostri
1869 4501 1995 4557 Jesu

421 4586 665 4651 Christi,
723 4587 1028 4642 Ludovicus
1076 4587 1257 4643 divina
1317 4590 1602 4648 ordinante
1665 4595 1997 4663 providentia

425 4680 718 4747 imperator
749 4676 1040 4749 Augustus.

495 4769 716 4823 Noverit
743 4771 950 4824 utilitas
999 4769 1236 4824 fidelium
1265 4780 1595 4835 nostrorum,
1622 4778 1880 4829 comitum
1923 4775 2004 4828 vi-

426 4859 621 4913 delicet
651 4869 706 4914 et
739 4876 1021 4916 vassorum
1053 4869 1378 4927 nostrorum,
1421 4863 1505 4917 vel
1555 4863 1800 4933 quisquis
1840 4865 2002 4918 bene-

425 4949 547 5003 licia
575 4966 642 5003 ex
673 4951 880 5004 ratione
930 4951 1241 5006 monasterii
1277 4951 1448 5005 sancti
1479 4951 1755 5006 Michaelis
1800 4953 2000 5006 habere

427 5037 658 5102 videtur,
683 5039 770 5092 ubi
804 5039 1122 5093 venerabilis
1142 5040 1223 5092 vir
1247 5039 1575 5108 Smaragdus
1601 5039 1999 5107 prmestabbas,

428 5128 556 5197 quia
586 5129 727 5182 sicut
754 5128 984 5184 domnus
1013 5138 1067 5182 et
1112 5131 1325 5199 genitor
1360 5138 1546 5184 noster
1597 5132 1872 5199 praecepit,
1927 5133 1998 5185 ita

427 5229 482 5274 et
523 5234 622 5274 nos
646 5218 989 5288 praecipimus
1016 5228 1076 5271 ut
1117 5220 1292 5274 eidem
1341 5219 1667 5275 monasterio
1698 5222 1854 5273 annis
1886 5222 1997 5274 sin-

427 5312 568 5382 gulis
603 5311 668 5364 de
697 5310 899 5364 eisdem
928 5309 1199 5362 beneficiis
1229 5325 1398 5364 nonas
1421 5317 1476 5363 et
1519 5311 1756 5364 decimas
1791 5309 1859 5363 de
1885 5324 2000 5363 om-

431 5402 587 5454 nibus
615 5401 845 5468 pleuiter
869 5399 1001 5453 dare
1049 5414 1153 5452 non
1189 5400 1501 5469 neglegatis.
1545 5401 1776 5455 Proinde
1804 5402 1995 5469 prmci-

429 5488 608 5556 pimus
632 5503 728 5557 per
750 5489 847 5542 has
878 5488 1087 5541 litteras
1127 5487 1376 5541 omnibus
1409 5490 1714 5559 quicunque
1744 5506 1807 5544 ex
1840 5489 2000 5559 largi-

435 5580 578 5633 tione
606 5589 792 5635 nostra
825 5580 909 5633 vel
933 5581 1191 5634 comitum
1242 5587 1334 5632 aut
1362 5595 1639 5633 vassorum
1690 5590 1996 5636 nostrorum

439 5668 504 5721 de
532 5671 689 5724 rebus
713 5672 922 5741 prmfati
959 5656 1269 5726 monasterii
1299 5667 1560 5724 beneﬁcia
1608 5670 1818 5724 habetis
1851 5671 1958 5742 [ut]
1983 5713 1996 5733 ,

515 5789 539 5817 ι
567 5777 692 5835 Haec
727 5790 926 5850 praeter
957 5785 1194 5838 solitum.

2098 4437 2181 4492 vel
2206 4438 2386 4494 missis
2411 4438 2649 4509 ejusdem
2677 4441 2990 4496 monasterii
3012 4442 3214 4511 absque
3233 4441 3340 4497 ulla
3366 4443 3678 4497 contrarie-

2100 4538 2210 4584 tate
2239 4539 2293 4585 et
2325 4531 2655 4603 neglegentia
2683 4532 2809 4588 dare
2839 4550 2943 4590 non
2962 4534 3289 4604 neglegatis;
3315 4543 3370 4588 et
3389 4536 3459 4590 ad
3480 4535 3680 4589 domos

2102 4621 2269 4690 ipsius
2285 4621 2535 4676 Ecclesiae
2558 4624 2933 4679 restaurandas
2954 4625 3322 4694 unusquisque
3339 4639 3441 4695 pro
3465 4625 3680 4679 viribus

2103 4712 2215 4765 suis
2255 4711 2577 4780 adiutorium
2610 4711 2748 4768 ferre
2791 4728 2895 4768 non
2931 4713 3166 4768 differat.
3221 4714 3289 4768 Et
3340 4712 3549 4776 nullus,
3581 4713 3675 4782 qui

2103 4802 2421 4857 beneﬁcium
2447 4804 2512 4858 de
2541 4804 2700 4858 rebus
2739 4803 2946 4872 praefati
2977 4804 3294 4859 monasterii
3335 4804 3520 4868 habet,
3546 4819 3678 4858 con-

2105 4900 2186 4946 tra
2232 4894 2335 4947 hoc
2368 4893 2626 4960 jussionis
2673 4902 2870 4948 nostra:
2916 4903 3243 4964 prmceptum
3291 4892 3473 4948 facere
3525 4909 3680 4962 pra:-

2104 4991 2280 5035 sumat
2316 5001 2328 5034 :
2380 4982 2475 5036 sed
2510 4982 2562 5035 in
2591 4982 2839 5036 omnibus
2887 4983 2960 5036 ita
3007 4982 3136 5037 illud
3159 4983 3428 5046 observet,
3450 4983 3599 5036 sicut
3644 4995 3676 5033 a

2104 5071 2258 5124 nobis
2275 5071 2489 5140 iussum
2519 5081 2622 5136 cst,
2643 5072 2726 5126 vel
2751 5072 3198 5140 quemadmodum
3227 5072 3322 5126 Dei
3347 5080 3403 5125 et
3429 5080 3680 5125 nostram

2104 5164 2333 5232 gratiam
2380 5164 2463 5217 vel
2499 5165 2675 5232 ipsum
2706 5165 3026 5219 beneﬁcium
3077 5165 3277 5219 habere
3325 5163 3457 5218 vult.
3495 5163 3571 5216 Et
3623 5172 3680 5215 ut

2105 5252 2307 5304 certius
2336 5253 2592 5316 credatis,
2630 5254 2695 5307 de
2725 5255 2924 5308 annulo
2974 5264 3160 5308 nostro
3190 5254 3376 5308 subter
3413 5253 3684 5321 iussimus

2105 5341 2349 5409 sigillari.
2661 5390 2669 5397 .

2172 5429 2304 5483 Data
2337 5446 2394 5484 Ill
2427 5430 2548 5484 ldus
2569 5429 2714 5492 Julii,
2751 5445 2891 5483 anno
2929 5447 2985 5484 Ill
3015 5440 3270 5501 regnante
3294 5443 3317 5470 α
3343 5432 3544 5485 domno
3577 5427 3682 5481 Lu-

2102 5516 2290 5570 dovico
2321 5519 2664 5572 serezzissirno
2701 5517 2970 5585 Augusto,
3012 5519 3301 5572 indictione
3349 5533 3422 5570 Ix.
3475 5516 3683 5569 Actum

2107 5605 2407 5662 Theodonis
2453 5608 2576 5661 villa
2629 5606 2830 5678 palatio
2887 5611 2941 5662 in
2998 5607 3092 5662 Dei
3152 5608 3368 5664 nomine
3423 5604 3686 5660 feliciter.

2107 5698 2298 5753 Amen.
2471 5693 2475 5696 ’
