3970 6202
395 333 497 390 977

396 531 600 588 Charta
629 526 884 584 Ludovici
915 525 1023 592 Pii,
1052 535 1101 584 et
1139 529 1376 584 Lotharii
1410 529 1510 598 ﬁlii
1546 529 1680 598 ejus,
1716 529 1780 583 de
1808 528 1962 583 liber-

820 607 927 652 tate
960 599 1224 653 electionis
1253 600 1475 653 abbatis.

469 714 528 768 In
556 711 772 768 nomine
791 711 1005 766 Domini
1019 718 1075 767 et
1102 709 1397 766 Salvatoris
1413 710 1580 764 nostri
1598 708 1724 763 Jesu
1737 708 1960 771 Christi,

398 804 703 860 Ludovicus
730 810 786 856 et
814 801 1101 857 Lotbarius
1121 801 1298 856 divina
1327 800 1666 856 ordinatione
1699 815 1763 854 ac
1783 799 1964 871 provi-

397 896 498 950 den
508 895 577 949 tia
604 894 958 964 imperatores
978 892 1222 960 Augusti.

470 987 527 1042 Si
550 1002 677 1058 erga
708 986 824 1041 loca
872 986 1066 1040 divinis
1105 985 1337 1040 cultibus
1381 984 1685 1053 mancipata
1746 991 1967 1054 propter

397 1093 638 1132 amorem
668 1076 762 1130 Dei
791 1074 1015 1145 ejusque
1040 1076 1095 1130 in
1123 1077 1324 1130 eisdem
1380 1075 1512 1130 locis
1546 1075 1648 1129 sibi
1697 1073 1965 1127 famulan-

396 1167 541 1221 tibus
566 1165 828 1220 beneﬁcia
873 1173 1173 1236 opportuna
1197 1165 1476 1235 largimur,
1507 1163 1783 1234 praemium
1815 1162 1968 1217 nobis

395 1253 537 1324 apud
557 1253 844 1308 Dominum
876 1261 1092 1308 aeternae
1129 1254 1580 1334 remunerationis
1611 1251 1828 1322 rependi
1859 1268 1965 1307 non

395 1345 704 1402 difﬁdimus.
761 1346 967 1402 Idcirco
1015 1355 1200 1402 notum
1249 1363 1366 1403 esse
1413 1347 1658 1401 volumus
1719 1347 1968 1401 omnibus

395 1433 641 1490 ﬁdelibus
670 1441 869 1491 sanctae
907 1437 1002 1491 Dei
1051 1438 1328 1504 Ecclesiae,
1377 1439 1729 1509 praesentibus
1766 1439 1968 1494 scilicet

392 1533 448 1579 et
475 1523 686 1589 futuris,
703 1541 796 1580 seu
820 1524 982 1579 etiam
1007 1528 1432 1592 successoribus,
1459 1528 1585 1597 quia
1602 1527 1968 1582 concessimus

393 1629 502 1669 non
526 1614 698 1669 solum
729 1616 896 1669 veteri
921 1620 1249 1673 monasterio
1279 1619 1420 1696 quod
1445 1620 1645 1674 dicitur
1692 1619 1964 1685 Castellio,

393 1705 492 1760 sed
516 1705 694 1774 potius
720 1721 878 1772 novo,
927 1709 1088 1778 quod,
1133 1709 1362 1766 Domino
1404 1711 1718 1782 Opitulante,
1780 1723 1966 1767 nostro

1107 329 1404 388 CIlARTzE
1446 327 1766 398 LUDOVICI
1806 329 1888 383 PII
1930 325 2066 383 PRO
2102 325 2403 382 MONAST.
2446 326 2504 382 St
2547 322 2934 380 MICHAELIS.

1639 435 1642 440 '
1990 446 2041 505 Α
2064 433 2348 500 Barrense,
2381 435 2433 488 in
2457 434 2561 488 ﬁne
2590 433 2672 488 vel
2697 433 2822 487 villa
2862 447 2983 502 quae
3038 441 3260 489 vocatur
3305 433 3632 500 Lauziaeus,

3531 322 3632 378 978

2067 542 2311 582 mansum
2335 541 2500 582 unum
2533 541 2654 582 eum
2678 523 2922 580 terminis
2950 533 3006 579 et
3023 525 3431 580 laterationibus
3476 525 3589 581 suis
3617 543 3633 581 :

2065 631 2119 678 et
2142 637 2172 676 e
2190 631 2379 678 contra
2405 623 2458 677 in
2488 621 2925 693 compensatione
2948 619 3105 689 hujus
3127 621 3205 674 rei
3233 619 3496 675 dederunt
3518 633 3653 675 me-

2064 715 2260 768 morati
2277 715 2520 770 homines
2539 714 2719 768 abbati
2748 715 2813 768 ad
2839 721 3044 782 partem
3061 711 3171 780 jam
3203 712 3331 766 dicti
3368 721 3638 767 monaste-

2064 801 2131 856 rii
2153 802 2236 856 sui
2262 817 2328 856 ex
2349 815 2534 858 eorum
2559 802 2778 872 proprio
2805 801 2860 855 in
2881 815 3019 871 pago
3047 799 3391 878 Yirdunensi,
3431 801 3485 856 in
3529 801 3642 854 ﬁne

2064 891 2149 946 vel
2177 891 2304 946 villa
2355 905 2474 961 qua!
2521 901 2747 946 vocatur
2785 891 3140 957 Godinovilla,
3195 899 3407 960 pratum
3449 905 3633 944 unum.

2069 982 2219 1038 Unde
2241 991 2297 1037 et
2319 984 2451 1038 duas
2474 984 2920 1038 commutationes
2950 982 3067 1053 pari
3091 991 3276 1038 tenore
3299 982 3635 1052 conscriptas

2065 1073 2419 1143 manibusque
2450 1074 2710 1128 bonorum
2753 1074 3026 1127 hominum
3077 1073 3379 1136 roboratas,
3427 1085 3486 1126 se
3525 1084 3639 1140 pra:

2065 1165 2315 1220 manibus
2342 1164 2542 1220 habere
2567 1164 2846 1236 professus
2875 1172 2994 1220 est:
3023 1163 3116 1220 sed
3153 1179 3252 1234 pro
3291 1164 3497 1234 integra
3545 1162 3637 1217 ﬁr-

2065 1253 2252 1308 mitate
2273 1254 2426 1323 petiit
2449 1254 2754 1310 celsitudini
2777 1263 2994 1321 nostrae,
3019 1262 3078 1309 ut
3099 1255 3242 1324 ipsas
3260 1253 3645 1309 commutatio~

2067 1359 2164 1398 nes
2186 1342 2362 1397 denuo
2386 1357 2484 1412 per
2532 1352 2780 1399 nostrum
2827 1343 3255 1400 mansuetudinis
3305 1350 3633 1412 prteceptum

2065 1433 2276 1504 plenius
2298 1433 2620 1490 conﬁrmare
2646 1435 2980 1490 deberemus.
3006 1432 3170 1502 Cujus
3197 1432 3444 1503 petitioni
3470 1432 3634 1486 dene-

2067 1538 2196 1595 gare
2219 1523 2487 1578 noluimus
2517 1541 2531 1576 :
2565 1523 2657 1579 sed
2680 1524 2820 1578 sicut
2857 1522 3146 1590 unicuique
3170 1520 3404 1576 ﬁdelium
3426 1528 3638 1575 nostro-

2066 1629 2185 1669 rum
2226 1613 2373 1684 juste
2413 1613 2733 1683 petentium,
2762 1613 2838 1667 ita
2873 1626 2973 1667 nos
3019 1611 3126 1665 illis
3152 1609 3503 1665 conﬁrmasse
3546 1616 3632 1663 at~

2067 1722 2173 1778 que
2203 1707 2258 1762 in
2291 1708 2541 1763 omnibus
2553 1707 2886 1764 concessisse
2909 1705 3639 1777 eognoscite.Pr:ecipientes

393 1804 636 1868 tempore
661 1813 690 1850 a
719 1796 1082 1855 fundamentis
1109 1801 1428 1857 aediﬁcatum
1471 1811 1573 1867 est,
1619 1812 1963 1874 uuncupante
1991 1783 2036 1842 Β
2063 1797 2452 1867 ergoiubemus
2479 1804 2541 1851 ut
2559 1797 2819 1867 quidquid
2843 1812 2969 1868 pars
2993 1795 3138 1867 juste
3167 1805 3221 1852 et
3238 1797 3639 1852 rationabiliter

395 1883 742 1954 Marsupium,
773 1887 916 1955 quod
943 1896 1026 1942 est
1047 1889 1208 1943 situm
1232 1890 1287 1943 in
1316 1907 1455 1962 pago
1500 1891 1824 1948 Virdunensi
1869 1908 1962 1947 su-

390 1991 490 2048 per
512 1977 731 2032 ﬂuvium
765 1978 924 2033 Mosa:
955 1979 1040 2034 vel
1065 1980 1298 2036 rivulum
1345 1983 1692 2052 Marsupium,
1720 1993 1964 2038 constru—

391 2075 541 2120 ctum
569 2067 620 2121 in
649 2069 851 2122 honore
875 2070 1047 2124 sancti
1075 2070 1688 2145 Michaelisarchangeli,
1711 2074 1801 2129 ubi
1822 2090 1964 2144 prae-

393 2158 532 2212 senti
548 2166 806 2228 tempore,
823 2169 1045 2215 auctore
1062 2161 1192 2228 Deo,
1217 2163 1382 2218 abbas
1400 2164 1726 2234 Smaragdus
1747 2174 1960 2238 praeest,

391 2259 448 2304 et
495 2249 773 2305 monachis
823 2251 1023 2306 ibidem
1075 2269 1172 2323 per
1229 2261 1473 2323 tempora
1515 2256 1849 2325 degentibus,
1905 2265 1965 2310 ut
2027 2324 2032 2328 ι

393 2339 825 2409 quandoquidem
854 2339 1034 2396 divina
1088 2344 1368 2400 vocatione
1422 2347 1763 2415 supradictus
1799 2347 1966 2401 abbas

395 2430 478 2484 vel
499 2447 839 2486 successores
862 2432 978 2502 ejus
1001 2434 1065 2488 de
1085 2435 1186 2489 hac
1203 2435 1320 2490 luce
1343 2436 1713 2507 migraverint,
1729 2438 1963 2507 quandiu

393 2523 492 2592 ipsi
517 2524 764 2577 monachi
795 2524 936 2578 inter
965 2541 1022 2580 se
1049 2527 1289 2582 invenire
1323 2529 1617 2596 potuerint,
1643 2529 1733 2597 qui
1791 2530 1964 2598 ipsam

392 2612 865 2682 congregationem
889 2615 1184 2669 secundum
1212 2617 1452 2685 regulam
1489 2619 1660 2672 sancti
1691 2618 1962 2672 Benedicti

394 2713 583 2770 regere
610 2701 846 2767 valeant,
881 2717 979 2772 per
1014 2704 1153 2758 hanc
1192 2714 1431 2760 nostram
1483 2706 1860 2761 auctoritatem
1911 2716 1967 2762 ct

393 2802 715 2845 consensum
772 2789 1043 2846 licentiam
1090 2791 1324 2847 habeant
1383 2795 1610 2866 eligendi
1667 2795 1889 2851 abbates
1946 2814 1960 2852 τ

395 2887 662 2946 quatenus
732 2881 876 2949 ipsos
919 2897 1106 2937 servos
1148 2883 1242 2938 Dei
1301 2885 1390 2953 qui
1439 2885 1635 2939 ibidem
1693 2885 1962 2941 famulan-

397 2979 514 3034 tur,
543 2986 641 3040 pro
674 2973 830 3027 nobis
872 2981 927 3028 et
976 2974 1200 3046 conjuge
1245 2975 1500 3045 proleuue
1549 2986 1732 3032 nostra
1756 2993 1818 3033 ac
1847 2987 1962 3033 sta-

394 3061 604 3116 bilitate
663 3061 827 3118 totius
864 3063 1076 3132 imperii
1128 3065 1348 3118 nostria
1382 3066 1492 3120 Deo
1541 3066 1694 3122 nobis
1738 3083 1962 3124 conces-

394 3155 439 3210 si
486 3164 647 3226 atque
708 3157 1092 3223 conservandi,
1129 3157 1333 3228 jugiter
1385 3159 1595 3214 Domini
1656 3160 1965 3216 misericor-

393 3248 538 3301 diam
570 3263 797 3303 exorare
841 3250 1086 3305 delectet.
1121 3251 1188 3305 Et
1218 3260 1277 3306 ut
1297 3253 1413 3306 haac
1439 3254 1734 3308 auctoritas
1768 3254 1964 3309 conﬁr-

393 3337 650 3391 mationis
711 3345 906 3392 nostrae
947 3354 1046 3408 per
1084 3337 1270 3394 futura
1309 3348 1550 3411 tempora
1601 3342 1962 3398 inviolabilem

392 3436 558 3498 atque
607 3429 972 3485 inconvulsam
1033 3431 1272 3487 obtineat
1332 3433 1641 3489 ﬁrmitatem
1666 3475 1680 3501 ,
1717 3435 1964 3491 manibus

394 3519 626 3588 propriis
655 3520 854 3576 nostris
900 3522 1416 3581 subterﬁrmavimus
1462 3534 1518 3580 et
1559 3525 1744 3580 annuli
1789 3527 1961 3582 nostri

394 3609 747 3680 impressione
775 3611 978 3683 signari
1005 3611 1283 3682 jussimus.

1129 3717 1216 3780 III.

393 3803 588 3867 Charta
607 3810 856 3869 Ludovici
894 3813 980 3868 Pii
999 3814 1064 3887 de
1084 3815 1737 3887 quadamgcommutatt'one
1750 3833 1782 3871 a
1806 3815 1964 3872 Smn-

884 3884 1047 3954 ragdo
1077 3884 1262 3938 abbate
1301 3885 1464 3954 facta.

463 3969 520 4023 In
548 3972 762 4027 nomine
787 3973 996 4028 Domini
1022 3974 1118 4029 Dei
1149 3983 1204 4030 et
1233 3974 1530 4031 Salvatoris
1573 3975 1701 4032 Iesu
1735 3976 1958 4045 Christi,

391 4059 691 4116 Ludovicus
716 4062 894 4116 divina
919 4064 1258 4119 ordinatione
1287 4073 1343 4118 et
1374 4065 1708 4135 providentia
1731 4067 1963 4138 impera-

391 4157 479 4202 tor
498 4149 788 4221 Augustus.
1315 4172 1322 4176 ·

466 4238 523 4293 Si
547 4254 645 4294 nos
678 4255 737 4296 ea
762 4257 882 4312 quae
939 4241 1125 4299 ﬁdeles
1179 4244 1390 4314 imperii
1423 4245 1593 4301 nostri
1628 4261 1727 4317 pro
1773 4262 1960 4304 eorum

391 4332 881 4400 opportunitatibus
923 4333 1065 4387 inter
1107 4349 1168 4389 se
1221 4344 1709 4400 eommutaverunt,
1762 4338 1962 4392 nostris

392 4418 774 4475 conﬁrmamus
803 4421 1013 4486 edictis,
1037 4422 1366 4492 imperialem
1396 4438 1709 4479 exercemus
1729 4439 1959 4480 consue-

1983 4467 2036 4526 D

2063 1887 2219 1941 alteri
2254 1887 2483 1943 contulit
2503 1887 2667 1958 parti,
2695 1887 2948 1959 deinceps
2972 1903 3068 1958 per
3099 1889 3240 1944 hanc
3275 1898 3514 1944 nostram
3541 1904 3635 1943 au-

2063 1979 2370 2034 ctoritatem
2396 1979 2519 2050 jure
2548 1979 2862 2034 ﬁrmissimo
2912 1987 3093 2035 teneat
3130 1988 3293 2049 atque
3325 1979 3632 2050 possideat;

2061 2072 2142 2127 vel
2169 2071 2429 2142 quidquid
2450 2071 2643 2126 exinde
2659 2070 3105 2142 facerevoluerit,
3132 2070 3303 2125 libero
3316 2070 3371 2125 in
3384 2070 3634 2127 omnibus

2060 2161 2371 2233 perfruatur
2391 2162 2637 2217 arbitrio.

2795 2249 2882 2306 IV.

2064 2341 2261 2397 Charta
2299 2341 2550 2416 Ludovici
2583 2341 2672 2396 Pii
2695 2342 2760 2396 de
2783 2342 3454 2416 libetgategetimntunitate
3501 2360 3635 2416 pra:-

2413 2413 2860 2466 dictimonasterii
2891 2412 2951 2468 S.
2991 2413 3282 2468 Michaelis.

2133 2520 2190 2575 In
2216 2521 2433 2576 nomine
2452 2520 2666 2576 Domini
2705 2521 2800 2575 Dei
2827 2529 2882 2576 et
2929 2520 3226 2577 Salvatoris
3284 2523 3451 2578 nostri
3508 2522 3644 2578 Iesu

2064 2612 2290 2678 Christi,
2317 2611 2622 2668 Ludovicus
2651 2613 2832 2668 divina
2857 2613 3138 2668 ordinante
3168 2616 3503 2684 providentia
3537 2615 3641 2670 im-

2062 2713 2281 2774 perator
2303 2703 2592 2772 Augustus.

2135 2792 2193 2848 Si
2216 2808 2345 2864 erga
2368 2793 2486 2848 loca
2521 2793 2717 2850 divinis
2767 2794 3002 2851 cultibus
3047 2797 3354 2866 mancipata
3414 2807 3636 2870 propter

2064 2897 2304 2937 amorem
2329 2881 2425 2936 Dei
2452 2881 2673 2952 ejusque
2699 2883 2753 2938 in
2802 2884 3005 2940 eisdem
3044 2885 3176 2941 locis
3225 2887 3328 2941 sibi
3372 2887 3634 2943 famulan-

2065 2971 2208 3027 tihus
2237 2970 2496 3027 beneﬁcia
2517 2982 2817 3043 opportuna
2839 2974 3117 3046 largimur,
3144 2977 3424 3046 praemium
3477 2978 3634 3036 nobis

2065 3061 2207 3132 apud
2229 3061 2515 3117 Dominum
2542 3071 2757 3118 :eterna:
2789 3065 3238 3120 remunerationis
3259 3067 3478 3137 rependi
3523 3083 3631 3123 non

2067 3152 2377 3209 diﬂidimus.
2436 3153 2643 3209 Idcirco
2696 3157 2908 3211 noverit
2971 3157 3207 3212 omnium
3254 3157 3489 3212 ﬁdelium
3535 3157 3626 3213 ho-

2063 3253 2322 3309 strorum,
2348 3252 2459 3298 tam
2478 3245 2824 3314 praesentium
2867 3262 3027 3316 quam
3049 3245 3375 3310 futurorum,
3395 3247 3632 3315 solertia,

2062 3334 2186 3401 quia
2210 3335 2294 3387 vir
2322 3335 2649 3391 venerabilis
2676 3335 3005 3408 Smaragdus
3032 3337 3197 3394 abbas
3217 3351 3284 3394 ex
3299 3339 3632 3396 menasterio

2061 3422 2421 3490 Castellionis,
2445 3427 2589 3494 quod
2616 3426 2942 3498 Marsupium
2974 3438 3330 3498 nuncupatur,
3366 3432 3508 3500 quod
3550 3439 3636 3486 est

2060 3523 2427 3570 constructum
2459 3516 2514 3569 in
2545 3515 2751 3571 honore
2780 3517 2951 3572 sancti
2998 3519 3306 3589 archangeli
3356 3519 3632 3576 Michaelis

2060 3611 2115 3659 et
2143 3611 2348 3660 sanctae
2370 3604 2550 3660 Μαι-ίαν
2579 3619 2793 3676 semper
2832 3607 3073 3678 virginis,
3129 3607 3214 3663 vel
3265 3609 3436 3664 sancti
3484 3608 3630 3665 Petri

2059 3694 2423 3765 apostolorum
2462 3696 2741 3766 principis,
2790 3697 2982 3754 detulit
3032 3698 3190 3753 nobis
3234 3698 3632 3753 immunitatem

2060 3785 2267 3841 domini
2293 3793 2347 3840 et
2391 3787 2649 3858 genitoris
2699 3787 2871 3842 nostri
2923 3787 3099 3843 Caroli
3157 3789 3310 3843 bonae
3361 3790 3634 3844 memoriae

2060 3877 2290 3947 piissimi
2311 3877 2558 3946 Augusti,
2599 3879 2653 3931 in
2684 3894 2787 3948 qua
2821 3879 3122 3934 invenimus
3159 3880 3444 3946 insertum,
3491 3881 3633 3950 quod

2063 3965 2177 4034 ipse
2221 3974 2275 4019 et
2317 3976 2691 4022 antecessores
2720 3966 2854 4034 ejus,
2913 3983 3068 4038 reges
3118 3970 3332 4038 priores
3380 3970 3633 4026 videlicet

2060 4057 2393 4112 Francorum
2411 4098 2427 4125 ,
2452 4056 2737 4128 praefatum
2751 4060 3135 4113 monasterium
3155 4067 3376 4128 propter
3390 4059 3635 4114 divinum

2049 4161 2302 4225 amorem
2323 4155 2378 4201 et
2401 4147 2762 4208 reverentiam
2803 4147 2974 4218 ipsius
3029 4147 3132 4203 loci
3187 4148 3381 4212 sancti,
3420 4163 3632 4219 semper

2047 4233 2160 4300 'sub
2185 4237 2498 4307 plenissima
2535 4237 2847 4294 defensione
2903 4247 2959 4295 et
2998 4239 3350 4295 immunitatis
3403 4241 3637 4297 tuitione

2061 4325 2394 4380 habuissent.
2423 4325 2505 4381 0b
2532 4324 2844 4382 ﬁrmitatem
2892 4336 3071 4384 tamen
3121 4329 3415 4398 postulavit
3473 4331 3632 4388 nobis

2059 4402 2360 4485 praedictus
2376 4415 2544 4470 abbas
2591 4414 2941 4487 Smaragdus,
2975 4425 3033 4471 ut
3062 4418 3116 4471 in
3161 4433 3401 4474 amorem
3436 4418 3532 4474 Dei
3575 4429 3633 4475 et

393 4512 652 4575 tudinem,
677 4519 733 4566 et
754 4511 858 4566 hoc
887 4513 1060 4584 ipsum
1096 4515 1436 4584 postmodum
1479 4514 1604 4583 jure
1651 4515 1960 4573 ﬁrmissimo

2064 4506 2418 4562 reverentiam
2441 4505 2819 4577 praedictorum
2846 4515 3152 4563 sanctorum
3184 4517 3420 4578 paterna:
3452 4517 3633 4567 aucto-

393 4613 710 4657 mansurum
737 4618 857 4658 esse
895 4605 1162 4659 volumus.
1203 4605 1410 4661 Idcirco
1455 4607 1666 4676 noverit
1719 4609 1961 4662 omnium

393 4690 629 4745 ﬁdelium
647 4700 973 4759 nostrorum,
989 4709 1192 4763 prazsen
1202 4694 1332 4748 tium
1350 4694 1552 4750 scilicet
1567 4703 1621 4749 et
1635 4695 1956 4764 futurorum,

391 4779 676 4844 industria,
701 4782 843 4849 quod
875 4782 957 4836 vir
983 4781 1309 4838 venerabilis
1350 4783 1628 4837 llildoinus
1656 4784 1822 4838 abbas
1877 4785 1962 4838 in-

391 4869 568 4923 notuit
595 4871 873 4927 serenitati
900 4879 1118 4939 nostra,
1160 4887 1225 4930 eo
1254 4875 1397 4943 quod
1459 4873 1787 4946 Smaragdus
1830 4875 1960 4931 reli-

390 4960 577 5030 giosus
615 4961 751 5015 abba
789 4977 856 5017 ex
902 4965 1230 5021 monasterio
1262 4960 1436 5023 sancti
1475 4965 1767 5033 Michaelis,
1821 4969 1962 5038 quod

388 5060 474 5106 est
495 5061 869 5110 constructum
909 5054 963 5110 in
992 5071 1130 5128 pago
1176 5057 1504 5115 Virdunensi
1550 5074 1710 5130 super
1743 5059 1964 5115 ﬂuvium

390 5139 788 5219 Marsupii,ubi
817 5145 930 5216 ipse
953 5147 1254 5218 ingreditur
1276 5149 1330 5204 in
1356 5149 1573 5205 ﬂuvium
1601 5151 1836 5219 Mosam;
1864 5168 1964 5209 nec

391 5247 498 5285 non
524 5239 580 5286 et
603 5218 818 5303 quidam
840 5237 1088 5293 homines
1109 5239 1196 5294 his
1223 5239 1548 5306 nominibus,
1603 5218 1962 5308 Adalhardus,

391 5319 682 5391 Rodaldus,
718 5333 773 5380 et
824 5325 1114 5394 Aldarnus,
1173 5329 1238 5384 de
1289 5330 1604 5399 quibusdam
1649 5331 1811 5387 rebus
1858 5346 1960 5402 pro

389 5413 662 5468 communi
696 5413 928 5470 utilitate
945 5423 1000 5473 et
1019 5418 1336 5488 compendio
1380 5419 1688 5492 nuperrime
1711 5421 1854 5475 inter
1899 5435 1960 5478 se

388 5505 868 5562 commutationem
924 5506 1198 5564 fecissent.
1257 5509 1414 5564 Dedit
1462 5510 1630 5580 igitur
1673 5512 1959 5581 pradictus

391 5590 726 5664 Smaragdus
749 5595 916 5651 abbas
935 5612 1000 5652 ex
1024 5598 1234 5654 ratione
1254 5599 1565 5655 monasterii
1589 5600 1670 5656 sui
1687 5600 1958 5672 praadictis

393 5684 702 5744 hominibus
723 5687 789 5744 ad
818 5703 1002 5746 eorum
1024 5691 1298 5762 proprium
1327 5693 1392 5748 ad
1414 5691 1716 5749 habendum
1744 5692 1796 5746 in
1820 5707 1957 5765 pago

2063 4600 2264 4654 toritati
2293 4600 2562 4655 ﬁrmitatis
2593 4599 2822 4670 gratiam
2852 4606 3092 4653 nostram
3141 4601 3628 4670 superadderemus

2062 4699 2117 4747 et
2136 4693 2530 4749 auctoritatem.
2559 4691 2724 4760 Cujus
2749 4691 2995 4761 petitioni
3031 4707 3132 4748 nos
3158 4693 3386 4749 libenter
3415 4696 3632 4765 acquie-

2060 4782 2258 4847 vimus,
2289 4790 2343 4837 et
2360 4781 2432 4836 ita
2464 4783 2520 4836 in
2555 4782 2805 4838 omnibus
2829 4782 3215 4848 concessimus,
3233 4792 3396 4853 atque
3415 4785 3629 4854 perboc

2062 4880 2388 4943 praeceptum
2415 4882 2614 4927 nostrae
2633 4873 2970 4928 auctoritatis
3006 4873 3631 4933 conﬁrmavimusPne-

2059 4965 2320 5034 cipientes
2349 4979 2479 5034 ergo
2497 4965 2750 5035 iubemus
2777 4973 2839 5019 ut
2881 4964 3059 5020 nullus
3078 4965 3264 5036 judex,
3290 4965 3374 5021 vel
3402 4967 3630 5036 quilibet

2058 5069 2124 5108 ex
2149 5050 2431 5120 iudiciaria
2460 5061 2745 5122 potestate,
2784 5053 2836 5106 in
2889 5053 3170 5120 ecclesias,
3212 5064 3306 5110 aut
3347 5055 3486 5122 loca,
3544 5058 3628 5111 vel

2059 5155 2242 5212 agros,
2271 5156 2365 5197 seu
2395 5141 2630 5212 reliquas
2645 5142 3014 5211 possessiones
3035 5145 3278 5214 praedicti
3293 5147 3623 5212 monasterii,

2060 5247 2196 5304 quas
2221 5235 2478 5288 moderno
2509 5243 2748 5303 tempore
2767 5233 2912 5304 juste
2955 5243 3010 5290 et
3070 5234 3314 5308 legaliter
3363 5237 3626 5308 possidet,

2061 5323 2145 5379 vel
2169 5339 2288 5393 quae
2319 5323 2572 5394 deinceps
2591 5325 2644 5379 in
2665 5323 2979 5397 jureipsius
3027 5330 3202 5384 sancti
3254 5327 3356 5384 loci
3399 5328 3630 5384 voluerit

2063 5415 2243 5470 divina
2263 5415 2436 5486 pietas
2460 5416 2665 5486 augeri,
2688 5415 2755 5471 ad
2783 5433 2976 5473 causas
3005 5418 3317 5482 audiendas,
3363 5417 3449 5472 vel
3477 5415 3626 5472 {reda

2061 5506 2342 5576 exigenda,
2371 5514 2466 5562 aut
2512 5504 2855 5578 ﬁdejussorcs
2902 5509 3184 5572 tollendos,
3229 5516 3323 5562 aut
3380 5507 3630 5567 homines

2063 5598 2232 5668 ipsius
2261 5597 2574 5653 monasterii
2599 5607 2708 5654 tam
2729 5601 2988 5670 ingenuos
3014 5614 3176 5668 quam
3200 5607 3256 5653 et
3299 5615 3487 5656 servos
3535 5616 3630 5656 su-

2059 5708 2158 5764 per
2187 5699 2388 5748 terram
2417 5691 2586 5764 ipsius
2611 5692 2924 5748 monasterii
2965 5702 3389 5762 commancntes,
3427 5694 3624 5767 injuste
