3970 6202
367 356 486 420 ωε

1371 335 1744 412 τιιθειῑυε
1783 351 1870 406 ne
1911 347 2258 408 nvsrsmo
2291 325 2604 408 'eAr'ns'u.

3511 310 3617 410 iis:

363 466 834 546 -Δωιῄειῦιίόιί
855 465 1012 546 ﬁlius
1039 466 1340 546 Ludovicus
1357 465 1493 546 Pius
1521 467 1712 538 Magno
1749 463 1945 546 direxit
1972 457 2020 529 Α
2048 463 2270 546 scripta,
2378 478 2647 546 anonymo
2673 467 2918 546 correcta
2948 462 3064 518 fuit.
3099 425 3338 546 Mortuus
3368 472 3623 546 estnunc:

377 539 614 598 δυσ-817
660 537 935 609 exemplar
983 540 1203 609 regnlze-
1223 533 1635 595 canonicorum'
1651 551 1720 609 ex
1757 533 1947 609 synodi

374 605 834 681 Aquisgranensis
859 605 1132 681 consulto,
1159 611 1472 681 praecipiens
1499 623 1620 681 eam
1649 606 1706 659 in
1703 605 1947 681 _prpvin-

377 672 463 732 citi
492 672 922 749 suagobservari.
961 672 1136 748 Magni
1162 672 1345 734 adhuc
1369 679 1522 749 jussu
1554 675 1676 749 _Vita
1784 672 1948 749 Seve-

376 749 482 803 rini
525 745 739 802 abbatis
781 741 1148 817 Agaunensis,
1193 765 1223 803 a
1263 741 1462 803 Fausto
1518 746 1634 817 ejus
1689 741 1948 811 discipulo

383 905 720 920 ——-——

2051 535 2175 598 8l8,
2211 533 2561 603 sepultusque
2589 535 2641 586 in
2673 533 2901 588 ecclesia
2931 548 3091 602 quam
3122 535 3174 588 in
3201 536 3456 589 honorem
3490 535 3651 589 Sal-‘-

2049 602 2254 674 votoris
2281 602 2642 674 adiﬁcaverat
2670 604 2724 658 in
2769 603 2941 658 vineis
2977 620 3076 674 pro
3108 605 3498 661 canonieorum-
3527 621 3617 660 se-

2049 673 2283 744 pultura.
2324 671 2468 744 [lare
2483 672 2708 727 ecclesia
2738 671 3013 744 canonicis
3054 675 3383 744 regularibus
3413 675 3469 729 S.
3508 676 3617 731 Au.-

2051 741 2250 812 gustini
2275 741 2597 812 procedente
2633 741 2827 797 saeculo
2865 741 3180 799 duodecimo
3210 759 3464 801 concessa
3511 751 3614 800 est.

3375 899 3553 918 ...σα-ί

1235 1047 1738 1212 MAGNI
1835 1046 2800 1175 SENONENSIS-
2911 1160 2918 1164 _

983 1292 1482 1374 LIBELLUS
1537 1291 1670 1369 DE
1726 1275 2267 1370 MYSTERIO.
2323 1289 3036 1390 BAETISMATIS,

1457 1467 1670 1525 JUSSU
1695 1465 1959 1524 CAROLI
1999 1463 2212 1523 MAGNl
2252 1463 2522 1522 EDiTUS.

1632 1603 1889 1665 (Martem,
1911 1600 2027 1653 Yet.
2053 1599 2182 1652 Eccl.
2208 1598 2332 1660 Rit.)
2525 1569 2532 1577 ³

433 1823 838 1882 Gloriosissime
867 1821 1180 1890 imperator,
1213 1818 1549 1871 innotescere
1585 1811 1946 1882 magnitudini
1972 1814 2018 1872 B
2049 1810 2168 1864 ﬁdei
2211 1807 2495 1878 integritas
2532 1820 2548 1858 :
2590 1805 2800 1874 signum
2823 1846 2838 1871 ,
2884 1797 3131 1876 quodeo
3154 1808 3291 1865 bene
3330 1819 3539 1872 ret‘ento
3563 1811 3616 1874 et

369 1925 566 1972 vestra;
587 1911 1029 1983 praesumpsimus
1054 1923 1153 1962 nos
1182 1907 1324 1961 servi
1357 1904 1544 1966 vestri,
1575 1901 1799 1972 Magnus
1837 1901 1943 1955 sci-
1993 1928 2008 1942 ο

367 2005 500 2062 licet
517 2001 780 2060 etcaeteri
817 2013 1096 2068 compares
1123 1996 1253 2060 mei,
1297 1996 1423 2050 licet
1463 1993 1664 2064 indigni
1703 1992 1943 2060 episcopi

367 2099 439 2154 ad
463 2095 787 2154 Senonicam
808 2092 1086 2148 dioecesim
1110 2090 1460 2160 pertinentes,
1480 2086 1606 2155 quia
1616 2090 1942 2156 praeceptum

366 2195 610 2243 vestrum
639 2183 916 2240 humiliter
937 2189 994 2236 et
1017 2179 1373 2234 libentissime
1402 2177 1584 2231 animo
1610 2179 1941 2243 susceptum,

365 2273 515 2343 iusta
549 2273 692 2342 quod
730 2278 914 2326 nostra
947 2267 1223 2338 praevaluit
1259 2263 1528 2334 exiguitas
1573 2263 1639 2317 de
1684 2260 1946 2332 mysterio

367 2369 707 2439 baptismatis
729 2409 743 2432 ,
779 2367 919 2421 sicut
947 2364 1002 2417 in
1031 2369 1212 2417 vestra
1233 2359 1546 2415 continetur
1565 2355 1817 2426 epistola,
1843 2353 1940 2408 ad-

367 2459 719 2514 monitionem
741 2463 978 2510 vestram
999 2451 1272 2520 inquirere
1291 2448 1374 2503 vel
1388 2447 1710 2518 investigare
1736 2445 1942 2501 studui-

369 2567 494 2605 mus
516 2590 530 2614 ,
580 2547 812 2618 qualiter
859 2543 1155 2612 intelligere
1191 2541 1277 2595 vel
1313 2549 1501 2595 tenere
1531 2527 1968 2601 'debuissetnus;'

366 2643 511 2696 unde
531 2640 576 2694 si
601 2639 716 2692 ausi
741 2651 946 2701 sumus,
973 2636 1249 2689 immensa:
1277 2631 1580 2686 clementia}
1596 2643 1787 2684 vestrae
1809 2626 1942 2682 refe-

368 2730 537 2785 rimus
563 2728 773 2792 laudes,
793 2741 860 2782 eo
891 2726 1033 2796 quod
1056 2738 1155 2778 nos
1179 2723 1245 2777 de
1267 2736 1455 2777 somno
1485 2720 1726 2776 stultitiae
1749 2719 1833 2772 vel
1859 2719 1942 2771 in-

369 2819 636 2890 sipientia:
677 2818 918 2872 excitam
965 2814 1170 2884 dignati
1213 2811 1409 2876 fuistis,
1462 2811 1605 2866 sicut
1629 2823 1842 2878 semper
1887 2815 1944 2866 et

368 2910 590 2979 ubique
617 2907 834 2968 solliciti
877 2906 1027 2961 estis.
1069 2903 1284 2960 Gratias
1316 2916 1548 2969 namque
1589 2899 1940 2968 omnipotenti

370 2999 480 3056 Deo
509 3007 564 3054 et
583 2999 751 3054 vobis
787 2995 913 3052 inde
953 3010 1054 3052 nos
1083 3001 1136 3050 et
1163 2993 1378 3064 plurimi
1420 2992 1512 3046 alii
1539 2991 1861 3046 eruditiores
1885 2998 1944 3052 et

371 3091 623 3144 meliores
665 3103 786 3144 esse
833 3086 1086 3142 debemus
1127 3092 1182 3139 et
1224 3097 1426 3138 sumus.
1466 3079 1718 3137 Vestram
1757 3088 1937 3134 tamen

369 3192 656 3238 exoramus
688 3176 1050 3238 clementiam,
1079 3181 1137 3226 ut
1163 3172 1316 3228 nobis
1345 3171 1621 3242 indulgeat
1639 3177 1820 3226 vestra
1847 3170 1942 3225 be-
1966 3151 2011 3214 C

369 3273 630 3343 nignitas,
670 3270 812 3340 quod
838 3284 932 3340 per
957 3269 1134 3324 omnia
1166 3267 1308 3327 sicut
1343 3268 1628 3324 debuimus
1661 3265 1815 3322 vobis
1851 3280 1942 3321 re-

368 3361 623 3420 nuntiare
673 3360 1040 3430 nequi-vimus,
1083 3359 1179 3414 sed
1226 3358 1392 3413 etiam
1435 3359 1537 3413 hoc
1592 3357 1736 3426 quod
1790 3345 1945 3410 nobis

369 3452 562 3509 Patres
589 3467 686 3522 per
711 3451 919 3506 illorum
954 3450 1287 3518 reliquerunt
1323 3448 1566 3517 exempla
1588 3485 1604 3511 ,
1648 3454 1703 3500 et
1737 3460 1836 3499 nos
1877 3459 1946 3499 ex

372 3548 558 3598 nostra
569 3540 864 3611 exiguitate
877 3546 1032 3609 parte
1060 3536 1405 3603 intelligimus
1434 3534 1622 3598 ordine
1647 3534 1944 3602 subsequa-

375 3644 520 3684 mur.

445 3716 777 3786 Baptismum
807 3716 993 3771 Graece
1031 3711 1221 3766 Latine
1273 3710 1464 3766 tinctio
1514 3710 1900 3778 interpretatur
1925 3743 1966 3770 ,-

375 3805 502 3874 quia
538 3803 611 3858 ibi
650 3803 814 3859 homo
855 3800 1058 3871 Spiritu
1081 3800 1266 3869 gratia:
1287 3799 1344 3853 in
1369 3797 1561 3862 melius
1588 3804 1848 3852 mutatur.
1880 3794 1950 3849 Et

372 3900 660 3960 propterea
698 3891 874 3946 infans
903 3898 984 3943 ter
1023 3888 1284 3958 mergitur
1321 3887 1377 3942 in
1402 3900 1558 3941 sacro
1578 3884 1745 3951 fonte,
1773 3893 1833 3938 ut
1863 3899 1948 3940 se-

373 3986 644 4055 pulturam
688 3985 991 4039 triduanam
1030 3979 1236 4037 Christi
1267 3977 1413 4032 trina
1443 3974 1700 4030 dimersio
1722 3973 1948 4043 mystice

374 4077 714 4148 designaret,
752 4082 808 4130 et
835 4074 902 4127 ab
954 4074 1108 4143 aquis
1139 4071 1366 4126 elevatio
1391 4069 1590 4124 Christi
1619 4058 1950 4138 resurgentis

372 4164 667 4222 similitudo
706 4171 789 4218 est
813 4162 878 4216 de
905 4162 1171 4230 sepulcro.
1203 4160 1520 4214 Nullatenus
1560 4159 1740 4226 itaque
1776 4155 1944 4226 bapti-

377 4253 482 4308 smi
527 4252 845 4322 mysterium
873 4250 1058 4320 perﬁci
1091 4257 1288 4320 potest,
1318 4248 1421 4302 nisi
1466 4247 1566 4301 sub
1609 4246 1946 4301 invocatione

373 4351 575 4398 sancte
601 4341 879 4396 Trinitatis
899 4381 912 4405 ,
951 4340 1073 4410 quia
1105 4347 1312 4394 rectum
1343 4348 1425 4393 est
1461 4347 1521 4392 ut
1561 4339 1721 4393 homo
1745 4339 1836 4408 qui
1878 4340 1944 4394 ad

373 4433 663 4503 imaginem
689 4440 890 4488 sanctae
919 4431 1200 4486 Trinitatis
1235 4439 1452 4489 creatus
1477 4438 1578 4497 est,
1603 4430 1671 4485 ad
1698 4431 1942 4487 eamdem

375 4531 666 4578 revocetur
683 4523 990 4593 imaginem.

447 4613 880 4668 Catechumenus
922 4621 1099 4666 autem
1138 4612 1360 4667 audiens
1392 4611 1505 4667 sive
1541 4610 1830 4668 instructus
1857 4611 1940 4667 in-

374 4709 718 4772 terpretatur,
749 4709 809 4754 ut
829 4702 1012 4756 audiat
1035 4709 1088 4756 et
1112 4703 1302 4764 discat,
1332 4710 1618 4770 antequam
1639 4702 1704 4755 ad
1731 4716 1944 4758 sacrum

377 4792 603 4846 accedat
647 4789 881 4856 fontem,
921 4792 1149 4862 mystica
1195 4790 1513 4846 Christiana:
1561 4791 1834 4861 religionis
1859 4809 1946 4847 sa-

376 4891 653 4938 cramenta
673 4925 687 4948 ,
717 4894 772 4938 et
816 4893 941 4939 tunc
968 4886 1139 4940 discat
1169 4884 1325 4939 ﬁdem
1360 4893 1560 4938 sanctae
1587 4885 1866 4939 Trinitatis
1892 4894 1947 4939 et

376 4972 676 5042 symbolum
703 5013 720 5038 ,
757 4982 813 5030 et
842 4983 1037 5029 cetera
1069 4991 1190 5045 qua:
1221 4975 1525 5030 Christiana
1554 4976 1806 5030 admonet
1839 4976 1946 5030 lex.

447 5063 778 5124 Scrutinium
806 5081 934 5120 vero
959 5067 1156 5121 dicitur
1183 5067 1480 5135 inquisitio,
1515 5083 1579 5121 eo
1600 5067 1739 5136 quod
1765 5083 1860 5135 per
1887 5067 1950 5121 il-

374 5151 468 5207 lud
513 5153 827 5222 exploratur
873 5156 1105 5226 qualiter
1153 5156 1284 5212 ﬁdes
1331 5157 1591 5211 catholica
1637 5157 1691 5211 in
1739 5158 1949 5211 illorum

375 5241 630 5298 cordibus
650 5245 933 5300 retinetur.
965 5246 1032 5300 Et
1055 5246 1211 5300 aliter
1240 5247 1559 5302 scrutiuium
1599 5263 1629 5301 a
1661 5249 1950 5302 scrutando

376 5331 595 5398 dicitur,
631 5333 757 5403 quia
779 5342 906 5391 tunc
926 5335 1205 5390 scrutandi
1227 5345 1352 5391 sunt
1381 5337 1772 5402 catechumeni,
1797 5338 1840 5392 sl
1865 5353 1948 5396 re.-

373 5427 522 5476 ctam
538 5417 651 5490 jam
678 5424 889 5479 noviter
909 5424 1066 5480 ﬁdem
1093 5425 1318 5496 symboli
1343 5426 1422 5482 eis
1447 5427 1696 5482 traditam
1724 5427 1953 5483 ﬁrmiter

377 5516 619 5565 teneant.

451 5599 760 5670 Symbolum
786 5603 973 5659 Crzece
1007 5604 1196 5660 Latine
1231 5605 1486 5660 indicium
1515 5612 1569 5660 et
1610 5605 1844 5674 signum,
1867 5607 1952 5661 vel

378 5692 595 5749 collatio
619 5694 1017 5766 interpretatur.
1049 5697 1307 5753 [ndicium
1330 5696 1454 5767 quia
1483 5711 1586 5766 per
1610 5695 1661 5751 id
1686 5697 1955 5752 indicatur

2041 1897 2334 1961 intellecto,
2367 1895 2549 1951 ﬁdeles
2581 1893 2652 1947 ab
2678 1893 2986 1950 inﬁdelibus
3014 1896 3420 1968 discernuntur;
3449 1905 3613 1961 colla-
3637 1903 3640 1910 ’

2044 1991 2141 2054 tio,
2168 1989 2294 2057 quia
2338 1988 2393 2042 in
2435 2001 2501 2041 eo
2543 1985 2768 2055 apostoli
2814 2001 3028 2042 omnem
3074 1988 3196 2045 ﬁdei
3256 1991 3615 2064 integritatem

2041 2077 2401 2133 contulerunt.
2675 2085 2680 2090 '
3145 2102 3148 2106 -
3559 2081 3566 2111 '-

2073 2193 2076 2196 ί
2109 2186 2348 2254 Qualiter
2371 2184 2551 2253 itaque
2577 2182 2798 2240 credere
2835 2183 2890 2239 in
2915 2185 3083 2240 Deum
3121 2186 3336 2244 Patrem
3365 2169 3640 2263 omnipO-i

2039 2282 2264 2340 tentem,
2297 2282 2352 2329 et
2373 2274 2429 2328 in
2447 2269 2642 2327 Filium
2668 2271 2785 2344 ejus
2809 2270 2993 2329 Iesum
3017 2273 3312 2346 Christum,
3336 2289 3390 2335 et
3412 2281 3480 2335 in‘
3497 2273 3642 2354 Spi-I'

2040 2368 2204 2423 ritum
2228 2364 2486 2421 Sanctum
2520 2371 2573 2419 et
2608 2373 2802 2447 caetera
2841 2365 2932 2434 qui
2961 2363 3271 2435 baptizandi
3301 2379 3425 2424 sunt
3455 2359 3640 2441 proﬁ:

2041 2468 2254 2524 tentur;
2285 2457 2532 2528 quamvis
2555 2454 2766 2527 parvuli
2795 2472 2894 2528 per
2918 2473 2976 2513 se
2993 2459 3236 2528 proﬁteri
3254 2475 3360 2516 non
3385 2466 3614 2532 possint,

2040 2560 2219 2607 tamen
2247 2565 2345 2621 per
2381 2549 2543 2606 corda
2588 2555 2643 2603 et
2671 2562 2766 2602 ora
2797 2539 3089 2603 tenentium
3115 2565 3207 2606 eos
3235 2550 3366 2607 ﬁdes
3396 2553 3617 2610 conﬁte-

2041 2652 2128 2697 tur
2156 2641 2440 2705 catholica,
2469 2639 2522 2693 id
2551 2646 2634 2692 est
2654 2638 2834 2702 Pater,
2867 2647 2921 2692 et
2945 2638 3131 2703 Filius,
3159 2648 3214 2695 et
3239 2641 3474 2709 Spiritus
3495 2660 3616 2698 san-

2039 2741 2159 2787 ctus
2189 2731 2352 2785 unius
2379 2728 2628 2784 essentiae
2647 2769 2661 2792 ,
2698 2729 2857 2781 unius
2887 2724 3167 2797 potestatis
3191 2739 3245 2784 et
3273 2733 3614 2801 sempiterni-

2039 2816 2184 2886 tatis,
2227 2819 2344 2874 sine
2371 2818 2525 2872 initio
2564 2824 2620 2872 et
2659 2817 2776 2871 sine
2813 2819 2918 2872 line
2950 2833 3090 2873 unus
3127 2819 3266 2874 Deus
3308 2821 3610 2885 invisibilis,

2039 2909 2116 2964 ita
2158 2909 2210 2963 in
2242 2909 2470 2978 singulis
2515 2922 2868 2976 personarum
2913 2909 3241 2979 preprietate
3287 2919 3517 2977 servata,
3564 2905 3636 2968 ct"

2039 2995 2464 3052 substantialiter
2512 2995 2749 3050 Trinitas
2791 2996 2955 3051 dividi
2993 3013 3092 3053 nec
3125 3001 3481 3068 personaliter
3531 3003 3619 3056 de-

2039 3083 2164 3140 beat
2198 3085 2420 3140 omnino
2447 3084 2701 3139 conl'undi
2736 3100 2748 3137 :
2789 3082 3005 3138 Patrem
3059 3087 3384 3156 ingenitum,
3419 3089 3613 3144 Filium

2045 3176 2284 3247 genitum
2322 3183 2378 3231 et
2413 3183 2598 3229 natum
2632 3189 2698 3230 ex
2727 3174 2893 3230 Maria
2926 3175 3163 3246 virgine,
3201 3187 3256 3234 et
3279 3179 3642 3244 cruciﬁxum,“

2045 3278 2100 3322 et
2128 3276 2419 3330 mortuum,
2445 3271 2501 3320 et
2529 3259 2912 3331 resurrexisse,
2933 3275 2988 3320 et
3013 3269 3320 3323 ascendisse
3347 3270 3400 3323 in
3426 3271 3614 3335 malos,

2043 3367 2098 3414 et
2128 3359 2404 3413 sedentem
2442 3372 2472 3408 a
2506 3356 2713 3409 dextris
2737 3355 2936 3419 Patris,
2965 3357 3088 3411 inde
3107 3366 3390 3411 venturum
3419 3373 3539 3414 esse
3565 3360 3618 3413 in

2043 3449 2228 3501 eadem
2253 3447 2417 3500 Carne
2431 3443 2678 3510 judicare
2701 3445 2852 3496 viros
2872 3452 2940 3498 et
2959 3453 3218 3498 mortuos.
3249 3446 3314 3500 Et
3341 3438 3605 3516 Spiritum

2043 3544 2292 3591 sanctum
2329 3549 2430 3589 nec
2456 3533 2693 3602 genitum
2713 3571 2729 3596 ,
2761 3545 2936 3602 neque
2971 3535 3288 3605 ingenitum,
3322 3539 3412 3591 sed
3434 3553 3618 3607 proce-

2045 3627 2259 3682 dentem
2282 3639 2312 3678 a
2344 3624 2507 3678 Patre
2535 3632 2595 3677 et
2627 3622 2783 3678 Filio.
2815 3622 2925 3679 Nec
2949 3638 3056 3680 non
3086 3632 3141 3679 et
3163 3641 3324 3680 unam
3355 3628 3640 3681 conﬁtens-

2045 3727 2132 3773 tur
2155 3717 2475 3774 catholicam
2506 3715 2801 3780 Ecclesiam
2829 3723 2886 3770 et
2907 3718 3338 3773 communionem
3371 3709 3642 3774 omnium

2045 3815 2376 3869 sanctorum,
2417 3805 2476 3859 id
2498 3813 2582 3859 est
2616 3807 3086 3875 congregationem
3120 3809 3359 3862 omnium
3383 3808 3626 3863 ﬁdelium-

2046 3895 2100 3948 in
2124 3895 2344 3950 Christo
2362 3934 2377 3960 ,
2409 3903 2570 3962 atque
2592 3895 2820 3949 credunt
2845 3896 3220 3950 remissionem
3249 3906 3616 3964 peccatorum,

2046 3990 2102 4038 et
2123 3983 2574 4038 resurrectionem
2611 3982 2792 4036 carnis
2811 4022 2826 4047 ,
2852 3992 2912 4036 et
2934 3983 3100 4036 vitam
3130 3994 3251 4054 post
3281 3991 3528 4049 mortem,
3561 3995 3617 4040 et

2047 4088 2272 4145 regnare
2301 4088 2423 4128 cum
2449 4073 2664 4128 Christo
2688 4073 2741 4127 in
2771 4072 2961 4128 szecula
2989 4075 3328 4141 saeculorum,
3366 4091 3541 4132 amen.

2120 4185 2526 4240 Abrenuntiatio
2551 4184 2750 4240 dicitur
2790 4185 3269 4248 abominatio,sive
3306 4187 3613 4251 detestatio,

2047 4279 2172 4348 quia
2202 4285 2328 4331 ante
2352 4277 2677 4346 baptismum
2700 4277 3072 4346 unusquisque
3091 4285 3314 4348 propter
3331 4279 3617 4349 originalis

2047 4377 2268 4438 peccata
2305 4383 2494 4422 servus
2521 4376 2603 4423 est
2630 4367 2860 4436 peccati,
2906 4374 2961 4421 et
2989 4368 3108 4421 ideo
3132 4368 3474 4432 abrenuntiat
3514 4369 3631 4422 dia-

1968 4486 2022 4546 υ
2047 4457 2186 4520 bolo,
2223 4457 2314 4526 qui
2345 4465 2428 4510 est
2456 4457 2704 4526 princeps
2739 4456 2967 4546 peccati,
2997 4464 3054 4510 et
3084 4457 3332 4513 omnibus
3366 4458 3620 4527 operibus

2047 4548 2179 4616 ejus,
2204 4554 2259 4601 et
2281 4545 2530 4600 omnibus
2549 4546 2760 4616 pompis
2783 4545 2918 4614 ejus,
2950 4547 3000 4600 id
3028 4555 3110 4602 est
3127 4547 3293 4613 vitiis,
3316 4555 3374 4600 ut
3398 4548 3618 4602 damna-

2049 4638 2250 4692 tionem
2293 4636 2438 4691 illius
2487 4644 2828 4705 aspernetur.
2883 4635 3053 4703 Quam
3097 4637 3620 4693 abrenuntiationem

2048 4735 2195 4782 recte
2240 4724 2510 4781 confessio
2546 4732 2747 4780 sancta:
2789 4725 3071 4780 Trinitatis
3118 4726 3380 4794 sequitur,
3430 4734 3488 4782 ut
3528 4729 3618 4784 ubi

2051 4814 2340 4868 abundavit
2370 4821 2648 4883 peccatum
2675 4813 3073 4882 superabundet
3103 4815 3297 4882 gratia.

2119 4941 2462 4997 lnsuﬂlantur
2487 4942 2685 4997 etenim
2726 4941 2817 5010 qui
2855 4941 3158 5011 baptizandi
3184 4953 3312 4998 sunt
3352 4959 3384 4999 a
3408 4947 3503 5002 Dei
3531 4963 3642 5006 sar.

2049 5032 2286 5096 cerdote,
2318 5040 2379 5086 ut
2398 5045 2464 5086 ex
2485 5032 2565 5086 eis
2586 5031 2838 5101 princeps
2872 5030 3137 5103 ellugetur
3163 5043 3508 5115 peccatorum
3528 5046 3636 5102 ,et.

2048 5126 2264 5182 Christo
2303 5125 2528 5180 Domino
2562 5132 2784 5194 paretur
2827 5125 3106 5191 introitus,
3133 5136 3192 5182 et
3232 5142 3328 5198 per
3364 5129 3506 5184 illius
3545 5131 3636 5186 itu...

2048 5212 2399 5270 suillationem
2429 5219 2737 5268 mereantur
2768 5213 3018 5282 accipere
3055 5216 3315 5285 Spiritum
3350 5225 3618 5271 sanctum.

2119 5331 2463 5386 Exorcismus
2497 5329 2682 5386 Greece
2718 5331 2906 5387 Latine
2945 5333 3248 5402 coniuratio
3282 5334 3395 5388 sive
3439 5338 3631 5390 sermo

2049 5421 2430 5490 increpationis
2460 5427 2544 5474 est
2583 5420 2842 5476 adversus
2879 5423 3178 5486 diabolum;
3222 5431 3277 5476 et
3318 5423 3438 5477 ideo
3461 5437 3622 5477 exor-

2049 5514 2258 5568 cizatur
2290 5513 2657 5582 unusquisque
2681 5514 2904 5568 veniens
2937 5513 3004 5567 ad
3033 5513 3355 5581 baptismum
3376 5553 3390 5576 ,
3420 5520 3478 5566 ut
3507 5511 3616 5567 elli-

2053 5604 2228 5661 ciatur
2267 5603 2520 5673 templum
2552 5604 2647 5658 Dei
2683 5605 2814 5668 vivi,
2842 5604 2932 5672 qni
2958 5617 3055 5672 per
3083 5613 3333 5657 naturam
3359 5619 3513 5659 suam
3542 5603 3615 5659 ef-

2054 5695 2234 5752 fectus»
2262 5703 2380 5751 crat
2405 5694 2658 5765 templum
2698 5693 2922 5757 diaboli,
2969 5701 3022 5746 et
3053 5693 3336 5749 recedente
3382 5695 3628 5760 diabolo,
