3970 6202
373 352 486 417 983

1398 348 1612 409 nam
1651 348 2081 415 sanemus
2115 349 2636 428 misceri

378 482 476 544 per
500 463 958 522 exercitationem
983 464 1287 520 sacerdotis
1325 463 1658 537 ingrediatur
1679 463 1954 540 Christus,
1979 479 2033 544 Α
2057 468 2350 530 novissime
2377 483 2480 541 per
2510 480 2704 526 manus
3150 481 3184 525 a
3206 482 3424 528 summo
3447 487 3641 538 nam,
3660 489 3729 542 χ

376 569 435 615 et
458 558 725 616 eﬁiciatur
743 557 1107 615 habitaculum
1138 555 1254 613 Dei.

448 650 630 708 Salcm
675 651 730 706 tu
774 656 1116 704 sacramento
1159 648 1502 720 baptismatis
1546 647 1850 724 accipiunt,
1895 653 1957 703 ut

376 746 494 816 eius
522 752 681 815 gustu
703 742 1108 800 condimentum
1131 742 1409 815 sapientia:
1431 742 1756 815 percipiant,
1781 755 1957 814 neque

375 853 408 894 ι
440 851 632 910 sapore
661 833 864 893 Christi
894 835 1188 905 desipiant,
1225 843 1282 890 et
1322 835 1434 892 sint
1469 834 1660 891 insulsi
1695 841 1752 892 et
1784 833 1952 900 fatui;

375 927 472 984 sed
510 925 656 998 quod
683 926 988 988 habuerunt
1013 925 1070 980 in
1109 939 1168 980 se
1207 924 1528 980 naturaliter
1564 923 1827 979 insulsum
1858 923 1957 978 ha-

373 1015 539 1074 beant
565 1030 664 1087 per
687 1014 889 1072 Christi
916 1015 1147 1086 gratiam
1171 1029 1269 1085 per
1299 1013 1479 1069 omnia
1510 1012 1622 1070 sale
1655 1013 1951 1068 conditum.

446 1103 764 1176 Tanguntur
791 1119 952 1159 aures
979 1112 1035 1160 et
1065 1117 1225 1160 nares
1268 1103 1335 1160 de
1361 1112 1540 1178 sputo,
1582 1112 1640 1158 et
1661 1103 1862 1159 dicitur
1877 1101 1957 1180 ef-

376 1195 518 1267 feta,
549 1195 603 1250 id
630 1203 716 1250 est
753 1194 1066 1266 adaperire;
1094 1195 1259 1249 ’nares
1287 1200 1602 1264 tanguntur,
1631 1201 1693 1247 ut
1717 1189 1974 1262 quandiu'

374 1288 488 1347 vita
519 1302 703 1344 comes
727 1296 784 1342 et
816 1285 974 1343 ﬂatus
998 1286 1123 1342 vita:
1161 1286 1218 1342 in
1249 1285 1474 1343 naribus
1495 1293 1554 1342 et
1578 1283 1810 1340 olfactus
1833 1297 1956 1354 per-

376 1382 660 1447 manserit,
702 1379 918 1435 assidue
962 1379 1018 1434 in
1061 1377 1264 1434 Christi
1311 1377 1535 1433 servitio
1561 1375 1849 1448 perduret;
1901 1380 1957 1430 et

378 1488 539 1529 aures
563 1471 813 1528 similiter
852 1477 1180 1540 tanguntur,
1213 1476 1278 1524 ut
1317 1467 1609 1525 salutarem
1653 1465 1954 1544 doctrinam

375 1564 698 1622 Christianae
744 1561 1020 1633 religionis
1045 1575 1111 1616 ac
1134 1559 1259 1616 ﬁdei
1293 1574 1509 1630 semper
1547 1557 1873 1622 auscultent,
1900 1564 1957 1613 et

376 1658 585 1714 intente
611 1653 831 1711 audiant
849 1693 865 1718 ,
891 1660 946 1708 et
966 1665 1158 1709 omnes
1191 1649 1506 1707 ridiculosas
1545 1648 1805 1707 daemonis
1833 1661 1957 1703 sua-

377 1748 560 1807 siones
580 1749 860 1814 respuant.

445 1802 644 1894 Pectus
825 1831 1082 1902 unguitur
1113 1838 1304 1888 saneto
1328 1802 1483 1894 oleo,
1505 1839 1568 1882 ut
1591 1827 1745 1901 signo
1778 1826 1957 1884 crucis
1982 1819 2032 1880 B

377 1926 701 1985 Christiana:
737 1923 1057 1980 excludatur
1083 1922 1299 1981 diabolo
1330 1921 1584 1979 introitus
1601 1959 1616 1987 ,
1633 1970 1637 1974 .
1656 1927 1713 1974 et
1739 1917 1958 1976 Christo

376 2017 608 2079 Domino
632 2022 856 2086 paretur
886 2013 1186 2086 ingressus.

449 2103 696 2177 Scapula:
740 2112 920 2160 autem
963 2105 1282 2174 signantur,
1324 2110 1386 2157 ut
1431 2101 1668 2170 undique
1697 2098 1959 2171 templum

376 2198 473 2258 Dei
503 2199 742 2257 dicatum
770 2197 838 2253 ab
863 2195 1012 2252 omni
1042 2194 1256 2250 Satanae
1283 2193 1670 2264 impedimento
1703 2189 1956 2246 munian-

378 2299 490 2345 tur.
537 2288 607 2344 Et
641 2288 746 2346 hoc
789 2287 1034 2360 signatur
1059 2284 1257 2340 lterum
1293 2284 1349 2342 in
1371 2282 1610 2354 pectoris
1641 2290 1698 2336 et
1721 2277 1960 2351 scapulae

379 2380 656 2442 unctione,
682 2385 745 2433 ιιι
766 2376 860 2432 ﬁat
879 2377 930 2432 ei
957 2375 1187 2432 firmitas
1210 2382 1265 2431 et
1284 2374 1553 2432 bonorum
1580 2385 1808 2444 operum
1835 2384 1961 2444 per-

383 2469 714 2527 severantia.
1357 2475 1360 2478 '
1502 2508 1508 2515 .

451 2560 586 2618 Post
609 2572 779 2615 sacrm
807 2553 1236 2634 regenerationis
1256 2553 1528 2610 lavacrum
1551 2552 1812 2624 baptizati
1833 2567 1962 2608 can-

383 2653 525 2710 didis
571 2651 871 2707 induuntur
909 2647 1270 2714 vestimentis,
1305 2656 1366 2702 ut
1390 2647 1665 2718 surgentis
1705 2644 1964 2702 Ecclesia:

381 2746 617 2819 ﬁgurant
649 2743 941 2817 mysticum
971 2741 1312 2813 mysterium,
1349 2739 1434 2794 vel
1460 2746 1684 2812 propter
1705 2738 1962 2810 gaudium

383 2851 539 2894 nova:
560 2833 1006 2905 regenerationis,
1037 2831 1266 2904 vitatque
1292 2830 1622 2900 castitatem,
1650 2837 1709 2887 et
1734 2828 1964 2901 angelici

382 2925 684 3000 splendoris
703 2925 977 2980 decorem.

459 3018 613 3076 Tunc
633 3018 850 3074 demum
872 3028 1027 3074 sacro
1053 3012 1370 3077 chrismate,
1391 3009 1536 3082 quod
1555 3008 1745 3066 Latine
1762 3008 1965 3067 dicitur

2055 559 2182 616 dote
2201 560 2532 632 semiformis
2553 559 2740 632 graﬁa:
2759 558 3006 630 spiritum
3036 558 3310 630 accipiunt
3324 600 3340 628 ,
3369 571 3429 616 ut
3453 578 3638 620 eorru-

2053 651 2316 708 borentur
2350 651 2406 707 in
2435 650 2540 707 ﬁde
2566 658 2714 706 recta
2739 663 2836 721 per
2856 648 3118 720 Spiritum
3130 659 3396 706 sanctum.
3424 651 3494 709 Et
3517 654 3637 712 ideo

2057 740 2118 798 iit
2140 757 2333 800 manus
2361 741 2652 813 impositio,
2681 749 2743 798 ut
2763 756 2861 811 per
2879 739 3313 800 benedictionem
3335 744 3630 802 advocemu-

2057 840 2113 888 et
2142 832 2404 889 invitetur
2426 832 2660 904 Spiritus
2694 840 2936 890 sanctus.
2972 833 3215 904 Denique
3246 835 3526 891 sciendum
3551 846 3637 894 est

2056 922 2183 994 quia
2209 923 2350 982 sicut
2372 931 2567 980 cetera
2592 923 2935 994 baptismatis
2966 934 3309 981 sacramenta
3335 941 3432 996 per
3455 941 3637 982 sacer-

2057 1013 2212 1068 dotes
2236 1013 2524 1068 visibiliter
2549 1012 2684 1067 ﬁunt
2709 1053 2724 1079 ,
2763 1021 2819 1068 et
2845 1026 2944 1082 per
2977 1012 3266 1068 Dominum
3296 1014 3639 1074 invisibiliter

2056 1095 2469 1174 consecrantur,
2501 1095 2576 1158 ita
2602 1112 2659 1158 et
2687 1102 2940 1173 Spiritus
2960 1103 3134 1158 sancti
3157 1104 3327 1175 gratia
3351 1120 3450 1175 per
3468 1105 3640 1175 impe-

2057 1195 2308 1253 sitionem
2343 1187 2601 1252 manuum
2629 1196 3007 1266 episcoporum
3045 1193 3295 1251 ﬁdelibus
3324 1194 3560 1252 traditur
3582 1205 3641 1253 et

2057 1305 2089 1346 a
2115 1288 2737 1345 Dominoeouﬁrmatur.

2123 1377 2411 1438 Pes'tremo
2447 1380 2672 1451 corpore
2698 1389 2753 1434 et
2782 1373 3042 1450 sanguine
3069 1378 3356 1436 Dominico
3391 1394 3640 1436 commu-

2056 1473 2329 1538 nicantur,
2349 1480 2410 1527 ut
2427 1471 2568 1528 illius
2593 1471 2833 1525 membra
2857 1468 3164 1526 efﬁciantur
3185 1468 3388 1539 quipro
3410 1470 3492 1525 eis
3506 1485 3637 1540 pas-

2055 1580 2150 1623 sus
2172 1572 2258 1620 est
2276 1603 2292 1630 ,
2317 1571 2375 1618 et
2402 1561 2718 1625 resurrexit,
2749 1568 2805 1615 et
2833 1573 2931 1629 per
2959 1558 3226 1614 visibilem
3255 1574 3452 1630 panem
3477 1569 3536 1616 et
3554 1562 3640 1616 vi-

2056 1671 2186 1714 num
2216 1664 2472 1728 pascatur
2498 1656 2678 1711 anima
2714 1654 2837 1710 cibo
2875 1652 3155 1720 invisibili,
3199 1654 3344 1709 sicut
3386 1654 3502 1725 ipse
3533 1655 3641 1712 Do-

2057 1747 2238 1803 minus
2255 1747 2348 1801 ait
2373 1764 2386 1800 :
2415 1744 2554 1800 Caro
2588 1760 2703 1798 mea
2741 1760 2860 1801 vere
2885 1753 2960 1799 est
2987 1744 3155 1810 cibus,
3179 1753 3226 1800 et
3251 1747 3465 1816 sanguis
3492 1763 3640 1802 metu

2058 1852 2177 1894 uere
2205 1845 2283 1891 at
2306 1845 2456 1908 potus
2481 1848 2500 1888 :
2522 1844 2572 1889 et
2593 1835 2682 1906 qui
2704 1834 2988 1890 manduca:
3018 1841 3229 1900 carnem
3257 1851 3428 1890 meum
3445 1847 3496 1891 et
3513 1853 3639 1892 sats-

2057 1926 2268 1998 θιιίηειιι
2285 1941 2457 1982 meum
2485 1925 2630 1989 bibit,
2653 1925 2805 1980 inme
2829 1934 3003 1980 manet
3023 1934 3072 1980 et
3101 1941 3194 1996 ego
3215 1925 3274 1981 in
3294 1926 3406 1982 ille.
3435 1926 3641 1984 ﬂorem

2058 2017 2222 2074 istum
2275 2016 2601 2088 accipiendae
2640 2017 2980 2073 eucharistia:
3020 2032 3052 2071 a
3099 2018 3328 2073 Domino
3371 2019 3636 2080 traditum

2058 2108 2300 2166 Ecclesia
2328 2115 2515 2174 tenet,
2557 2117 2618 2163 ut
2651 2122 2776 2164 cum
2802 2121 2944 2178 aqua
2965 2113 3022 2164 et
3047 2106 3259 2178 Spiritu.
3293 2117 3482 2179 sancte
3510 2110 3640 2180 quis

2059 2200 2383 2265 renascitur,
2434 2213 2664 2270 corpore
2709 2197 2920 2254 Domini
2967 2207 3225 2268 pascatur
3264 2207 3322 2255 et
3373 2201 3644 2269 sanguine

2056 2289 2176 2360 eius
2201 2298 2438 2362 potetur,
2460 2297 2522 2344 ut
2547 2289 2601 2344 in
2630 2293 2858 2359 carpere
2876 2286 3078 2344 Christi
3105 2288 3356 2354 traditus,
3387 2297 3444 2347 et
3468 2289 3564 2348 ille
3585 2290 3641 2348 in

2059 2378 2278 2436 Christo
2301 2387 2538 2448 maneat,
2568 2389 2625 2436 et
2647 2378 2895 2435 Christus
2915 2378 2971 2434 in
2989 2392 3075 2434 eo.

2130 2469 2218 2527 Sic
2253 2471 2460 2527 desinit
2473 2470 2638 2526 codex
2662 2469 3029 2541 Segrteriamu
3047 2509 3063 2536 ,
3105 2470 3495 2543 Andegmnsis
3520 2488 3644 2529 vero

2059 2563 2119 2620 s.
2146 2563 2320 2619 Albini
2353 2563 2504 2622 addit
2520 2564 2785 2636 sequentia
2807 2577 2828 2616 ε

2130 2655 2173 2710 Α
2197 2656 2424 2728 parvulo
2446 2656 2594 2712 enim
2631 2670 2822 2712 recens
2845 2666 2975 2713 nato
3001 2670 3177 2727 usque
3204 2656 3274 2712 ad
3302 2655 3644 2728 decrepitum

2061 2761 2247 2802 senem
2276 2746 2421 2801 sicut
2457 2745 2640 2802 nullus
2666 2754 2751 2802 est
2791 2747 2883 2816 qui
2908 2761 3016 2802 non
3043 2756 3268 2818 peccato
3297 2747 3570 2803 moriatur
3587 2748 3645 2806 in

2059 2840 2332 2910 baptismo
2348 2879 2363 2904 ,
2393 2839 2488 2894 sed
2513 2838 2726 2910 parvuli
2756 2847 2968 2896 tantum
2991 2838 3261 2911 originali,
3282 2837 3518 2909 majores
3544 2854 3649 2895 au-

2063 2939 2173 2988 tem
2195 2931 2361 2986 etiam
2389 2930 2475 2987 his
2504 2930 2758 2987 omnibus
2781 2931 3089 2986 moriuntur
3120 2931 3359 3002 peccatis
3386 2945 3649 3000 quacun-

2063 3035 2170 3093 que
2191 3021 2336 3078 maie
2354 3020 2584 3080 vivendo
2604 3021 2948 3089 addiderunt,
2975 3029 3031 3078 et
3048 3020 3180 3077 illud
3199 3017 3345 3092 quod
3366 3019 3652 3076 nascendo

385 3109 596 3174 unctio,
639 3116 802 3176 caput
823 3106 1164 3176 perungitur,
1195 3111 1256 3159 ut
1278 3103 1335 3157 in
1358 3115 1526 3174 regno
1565 3108 1624 3156 et
1653 3101 1962 3158 sacerdotio

2068 3121 2367 3170 traxerunt.

666 3164 912 3260 delibuti.
955 3164 1029 3250 εἴ
1041 3164 1250 3249 ¹(ἰιιιίίεειί
1279 3164 1513 3249 misit;
1548 3190 1781 3261 statim
1989 3164 2034 3227 ο
2070 3164 2553 3261 "Eligamus
2597 3204 2742 3260 eui
2768 3203 3019 3275 baptismi
3047 3211 3131 3262 est
3154 3203 3300 3274 quod
3341 3203 3508 3259 habet
3553 3203 3650 3274 qui

387 3295 573 3366 piant,
597 3301 655 3349 et
677 3290 796 3360 ejus
819 3291 1066 3346 membra
1092 3288 1186 3361 qui
1211 3301 1305 3346 eos
1324 3287 1556 3348 redemit
1578 3293 1634 3346 et
1661 3299 1854 3344 eorum
1872 3300 1968 3344 ca-

389 3392 484 3459 put
502 3392 610 3451 est,
638 3382 780 3441 efﬁci
801 3381 1037 3440 valeant.

455 3477 660 3535 Deinde
687 3475 916 3548 mystico
954 3472 1221 3531 velamine
1245 3478 1532 3544 teguntur,
1560 3480 1623 3529 ut
1657 3470 1976 3544 intelligant-

383 3584 448 3628 se
464 3569 710 3626 diadema
733 3566 885 3639 regni
910 3575 967 3622 et
993 3564 1281 3622 sacerdotii
1305 3565 1623 3636 dignitatem
1645 3572 1887 3635 portare,
1909 3573 1967 3620 et

391 3673 520 3719 tunc
535 3659 698 3728 regia:
722 3657 1002 3727 dignitatis
1026 3663 1346 3713 ornamenta
1373 3664 1429 3711 et
1453 3656 1810 3712 sacerdotalis
1838 3671 1963 3712 ver-

392 3749 514 3805 ticis
549 3748 783 3803 habeant
816 3755 1212 3818 tegumentum,
1245 3752 1309 3801 ut
1331 3754 1524 3801 contra
1548 3746 1682 3802 vitia
1713 3747 1968 3802 sacerdo-

393 3836 484 3892 tali
515 3835 783 3892 velamine
807 3835 1119 3894 muniantur
1132 3873 1150 3901 ,
1176 3841 1234 3890 et
1256 3834 1518 3892 virtutum
1541 3836 1771 3908 gemmis
1807 3836 1968 3906 spiri-

395 3925 613 3984 tualiter
656 3931 1008 3992 exornentur,
1051 3933 1112 3981 et
1149 3925 1404 3982 unctione
1445 3926 1779 3982 sacrosancti
1817 3927 1966 3982 ebri-

395 4018 588 4074 smatis
615 4015 904 4083 liniantur,
949 4024 1014 4075 ut
1046 4023 1248 4074 sancta:
1277 4015 1562 4074 Trinitatis
1601 4017 1965 4075 habitaculum

394 4104 535 4163 eﬁici
565 4114 892 4165 mereantur.

464 4194 706 4254 Peractis
738 4204 916 4252 autem
937 4198 1188 4255 omnibus
1214 4199 1561 4268 baptismatis
1587 4200 1968 4268 sacramentis,

2065 3295 2392 3368 baptizatur,
2421 3305 2478 3352 et
2503 3304 2905 3352 sacramentum
2933 3296 3093 3352 dandi
3113 3295 3365 3367 baptismi
3389 3305 3475 3351 est
3498 3293 3651 3366 quod

2065 3381 2230 3445 habet
2269 3386 2362 3458 qui
2401 3386 2706 3443 ordinatur.
2759 3385 2912 3442 Sicut
2943 3395 3124 3441 autem
3156 3385 3462 3456 baptizatus
3500 3383 3552 3438 si
3585 3385 3653 3439 ab

2063 3477 2274 3532 unitate
2303 3476 2622 3541 recesserit,
2650 3483 3050 3533 sacramentum
3075 3473 3326 3546 baptismi
3352 3488 3461 3530 non
3485 3473 3655 3528 amit-

2066 3567 2135 3623 tit
2165 3585 2178 3621 :
2203 3566 2338 3622 nulli
2375 3566 2523 3623 enim
2553 3575 2894 3624 sacramento
2936 3565 3136 3638 injuria
3172 3565 3419 3623 facienda
3443 3571 3554 3621 est.
3589 3563 3652 3620 Si

2065 3657 2292 3713 discedit
2317 3672 2348 3712 a
2379 3657 2570 3724 malis,
2601 3666 2892 3729 utrumque
2917 3657 3172 3724 discedit;
3203 3657 3249 3714 si
3289 3653 3649 3728 permanetis

2066 3746 2244 3812 malis,
2263 3754 2554 3816 utrumque
2581 3754 2783 3802 manet.
2809 3745 2961 3802 Sicut
2980 3760 3112 3818 ergo
3127 3753 3439 3816 aceeptatur
3466 3741 3651 3814 bapti-

2069 3853 2240 3904 smus,
2267 3851 2428 3906 quem
2461 3852 2567 3892 non
2598 3837 2776 3906 potuit
2800 3836 3050 3892 amittere
3081 3837 3175 3910 qui
3203 3836 3273 3891 ab
3299 3833 3510 3890 unitate
3536 3833 3654 3887 disp

2069 3934 2326 3992 cesserat,
2363 3927 2442 3982 sic
2477 3927 2838 3996 aceeptandus
2874 3933 2960 3983 est
2995 3926 3333 3997 haptismus,
3366 3929 3528 3994 quem
3565 3923 3655 3980 ὼν

2073 4015 2154 4071 dit
2193 4015 2284 4070 ille
2322 4015 2413 4088 qui
2442 4023 2841 4072 sacramentum
2865 4016 3026 4074 dandi
3053 4031 3175 4072 cum
3204 4014 3652 4074 discederet'non

2075 4105 2276 4160 amisit.

659 4476 1087 4597 NOTAE
1166 4476 1562 4593 JURIS
1643 4477 1732 4591 A
1817 4477 2496 4593 MAGNONE
2579 4478 3398 4596 COLLECTIE.

1321 4670 1452 4727 “ac
1470 4670 1611 4740 juris
1639 4681 1826 4746 σημεῖα
1858 4673 2033 4728 libens
2059 4687 2155 4729 rex
2186 4673 2370 4746 accipe
2405 4672 2596 4746 Carle;

1387 4761 1562 4820 Oﬁ'ert
1583 4763 1807 4820 devotus
1833 4779 1953 4833 quae
1975 4764 2070 4820 tibi
2100 4763 2289 4836 Magno
2319 4773 2464 4822 tuus.

405 5011 527 5064 ιω.
851 4997 1141 5068 Augustus.
1513 5011 1564 5049 Α.
1956 5004 2068 5052 aut.
2617 4998 2712 5050 ﬁ.
3067 5006 3198 5069 aput
3221 4997 3430 5072 (apud).

406 5111 438 5152 ι
453 5111 507 5157 Α.
581 5129 606 5156 .
852 5087 1101 5158 Augusti.
1511 5087 1603 5141 Tr.
1955 5101 1963 5139 ι

2066 5100 2156 5141 3m.
2617 5088 2736 5146 ῖῑῖιιο
3059 5089 3371 5160 appellatio.

405 5202 464 5242 Α.
855 5173 1184 5244 Augustalis.
1512 5175 1598 5227 ἵε.
1959 5173 2123 5230 actio.
2617 5176 2739 5230 [ιη.
3061 5185 3354 5249 amputata.

409 5288 502 5328 ar.
859 5271 1068 5328 auctor.
1093 5269 1267 5319 tutor.
1510 5275 1637 5359 ge.
1958 5261 2250 5318 actionem.
2617 5283 2716 5337 πῖ,
3063 5295 3305 5359 accepta.

407 5379 538 5418 aut.
852 5353 1138 5446 Αιὶιίξιιίυθο
1510 5349 1631 5409 Ῑῖδ·
1956 5351 2278 5446 actionibus
2621 5377 2733 5428 Αἰῑι.
3073 5349 3306 5446 adjutor.

411 5465 496 5506 ιι.
855 5440 1119 5500 antelata.
1515 5456 1642 5496 ινα.
1958 5462 1963 5492 ἱ

2066 5441 2342 5506 tutissime.
2628 5481 2710 5506 ,π
2760 5498 2788 5506 λ
3075 5504 3092 5506 ,ι
3123 5440 3154 5506 ιζ

411 5486 496 5506 ...
855 5486 1119 5500 ......-......
1515 5486 1567 5496 ...
1959 5486 1963 5492 .

411 5555 539 5598 sua.
857 5531 1127 5590 Aurelius.
1519 5545 1611 5583 ut.

2620 5486 2808 5600 ‘f’
3070 5486 3284 5600 ﬂgiti“)?
3337 5487 3646 5557 Provinci;

413 5574 539 5598 nuru
857 5574 959 5588 .....
973 5574 1127 5590 an--.
1519 5574 1611 5583 η,
1969 5574 2193 5583 ____w__'

413 5644 503 5691 *θ’
859 5625 986 5696 ³3η·
1517 5616 1647 5674 ῖῖιῖ.
1974 5617 2290 5672 auctoritas.
2622 5585 2689 5622 ⁸³⁵
2722 5574 2795 5624 θ’
3070 5574 3140 5696 θίξ
3162 5574 3360 5696 iocum.

415 5689 506 5776 πῖ.
861 5681 1006 5793 ager,
1522 5728 1575 5770 Α.
1593 5708 1685 5768 uti.

2066 5707 2113 5765 io
2139 5705 2396 5766 mandati.
2623 5697 2691 5737 λιι
2717 5699 2765 5737 νο
3069 5681 3344 5743 adﬁnem
