1985 3101
197 178 250 207 999

200 240 263 266 dam
280 246 357 266 more
373 237 453 265 solito
465 237 493 264 in
505 236 619 264 Litaniis
633 244 694 271 qua:
707 236 741 263 ab
759 236 885 271 omnibus
900 236 984 270 Majo-
999 238 1024 267 Α
1036 236 1123 263 lentes

200 281 245 302 res
266 273 432 308 appellantur
443 272 610 307 procederet,
626 270 680 308 ubi
693 271 744 298 sibi
756 270 985 308 populuscbviam

200 305 290 337 sacra'
300 305 431 342 religione
443 305 592 342 occurrere
601 341 606 342 γ
616 306 765 342 deberetet
779 305 927 342 secundum
938 313 987 342 an-

201 350 282 371 nuam
295 339 514 369 consuetudinem
534 341 640 367 litanias
663 345 690 368 et
703 341 845 367 missarum
858 339 987 367 solemnia

201 385 262 405 cum
273 376 458 404 sacerdotibus
471 376 619 403 celebraret
631 379 659 403 et
681 375 857 405 omnipotenti
873 375 987 402 Domino

273 382 458 404 sacerdotibus
471 382 619 403 celebraret
631 382 659 403 et
681 383 753 403 omni
773 382 857 401 ctenu
874 382 987 402 uommo

271 411 357 438 salute
370 382 880 452 Christianamm_[Christianij‘populi
891 416 987 452 preces

202 444 334 477 funderet,
351 450 378 473 et
392 446 536 473 secundum
548 444 676 472 olitanam
700 444 870 471 traditionem
886 451 901 471 a
913 448 988 471 nota-

202 482 242 508 rio
253 485 353 508 sancte
366 480 492 507 Romante
501 479 636 511 Ecclesiae,
648 479 674 506 in
688 479 801 506 ecclesia
816 479 888 506 beati
904 478 988 506 Geor-

202 516 237 552 gii
256 516 356 552 Christi
371 515 497 550 martyris
507 515 533 541 in
547 514 605 552 ejus
618 514 701 552 natali
714 514 773 548 ipsa
787 513 879 552 litania
890 513 988 552 prazdi~

202 548 263 578 cata
277 550 383 582 fuisset,
404 548 498 577 omnes
510 554 565 576 tam
582 549 631 575 viri
653 555 789 582 quamque
809 548 915 575 feminae
941 548 987 576 de—

201 590 262 612 vota
273 589 362 612 mente
369 585 526 612 catervatim
534 585 561 611 in
570 582 710 611 ecclesiam
723 583 793 610 beati
809 582 910 610 Christi
916 590 987 609 mar-

202 620 270 655 tyris
283 619 431 655 Laurentii,
460 627 520 654 qua:
544 618 651 646 Lucinae
675 622 862 655 nuncupatur,
889 618 935 644 ubi
960 622 989 645 et

202 652 313 682 collecta
319 652 556 690 przedictainerat,
567 658 758 690 occurrerunt.
768 652 772 653 ⁷
781 652 831 690 U_b_i
847 652 909 679 dum
920 659 988 686 prte-

204 690 290 717 dictus
316 687 476 716 venerabilis
499 688 618 722 pontifex
642 696 658 714 a
682 687 848 722 patriarcliio
863 695 988 722 egressus

202 724 306 756 fuisset,
329 724 434 750 obviam
459 723 495 750 illi
510 723 569 749 sine
588 723 694 757 planeta
709 722 816 757 iniquus
830 728 879 749 nec
893 722 986 749 dicen-

203 763 253 787 dus
273 758 411 785 Paschalis
434 758 603 792 primicerius
618 757 746 788 occurrit,
767 761 793 784 et
811 757 837 792 in
852 757 987 791 hypocrisi

202 795 307 821 veniam
323 793 357 819 ab
373 793 417 819 illo
427 791 536 827 petebat
552 792 645 827 dicens
660 801 666 818 :
693 791 760 824 Quia
782 791 905 818 inﬁrmus
916 799 985 823 sum,

203 833 230 856 et
244 829 303 855 ideo
318 827 376 854 sine
389 827 496 862 planeta
505 826 575 854 veni.
602 826 684 862 Tunc
692 827 877 862 sanctissimus
887 826 987 862 pncsul

202 864 308 890 veniam
319 862 356 889 illi
370 860 453 889 dedit.
486 861 615 888 Similiter
624 865 651 888 et
666 861 811 895 Campulus
822 860 986 892 sacellarius,

203 899 231 925 in
246 898 365 932 ipsorum
388 896 530 932 dolositate
541 896 644 932 pariter
656 896 683 922 in
697 895 843 932 pontiﬁcali
857 895 987 932 obsequio

202 929 344 967 pergentes
359 951 366 962 ,
397 935 426 958 et
440 931 528 958 dulcia
542 929 632 957 'verba
647 937 771 991 qu:e_no_n
802 929 943 970 habebant.
960 930 988 957 in

203 971 311 991 maiore
327 973 388 991 cum
398 973 431 991 eo
446 966 596 991 loouentes.
607 973 650 991 ma
664 966 806 991 ianietiam
820 968 848 991 et
862 972 945 991 intoui
958 972 988 991 ac

203 965 391 1002 pectorercum
398 973 431 1002 eo
446 966 596 1002 loquentes,
607 965 806 1002 malignietiam
820 968 848 993 et
862 965 990 1002 iniqui_ac

203 999 333 1037 perversi,
359 1001 471 1035 falsique
481 999 639 1027 ’Christiani
655 1020 662 1032 ,
678 999 790 1061 prorsus
805 999 915 1034 pagani,
942 999 990 1026 ﬁlii

204 1036 312 1061 diaboli.
324 1036 351 1061 in
364 1043 447 1061 unum
463 1043 492 1061 se
503 1035 622 1061 satanice
637 1034 679 1061 col
690 1035 803 1061 urentes.
815 1034 887 1061 pleni
898 1033 990 1061 iniuua

204 1033 312 1068 diaboli,
324 1036 351 1063 in
364 1033 447 1063 unum
463 1043 492 1063 se
503 1035 622 1062 satanice
637 1033 887 1070 colligentes,ipleni
898 1033 990 1069 iniqua

203 1071 367 1107 cogitatione
380 1071 406 1107 in
418 1070 587 1107 ipsoditinere
599 1069 874 1107 ante_m»onasteri_um‘
882 1073 990 1096 sancto-

205 1104 401 1141 ruin_Stephani
414 1104 441 1132 et
456 1105 590 1141 Silvestri,
602 1104 674 1141 quod
686 1105 801 1132 domnus
813 1104 910 1131 Paulus
921 1111 990 1141 papa

205 1137 374 1173 fundaverat,
399 1140 468 1167 clam
482 1140 579 1166 armati
593 1137 731 1171 assistere,
747 1144 827 1173 atque
835 1137 944 1173 repente
957 1137 992 1166 ile

204 1175 264 1203 loco
276 1175 432 1203 insidiarum
445 1174 599 1202 exsilientes
613 1173 647 1201 ad
662 1174 749 1209 ipsum
763 1174 845 1209 (quod
857 1173 929 1201 dictu
941 1180 989 1209 ne-

206 1210 247 1237 fas
259 1210 312 1246 est)
336 1210 434 1246 impie_
442 1209 627 1246 trucidandum
647 1210 748 1243 absque
763 1208 818 1235 ulla
841 1208 991 1246 reverentia

206 1242 402 1276 confluierunt,
420 1244 548 1271 Paschale
570 1243 604 1271 ad
614 1248 693 1278 caput
706 1242 810 1274 stante,
824 1247 851 1269 et
863 1242 992 1278 Campulo

206 1280 240 1307 ad
255 1280 337 1314 pedes
348 1279 495 1307 secundum
508 1279 627 1314 iniquum
647 1277 742 1306 eorum
757 1278 912 1314 consilium,
931 1277 992 1314 Quo

206 1313 288 1347 facto,
311 1315 399 1342 omnis
413 1314 459 1348 qui
482 1313 561 1341 circa
576 1321 637 1341 eum
650 1317 709 1343 erat
732 1313 855 1348 populus,
869 1313 993 1340 videlicet

205 1349 326 1381 inermis,
342 1353 370 1377 et
382 1349 409 1387 in
423 1347 477 1387 ’Dei
490 1347 576 1387 cilicio
589 1347 774 1383 praeparatus,
790 1348 886 1387 timore
900 1355 991 1387 armo-

206 1392 266 1411 rum
288 1384 448 1419 perterritus
465 1384 491 1411 in
505 1382 598 1419 fugam
617 1382 763 1419 conversus
776 1387 840 1419 est._
860 1382 913 1419 _l'psi
926 1382 993 1410 'vero

205 1417 377 1447 insidiatores
390 1423 469 1453 atque
483 1417 638 1453 operatores
649 1418 779 1446 malorum
791 1417 994 1453 Judaicomore

206 1454 266 1481 sine
279 1453 333 1481 ullo
343 1451 433 1481 divino
446 1453 488 1481 vel
501 1451 626 1481 'humano
647 1453 757 1481 honoris
778 1453 886 1484 intuitu,
905 1451 993 1480 ferino

206 1496 281 1515 more
295 1490 561 1523 comprehemlentes,
587 1489 612 1515 in
624 1492 724 1515 terram
735 1495 796 1515 eum
811 1487 992 1523 projecerunt,

206 1528 234 1550 et
256 1522 423 1558 absque’ulla
447 1523 630 1550 misericordia
644 1522 791 1558 scindendo
811 1522 994 1558 exspoliantes

206 1565 280 1590 eum,
304 1557 450 1585 crudeliter
461 1557 552 1584 oculos
568 1557 593 1584 ei
607 1557 730 1590 evellere,
743 1560 771 1591 et
785 1557 872 1591 ipsum
887 1557 994 1591 penitus

208 1600 310 1619 caecare
328 1593 418 1620 conati
430 1595 502 1619 sunt.
535 1591 601 1618 Nam
629 1592 717 1626 lingua
738 1590 919 1626 ejus’prteci’sa
941 1595 992 1624 est,

207 1631 235 1653 et
247 1630 277 1653 ut
289 1626 337 1661 ipsi
354 1626 463 1654 omnino
479 1630 540 1653 tunc
552 1626 676 1653 arbitrati
689 1630 773 1661 sunt,
783 1632 883 1653 caecum
895 1633 957 1653 eum
967 1631 995 1654 et

209 1660 547 1701 tantumiumediapllatea
558 1661 727 1701 dimiserunt.
752 1660 850 1700 verum
875 1661 997 1701 ipsima-

207 1695 425 1736 lignijfaschalis
435 1700 463 1723 et
477 1695 623 1736 Campulus
643 1696 714 1736 sicut
724 1695 781 1736 veri
799 1695 896 1736 pagani
905 1700 936 1736 _et
948 1696 996 1723 im-

206 1730 242 1765 pii
252 1730 284 1757 ad
295 1730 380 1765 ipsius
391 1730 545 1758 monasterii
560 1730 702 1757 ecclesiam
718 1734 780 1757 ante
795 1730 994 1758 confessionem

206 1772 268 1793 eum
285 1766 432 1796 trahentes,
455 1769 517 1792 ante
532 1766 618 1799 ipsum
629 1765 783 1792 venerabile
798 1765 884 1792 altare
896 1766 994 1793 iterum

206 1799 299 1835 oculos
317 1804 345 1827 et
367 1800 486 1835 linguam
502 1799 616 1835 amplius
643 1800 789 1827 crudeliter
804 1804 943 1832 eriterunt,
966 1805 995 1828 et

207 1834 293 1869 plagis
306 1842 367 1861 eum
378 1834 492 1861 diversis
503 1839 530 1861 et
539 1834 655 1869 fustibus
666 1835 800 1862 caedentes
815 1834 993 1868 laniaverunt,

207 1869 237 1904 et
244 1869 403 1904 semivivum
416 1870 443 1895 in
451 1869 579 1903 sanguine
585 1868 733 1895 revolutum
744 1873 807 1896 ante
813 1869 900 1904 ipsum
911 1870 995 1898 altare

207 1902 379 1939 dimiserunt,
397 1902 664 1939 postmodumivero
685 1903 735 1930 sub
754 1902 875 1931 custodia
895 1904 923 1931 in
938 1905 995 1939 ipso

209 1911 379 1935 dimiserunt,
403 1911 573 1965 postntouum
600 1911 664 1930 vero
685 1911 735 1930 sun
754 1911 875 1931 custodia
895 1912 923 1931 tn
938 1912 994 1939 ipso

209 1938 371 1973 monasterio
387 1938 404 1965 d
415 1938 554 1965 miserunt.
577 1938 686 1973 Timore
699 1942 789 1973 autem
801 1939 949 1973 perterriti,
961 1947 994 1967 ne

208 1979 223 1999 a
237 1972 400 2000 Christianis
423 1972 576 2000 hominibus
601 1972 705 1999 furatus
730 1972 792 2000 inde
810 1973 913 2006 fuisset,
930 1978 995 2001 tunc

210 2006 512 2047 malignumconsiliuln
526 2006 634 2047 adepti;
655 2007 724 2047 sicut
822 2007 995 2047 llegumenus

209 2041 463 2077 monasteriisancti
478 2041 582 2068 Erasmi
604 2041 757 2077 [Gerasimi]
779 2041 915 2077 proles—sus
941 2048 993 2076 est,

208 2075 330 2104 fecerunt
348 2083 409 2103 eum
424 2076 457 2102 ad
472 2084 503 2103 se
518 2075 613 2104 venire
635 2075 769 2111 clam.per
779 2075 894 2104 ‘uoctem
906 2097 913 2109 ,
938 2083 993 2105 tam

208 2110 332 2147 Eacbalis
346 2111 478 2147 malignus
489 2111 546 2147 qui
560 2115 622 2147 tunc
635 2110 805 2147 primicerius
818 2117 885 2144 erat,
912 2121 994 2147 quam

208 2144 354 2179 Campulus
374 2144 529 2173 saéellarius
544 2150 571 2172 et
588 2144 696 2173 Maurus
714 2145 873 2180 Nepesinus,
897 2144 929 2174 of
944 2148 994 2174 mi—

209 2184 302 2207 serunt
314 2188 376 2208 eum
387 2181 413 2207 in
427 2181 585 2215 praedictum
596 2181 788 2208 monasterium
804 2182 892 2209 sancti
910 2182 994 2209 Silve-

208 2215 258 2251 ξιιζί
272 2222 339 2251 (ειιιιι
351 2214 472 2251 pluribus
485 2215 588 2251 iniquis
603 2216 792 2243 consentaneis
803 2216 923 2251 ipsorum
935 2225 992 2244 ma-

811 177 967 205 S.-\NCTUS
985 176 1052 205 LEO
1071 177 1157 205 I’APA
1175 177 1216 204 Ill.

1760 175 1831 207 Η)οῢ

1163 234 1367 271 abstrahentes]
1390 235 1559 262 deduxerunt
1580 235 1608 262 iu
1633 236 1832 266 monasterium

1170 271 1261 303 rasmi,
1284 275 1312 298 et
1328 271 1355 297 in
1377 275 1451 298 arcta
1465 274 1493 297 ct
1509 274 1622 305 angusta
1633 271 1755 298 cttstodia
1766 277 1831 300 eum

1037 306 1216 333 recluserunt.
1241 305 1296 333 Sed
1308 306 1378 333 Deus
1394 305 1565 339 omnipotens
1579 305 1626 340 qui
1638 312 1734 334 eorqu
1751 308 1831 335 mali.

1037 341 1103 368 tiam
1118 341 1284 375 praesciendo
1297 340 1342 367 diu
1359 340 1493 375 patienter
1504 340 1643 372 sustinuit,
1663 340 1722 375 ipse
1731 348 1829 370 eorum

1036 374 1144 411 iniquos
1157 380 1270 403 conatus
1281 374 1443 411 mirabiliter
1452 374 1595 402 destruxit.
1615 374 1734 411 Contigit
1742 377 1829 409 enim.

1036 409 1279 446 cooperaiiterDeo,
1299 414 1327 437 et
1337 410 1417 437 beato
1427 409 1507 446 Petro
1518 409 1641 446 apostolo
1651 409 1831 446 suﬂ'ragante,

1036 443 1107 479 quod
1118 445 1270 472 antedictus
1283 452 1351 479 papa
1358 452 1420 472 cum
1434 444 1468 471 ab
1475 443 1544 479 ipsis
1547 443 1720 472 carniﬁcibus
1733 443 1760 473 i'n
1772 454 1832 474 mo-

1037 480 1184 507 nasterium
1191 480 1278 507 sancti
1289 479 1392 507 Erasmi
1405 480 1432 506 in
1443 479 1593 506 custodiam
1604 479 1769 513 mitteretur,
1776 481 1832 508 Do-

1036 514 1110 541 mino
1119 519 1264 549 annuente,
1277 518 1357 549 atque
1371 514 1450 542 beato
1460 513 1594 549 clavigero
1605 514 1678 541 Petri
1691 516 1832 549 regnim

1038 549 1125 576 lorum
1137 548 1311 584 suffragante,
1322 553 1353 576 ut
1359 549 1447 576 visum
1460 548 1594 584 receperit
1606 553 1634 576 et
1646 548 1736 584 lingua
1751 550 1785 578 ad
1794 551 1832 578 lo-

1037 584 1171 620 quendum
1186 584 1225 611 illi
1238 584 1360 620 restituta
1373 584 1417 611 sit.

1072 619 1106 654 Et
1118 623 1147 645 ut
1160 619 1315 646 ostenderet
1326 620 1497 654 omnipotens
1511 620 1583 646 Deus
1598 625 1680 652 super
1691 624 1771 647 suum
1786 620 1828 648 fa-

1040 653 1142 680 mulum
1155 654 1262 681 solitam
1281 653 1494 681 misericordiam
1514 658 1542 681 et
1568 661 1694 688 magnum
1711 655 1831 682 miracu-

1037 688 1102 725 lum,
1116 689 1206 715 divino
1216 693 1288 725 nutu
1299 688 1358 721 ejus
1367 696 1382 715 a
1396 689 1517 715 ﬁdelibus
1529 688 1690 725 Christianis
1704 689 1778 725 viris.
1791 690 1831 716 ri-

1038 723 1134 750 delicet
1145 730 1193 757 per
1207 723 1334 750 Albinum
1345 724 1536 750 cubicularium
1552 723 1614 750 cum
1628 723 1688 750 aliis
1698 723 1833 757 .ﬁdelibus

1038 758 1122 784 Deum
1134 758 1326 790 metuentibus,
1336 765 1370 785 ex
1382 758 1444 792 ipso
1457 766 1518 784 cum
1525 758 1645 785 claustro
1653 758 1759 785 occulte
1769 759 1830 786 abs-

1038 792 1161 828 tollcntes
1178 793 1206 819 in
1220 793 1359 828 basilicam
1380 792 1450 820 beati
1468 793 1540 819 Petri
1564 792 1746 826 apostolorum
1759 794 1832 828 prin-

1038 827 1116 862 cipis,
1137 827 1183 855 ubi
1195 831 1223 862 et
1236 827 1293 862 ejus
1306 828 1518 855 sacratissimum
1529 834 1628 860 corpus
1647 827 1772 860 quiescit,
1784 829 1832 855 de-

1039 861 1182 888 duxerunt.
1201 861 1255 895 Qui
1264 869 1358 889 omnes
1368 863 1507 889 audientes
1520 867 1547 889 ct
1559 862 1679 888 videntes
1694 863 1829 889 mirabilia

1039 896 1097 929 Dei,
1114 896 1160 930 qui
1182 897 1353 924 innocentem
1364 902 1391 924 et
1401 897 1503 931 justum
1522 897 1676 931 ponliliccm
1696 897 1729 923 de
1743 899 1828 924 mani-

1039 932 1089 967 bus
1116 932 1285 967 inimicorum
1313 932 1404 967 eruit,
1442 932 1658 967 gloriﬁcaverunt
1686 932 1828 967 Dominum

1040 965 1135 997 Deum,
1146 966 1286 993 dicentes:
1312 965 1465 993 Benedictus
1489 967 1615 993 Dominus
1640 966 1709 993 Deus
1733 966 1828 997 Israel.

1039 1001 1084 1036 qui
1109 1000 1172 1036 facit
1184 1000 1315 1036 mirabilia
1330 1010 1425 1035 magna
1437 1002 1518 1033 solus,
1545 1007 1568 1027 et
1585 1010 1636 1027 non
1649 1001 1761 1027 deseruit
1774 1010 1830 1035 spe-

1040 1035 1167 1071 rantesrin
1183 1042 1210 1062 se
1224 1035 1310 1071 (Psal.
1326 1036 1410 1071 Lm).
1439 1036 1525 1063 Sedin
1537 1043 1568 1062 eo
1582 1036 1830 1070 adimplevit‘misev

1040 1070 1184 1097 ricordiam
1196 1077 1274 1097 suam
1285 1075 1315 1097 ut
1330 1072 1547 1097 manifestarctur
1559 1071 1641 1104 gloria
1658 1071 1714 1102 Dei,
1739 1075 1767 1097 et
1779 1071 1828 1097 ιιιὶ-

1040 1105 1135 1132 rabilia
1149 1104 1176 1132 in
1191 1105 1247 1137 illo,
1278 1106 1500 1139 qiumiadmodum
1520 1106 1644 1140 promisit
1659 1106 1829 1139 sperantibus

1040 1139 1069 1168 in
1086 1147 1127 1175 se,
1141 1139 1279 1175 psalmista
1296 1140 1401 1168 dicente
1417 1150 1423 1167 :
1449 1139 1574 1166 Dominus
1589 1140 1747 1167 illuminatio
1759 1148 1826 1171 mea,

1040 1179 1064 1202 et
1087 1174 1159 1202 salut
1171 1182 1241 1207 mea,
1257 1183 1331 1210 quem
1349 1176 1442 1202 timebo
1458 1176 1470 1202 ν
1485 1175 1612 1201 Dominus
1629 1175 1751 1209 defensor
1773 1176 1830 1210 vim

1041 1217 1116 1242 mete,
1132 1218 1149 1236 a
1163 1217 1214 1245 quo
1228 1209 1362 1244 trepidabo
1375 1210 1460 1245 (Ptol.
1478 1211 1550 1244 χχιι)
1563 1210 1574 1236 ?
1600 1210 1632 1236 Et
1646 1211 1743 1236 iterum
1756 1219 1763 1236 :
1778 1209 1830 1235 Lu-

1042 1252 1121 1271 cerna
1130 1244 1238 1278 pedibus
1253 1245 1317 1272 meis
1331 1244 1435 1272 uerbum
1457 1250 1539 1277 tuum,
1563 1244 1683 1276 Domine,
1704 1249 1729 1271 et
1744 1244 1831 1271 tum

1042 1280 1139 1315 semitis
1153 1279 1219 1315 meis
1244 1279 1329 1314 (Psat.
1348 1280 1453 1315 cxvru).
1482 1281 1513 1306 lit
1534 1287 1595 1306 vere
1607 1287 1622 1306 a
1635 1279 1755 1307 tenebris
1764 1286 1830 1315 eum

1043 1314 1172 1341 Dominus
1182 1314 1309 1349 eripiens,
1321 1314 1411 1342 lumen
1431 1314 1545 1341 reddidit
1560 1319 1586 1341 et
1608 1314 1726 1348 linguam
1738 1314 1771 1341 ad
1790 1314 1829 1340 lo—

1043 1349 1317 1385 quendumrestituit,
1329 1354 1356 1377 et
1371 1351 1435 1377 totis
1442 1350 1501 1384 ejus
1513 1349 1597 1385 [eum]
1613 1349 1831 1385 solidavitrmem‘

1043 1383 1110 1420 bris,
1129 1387 1157 1411 et
1180 1383 1208 1420 in
1221 1384 1346 1412 omnibus
1370 1383 1496 1420 operibus
1515 1383 1676 1410 mirabiliter
1698 1384 1831 1420 deducet;

1043 1418 1215 1446 confortavit.
1247 1419 1281 1446 Et
1295 1418 1426 1454 quantum
1450 1420 1573 1454 gaudium
1587 1419 1740 1446 habuerunt
1753 1419 1831 1445 Chri-

1044 1454 1126 1491 stiani
1146 1454 1431 1491 hominesetﬁdeles,
1450 1459 1554 1491 tantum
1580 1461 1698 1481 interere
1710 1454 1832 1491 «tristi-

1044 1489 1081 1516 tia
1093 1489 1238 1524 angustiati
1255 1489 1293 1516 illi
1319 1490 1473 1518 nesciebant
1483 1489 1548 1523 quid
1567 1493 1686 1523 agerent,
1706 1489 1769 1515 etin
1781 1495 1831 1523 pe-

1045 1524 1130 1551 riculo
1157 1531 1187 1551 se
1201 1530 1261 1551 esse
1274 1524 1468 1555 existimantes,
1493 1525 1649 1557 quzercbant
1674 1524 1832 1557 semetipsos

1046 1558 1207 1586 interﬁcere.
1236 1559 1269 1585 Et
1283 1559 1345 1586 dum
1360 1567 1414 1586 non
1430 1559 1581 1585 im‘euirenl
1607 1558 1670 1592 quid
1684 1558 1756 1585 aliud
1769 1565 1833 1592 age-

1046 1597 1117 1626 rent,
1132 1593 1241 1620 domum
1263 1593 1353 1620 Albini
1378 1593 1462 1621 ﬁdelis
1484 1594 1555 1620 beati
1572 1593 1644 1620 Petn'
1667 1593 1780 1628 apostoli
1806 1598 1833 1620 et

1044 1627 1164 1662 ejusdem
1186 1628 1321 1662 pontiﬁcis
1341 1629 1523 1662 dcprmdantes
1544 1627 1745 1659 desti‘uxeriint.
1766 1629 1831 1655 etin

1044 1662 1130 1698 ipsam
1148 1662 1219 1698 beati
1231 1663 1302 1690 Petri
1318 1664 1437 1698 apostoli
1466 1663 1553 1689 aulam
1576 1662 1753 1697 conjungcnte
1765 1671 1831 1697 prte-

1044 1697 1100 1724 fato
1120 1697 1246 1732 pontiﬁce
1259 1697 1401 1725 confestim
1413 1698 1542 1725 Winichis
1556 1698 1686 1732 gloriosus
1698 1698 1750 1724 dux
1763 1699 1830 1732 Spo-

1044 1732 1150 1760 letan‘us
1166 1740 1228 1759 cum
1248 1740 1298 1760 suo
1322 1734 1443 1760 exercitu
1468 1733 1585 1759 obviavit
1599 1733 1633 1763 ei,
1651 1737 1744 1759 etcum
1757 1739 1831 1759 sum-

1045 1775 1118 1794 mum
1141 1767 1295 1801 pontiﬁcem
1312 1768 1446 1795 videntem
1457 1772 1483 1794 et
1499 1768 1652 1802 loquentem
1677 1767 1832 1802 conspexis-

1045 1806 1097 1834 set,
1113 1803 1302 1829 venerabiliter
1320 1810 1379 1829 cum
1404 1803 1536 1837 recipiens
1561 1802 1698 1836 Spoletum
1711 1802 1832 1832 deduxit,

1044 1837 1198 1871 glorificans
1211 1842 1240 1864 et
1253 1838 1363 1864 laudans
1377 1838 1469 1867 Deum,
1493 1838 1536 1871 qui
1555 1845 1601 1871 per
1616 1837 1680 1863 talia
1696 1837 1828 1863 mirabilia

1044 1879 1105 1899 eum
1117 1872 1283 1899 clariﬁcavit.
1314 1872 1372 1905 Quo
1387 1872 1478 1899 audito
1492 1880 1539 1906 per
1563 1872 1685 1898 diversas
1698 1872 1830 1902 civitates,

1045 1906 1225 1934 Romanorum
1240 1906 1332 1934 ﬁdeles
1349 1907 1383 1934 ad
1405 1914 1466 1934 eum
1491 1911 1677 1937 occurrerunt.
1695 1911 1721 1933 et
1733 1907 1832 1941 pariter

1044 1949 1106 1968 cum
1126 1941 1260 1976 aliquibus
1271 1949 1303 1968 ex
1318 1942 1383 1976 ipsis
1402 1943 1554 1968 civitatibus
1579 1942 1713 1975 episcopis
1723 1941 1832 1975 presby-

1045 1977 1120 2007 teris,
1144 1975 1249 2004 clericis
1262 1975 1390 2004 Romanis
1405 1982 1432 2004 et
1453 1976 1614 2011 primatibus
1633 1976 1784 2011 civitatum,
1799 1975 1831 2002 ad

1044 2011 1299 2038 excellentissimum
1321 2010 1585 2039 domnum’Carolum
1610 2010 1832 2044 regeman

1045 2053 1105 2081 rum
1115 2050 1141 2073 et
1154 2046 1391 2081 Longobardorum
1406 2047 1632 2080 atquepatricium
1651 2046 1830 2081 Romanorum

1044 2080 1181 2115 profectus
1194 2080 1245 2108 est.
1275 2081 1334 2114 lpsc
1357 2088 1421 2109 vero
1435 2081 1682 2107 Christianissimus
1699 2085 1726 2107 et
1740 2080 1832 2106 ortho-

1044 2115 1222 2155 doxusatque
1232 2115 1383 2155 praecipuus
1401 2116 1682 2155 (-‘lClllCllllSs‘l'l'lil'lSQllk’:
1698 2123 1747 2143 rex
1759 2115 1830 2155 illicp

1045 2154 1074 2184 ut
1084 2150 1196 2182 audivit,
1219 2150 1293 2177 misit
1314 2150 1341 2176 in
1352 2150 1458 2177 obviam
1470 2150 1528 2185 ejus
1550 2150 1729 2177 Hildivaldum
1744 2150 1832 2177 archi-

1044 2184 1199 2219 episcopum
1224 2188 1251 2211 et
1270 2184 1446 2219 capellanum,
1468 2189 1496 2212 et
1515 2184 1674 2211 Ascliarium
1695 2184 1830 2212 comitem.

1044 2219 1078 2246 Et
1098 2219 1268 2254 postmodum
1291 2220 1429 2254 proprium
1449 2219 1531 2246 ﬁlium
1545 2227 1623 2247 suum
1634 2219 1775 2253 Pippinum
1788 2228 1833 2246 ex-

1037 272 1124 299 sancti

210 2248 393 2277 lefactoribus.
423 2250 457 2277 Et
469 2250 509 2277 sic
520 2248 568 2284 per
583 2254 689 2277 noctem
709 2257 771 2277 eum
785 2248 883 2278 exinde
895 2252 993 2279 abstcl-
1005 2250 1031 2279 ι)
1044 2248 1265 2281 cellentissimum
1288 2248 1379 2287 regem
1404 2262 1466 2282 cum
1481 2254 1542 2281 aliis
1568 2248 1712 2282 comitibus
1724 2254 1832 2282 obviu-

210 2315 325 2349 fugeret,
348 2315 535 2349 pertransiens
548 2315 695 2347 Coloniam,
719 2316 825 2343 venerit
839 2317 872 2343 ad
896 2317 983 2344 locum

210 2357 263 2382 quo
277 2350 329 2376 viri
345 2350 392 2377 Dei
410 2350 531 2377 Severini
546 2357 643 2384 corpus
666 2351 819 2377 venerabile
839 2352 995 2384 requiescit,

211 2384 421 2445 ibiqueécprmter
432 2392 534 2411 morem
556 2383 636 2418 quem
661 2383 687 2411 in
701 2385 745 2411 via
766 2383 922 2413 servaverat
933 2395 994 2414 ora-

211 2421 266 2445 tmn
278 2426 293 2445 e
336 2419 418 2445 esiam
430 2419 562 2445 introivit.
582 2419 701 2445 Comites
720 2424 812 2445 autem
824 2420 882 2445 eius
895 2421 994 2445 miran-

211 2421 266 2445 tmn
278 2419 418 2446 ecclesiam
430 2419 562 2446 introivit.
582 2419 701 2447 Comites
720 2424 812 2447 autem
824 2420 882 2454 ejus
895 2421 995 2448 miran-

212 2456 254 2479 tes
279 2460 389 2490 causam
401 2454 479 2490 hujus
494 2454 564 2481 modi
578 2454 796 2490 sciscitabantur.
808 2454 924 2490 iQuibus
939 2455 992 2488 ille,

210 2491 279 2528 teste
292 2487 381 2528 Syrio,
393 2487 522 2528 vigesimo
534 2489 614 2516 tertio
625 2488 749 2528 0_c_tobris
763 2497 769 2514 :
785 2498 793 2514 ι
808 2487 882 2522 Loci,
895 2490 991 2528 inquit,

210 2521 289 2556 hujus
300 2521 449 2550 defensoris
461 2522 556 2550 domus
567 2527 618 2553 est,
642 2523 703 2550 ideo
717 2531 771 2551 non
783 2531 866 2552 ausus
890 2521 948 2552 sum
960 2521 991 2552 il;

208 2556 441 2593 lam_per_transire
456 2557 638 2584 insalutatam.
658 2557 726 2585 Hinc
750 2565 814 2593 ergo
828 2561 992 2587 consuetudo

208 2590 313 2628 civibus
322 2591 445 2628 inolevit,
462 2596 491 2628 ut
504 2600 561 2628 uno
567 2592 610 2620 die
620 2600 668 2627 per
679 2590 799 2628 singulas
811 2593 993 2623 hebdomadas

208 2626 243 2653 ad
257 2626 348 2663 sancti
355 2625 476 2663 Severini
490 2625 641 2663 sepulcrum
658 2625 777 2663 veniant,
801 2632 828 2655 et
840 2632 870 2655 ut
891 2636 939 2663 per
950 2633 992 2656 to-

208 2660 476 2699 tam_bebdomadam
490 2660 547 2694 ejus
561 2662 715 2699 patrocinio
727 2662 880 2699 fulciantur,
891 2660 993 2699 'suppli-

206 2695 233 2722 ci
262 2695 401 2723 devotione
425 2695 582 2729 deposcunt.
604 2705 613 2721 ι
643 2696 672 2723 ln
705 2697 880 2725 translatione
905 2695 992 2726 stiricti

207 2729 308 2765 Liborij
319 2730 390 2765 apud
403 2729 513 2757 Surium
528 2730 657 2765 vigesima
674 2732 753 2758 tertia
774 2731 836 2759 Julii
853 2733 990 2765 scribitur,

207 2765 277 2801 quod
292 2764 458 2801 Paderbonat
480 2765 574 2801 altare
589 2767 798 2798 consecraverit,
820 2772 903 2801 atque
917 2768 944 2794 in
957 2775 990 2796 eo

207 2798 334 2835 reliquias
347 2801 433 2835 sancti
447 2800 576 2835 Stephani
590 2801 805 2835 protomartyris,
817 2798 885 2835 quas
898 2810 989 2831 secum

208 2831 294 2869 Roma
308 2834 449 2866 detulerat,
464 2831 624 2863 condiderit.
645 2834 707 2861 Haec
720 2831 779 2862 sine
796 2831 877 2863 dubio
891 2837 919 2864 in
933 2838 989 2869 pri-

209 2872 253 2891 mo
263 2867 376 2896 adventu
389 2868 485 2896 Leonis
494 2878 570 2905 papae
582 2871 608 2897 in
619 2870 791 2898 Germaniam
803 2867 985 2905 contigerunt.

1049 2320 1173 2347 Secundo
1186 2321 1260 2347 venit
1272 2321 1298 2347 in
1311 2320 1482 2348 Germaniam
1494 2328 1564 2348 anno
1578 2320 1684 2347 Domini

1048 2355 1142 2390 tesimo
1163 2360 1276 2390 quarto;
1306 2356 1339 2383 de
1360 2363 1413 2390 quo
1434 2363 1542 2390 accessu
1564 2355 1702 2390 pontiﬁcis
1726 2355 1784 2390 hac
1806 2355 1832 2382 in

1048 2389 1196 2416 Annalibus
1211 2389 1376 2417 Francorum
1390 2400 1396 2416 :
1415 2399 1423 2414 ι
1447 2389 1533 2417 Medio
1549 2389 1702 2417 novembris
1721 2389 1832 2416 allatum

1048 2427 1089 2460 est
1100 2424 1197 2460 Carolo
1212 2424 1327 2451 Leonem
1342 2432 1438 2460 papam
1452 2425 1568 2452 natalem
1594 2424 1701 2452 Domini
1716 2431 1779 2460 cum
1800 2431 1832 2451 eo

1048 2458 1184 2495 celebrare
1197 2459 1275 2495 velle,
1291 2458 1442 2494 ubicunque
1454 2460 1506 2487 hoc
1521 2460 1677 2495 contingere
1688 2459 1829 2495 potuisset.

1045 2492 1128 2525 Quem
1153 2494 1245 2520 statim
1263 2494 1345 2521 misso
1360 2492 1406 2521 ad'
1416 2498 1539 2521 sanctum
1566 2492 1719 2521 Mauritiu'm
1732 2493 1830 2521 Carolo

1045 2527 1107 2564 lilio»
1117 2535 1166 2564 suo
1178 2528 1326 2556 honoriﬁce
1336 2530 1472 2564 suscipere
1480 2528 1570 2562 jussit.
1596 2528 1656 2564 Ipse
1665 2528 1782 2564 obviam
1793 2527 1828 2555 illi

1045 2562 1077 2588 ad
1092 2562 1257 2590 llhemorum
1270 2562 1557 2597 civitatem’profcctus
1570 2562 1621 2593 est,
1637 2563 1727 2597 ibique
1739 2570 1828 2590 susce-

1044 2596 1085 2631 pit
1104 2604 1175 2627 eum,
1189 2601 1242 2625 etc.
1260 2607 1269 2624 ι
1291 2598 1364 2631 Quas
1375 2596 1476 2625 res’ille
1488 2598 1515 2625 in
1535 2596 1692 2625 Germania
1703 2598 1827 2632 gesserit,

1044 2639 1103 2666 qua:
1114 2631 1211 2659 altaria
1221 2633 1332 2660 colonia:
1348 2632 1556 2664 consecraverit,
1580 2632 1679 2667 quibus
1694 2632 1831 2659 miraculis

1045 2670 1169 2693 sanctum
1182 2667 1344 2695 Swibertum
1361 2668 1457 2695 canoni
1483 2671 1638 2695 sanctorum
1663 2667 1829 2696 ascripserit.

1043 2701 1174 2762 prolixior
1185 2703 1432 2742 narratio-habetur
1452 2702 1478 2729 in
1492 2701 1605 2743 epistola
1629 2701 1745 2742 Lugderi
1759 2702 1828 2736 apud

1064 2743 1164 2762 unum.
1178 2738 1203 2762 l.
1228 2737 1325 2762 Martii.
1353 2737 1382 2762 ln
1397 2736 1458 2762 Vita
1479 2736 1567 2762 Caroli
1584 2736 1686 2762 lentur
1712 2736 1828 2762 Leonem

1054 2735 1164 2768 iurium,
1178 2738 1203 2763 l.
1228 2737 1325 2764 Martii.
1353 2737 1382 2764 ln
1397 2736 1458 2764 Vita
1479 2735 1567 2764 Caroli
1584 2735 1686 2771 legitur
1712 2735 1830 2763 Leonem

1042 2777 1090 2810 pro
1111 2772 1168 2798 suis
1181 2772 1401 2810 persecutoribus
1423 2778 1561 2810 exorasse,
1587 2771 1783 2810 intercessisse.
1803 2776 1828 2810 et

1041 2805 1201 2839 impetrasse
1213 2814 1246 2833 ne
1268 2807 1295 2832 in
1305 2813 1419 2840 corpore
1438 2806 1608 2840 punirentur.
1622 2806 1669 2833 sed
1684 2810 1790 2832 tantum
1802 2805 1828 2831 in

1043 2840 1167 2867 exsilium
1185 2843 1367 2871 mitterentur,
1392 2842 1419 2868 in
1439 2848 1516 2874 quos,
1532 2841 1604 2868 velut
1626 2840 1749 2867 criminis
1763 2840 1831 2866 latae

1040 2874 1190 2907 niajcstatis
1201 2883 1272 2907 reos,
1283 2875 1380 2910 rapitis
1390 2876 1521 2903 sententia
1534 2875 1637 2910 prolata
1647 2879 1714 2902 erat.
1730 2874 1761 2903 S.
1769 2874 1828 2901 Bis.
