  <div class='ocr_page' id='page_1' title='image "/cluster/home/n/w/nwhite01/storage/ocr_20150623/102/hvd.32044052820032/516.png"; bbox 0 0 3970 6202; ppageno 0'>
   <div class='ocr_carea' id='block_1_1' title="bbox 296 348 425 401">
    <p class='ocr_par' dir='ltr' id='par_1_1' title="bbox 296 348 425 401">
     <span class='ocr_line' id='line_1_1' title="bbox 296 348 425 401; baseline -0.008 0"><span class='ocrx_word' id='word_1_1' title='bbox 296 348 425 401; x_wconf 83' lang='lat' dir='ltr'><strong>l0:’.l</strong></span> 
     </span>
    </p>
   </div>
   <div class='ocr_carea' id='block_1_2' title="bbox 294 519 1872 594">
    <p class='ocr_par' dir='ltr' id='par_1_2' title="bbox 294 519 1872 594">
     <span class='ocr_line' id='line_1_2' title="bbox 294 519 1872 594; baseline -0.007 -11"><span class='ocrx_word' id='word_1_2' title='bbox 294 519 403 583; x_wconf 62' lang='lat' dir='ltr'><strong>:‘t&#39;eé</strong></span> <span class='ocrx_word' id='word_1_3' title='bbox 430 519 535 580; x_wconf 75' lang='lat' dir='ltr'><strong>non</strong></span> <span class='ocrx_word' id='word_1_4' title='bbox 564 525 653 578; x_wconf 89' lang='lat' dir='ltr'><strong>ubi</strong></span> <span class='ocrx_word' id='word_1_5' title='bbox 682 541 840 594; x_wconf 87' lang='lat' dir='ltr'><strong>supra</strong></span> <span class='ocrx_word' id='word_1_6' title='bbox 865 522 992 576; x_wconf 89' lang='lat' dir='ltr'><strong>fecit</strong></span> <span class='ocrx_word' id='word_1_7' title='bbox 1015 522 1130 594; x_wconf 80' lang='lat' dir='ltr'><strong>vela</strong></span> <span class='ocrx_word' id='word_1_8' title='bbox 1153 519 1514 594; x_wconf 80' lang='lat' dir='ltr'><strong>Alexandrina</strong></span> <span class='ocrx_word' id='word_1_9' title='bbox 1547 519 1745 594; x_wconf 87' lang='lat' dir='ltr'><strong>majora</strong></span> <span class='ocrx_word' id='word_1_10' title='bbox 1774 537 1872 594; x_wconf 81' lang='lat' dir='ltr'><strong>nu-</strong></span> 
     </span>
    </p>
   </div>
   <div class='ocr_carea' id='block_1_3' title="bbox 293 590 1870 664">
    <p class='ocr_par' dir='ltr' id='par_1_3' title="bbox 293 590 1870 664">
     <span class='ocr_line' id='line_1_3' title="bbox 293 590 1870 664; baseline -0.006 -10"><span class='ocrx_word' id='word_1_11' title='bbox 293 613 444 654; x_wconf 89' lang='lat' dir='ltr'><strong>mero</strong></span> <span class='ocrx_word' id='word_1_12' title='bbox 476 590 883 664; x_wconf 51' lang='lat' dir='ltr'><strong>quinquefquxe</strong></span> <span class='ocrx_word' id='word_1_13' title='bbox 902 592 1143 664; x_wconf 79' lang='lat' dir='ltr'><strong>pendent</strong></span> <span class='ocrx_word' id='word_1_14' title='bbox 1172 605 1334 661; x_wconf 86' lang='lat' dir='ltr'><strong>super</strong></span> <span class='ocrx_word' id='word_1_15' title='bbox 1360 590 1536 660; x_wconf 85' lang='lat' dir='ltr'><strong>regias</strong></span> <span class='ocrx_word' id='word_1_16' title='bbox 1563 591 1794 661; x_wconf 76' lang='lat' dir='ltr'><strong>majores</strong></span> <span class='ocrx_word' id='word_1_17' title='bbox 1816 591 1870 645; x_wconf 89' lang='lat' dir='ltr'><strong>in</strong></span> 
     </span>
    </p>
   </div>
   <div class='ocr_carea' id='block_1_4' title="bbox 294 661 1365 727">
    <p class='ocr_par' dir='ltr' id='par_1_4' title="bbox 294 661 1365 727">
     <span class='ocr_line' id='line_1_4' title="bbox 294 661 1365 727; baseline -0.012 -2"><span class='ocrx_word' id='word_1_18' title='bbox 294 661 540 727; x_wconf 71' lang='lat' dir='ltr'><strong>ingressu</strong></span> <span class='ocrx_word' id='word_1_19' title='bbox 571 661 809 720; x_wconf 70' lang='lat' dir='ltr'><strong>basilica-3</strong></span> <span class='ocrx_word' id='word_1_20' title='bbox 841 661 1069 716; x_wconf 86' lang='lat' dir='ltr'><strong>mirifice</strong></span> <span class='ocrx_word' id='word_1_21' title='bbox 1097 663 1365 716; x_wconf 77' lang='lat' dir='ltr'><strong>decorata.</strong></span> 
     </span>
    </p>
   </div>
   <div class='ocr_carea' id='block_1_5' title="bbox 351 686 1873 801">
    <p class='ocr_par' dir='ltr' id='par_1_5' title="bbox 351 686 1873 801">
     <span class='ocr_line' id='line_1_5' title="bbox 389 686 1365 722; baseline -0.009 -1"><span class='ocrx_word' id='word_1_22' title='bbox 389 686 540 722; x_wconf 88' lang='lat' dir='ltr'><strong>ressu</strong></span> <span class='ocrx_word' id='word_1_23' title='bbox 575 686 809 720; x_wconf 60' lang='lat' dir='ltr'><strong>nasutus:</strong></span> <span class='ocrx_word' id='word_1_24' title='bbox 841 686 1069 716; x_wconf 72' lang='lat' dir='ltr'><strong>lllll‘lllUC</strong></span> <span class='ocrx_word' id='word_1_25' title='bbox 1097 686 1365 716; x_wconf 64' lang='lat' dir='ltr'><strong>ucturum.</strong></span> 
     </span>
     <span class='ocr_line' id='line_1_6' title="bbox 351 686 1873 801; baseline -0.006 -8"><span class='ocrx_word' id='word_1_26' title='bbox 351 686 463 793; x_wconf 48' lang='lat' dir='ltr'><strong>ilic</strong></span> <span class='ocrx_word' id='word_1_27' title='bbox 490 753 617 790; x_wconf 85' lang='lat' dir='ltr'><strong>vero</strong></span> <span class='ocrx_word' id='word_1_28' title='bbox 645 735 1021 789; x_wconf 82' lang='lat' dir='ltr'><strong>sanctissimus</strong></span> <span class='ocrx_word' id='word_1_29' title='bbox 1059 741 1111 786; x_wconf 90' lang='lat' dir='ltr'><strong>et</strong></span> <span class='ocrx_word' id='word_1_30' title='bbox 1145 731 1434 801; x_wconf 68' lang='lat' dir='ltr'><strong>prteclarns</strong></span> <span class='ocrx_word' id='word_1_31' title='bbox 1477 730 1716 801; x_wconf 77' lang='lat' dir='ltr'><strong>pontifex</strong></span> <span class='ocrx_word' id='word_1_32' title='bbox 1747 730 1873 785; x_wconf 87' lang='lat' dir='ltr'><strong>fecit</strong></span> 
     </span>
    </p>
   </div>
   <div class='ocr_carea' id='block_1_6' title="bbox 293 799 1870 871">
    <p class='ocr_par' dir='ltr' id='par_1_6' title="bbox 293 799 1870 871">
     <span class='ocr_line' id='line_1_7' title="bbox 293 799 1870 871; baseline -0.006 -8"><span class='ocrx_word' id='word_1_33' title='bbox 293 811 348 863; x_wconf 92' lang='lat' dir='ltr'><strong>in</strong></span> <span class='ocrx_word' id='word_1_34' title='bbox 376 807 596 862; x_wconf 87' lang='lat' dir='ltr'><strong>basilica</strong></span> <span class='ocrx_word' id='word_1_35' title='bbox 631 804 842 860; x_wconf 64' lang='lat' dir='ltr'><strong>Sam-nc</strong></span> <span class='ocrx_word' id='word_1_36' title='bbox 868 804 960 857; x_wconf 88' lang='lat' dir='ltr'><strong>Dei</strong></span> <span class='ocrx_word' id='word_1_37' title='bbox 982 799 1269 856; x_wconf 67' lang='lat' dir='ltr'><strong>Genitiicis</strong></span> <span class='ocrx_word' id='word_1_38' title='bbox 1293 799 1612 871; x_wconf 82' lang='lat' dir='ltr'><strong>semperque</strong></span> <span class='ocrx_word' id='word_1_39' title='bbox 1640 799 1870 871; x_wconf 48' lang='lat' dir='ltr'><strong>Virginis</strong></span> 
     </span>
    </p>
   </div>
   <div class='ocr_carea' id='block_1_7' title="bbox 293 869 1871 940">
    <p class='ocr_par' dir='ltr' id='par_1_7' title="bbox 293 869 1871 940">
     <span class='ocr_line' id='line_1_8' title="bbox 293 869 1871 940; baseline -0.006 -8"><span class='ocrx_word' id='word_1_40' title='bbox 293 878 476 938; x_wconf 75' lang='lat' dir='ltr'><strong>Maria:</strong></span> <span class='ocrx_word' id='word_1_41' title='bbox 502 876 733 930; x_wconf 77' lang='lat' dir='ltr'><strong>dominae</strong></span> <span class='ocrx_word' id='word_1_42' title='bbox 758 882 955 928; x_wconf 73' lang='lat' dir='ltr'><strong>nostra:</strong></span> <span class='ocrx_word' id='word_1_43' title='bbox 986 873 1050 925; x_wconf 90' lang='lat' dir='ltr'><strong>ad</strong></span> <span class='ocrx_word' id='word_1_44' title='bbox 1078 871 1324 940; x_wconf 67' lang='lat' dir='ltr'><strong>Prwsepe</strong></span> <span class='ocrx_word' id='word_1_45' title='bbox 1349 869 1604 924; x_wconf 82' lang='lat' dir='ltr'><strong>tetravela</strong></span> <span class='ocrx_word' id='word_1_46' title='bbox 1635 869 1752 922; x_wconf 89' lang='lat' dir='ltr'><strong>alba</strong></span> <span class='ocrx_word' id='word_1_47' title='bbox 1777 870 1871 923; x_wconf 89' lang='lat' dir='ltr'><strong>bo-</strong></span> 
     </span>
    </p>
   </div>
   <div class='ocr_carea' id='block_1_8' title="bbox 292 940 1868 1007">
    <p class='ocr_par' dir='ltr' id='par_1_8' title="bbox 292 940 1868 1007">
     <span class='ocr_line' id='line_1_9' title="bbox 292 940 1868 1007; baseline -0.009 -1"><span class='ocrx_word' id='word_1_48' title='bbox 292 949 520 1007; x_wconf 84' lang='lat' dir='ltr'><strong>loserica</strong></span> <span class='ocrx_word' id='word_1_49' title='bbox 549 955 732 999; x_wconf 69' lang='lat' dir='ltr'><strong>rosata</strong></span> <span class='ocrx_word' id='word_1_50' title='bbox 757 943 986 999; x_wconf 86' lang='lat' dir='ltr'><strong>mirifice</strong></span> <span class='ocrx_word' id='word_1_51' title='bbox 1018 942 1288 995; x_wconf 73' lang='lat' dir='ltr'><strong>decorata.</strong></span> <span class='ocrx_word' id='word_1_52' title='bbox 1331 940 1481 994; x_wconf 81' lang='lat' dir='ltr'><strong>Fecit</strong></span> <span class='ocrx_word' id='word_1_53' title='bbox 1505 956 1633 994; x_wconf 90' lang='lat' dir='ltr'><strong>vero</strong></span> <span class='ocrx_word' id='word_1_54' title='bbox 1663 940 1751 994; x_wconf 88' lang='lat' dir='ltr'><strong>ubi</strong></span> <span class='ocrx_word' id='word_1_55' title='bbox 1777 957 1868 993; x_wconf 87' lang='lat' dir='ltr'><strong>sn-</strong></span> 
     </span>
    </p>
   </div>
   <div class='ocr_carea' id='block_1_9' title="bbox 291 1010 1868 1088">
    <p class='ocr_par' dir='ltr' id='par_1_9' title="bbox 291 1010 1868 1088">
     <span class='ocr_line' id='line_1_10' title="bbox 291 1010 1868 1088; baseline -0.006 -15"><span class='ocrx_word' id='word_1_56' title='bbox 291 1035 391 1088; x_wconf 86' lang='lat' dir='ltr'><strong>pra</strong></span> <span class='ocrx_word' id='word_1_57' title='bbox 422 1018 563 1072; x_wconf 91' lang='lat' dir='ltr'><strong>intra</strong></span> <span class='ocrx_word' id='word_1_58' title='bbox 588 1016 907 1088; x_wconf 61' lang='lat' dir='ltr'><strong>praesepium</strong></span> <span class='ocrx_word' id='word_1_59' title='bbox 938 1020 1142 1088; x_wconf 83' lang='lat' dir='ltr'><strong>vestem</strong></span> <span class='ocrx_word' id='word_1_60' title='bbox 1171 1010 1346 1088; x_wconf 82' lang='lat' dir='ltr'><strong>albam</strong></span> <span class='ocrx_word' id='word_1_61' title='bbox 1389 1011 1745 1088; x_wconf 74' lang='lat' dir='ltr'><strong>bolosericam</strong></span> <span class='ocrx_word' id='word_1_62' title='bbox 1780 1027 1868 1064; x_wconf 87' lang='lat' dir='ltr'><strong>ro-</strong></span> 
     </span>
    </p>
   </div>
   <div class='ocr_carea' id='block_1_10' title="bbox 293 1080 1873 1147">
    <p class='ocr_par' dir='ltr' id='par_1_10' title="bbox 293 1080 1873 1147">
     <span class='ocr_line' id='line_1_11' title="bbox 293 1080 1873 1147; baseline -0.007 -4"><span class='ocrx_word' id='word_1_63' title='bbox 293 1080 467 1144; x_wconf 65' lang='lat' dir='ltr'><strong>satam</strong></span> <span class='ocrx_word' id='word_1_64' title='bbox 500 1080 831 1139; x_wconf 46' lang='lat' dir='ltr'><strong>ornatam—in</strong></span> <span class='ocrx_word' id='word_1_65' title='bbox 862 1084 1090 1137; x_wconf 91' lang='lat' dir='ltr'><strong>circuitu</strong></span> <span class='ocrx_word' id='word_1_66' title='bbox 1114 1081 1178 1131; x_wconf 89' lang='lat' dir='ltr'><strong>de</strong></span> <span class='ocrx_word' id='word_1_67' title='bbox 1206 1080 1580 1147; x_wconf 71' lang='lat' dir='ltr'><strong>cbrysoclavo,</strong></span> <span class='ocrx_word' id='word_1_68' title='bbox 1603 1088 1655 1131; x_wconf 83' lang='lat' dir='ltr'><strong>et.</strong></span> <span class='ocrx_word' id='word_1_69' title='bbox 1685 1081 1736 1131; x_wconf 92' lang='lat' dir='ltr'><strong>in</strong></span> <span class='ocrx_word' id='word_1_70' title='bbox 1763 1096 1873 1133; x_wconf 89' lang='lat' dir='ltr'><strong>me-</strong></span> 
     </span>
    </p>
   </div>
   <div class='ocr_carea' id='block_1_11' title="bbox 293 1150 1871 1218">
    <p class='ocr_par' dir='ltr' id='par_1_11' title="bbox 293 1150 1871 1218">
     <span class='ocr_line' id='line_1_12' title="bbox 293 1150 1871 1218; baseline -0.003 -12"><span class='ocrx_word' id='word_1_71' title='bbox 293 1159 383 1211; x_wconf 80' lang='lat' dir='ltr'><strong>dio</strong></span> <span class='ocrx_word' id='word_1_72' title='bbox 419 1157 704 1211; x_wconf 88' lang='lat' dir='ltr'><strong>habentem</strong></span> <span class='ocrx_word' id='word_1_73' title='bbox 733 1169 946 1207; x_wconf 89' lang='lat' dir='ltr'><strong>crucem</strong></span> <span class='ocrx_word' id='word_1_74' title='bbox 976 1167 1096 1204; x_wconf 92' lang='lat' dir='ltr'><strong>cum</strong></span> <span class='ocrx_word' id='word_1_75' title='bbox 1125 1150 1379 1205; x_wconf 90' lang='lat' dir='ltr'><strong>orbiculis</strong></span> <span class='ocrx_word' id='word_1_76' title='bbox 1419 1151 1483 1205; x_wconf 87' lang='lat' dir='ltr'><strong>de</strong></span> <span class='ocrx_word' id='word_1_77' title='bbox 1522 1150 1871 1218; x_wconf 81' lang='lat' dir='ltr'><strong>cbrysoelavo</strong></span> 
     </span>
    </p>
   </div>
   <div class='ocr_carea' id='block_1_12' title="bbox 290 1224 1870 1288">
    <p class='ocr_par' dir='ltr' id='par_1_12' title="bbox 290 1224 1870 1288">
     <span class='ocr_line' id='line_1_13' title="bbox 290 1224 1870 1288; baseline -0.004 -10"><span class='ocrx_word' id='word_1_78' title='bbox 290 1229 412 1282; x_wconf 85' lang='lat' dir='ltr'><strong>vela</strong></span> <span class='ocrx_word' id='word_1_79' title='bbox 438 1226 557 1279; x_wconf 87' lang='lat' dir='ltr'><strong>alba</strong></span> <span class='ocrx_word' id='word_1_80' title='bbox 594 1224 892 1278; x_wconf 82' lang='lat' dir='ltr'><strong>boloserica</strong></span> <span class='ocrx_word' id='word_1_81' title='bbox 930 1229 1106 1275; x_wconf 84' lang='lat' dir='ltr'><strong>rosata</strong></span> <span class='ocrx_word' id='word_1_82' title='bbox 1155 1235 1378 1273; x_wconf 90' lang='lat' dir='ltr'><strong>numero</strong></span> <span class='ocrx_word' id='word_1_83' title='bbox 1408 1229 1640 1288; x_wconf 77' lang='lat' dir='ltr'><strong>quatuor</strong></span> <span class='ocrx_word' id='word_1_84' title='bbox 1679 1228 1870 1272; x_wconf 87' lang='lat' dir='ltr'><strong>ornata</strong></span> 
     </span>
    </p>
   </div>
   <div class='ocr_carea' id='block_1_13' title="bbox 295 1289 1872 1362">
    <p class='ocr_par' dir='ltr' id='par_1_13' title="bbox 295 1289 1872 1362">
     <span class='ocr_line' id='line_1_14' title="bbox 295 1289 1872 1362; baseline 0.007 -12"><span class='ocrx_word' id='word_1_85' title='bbox 295 1299 348 1351; x_wconf 90' lang='lat' dir='ltr'><strong>in</strong></span> <span class='ocrx_word' id='word_1_86' title='bbox 381 1296 606 1351; x_wconf 91' lang='lat' dir='ltr'><strong>circuitu</strong></span> <span class='ocrx_word' id='word_1_87' title='bbox 638 1295 703 1348; x_wconf 90' lang='lat' dir='ltr'><strong>de</strong></span> <span class='ocrx_word' id='word_1_88' title='bbox 733 1293 913 1362; x_wconf 85' lang='lat' dir='ltr'><strong>Tyrio.</strong></span> <span class='ocrx_word' id='word_1_89' title='bbox 955 1291 1010 1344; x_wconf 94' lang='lat' dir='ltr'><strong>ln</strong></span> <span class='ocrx_word' id='word_1_90' title='bbox 1044 1291 1286 1362; x_wconf 73' lang='lat' dir='ltr'><strong>diaconia</strong></span> <span class='ocrx_word' id='word_1_91' title='bbox 1314 1305 1443 1362; x_wconf 61' lang='lat' dir='ltr'><strong>vero</strong></span> <span class='ocrx_word' id='word_1_92' title='bbox 1467 1290 1634 1358; x_wconf 68' lang='lat' dir='ltr'><strong>ipsius</strong></span> <span class='ocrx_word' id='word_1_93' title='bbox 1664 1289 1759 1362; x_wconf 70' lang='grc' dir='ltr'><strong>Β(ῖὶ</strong></span> <span class='ocrx_word' id='word_1_94' title='bbox 1781 1291 1872 1358; x_wconf 71' lang='lat' dir='ltr'><strong>se-</strong></span> 
     </span>
    </p>
   </div>
   <div class='ocr_carea' id='block_1_14' title="bbox 294 1358 1868 1433">
    <p class='ocr_par' dir='ltr' id='par_1_14' title="bbox 294 1358 1868 1433">
     <span class='ocr_line' id='line_1_15' title="bbox 294 1358 1868 1433; baseline -0.006 -13"><span class='ocrx_word' id='word_1_95' title='bbox 294 1367 524 1428; x_wconf 85' lang='lat' dir='ltr'><strong>nitricis,</strong></span> <span class='ocrx_word' id='word_1_96' title='bbox 550 1380 668 1433; x_wconf 61' lang='lat' dir='ltr'><strong>quae</strong></span> <span class='ocrx_word' id='word_1_97' title='bbox 690 1358 984 1433; x_wconf 72' lang='lat' dir='ltr'><strong>appellauir</strong></span> <span class='ocrx_word' id='word_1_98' title='bbox 1006 1360 1298 1433; x_wconf 79' lang='lat' dir='ltr'><strong>Dominica.</strong></span> <span class='ocrx_word' id='word_1_99' title='bbox 1321 1358 1868 1433; x_wconf 63' lang='lat' dir='ltr'><strong>fecitvestetnalbain</strong></span> 
     </span>
    </p>
   </div>
   <div class='ocr_carea' id='block_1_15' title="bbox 295 1427 1871 1490">
    <p class='ocr_par' dir='ltr' id='par_1_15' title="bbox 295 1427 1871 1490">
     <span class='ocr_line' id='line_1_16' title="bbox 295 1427 1871 1490; baseline -0.005 0"><span class='ocrx_word' id='word_1_100' title='bbox 295 1427 652 1490; x_wconf 74' lang='lat' dir='ltr'><strong>bolosericam</strong></span> <span class='ocrx_word' id='word_1_101' title='bbox 687 1427 918 1486; x_wconf 76' lang='lat' dir='ltr'><strong>rosatam</strong></span> <span class='ocrx_word' id='word_1_102' title='bbox 941 1431 1226 1483; x_wconf 89' lang='lat' dir='ltr'><strong>habentem</strong></span> <span class='ocrx_word' id='word_1_103' title='bbox 1257 1429 1306 1481; x_wconf 91' lang='lat' dir='ltr'><strong>in</strong></span> <span class='ocrx_word' id='word_1_104' title='bbox 1345 1429 1520 1484; x_wconf 83' lang='lat' dir='ltr'><strong>medio</strong></span> <span class='ocrx_word' id='word_1_105' title='bbox 1551 1427 1782 1481; x_wconf 83' lang='lat' dir='ltr'><strong>tabulam</strong></span> <span class='ocrx_word' id='word_1_106' title='bbox 1807 1431 1871 1482; x_wconf 84' lang='lat' dir='ltr'><strong>de</strong></span> 
     </span>
    </p>
   </div>
   <div class='ocr_carea' id='block_1_16' title="bbox 295 1497 1870 1576">
    <p class='ocr_par' dir='ltr' id='par_1_16' title="bbox 295 1497 1870 1576">
     <span class='ocr_line' id='line_1_17' title="bbox 295 1497 1870 1576; baseline -0.004 -17"><span class='ocrx_word' id='word_1_107' title='bbox 295 1506 460 1576; x_wconf 85' lang='lat' dir='ltr'><strong>&#39;l‘yrio</strong></span> <span class='ocrx_word' id='word_1_108' title='bbox 502 1519 624 1576; x_wconf 83' lang='lat' dir='ltr'><strong>cum</strong></span> <span class='ocrx_word' id='word_1_109' title='bbox 668 1503 893 1556; x_wconf 88' lang='lat' dir='ltr'><strong>historia</strong></span> <span class='ocrx_word' id='word_1_110' title='bbox 913 1499 1183 1576; x_wconf 68' lang='lat' dir='ltr'><strong>crucifixi.</strong></span> <span class='ocrx_word' id='word_1_111' title='bbox 1233 1497 1343 1576; x_wconf 72' lang='lat' dir='ltr'><strong>Nec</strong></span> <span class='ocrx_word' id='word_1_112' title='bbox 1389 1515 1492 1576; x_wconf 77' lang='lat' dir='ltr'><strong>non</strong></span> <span class='ocrx_word' id='word_1_113' title='bbox 1526 1505 1581 1551; x_wconf 86' lang='lat' dir='ltr'><strong>et</strong></span> <span class='ocrx_word' id='word_1_114' title='bbox 1615 1507 1763 1576; x_wconf 54' lang='lat' dir='ltr'><strong>rota:</strong></span> <span class='ocrx_word' id='word_1_115' title='bbox 1805 1499 1870 1576; x_wconf 79' lang='lat' dir='ltr'><strong>de</strong></span> 
     </span>
    </p>
   </div>
   <div class='ocr_carea' id='block_1_17' title="bbox 294 1567 1872 1647">
    <p class='ocr_par' dir='ltr' id='par_1_17' title="bbox 294 1567 1872 1647">
     <span class='ocr_line' id='line_1_18' title="bbox 294 1567 1872 1647; baseline -0.004 -19"><span class='ocrx_word' id='word_1_116' title='bbox 294 1567 647 1647; x_wconf 74' lang='lat' dir='ltr'><strong>ciirysoclavo</strong></span> <span class='ocrx_word' id='word_1_117' title='bbox 671 1571 966 1647; x_wconf 77' lang='lat' dir='ltr'><strong>ornatasin</strong></span> <span class='ocrx_word' id='word_1_118' title='bbox 998 1569 1225 1647; x_wconf 79' lang='lat' dir='ltr'><strong>circuitu</strong></span> <span class='ocrx_word' id='word_1_119' title='bbox 1248 1569 1313 1622; x_wconf 91' lang='lat' dir='ltr'><strong>de</strong></span> <span class='ocrx_word' id='word_1_120' title='bbox 1342 1567 1872 1647; x_wconf 72' lang='lat' dir='ltr'><strong>quadrapplo._Fec_it</strong></span> 
     </span>
    </p>
   </div>
   <div class='ocr_carea' id='block_1_18' title="bbox 295 1638 1871 1714">
    <p class='ocr_par' dir='ltr' id='par_1_18' title="bbox 295 1638 1871 1714">
     <span class='ocr_line' id='line_1_19' title="bbox 295 1638 1871 1714; baseline -0.004 -17"><span class='ocrx_word' id='word_1_121' title='bbox 295 1638 585 1714; x_wconf 58' lang='lat' dir='ltr'><strong>nhi&#39;supra</strong></span> <span class='ocrx_word' id='word_1_122' title='bbox 604 1643 869 1714; x_wconf 77' lang='lat' dir='ltr'><strong>cortinam</strong></span> <span class='ocrx_word' id='word_1_123' title='bbox 894 1639 1438 1714; x_wconf 55' lang='lat' dir='ltr'><strong>fundatanrorniitam</strong></span> <span class='ocrx_word' id='word_1_124' title='bbox 1473 1638 1529 1714; x_wconf 79' lang='lat' dir='ltr'><strong>in</strong></span> <span class='ocrx_word' id='word_1_125' title='bbox 1550 1638 1774 1714; x_wconf 78' lang='lat' dir='ltr'><strong>circuitu</strong></span> <span class='ocrx_word' id='word_1_126' title='bbox 1805 1638 1871 1690; x_wconf 90' lang='lat' dir='ltr'><strong>de</strong></span> 
     </span>
    </p>
   </div>
   <div class='ocr_carea' id='block_1_19' title="bbox 295 1707 1870 1777">
    <p class='ocr_par' dir='ltr' id='par_1_19' title="bbox 295 1707 1870 1777">
     <span class='ocr_line' id='line_1_20' title="bbox 295 1707 1870 1777; baseline -0.004 -10"><span class='ocrx_word' id='word_1_127' title='bbox 295 1707 544 1767; x_wconf 55' lang='lat' dir='ltr'><strong>Hattbi&#39;n.</strong></span> <span class='ocrx_word' id='word_1_128' title='bbox 567 1713 622 1766; x_wconf 88' lang='lat' dir='ltr'><strong>In</strong></span> <span class='ocrx_word' id='word_1_129' title='bbox 658 1711 903 1766; x_wconf 88' lang='lat' dir='ltr'><strong>diaconia</strong></span> <span class='ocrx_word' id='word_1_130' title='bbox 930 1722 1058 1761; x_wconf 89' lang='lat' dir='ltr'><strong>vero</strong></span> <span class='ocrx_word' id='word_1_131' title='bbox 1090 1709 1258 1777; x_wconf 84' lang='lat' dir='ltr'><strong>ipsius</strong></span> <span class='ocrx_word' id='word_1_132' title='bbox 1286 1708 1377 1760; x_wconf 96' lang='lat' dir='ltr'><strong>Dei</strong></span> <span class='ocrx_word' id='word_1_133' title='bbox 1410 1707 1718 1777; x_wconf 79' lang='lat' dir='ltr'><strong>genitricis,</strong></span> <span class='ocrx_word' id='word_1_134' title='bbox 1750 1722 1870 1776; x_wconf 74' lang='lat' dir='ltr'><strong>qua:</strong></span> 
     </span>
    </p>
   </div>
   <div class='ocr_carea' id='block_1_20' title="bbox 1734 339 2114 396">
    <p class='ocr_par' dir='ltr' id='par_1_20' title="bbox 1734 339 2114 396">
     <span class='ocr_line' id='line_1_21' title="bbox 1734 339 2114 396; baseline 0.005 -2"><span class='ocrx_word' id='word_1_135' title='bbox 1734 339 2114 396; x_wconf 64' lang='lat' dir='ltr'><strong>EPISTOLIE.</strong></span> 
     </span>
    </p>
   </div>
   <div class='ocr_carea' id='block_1_21' title="bbox 292 429 1956 525">
    <p class='ocr_par' dir='ltr' id='par_1_21' title="bbox 292 441 1956 525">
     <span class='ocr_line' id='line_1_22' title="bbox 292 441 1956 525; baseline -0.007 -12"><span class='ocrx_word' id='word_1_136' title='bbox 292 461 474 525; x_wconf 65' lang='lat' dir='ltr'><strong>sisque</strong></span> <span class='ocrx_word' id='word_1_137' title='bbox 517 454 744 524; x_wconf 87' lang='lat' dir='ltr'><strong>picturis</strong></span> <span class='ocrx_word' id='word_1_138' title='bbox 776 454 926 525; x_wconf 58' lang='lat' dir='ltr'><strong>uilem</strong></span> <span class='ocrx_word' id='word_1_139' title='bbox 954 443 1534 525; x_wconf 72' lang='lat' dir='ltr'><strong>magnitudinis_o_pus</strong></span> <span class='ocrx_word' id='word_1_140' title='bbox 1577 441 1873 525; x_wconf 72' lang='lat' dir='ltr'><strong>decoravit.</strong></span> <span class='ocrx_word' id='word_1_141' title='bbox 1904 455 1956 514; x_wconf 82' lang='grc' dir='ltr'>Α</span> 
     </span>
    </p>
   </div>
   <div class='ocr_carea' id='block_1_22' title="bbox 3384 315 3553 396">
    <p class='ocr_par' dir='ltr' id='par_1_22' title="bbox 3384 315 3553 396">
     <span class='ocr_line' id='line_1_23' title="bbox 3384 315 3553 396; baseline 0 -2"><span class='ocrx_word' id='word_1_142' title='bbox 3384 315 3553 396; x_wconf 61' lang='grc' dir='ltr'><strong>’ωεὲ</strong></span> 
     </span>
    </p>
   </div>
   <div class='ocr_carea' id='block_1_23' title="bbox 2058 449 3547 522">
    <p class='ocr_par' dir='ltr' id='par_1_23' title="bbox 2058 449 3547 522">
     <span class='ocr_line' id='line_1_24' title="bbox 2058 449 3547 522; baseline 0.001 -18"><span class='ocrx_word' id='word_1_143' title='bbox 2058 451 2176 506; x_wconf 88' lang='lat' dir='ltr'><strong>ibus</strong></span> <span class='ocrx_word' id='word_1_144' title='bbox 2209 467 2528 522; x_wconf 12' lang='lat' dir='ltr'><strong>unumrcum</strong></span> <span class='ocrx_word' id='word_1_145' title='bbox 2561 449 2935 522; x_wconf 87' lang='lat' dir='ltr'><strong>chrysoclavo.</strong></span> <span class='ocrx_word' id='word_1_146' title='bbox 2979 451 3119 522; x_wconf 12' lang='lat' dir='ltr'><strong>Vela,</strong></span> <span class='ocrx_word' id='word_1_147' title='bbox 3139 449 3347 506; x_wconf 90' lang='lat' dir='ltr'><strong>modica</strong></span> <span class='ocrx_word' id='word_1_148' title='bbox 3385 453 3547 506; x_wconf 82' lang='lat' dir='ltr'><strong>rubea</strong></span> 
     </span>
    </p>
   </div>
   <div class='ocr_carea' id='block_1_24' title="bbox 2027 520 3547 577">
    <p class='ocr_par' dir='ltr' id='par_1_24' title="bbox 2027 520 3547 577">
     <span class='ocr_line' id='line_1_25' title="bbox 2027 520 3547 577; baseline 0.003 -4"><span class='ocrx_word' id='word_1_149' title='bbox 2027 522 2339 577; x_wconf 80' lang='lat' dir='ltr'><strong>lexandrina</strong></span> <span class='ocrx_word' id='word_1_150' title='bbox 2368 521 2474 576; x_wconf 89' lang='lat' dir='ltr'><strong>duo</strong></span> <span class='ocrx_word' id='word_1_151' title='bbox 2512 520 2700 576; x_wconf 85' lang='lat' dir='ltr'><strong>ornata</strong></span> <span class='ocrx_word' id='word_1_152' title='bbox 2745 521 2798 576; x_wconf 91' lang='lat' dir='ltr'><strong>in</strong></span> <span class='ocrx_word' id='word_1_153' title='bbox 2840 520 3065 576; x_wconf 82' lang='lat' dir='ltr'><strong>circuitu</strong></span> <span class='ocrx_word' id='word_1_154' title='bbox 3091 521 3156 574; x_wconf 85' lang='lat' dir='ltr'><strong>de</strong></span> <span class='ocrx_word' id='word_1_155' title='bbox 3199 522 3455 577; x_wconf 86' lang='lat' dir='ltr'><strong>stauraci.</strong></span> <span class='ocrx_word' id='word_1_156' title='bbox 3483 523 3547 577; x_wconf 84' lang='lat' dir='ltr'><strong>Et</strong></span> 
     </span>
    </p>
   </div>
   <div class='ocr_carea' id='block_1_25' title="bbox 1971 589 3549 660">
    <p class='ocr_par' dir='ltr' id='par_1_25' title="bbox 1971 589 3549 660">
     <span class='ocr_line' id='line_1_26' title="bbox 1971 589 3549 660; baseline 0.001 -16"><span class='ocrx_word' id='word_1_157' title='bbox 1971 590 2023 644; x_wconf 91' lang='lat' dir='ltr'><strong>in</strong></span> <span class='ocrx_word' id='word_1_158' title='bbox 2066 592 2272 659; x_wconf 84' lang='lat' dir='ltr'><strong>gremio</strong></span> <span class='ocrx_word' id='word_1_159' title='bbox 2311 592 2581 654; x_wconf 58' lang='lat' dir='ltr'><strong>basilicas,</strong></span> <span class='ocrx_word' id='word_1_160' title='bbox 2616 591 2707 644; x_wconf 83' lang='lat' dir='ltr'><strong>tibi</strong></span> <span class='ocrx_word' id='word_1_161' title='bbox 2739 607 2920 660; x_wconf 88' lang='lat' dir='ltr'><strong>supra,</strong></span> <span class='ocrx_word' id='word_1_162' title='bbox 2962 589 3089 644; x_wconf 89' lang='lat' dir='ltr'><strong>fecit</strong></span> <span class='ocrx_word' id='word_1_163' title='bbox 3122 593 3386 645; x_wconf 85' lang='lat' dir='ltr'><strong>cortinam</strong></span> <span class='ocrx_word' id='word_1_164' title='bbox 3432 602 3549 646; x_wconf 85' lang='lat' dir='ltr'><strong>ma-</strong></span> 
     </span>
    </p>
   </div>
   <div class='ocr_carea' id='block_1_26' title="bbox 1965 660 3546 742">
    <p class='ocr_par' dir='ltr' id='par_1_26' title="bbox 1965 660 3546 742">
     <span class='ocr_line' id='line_1_27' title="bbox 1965 660 3546 742; baseline 0.005 -31"><span class='ocrx_word' id='word_1_165' title='bbox 1965 660 2137 742; x_wconf 67' lang='lat' dir='ltr'><strong>jorem</strong></span> <span class='ocrx_word' id='word_1_166' title='bbox 2184 660 2507 742; x_wconf 57' lang='lat' dir='ltr'><strong>defundato</strong></span> <span class='ocrx_word' id='word_1_167' title='bbox 2545 661 2771 742; x_wconf 71' lang='lat' dir='ltr'><strong>mirifice</strong></span> <span class='ocrx_word' id='word_1_168' title='bbox 2819 661 3145 742; x_wconf 75' lang='lat' dir='ltr'><strong>decoratum,</strong></span> <span class='ocrx_word' id='word_1_169' title='bbox 3196 672 3442 742; x_wconf 49' lang='lat' dir='ltr'><strong>ornatam</strong></span> <span class='ocrx_word' id='word_1_170' title='bbox 3490 664 3546 719; x_wconf 91' lang='lat' dir='ltr'><strong>in</strong></span> 
     </span>
    </p>
   </div>
   <div class='ocr_carea' id='block_1_27' title="bbox 1970 729 3496 802">
    <p class='ocr_par' dir='ltr' id='par_1_27' title="bbox 1970 729 3496 802">
     <span class='ocr_line' id='line_1_28' title="bbox 1970 729 3496 802; baseline 0.001 -17"><span class='ocrx_word' id='word_1_171' title='bbox 1970 729 2198 802; x_wconf 68' lang='lat' dir='ltr'><strong>Circu&#39;itu</strong></span> <span class='ocrx_word' id='word_1_172' title='bbox 2243 731 2308 784; x_wconf 90' lang='lat' dir='ltr'><strong>de</strong></span> <span class='ocrx_word' id='word_1_173' title='bbox 2348 731 2529 800; x_wconf 82' lang='lat' dir='ltr'><strong>Tyrio,</strong></span> <span class='ocrx_word' id='word_1_174' title='bbox 2575 741 2627 784; x_wconf 90' lang='lat' dir='ltr'><strong>et</strong></span> <span class='ocrx_word' id='word_1_175' title='bbox 2668 732 2722 784; x_wconf 90' lang='lat' dir='ltr'><strong>in</strong></span> <span class='ocrx_word' id='word_1_176' title='bbox 2769 729 2944 802; x_wconf 83' lang='lat' dir='ltr'><strong>medio</strong></span> <span class='ocrx_word' id='word_1_177' title='bbox 2968 745 3183 802; x_wconf 77' lang='lat' dir='ltr'><strong>cruces</strong></span> <span class='ocrx_word' id='word_1_178' title='bbox 3212 731 3276 802; x_wconf 89' lang='lat' dir='ltr'><strong>de</strong></span> <span class='ocrx_word' id='word_1_179' title='bbox 3316 731 3496 802; x_wconf 84' lang='lat' dir='ltr'><strong>Tyrio.</strong></span> 
     </span>
    </p>
   </div>
   <div class='ocr_carea' id='block_1_28' title="bbox 2043 799 3544 869">
    <p class='ocr_par' dir='ltr' id='par_1_28' title="bbox 2043 799 3544 869">
     <span class='ocr_line' id='line_1_29' title="bbox 2043 799 3544 869; baseline 0.003 -17"><span class='ocrx_word' id='word_1_180' title='bbox 2043 800 2142 854; x_wconf 90' lang='lat' dir='ltr'><strong>llic</strong></span> <span class='ocrx_word' id='word_1_181' title='bbox 2179 816 2308 854; x_wconf 87' lang='lat' dir='ltr'><strong>vero</strong></span> <span class='ocrx_word' id='word_1_182' title='bbox 2354 799 2602 869; x_wconf 80' lang='lat' dir='ltr'><strong>egregius</strong></span> <span class='ocrx_word' id='word_1_183' title='bbox 2642 799 2834 868; x_wconf 78' lang='lat' dir='ltr'><strong>praesul</strong></span> <span class='ocrx_word' id='word_1_184' title='bbox 2880 799 3006 869; x_wconf 88' lang='lat' dir='ltr'><strong>feeit</strong></span> <span class='ocrx_word' id='word_1_185' title='bbox 3058 800 3110 852; x_wconf 91' lang='lat' dir='ltr'><strong>in</strong></span> <span class='ocrx_word' id='word_1_186' title='bbox 3151 801 3306 854; x_wconf 91' lang='lat' dir='ltr'><strong>titulo</strong></span> <span class='ocrx_word' id='word_1_187' title='bbox 3344 799 3544 856; x_wconf 67' lang='lat' dir='ltr'><strong>sancta:</strong></span> 
     </span>
    </p>
   </div>
   <div class='ocr_carea' id='block_1_29' title="bbox 1971 868 3542 938">
    <p class='ocr_par' dir='ltr' id='par_1_29' title="bbox 1971 868 3542 938">
     <span class='ocr_line' id='line_1_30' title="bbox 1971 868 3542 938; baseline 0.001 -16"><span class='ocrx_word' id='word_1_188' title='bbox 1971 868 2184 922; x_wconf 73' lang='lat' dir='ltr'><strong>Sabinm</strong></span> <span class='ocrx_word' id='word_1_189' title='bbox 2222 868 2673 938; x_wconf 75' lang='lat' dir='ltr'><strong>martyrissuper</strong></span> <span class='ocrx_word' id='word_1_190' title='bbox 2709 869 2865 922; x_wconf 89' lang='lat' dir='ltr'><strong>altari</strong></span> <span class='ocrx_word' id='word_1_191' title='bbox 2900 868 3093 934; x_wconf 87' lang='lat' dir='ltr'><strong>majori</strong></span> <span class='ocrx_word' id='word_1_192' title='bbox 3131 880 3332 922; x_wconf 85' lang='lat' dir='ltr'><strong>vestem</strong></span> <span class='ocrx_word' id='word_1_193' title='bbox 3365 872 3542 928; x_wconf 88' lang='lat' dir='ltr'><strong>albam</strong></span> 
     </span>
    </p>
   </div>
   <div class='ocr_carea' id='block_1_30' title="bbox 1970 939 3543 993">
    <p class='ocr_par' dir='ltr' id='par_1_30' title="bbox 1970 939 3543 993">
     <span class='ocr_line' id='line_1_31' title="bbox 1970 939 3543 993; baseline 0.001 -1"><span class='ocrx_word' id='word_1_194' title='bbox 1970 939 2326 992; x_wconf 86' lang='lat' dir='ltr'><strong>bolosericam</strong></span> <span class='ocrx_word' id='word_1_195' title='bbox 2370 948 2599 992; x_wconf 83' lang='lat' dir='ltr'><strong>rosatam</strong></span> <span class='ocrx_word' id='word_1_196' title='bbox 2647 939 2930 991; x_wconf 80' lang='lat' dir='ltr'><strong>habentem</strong></span> <span class='ocrx_word' id='word_1_197' title='bbox 2994 942 3043 990; x_wconf 89' lang='lat' dir='ltr'><strong>in</strong></span> <span class='ocrx_word' id='word_1_198' title='bbox 3091 940 3265 992; x_wconf 81' lang='lat' dir='ltr'><strong>medio</strong></span> <span class='ocrx_word' id='word_1_199' title='bbox 3308 941 3543 993; x_wconf 84' lang='lat' dir='ltr'><strong>tabulam</strong></span> 
     </span>
    </p>
   </div>
   <div class='ocr_carea' id='block_1_31' title="bbox 1970 1008 3538 1071">
    <p class='ocr_par' dir='ltr' id='par_1_31' title="bbox 1970 1008 3538 1071">
     <span class='ocr_line' id='line_1_32' title="bbox 1970 1008 3538 1071; baseline 0.001 -9"><span class='ocrx_word' id='word_1_200' title='bbox 1970 1009 2036 1064; x_wconf 90' lang='lat' dir='ltr'><strong>de</strong></span> <span class='ocrx_word' id='word_1_201' title='bbox 2075 1009 2308 1062; x_wconf 88' lang='lat' dir='ltr'><strong>stauraci</strong></span> <span class='ocrx_word' id='word_1_202' title='bbox 2348 1025 2469 1062; x_wconf 90' lang='lat' dir='ltr'><strong>cum</strong></span> <span class='ocrx_word' id='word_1_203' title='bbox 2510 1009 2732 1063; x_wconf 90' lang='lat' dir='ltr'><strong>historia</strong></span> <span class='ocrx_word' id='word_1_204' title='bbox 2775 1008 3063 1061; x_wconf 71' lang='lat' dir='ltr'><strong>Dominicze</strong></span> <span class='ocrx_word' id='word_1_205' title='bbox 3103 1011 3538 1071; x_wconf 69' lang='lat' dir='ltr'><strong>resurrectionis,</strong></span> 
     </span>
    </p>
   </div>
   <div class='ocr_carea' id='block_1_32' title="bbox 1970 1077 3542 1146">
    <p class='ocr_par' dir='ltr' id='par_1_32' title="bbox 1970 1077 3542 1146">
     <span class='ocr_line' id='line_1_33' title="bbox 1970 1077 3542 1146; baseline 0.001 -14"><span class='ocrx_word' id='word_1_206' title='bbox 1970 1087 2024 1132; x_wconf 79' lang='lat' dir='ltr'><strong>et</strong></span> <span class='ocrx_word' id='word_1_207' title='bbox 2062 1079 2115 1131; x_wconf 90' lang='lat' dir='ltr'><strong>in</strong></span> <span class='ocrx_word' id='word_1_208' title='bbox 2157 1079 2381 1132; x_wconf 87' lang='lat' dir='ltr'><strong>circuitu</strong></span> <span class='ocrx_word' id='word_1_209' title='bbox 2421 1078 2598 1131; x_wconf 89' lang='lat' dir='ltr'><strong>listam</strong></span> <span class='ocrx_word' id='word_1_210' title='bbox 2632 1078 2698 1131; x_wconf 89' lang='lat' dir='ltr'><strong>de</strong></span> <span class='ocrx_word' id='word_1_211' title='bbox 2740 1079 3106 1146; x_wconf 79' lang='lat' dir='ltr'><strong>ehrysoclavo.</strong></span> <span class='ocrx_word' id='word_1_212' title='bbox 3152 1077 3271 1132; x_wconf 86' lang='lat' dir='ltr'><strong>Pari</strong></span> <span class='ocrx_word' id='word_1_213' title='bbox 3303 1081 3459 1132; x_wconf 85' lang='lat' dir='ltr'><strong>modo</strong></span> <span class='ocrx_word' id='word_1_214' title='bbox 3488 1090 3542 1133; x_wconf 90' lang='lat' dir='ltr'><strong>et</strong></span> 
     </span>
    </p>
   </div>
   <div class='ocr_carea' id='block_1_33' title="bbox 1969 1147 3544 1218">
    <p class='ocr_par' dir='ltr' id='par_1_33' title="bbox 1969 1147 3544 1218">
     <span class='ocr_line' id='line_1_34' title="bbox 1969 1147 3544 1218; baseline 0.002 -20"><span class='ocrx_word' id='word_1_215' title='bbox 1969 1147 2022 1218; x_wconf 83' lang='lat' dir='ltr'><strong>in</strong></span> <span class='ocrx_word' id='word_1_216' title='bbox 2053 1149 2207 1202; x_wconf 86' lang='lat' dir='ltr'><strong>titulo</strong></span> <span class='ocrx_word' id='word_1_217' title='bbox 2233 1154 2430 1202; x_wconf 70' lang='lat' dir='ltr'><strong>sancire</strong></span> <span class='ocrx_word' id='word_1_218' title='bbox 2457 1147 2716 1218; x_wconf 70' lang='lat' dir='ltr'><strong>Susannte</strong></span> <span class='ocrx_word' id='word_1_219' title='bbox 2753 1149 3006 1218; x_wconf 81' lang='lat' dir='ltr'><strong>martyris</strong></span> <span class='ocrx_word' id='word_1_220' title='bbox 3047 1163 3209 1214; x_wconf 80' lang='lat' dir='ltr'><strong>super</strong></span> <span class='ocrx_word' id='word_1_221' title='bbox 3252 1149 3407 1201; x_wconf 88' lang='lat' dir='ltr'><strong>altari</strong></span> <span class='ocrx_word' id='word_1_222' title='bbox 3433 1165 3544 1202; x_wconf 88' lang='lat' dir='ltr'><strong>ma-</strong></span> 
     </span>
    </p>
   </div>
   <div class='ocr_carea' id='block_1_34' title="bbox 1972 1217 3544 1272">
    <p class='ocr_par' dir='ltr' id='par_1_34' title="bbox 1972 1217 3544 1272">
     <span class='ocr_line' id='line_1_35' title="bbox 1972 1217 3544 1272; baseline 0 0"><span class='ocrx_word' id='word_1_223' title='bbox 1972 1217 2070 1272; x_wconf 91' lang='lat' dir='ltr'><strong>iori</strong></span> <span class='ocrx_word' id='word_1_224' title='bbox 2111 1226 2313 1271; x_wconf 85' lang='lat' dir='ltr'><strong>vestem</strong></span> <span class='ocrx_word' id='word_1_225' title='bbox 2357 1217 2532 1270; x_wconf 85' lang='lat' dir='ltr'><strong>albam</strong></span> <span class='ocrx_word' id='word_1_226' title='bbox 2578 1217 2702 1270; x_wconf 83' lang='lat' dir='ltr'><strong>fecit</strong></span> <span class='ocrx_word' id='word_1_227' title='bbox 2757 1217 3110 1270; x_wconf 85' lang='lat' dir='ltr'><strong>bolosericam</strong></span> <span class='ocrx_word' id='word_1_228' title='bbox 3171 1228 3404 1272; x_wconf 89' lang='lat' dir='ltr'><strong>rosatam</strong></span> <span class='ocrx_word' id='word_1_229' title='bbox 3451 1220 3544 1272; x_wconf 83' lang='lat' dir='ltr'><strong>ha—</strong></span> 
     </span>
    </p>
   </div>
   <div class='ocr_carea' id='block_1_35' title="bbox 2007 1287 3544 1357">
    <p class='ocr_par' dir='ltr' id='par_1_35' title="bbox 2007 1287 3544 1357">
     <span class='ocr_line' id='line_1_36' title="bbox 2007 1287 3544 1357; baseline 0.002 -19"><span class='ocrx_word' id='word_1_230' title='bbox 2007 1296 2186 1341; x_wconf 87' lang='lat' dir='ltr'><strong>entem</strong></span> <span class='ocrx_word' id='word_1_231' title='bbox 2233 1289 2284 1340; x_wconf 90' lang='lat' dir='ltr'><strong>in</strong></span> <span class='ocrx_word' id='word_1_232' title='bbox 2329 1288 2503 1340; x_wconf 87' lang='lat' dir='ltr'><strong>medio</strong></span> <span class='ocrx_word' id='word_1_233' title='bbox 2545 1287 2780 1341; x_wconf 87' lang='lat' dir='ltr'><strong>tabulam</strong></span> <span class='ocrx_word' id='word_1_234' title='bbox 2812 1291 2876 1341; x_wconf 89' lang='lat' dir='ltr'><strong>de</strong></span> <span class='ocrx_word' id='word_1_235' title='bbox 2909 1287 3258 1357; x_wconf 76' lang='lat' dir='ltr'><strong>chrysoelavo</strong></span> <span class='ocrx_word' id='word_1_236' title='bbox 3297 1304 3414 1341; x_wconf 88' lang='lat' dir='ltr'><strong>cum</strong></span> <span class='ocrx_word' id='word_1_237' title='bbox 3463 1289 3544 1341; x_wconf 91' lang='lat' dir='ltr'><strong>hi-</strong></span> 
     </span>
    </p>
   </div>
   <div class='ocr_carea' id='block_1_36' title="bbox 1971 1357 3542 1419">
    <p class='ocr_par' dir='ltr' id='par_1_36' title="bbox 1971 1357 3542 1419">
     <span class='ocr_line' id='line_1_37' title="bbox 1971 1357 3542 1419; baseline 0.001 -10"><span class='ocrx_word' id='word_1_238' title='bbox 1971 1358 2139 1410; x_wconf 86' lang='lat' dir='ltr'><strong>storia</strong></span> <span class='ocrx_word' id='word_1_239' title='bbox 2199 1357 2487 1410; x_wconf 75' lang='lat' dir='ltr'><strong>Dominicm</strong></span> <span class='ocrx_word' id='word_1_240' title='bbox 2532 1359 2973 1419; x_wconf 85' lang='lat' dir='ltr'><strong>resurrectionis,</strong></span> <span class='ocrx_word' id='word_1_241' title='bbox 3022 1366 3075 1410; x_wconf 91' lang='lat' dir='ltr'><strong>et</strong></span> <span class='ocrx_word' id='word_1_242' title='bbox 3117 1358 3167 1410; x_wconf 89' lang='lat' dir='ltr'><strong>in</strong></span> <span class='ocrx_word' id='word_1_243' title='bbox 3210 1359 3436 1411; x_wconf 87' lang='lat' dir='ltr'><strong>circuitu</strong></span> <span class='ocrx_word' id='word_1_244' title='bbox 3475 1358 3542 1411; x_wconf 90' lang='lat' dir='ltr'><strong>li-</strong></span> 
     </span>
    </p>
   </div>
   <div class='ocr_carea' id='block_1_37' title="bbox 1971 1425 3544 1496">
    <p class='ocr_par' dir='ltr' id='par_1_37' title="bbox 1971 1425 3544 1496">
     <span class='ocr_line' id='line_1_38' title="bbox 1971 1425 3544 1496; baseline 0.003 -19"><span class='ocrx_word' id='word_1_245' title='bbox 1971 1435 2106 1496; x_wconf 82' lang='lat' dir='ltr'><strong>stam</strong></span> <span class='ocrx_word' id='word_1_246' title='bbox 2152 1427 2216 1480; x_wconf 90' lang='lat' dir='ltr'><strong>de</strong></span> <span class='ocrx_word' id='word_1_247' title='bbox 2248 1428 2618 1496; x_wconf 81' lang='lat' dir='ltr'><strong>ehrysoclavo.</strong></span> <span class='ocrx_word' id='word_1_248' title='bbox 2663 1425 2812 1480; x_wconf 87' lang='lat' dir='ltr'><strong>Fecit</strong></span> <span class='ocrx_word' id='word_1_249' title='bbox 2851 1437 3029 1479; x_wconf 85' lang='lat' dir='ltr'><strong>autem</strong></span> <span class='ocrx_word' id='word_1_250' title='bbox 3081 1427 3130 1478; x_wconf 91' lang='lat' dir='ltr'><strong>in</strong></span> <span class='ocrx_word' id='word_1_251' title='bbox 3167 1427 3388 1481; x_wconf 86' lang='lat' dir='ltr'><strong>basilica</strong></span> <span class='ocrx_word' id='word_1_252' title='bbox 3420 1443 3544 1481; x_wconf 86' lang='lat' dir='ltr'><strong>san-</strong></span> 
     </span>
    </p>
   </div>
   <div class='ocr_carea' id='block_1_38' title="bbox 1971 1495 3545 1566">
    <p class='ocr_par' dir='ltr' id='par_1_38' title="bbox 1971 1495 3545 1566">
     <span class='ocr_line' id='line_1_39' title="bbox 1971 1495 3545 1566; baseline 0 -16"><span class='ocrx_word' id='word_1_253' title='bbox 1971 1496 2043 1550; x_wconf 82' lang='lat' dir='ltr'><strong>cti</strong></span> <span class='ocrx_word' id='word_1_254' title='bbox 2087 1495 2359 1564; x_wconf 11' lang='lat' dir='ltr'><strong>Stephani,</strong></span> <span class='ocrx_word' id='word_1_255' title='bbox 2403 1497 2562 1566; x_wconf 89' lang='lat' dir='ltr'><strong>primi</strong></span> <span class='ocrx_word' id='word_1_256' title='bbox 2610 1497 2864 1566; x_wconf 86' lang='lat' dir='ltr'><strong>martyris</strong></span> <span class='ocrx_word' id='word_1_257' title='bbox 2909 1499 2961 1548; x_wconf 92' lang='lat' dir='ltr'><strong>in</strong></span> <span class='ocrx_word' id='word_1_258' title='bbox 3004 1497 3165 1548; x_wconf 64' lang='lat' dir='ltr'><strong>Cadio</strong></span> <span class='ocrx_word' id='word_1_259' title='bbox 3226 1508 3409 1551; x_wconf 86' lang='lat' dir='ltr'><strong>monte</strong></span> <span class='ocrx_word' id='word_1_260' title='bbox 3457 1511 3545 1550; x_wconf 85' lang='lat' dir='ltr'><strong>ve-</strong></span> 
     </span>
    </p>
   </div>
   <div class='ocr_carea' id='block_1_39' title="bbox 1972 1566 3547 1620">
    <p class='ocr_par' dir='ltr' id='par_1_39' title="bbox 1972 1566 3547 1620">
     <span class='ocr_line' id='line_1_40' title="bbox 1972 1566 3547 1620; baseline 0.001 -2"><span class='ocrx_word' id='word_1_261' title='bbox 1972 1573 2109 1618; x_wconf 84' lang='lat' dir='ltr'><strong>stem</strong></span> <span class='ocrx_word' id='word_1_262' title='bbox 2152 1567 2329 1620; x_wconf 89' lang='lat' dir='ltr'><strong>albam</strong></span> <span class='ocrx_word' id='word_1_263' title='bbox 2371 1567 2727 1620; x_wconf 89' lang='lat' dir='ltr'><strong>holosericam</strong></span> <span class='ocrx_word' id='word_1_264' title='bbox 2766 1566 3005 1618; x_wconf 88' lang='lat' dir='ltr'><strong>rosatam</strong></span> <span class='ocrx_word' id='word_1_265' title='bbox 3045 1567 3333 1619; x_wconf 84' lang='lat' dir='ltr'><strong>habentem</strong></span> <span class='ocrx_word' id='word_1_266' title='bbox 3357 1567 3410 1618; x_wconf 90' lang='lat' dir='ltr'><strong>in</strong></span> <span class='ocrx_word' id='word_1_267' title='bbox 3440 1582 3547 1620; x_wconf 61' lang='lat' dir='ltr'><strong>me«</strong></span> 
     </span>
    </p>
   </div>
   <div class='ocr_carea' id='block_1_40' title="bbox 1971 1635 3546 1691">
    <p class='ocr_par' dir='ltr' id='par_1_40' title="bbox 1971 1635 3546 1691">
     <span class='ocr_line' id='line_1_41' title="bbox 1971 1635 3546 1691; baseline 0.002 -3"><span class='ocrx_word' id='word_1_268' title='bbox 1971 1635 2060 1688; x_wconf 92' lang='lat' dir='ltr'><strong>dio</strong></span> <span class='ocrx_word' id='word_1_269' title='bbox 2097 1636 2335 1688; x_wconf 87' lang='lat' dir='ltr'><strong>tabulam</strong></span> <span class='ocrx_word' id='word_1_270' title='bbox 2366 1637 2432 1690; x_wconf 86' lang='lat' dir='ltr'><strong>de</strong></span> <span class='ocrx_word' id='word_1_271' title='bbox 2457 1636 2690 1689; x_wconf 86' lang='lat' dir='ltr'><strong>stauraci</strong></span> <span class='ocrx_word' id='word_1_272' title='bbox 2730 1651 2852 1688; x_wconf 91' lang='lat' dir='ltr'><strong>cum</strong></span> <span class='ocrx_word' id='word_1_273' title='bbox 2882 1635 3105 1688; x_wconf 83' lang='lat' dir='ltr'><strong>historia</strong></span> <span class='ocrx_word' id='word_1_274' title='bbox 3136 1635 3426 1689; x_wconf 73' lang='lat' dir='ltr'><strong>Dominicae</strong></span> <span class='ocrx_word' id='word_1_275' title='bbox 3462 1649 3546 1691; x_wconf 87' lang='lat' dir='ltr'><strong>re-</strong></span> 
     </span>
    </p>
   </div>
   <div class='ocr_carea' id='block_1_41' title="bbox 1973 1705 3545 1775">
    <p class='ocr_par' dir='ltr' id='par_1_41' title="bbox 1973 1705 3545 1775">
     <span class='ocr_line' id='line_1_42' title="bbox 1973 1705 3545 1775; baseline 0.001 -18"><span class='ocrx_word' id='word_1_276' title='bbox 1973 1705 2346 1775; x_wconf 86' lang='lat' dir='ltr'><strong>surrectionis,</strong></span> <span class='ocrx_word' id='word_1_277' title='bbox 2383 1714 2438 1758; x_wconf 90' lang='lat' dir='ltr'><strong>et</strong></span> <span class='ocrx_word' id='word_1_278' title='bbox 2491 1721 2706 1775; x_wconf 81' lang='lat' dir='ltr'><strong>crucem</strong></span> <span class='ocrx_word' id='word_1_279' title='bbox 2751 1705 2815 1758; x_wconf 89' lang='lat' dir='ltr'><strong>de</strong></span> <span class='ocrx_word' id='word_1_280' title='bbox 2859 1705 3228 1775; x_wconf 58' lang='lat' dir='ltr'><strong>chrysoclavo.</strong></span> <span class='ocrx_word' id='word_1_281' title='bbox 3284 1705 3392 1758; x_wconf 86' lang='lat' dir='ltr'><strong>Nec</strong></span> <span class='ocrx_word' id='word_1_282' title='bbox 3437 1722 3545 1759; x_wconf 91' lang='lat' dir='ltr'><strong>non</strong></span> 
     </span>
    </p>
   </div>
   <div class='ocr_carea' id='block_1_42' title="bbox 295 1773 3543 1854">
    <p class='ocr_par' dir='ltr' id='par_1_42' title="bbox 295 1773 3543 1854">
     <span class='ocr_line' id='line_1_43' title="bbox 295 1773 3543 1854; baseline -0.002 -17"><span class='ocrx_word' id='word_1_283' title='bbox 295 1784 592 1854; x_wconf 76' lang='lat' dir='ltr'><strong>appellatur</strong></span> <span class='ocrx_word' id='word_1_284' title='bbox 613 1779 1063 1854; x_wconf 79' lang='lat' dir='ltr'><strong>cosmedin,fe_cit</strong></span> <span class='ocrx_word' id='word_1_285' title='bbox 1085 1773 1286 1854; x_wconf 63' lang='lat' dir='ltr'><strong>vestem</strong></span> <span class='ocrx_word' id='word_1_286' title='bbox 1313 1773 1868 1854; x_wconf 55' lang='lat' dir='ltr'><strong>allianrboloserieitm</strong></span> <span class='ocrx_word' id='word_1_287' title='bbox 1896 1791 1944 1850; x_wconf 79' lang='grc' dir='ltr'><strong>Β</strong></span> <span class='ocrx_word' id='word_1_288' title='bbox 1971 1783 2027 1828; x_wconf 88' lang='lat' dir='ltr'><strong>et</strong></span> <span class='ocrx_word' id='word_1_289' title='bbox 2064 1774 2118 1853; x_wconf 86' lang='lat' dir='ltr'><strong>in</strong></span> <span class='ocrx_word' id='word_1_290' title='bbox 2149 1774 2406 1854; x_wconf 68' lang='lat' dir='ltr'><strong>diaconia</strong></span> <span class='ocrx_word' id='word_1_291' title='bbox 2449 1775 2590 1854; x_wconf 85' lang='lat' dir='ltr'><strong>beati</strong></span> <span class='ocrx_word' id='word_1_292' title='bbox 2632 1773 2846 1854; x_wconf 75' lang='lat' dir='ltr'><strong>Georgii</strong></span> <span class='ocrx_word' id='word_1_293' title='bbox 2894 1773 3147 1854; x_wconf 67' lang='lat' dir='ltr'><strong>martyris</strong></span> <span class='ocrx_word' id='word_1_294' title='bbox 3185 1792 3348 1844; x_wconf 86' lang='lat' dir='ltr'><strong>super</strong></span> <span class='ocrx_word' id='word_1_295' title='bbox 3387 1775 3543 1830; x_wconf 88' lang='lat' dir='ltr'><strong>altari</strong></span> 
     </span>
    </p>
   </div>
   <div class='ocr_carea' id='block_1_43' title="bbox 295 1846 1870 1920">
    <p class='ocr_par' dir='ltr' id='par_1_43' title="bbox 295 1846 1870 1920">
     <span class='ocr_line' id='line_1_44' title="bbox 295 1846 1870 1920; baseline -0.003 -15"><span class='ocrx_word' id='word_1_296' title='bbox 295 1846 418 1908; x_wconf 77' lang='lat' dir='ltr'><strong>cuin</strong></span> <span class='ocrx_word' id='word_1_297' title='bbox 443 1852 622 1906; x_wconf 84' lang='lat' dir='ltr'><strong>tabula</strong></span> <span class='ocrx_word' id='word_1_298' title='bbox 650 1853 714 1905; x_wconf 91' lang='lat' dir='ltr'><strong>de</strong></span> <span class='ocrx_word' id='word_1_299' title='bbox 752 1849 1101 1920; x_wconf 77' lang='lat' dir='ltr'><strong>chrysoclavo</strong></span> <span class='ocrx_word' id='word_1_300' title='bbox 1126 1847 1420 1920; x_wconf 76' lang='lat' dir='ltr'><strong>habentem</strong></span> <span class='ocrx_word' id='word_1_301' title='bbox 1427 1915 1437 1920; x_wconf 86' lang='lat'><strong>_</strong></span> <span class='ocrx_word' id='word_1_302' title='bbox 1456 1846 1870 1920; x_wconf 79' lang='lat' dir='ltr'><strong>historiamDo—</strong></span> 
     </span>
    </p>
   </div>
   <div class='ocr_carea' id='block_1_44' title="bbox 298 1915 1872 1986">
    <p class='ocr_par' dir='ltr' id='par_1_44' title="bbox 298 1915 1872 1986">
     <span class='ocr_line' id='line_1_45' title="bbox 298 1915 1872 1986; baseline -0.005 -11"><span class='ocrx_word' id='word_1_303' title='bbox 298 1923 506 1977; x_wconf 63' lang='lat' dir='ltr'><strong>minime</strong></span> <span class='ocrx_word' id='word_1_304' title='bbox 531 1915 940 1976; x_wconf 75' lang='lat' dir='ltr'><strong>resurrectionis</strong></span> <span class='ocrx_word' id='word_1_305' title='bbox 969 1928 1021 1973; x_wconf 89' lang='lat' dir='ltr'><strong>et</strong></span> <span class='ocrx_word' id='word_1_306' title='bbox 1050 1919 1100 1972; x_wconf 90' lang='lat' dir='ltr'><strong>in</strong></span> <span class='ocrx_word' id='word_1_307' title='bbox 1147 1916 1372 1986; x_wconf 75' lang='lat' dir='ltr'><strong>circuitu</strong></span> <span class='ocrx_word' id='word_1_308' title='bbox 1407 1915 1583 1986; x_wconf 80' lang='lat' dir='ltr'><strong>listam</strong></span> <span class='ocrx_word' id='word_1_309' title='bbox 1623 1917 1688 1970; x_wconf 86' lang='lat' dir='ltr'><strong>de</strong></span> <span class='ocrx_word' id='word_1_310' title='bbox 1713 1918 1872 1986; x_wconf 84' lang='lat' dir='ltr'><strong>chry-</strong></span> 
     </span>
    </p>
   </div>
   <div class='ocr_carea' id='block_1_45' title="bbox 295 1985 1868 2106">
    <p class='ocr_par' dir='ltr' id='par_1_45' title="bbox 295 1985 1868 2106">
     <span class='ocr_line' id='line_1_46' title="bbox 295 1985 1868 2106; baseline -0.006 -60"><span class='ocrx_word' id='word_1_311' title='bbox 295 1992 530 2046; x_wconf 70' lang='lat' dir='ltr'><strong>SUCIIIVO.</strong></span> <span class='ocrx_word' id='word_1_312' title='bbox 560 1990 711 2044; x_wconf 83' lang='lat' dir='ltr'><strong>Fecit</strong></span> <span class='ocrx_word' id='word_1_313' title='bbox 737 1989 804 2043; x_wconf 90' lang='lat' dir='ltr'><strong>ad</strong></span> <span class='ocrx_word' id='word_1_314' title='bbox 834 1997 1078 2042; x_wconf 89' lang='lat' dir='ltr'><strong>sanctam</strong></span> <span class='ocrx_word' id='word_1_315' title='bbox 1121 1985 1339 2039; x_wconf 79' lang='lat' dir='ltr'><strong>Mariam</strong></span> <span class='ocrx_word' id='word_1_316' title='bbox 1380 1985 1446 2038; x_wconf 87' lang='lat' dir='ltr'><strong>ad</strong></span> <span class='ocrx_word' id='word_1_317' title='bbox 1484 1985 1743 2106; x_wconf 46' lang='grc' dir='ltr'><strong>Μαι-Ἶρος</strong></span> <span class='ocrx_word' id='word_1_318' title='bbox 1773 1985 1868 2038; x_wconf 75' lang='lat' dir='ltr'><strong>ve-</strong></span> 
     </span>
     <span class='ocr_line' id='line_1_47' title="bbox 295 2054 1868 2106; baseline 0 0"><span class='ocrx_word' id='word_1_319' title='bbox 295 2071 430 2106; x_wconf 65' lang='lat' dir='ltr'><strong>stem</strong></span> <span class='ocrx_word' id='word_1_320' title='bbox 449 2061 620 2106; x_wconf 80' lang='lat' dir='ltr'><strong>alliam</strong></span> <span class='ocrx_word' id='word_1_321' title='bbox 640 2060 990 2106; x_wconf 72' lang='lat' dir='ltr'><strong>bolosericam</strong></span> <span class='ocrx_word' id='word_1_322' title='bbox 1020 2067 1254 2106; x_wconf 87' lang='lat' dir='ltr'><strong>rosatam</strong></span> <span class='ocrx_word' id='word_1_323' title='bbox 1274 2070 1396 2106; x_wconf 89' lang='lat' dir='ltr'><strong>cum</strong></span> <span class='ocrx_word' id='word_1_324' title='bbox 1423 2054 1596 2106; x_wconf 88' lang='lat' dir='ltr'><strong>tabula</strong></span> <span class='ocrx_word' id='word_1_325' title='bbox 1621 2075 1632 2106; x_wconf 87' lang='lat' dir='ltr'><strong>t</strong></span> <span class='ocrx_word' id='word_1_326' title='bbox 1655 2069 1685 2106; x_wconf 91' lang='lat' dir='ltr'><strong>e</strong></span> <span class='ocrx_word' id='word_1_327' title='bbox 1709 2055 1868 2106; x_wconf 85' lang='lat' dir='ltr'><strong>Tvrio</strong></span> 
     </span>
    </p>
   </div>
   <div class='ocr_carea' id='block_1_46' title="bbox 294 2054 1871 2124">
    <p class='ocr_par' dir='ltr' id='par_1_46' title="bbox 294 2054 1871 2124">
     <span class='ocr_line' id='line_1_48' title="bbox 294 2054 1871 2124; baseline -0.005 -9"><span class='ocrx_word' id='word_1_328' title='bbox 294 2071 431 2116; x_wconf 81' lang='lat' dir='ltr'><strong>stem</strong></span> <span class='ocrx_word' id='word_1_329' title='bbox 449 2061 621 2115; x_wconf 86' lang='lat' dir='ltr'><strong>albam</strong></span> <span class='ocrx_word' id='word_1_330' title='bbox 640 2060 990 2113; x_wconf 84' lang='lat' dir='ltr'><strong>bolosericam</strong></span> <span class='ocrx_word' id='word_1_331' title='bbox 1020 2067 1254 2110; x_wconf 89' lang='lat' dir='ltr'><strong>rosatam</strong></span> <span class='ocrx_word' id='word_1_332' title='bbox 1274 2070 1396 2109; x_wconf 90' lang='lat' dir='ltr'><strong>cum</strong></span> <span class='ocrx_word' id='word_1_333' title='bbox 1423 2054 1596 2107; x_wconf 88' lang='lat' dir='ltr'><strong>tabula</strong></span> <span class='ocrx_word' id='word_1_334' title='bbox 1621 2054 1685 2107; x_wconf 82' lang='lat' dir='ltr'><strong>de</strong></span> <span class='ocrx_word' id='word_1_335' title='bbox 1709 2055 1871 2124; x_wconf 80' lang='lat' dir='ltr'><strong>Tyrio</strong></span> 
     </span>
    </p>
   </div>
   <div class='ocr_carea' id='block_1_47' title="bbox 297 2125 1869 2194">
    <p class='ocr_par' dir='ltr' id='par_1_47' title="bbox 297 2125 1869 2194">
     <span class='ocr_line' id='line_1_49' title="bbox 297 2125 1869 2194; baseline -0.005 -10"><span class='ocrx_word' id='word_1_336' title='bbox 297 2131 582 2185; x_wconf 75' lang='lat' dir='ltr'><strong>habentem</strong></span> <span class='ocrx_word' id='word_1_337' title='bbox 613 2129 892 2183; x_wconf 90' lang='lat' dir='ltr'><strong>historiam</strong></span> <span class='ocrx_word' id='word_1_338' title='bbox 939 2125 1202 2181; x_wconf 79' lang='lat' dir='ltr'><strong>crucifixi.</strong></span> <span class='ocrx_word' id='word_1_339' title='bbox 1232 2131 1286 2178; x_wconf 89' lang='lat' dir='ltr'><strong>et</strong></span> <span class='ocrx_word' id='word_1_340' title='bbox 1316 2132 1488 2179; x_wconf 88' lang='lat' dir='ltr'><strong>rotam</strong></span> <span class='ocrx_word' id='word_1_341' title='bbox 1537 2125 1603 2178; x_wconf 90' lang='lat' dir='ltr'><strong>de</strong></span> <span class='ocrx_word' id='word_1_342' title='bbox 1641 2126 1869 2194; x_wconf 82' lang='lat' dir='ltr'><strong>chryso-</strong></span> 
     </span>
    </p>
   </div>
   <div class='ocr_carea' id='block_1_48' title="bbox 294 2195 1871 2264">
    <p class='ocr_par' dir='ltr' id='par_1_48' title="bbox 294 2195 1871 2264">
     <span class='ocr_line' id='line_1_50' title="bbox 294 2195 1871 2264; baseline -0.004 -9"><span class='ocrx_word' id='word_1_343' title='bbox 294 2204 446 2258; x_wconf 81' lang='lat' dir='ltr'><strong>elavo</strong></span> <span class='ocrx_word' id='word_1_344' title='bbox 480 2207 727 2254; x_wconf 88' lang='lat' dir='ltr'><strong>ornatam</strong></span> <span class='ocrx_word' id='word_1_345' title='bbox 759 2198 810 2251; x_wconf 92' lang='lat' dir='ltr'><strong>in</strong></span> <span class='ocrx_word' id='word_1_346' title='bbox 839 2199 1065 2251; x_wconf 87' lang='lat' dir='ltr'><strong>circuitu</strong></span> <span class='ocrx_word' id='word_1_347' title='bbox 1087 2196 1153 2248; x_wconf 84' lang='lat' dir='ltr'><strong>de</strong></span> <span class='ocrx_word' id='word_1_348' title='bbox 1180 2195 1359 2264; x_wconf 87' lang='lat' dir='ltr'><strong>Tyrio.</strong></span> <span class='ocrx_word' id='word_1_349' title='bbox 1389 2195 1604 2264; x_wconf 83' lang='lat' dir='ltr'><strong>Vestem</strong></span> <span class='ocrx_word' id='word_1_350' title='bbox 1631 2195 1794 2248; x_wconf 87' lang='lat' dir='ltr'><strong>etiam</strong></span> <span class='ocrx_word' id='word_1_351' title='bbox 1816 2195 1871 2248; x_wconf 91' lang='lat' dir='ltr'><strong>in</strong></span> 
     </span>
    </p>
   </div>
   <div class='ocr_carea' id='block_1_49' title="bbox 295 2263 1872 2338">
    <p class='ocr_par' dir='ltr' id='par_1_49' title="bbox 295 2263 1872 2338">
     <span class='ocr_line' id='line_1_51' title="bbox 295 2263 1872 2338; baseline -0.003 -18"><span class='ocrx_word' id='word_1_352' title='bbox 295 2271 538 2329; x_wconf 69' lang='lat' dir='ltr'><strong>«‘laconia</strong></span> <span class='ocrx_word' id='word_1_353' title='bbox 559 2269 671 2338; x_wconf 79' lang='lat' dir='ltr'><strong>jam</strong></span> <span class='ocrx_word' id='word_1_354' title='bbox 700 2269 854 2322; x_wconf 72' lang='lat' dir='ltr'><strong>dieue</strong></span> <span class='ocrx_word' id='word_1_355' title='bbox 884 2263 1276 2338; x_wconf 26' lang='lat' dir='ltr'><strong>Deige‘nitricis</strong></span> <span class='ocrx_word' id='word_1_356' title='bbox 1306 2266 1558 2338; x_wconf 69' lang='lat' dir='ltr'><strong>positam_</strong></span> <span class='ocrx_word' id='word_1_357' title='bbox 1581 2263 1710 2338; x_wconf 77' lang='lat' dir='ltr'><strong>foris</strong></span> <span class='ocrx_word' id='word_1_358' title='bbox 1749 2279 1872 2338; x_wconf 70' lang='lat' dir='ltr'><strong>por-</strong></span> 
     </span>
    </p>
   </div>
   <div class='ocr_carea' id='block_1_50' title="bbox 296 2333 1874 2404">
    <p class='ocr_par' dir='ltr' id='par_1_50' title="bbox 296 2333 1874 2404">
     <span class='ocr_line' id='line_1_52' title="bbox 296 2333 1874 2404; baseline -0.004 -13"><span class='ocrx_word' id='word_1_359' title='bbox 296 2349 409 2392; x_wconf 82' lang='lat' dir='ltr'><strong>tam</strong></span> <span class='ocrx_word' id='word_1_360' title='bbox 438 2333 576 2394; x_wconf 85' lang='lat' dir='ltr'><strong>beati</strong></span> <span class='ocrx_word' id='word_1_361' title='bbox 619 2338 762 2391; x_wconf 88' lang='lat' dir='ltr'><strong>Petri</strong></span> <span class='ocrx_word' id='word_1_362' title='bbox 791 2333 1026 2404; x_wconf 77' lang='lat' dir='ltr'><strong>apostoli</strong></span> <span class='ocrx_word' id='word_1_363' title='bbox 1047 2335 1169 2388; x_wconf 84' lang='lat' dir='ltr'><strong>fecit</strong></span> <span class='ocrx_word' id='word_1_364' title='bbox 1200 2345 1401 2389; x_wconf 83' lang='lat' dir='ltr'><strong>vestem</strong></span> <span class='ocrx_word' id='word_1_365' title='bbox 1430 2336 1500 2388; x_wconf 64' lang='lat' dir='ltr'><strong>de&quot;</strong></span> <span class='ocrx_word' id='word_1_366' title='bbox 1517 2333 1681 2404; x_wconf 82' lang='lat' dir='ltr'><strong>Tyrio</strong></span> <span class='ocrx_word' id='word_1_367' title='bbox 1723 2335 1874 2387; x_wconf 88' lang='lat' dir='ltr'><strong>miri—</strong></span> 
     </span>
    </p>
   </div>
   <div class='ocr_carea' id='block_1_51' title="bbox 300 2403 1872 2471">
    <p class='ocr_par' dir='ltr' id='par_1_51' title="bbox 300 2403 1872 2471">
     <span class='ocr_line' id='line_1_53' title="bbox 300 2403 1872 2471; baseline -0.003 -10"><span class='ocrx_word' id='word_1_368' title='bbox 300 2410 400 2463; x_wconf 84' lang='lat' dir='ltr'><strong>fice</strong></span> <span class='ocrx_word' id='word_1_369' title='bbox 426 2411 750 2464; x_wconf 86' lang='lat' dir='ltr'><strong>decoratam.</strong></span> <span class='ocrx_word' id='word_1_370' title='bbox 801 2403 898 2460; x_wconf 85' lang='lat' dir='ltr'><strong>Hic</strong></span> <span class='ocrx_word' id='word_1_371' title='bbox 942 2420 1070 2460; x_wconf 84' lang='lat' dir='ltr'><strong>vero</strong></span> <span class='ocrx_word' id='word_1_372' title='bbox 1113 2405 1438 2458; x_wconf 79' lang='lat' dir='ltr'><strong>venerabilis</strong></span> <span class='ocrx_word' id='word_1_373' title='bbox 1481 2413 1535 2457; x_wconf 88' lang='lat' dir='ltr'><strong>et</strong></span> <span class='ocrx_word' id='word_1_374' title='bbox 1570 2403 1872 2471; x_wconf 58' lang='lat' dir='ltr'><strong>praeclarus</strong></span> 
     </span>
    </p>
   </div>
   <div class='ocr_carea' id='block_1_52' title="bbox 293 2473 1874 2552">
    <p class='ocr_par' dir='ltr' id='par_1_52' title="bbox 293 2473 1874 2552">
     <span class='ocr_line' id='line_1_54' title="bbox 293 2473 1874 2552; baseline -0.005 -18"><span class='ocrx_word' id='word_1_375' title='bbox 293 2478 537 2552; x_wconf 50' lang='lat' dir='ltr'><strong>pontifex</strong></span> <span class='ocrx_word' id='word_1_376' title='bbox 573 2477 699 2552; x_wconf 79' lang='lat' dir='ltr'><strong>fecit</strong></span> <span class='ocrx_word' id='word_1_377' title='bbox 726 2476 778 2531; x_wconf 87' lang='lat' dir='ltr'><strong>in</strong></span> <span class='ocrx_word' id='word_1_378' title='bbox 825 2475 1042 2552; x_wconf 79' lang='lat' dir='ltr'><strong>basilica</strong></span> <span class='ocrx_word' id='word_1_379' title='bbox 1091 2475 1233 2552; x_wconf 70' lang='lat' dir='ltr'><strong>beati</strong></span> <span class='ocrx_word' id='word_1_380' title='bbox 1273 2475 1418 2527; x_wconf 86' lang='lat' dir='ltr'><strong>Petri</strong></span> <span class='ocrx_word' id='word_1_381' title='bbox 1452 2473 1676 2552; x_wconf 75' lang='lat' dir='ltr'><strong>apostoli</strong></span> <span class='ocrx_word' id='word_1_382' title='bbox 1708 2475 1874 2552; x_wconf 74' lang='lat' dir='ltr'><strong>nutri-</strong></span> 
     </span>
    </p>
   </div>
   <div class='ocr_carea' id='block_1_53' title="bbox 299 2543 1870 2614">
    <p class='ocr_par' dir='ltr' id='par_1_53' title="bbox 299 2543 1870 2614">
     <span class='ocr_line' id='line_1_55' title="bbox 299 2543 1870 2614; baseline -0.003 -13"><span class='ocrx_word' id='word_1_383' title='bbox 299 2543 433 2603; x_wconf 76' lang='lat' dir='ltr'><strong>ioris</strong></span> <span class='ocrx_word' id='word_1_384' title='bbox 454 2549 532 2603; x_wconf 89' lang='lat' dir='ltr'><strong>sui</strong></span> <span class='ocrx_word' id='word_1_385' title='bbox 564 2549 831 2602; x_wconf 86' lang='lat' dir='ltr'><strong>canistros</strong></span> <span class='ocrx_word' id='word_1_386' title='bbox 861 2545 1192 2599; x_wconf 88' lang='lat' dir='ltr'><strong>interrasiles</strong></span> <span class='ocrx_word' id='word_1_387' title='bbox 1215 2559 1282 2597; x_wconf 78' lang='lat' dir='ltr'><strong>ex</strong></span> <span class='ocrx_word' id='word_1_388' title='bbox 1308 2553 1528 2614; x_wconf 83' lang='lat' dir='ltr'><strong>argento</strong></span> <span class='ocrx_word' id='word_1_389' title='bbox 1555 2543 1870 2612; x_wconf 88' lang='lat' dir='ltr'><strong>purissimo,</strong></span> 
     </span>
    </p>
   </div>
   <div class='ocr_carea' id='block_1_54' title="bbox 295 2614 1865 2690">
    <p class='ocr_par' dir='ltr' id='par_1_54' title="bbox 295 2614 1865 2690">
     <span class='ocr_line' id='line_1_56' title="bbox 295 2614 1865 2690; baseline -0.004 -18"><span class='ocrx_word' id='word_1_390' title='bbox 295 2629 406 2672; x_wconf 89' lang='lat' dir='ltr'><strong>tam</strong></span> <span class='ocrx_word' id='word_1_391' title='bbox 443 2621 496 2672; x_wconf 91' lang='lat' dir='ltr'><strong>in</strong></span> <span class='ocrx_word' id='word_1_392' title='bbox 527 2617 948 2690; x_wconf 67' lang='lat' dir='ltr'><strong>quadriparticu,</strong></span> <span class='ocrx_word' id='word_1_393' title='bbox 982 2630 1249 2683; x_wconf 89' lang='lat' dir='ltr'><strong>quamque</strong></span> <span class='ocrx_word' id='word_1_394' title='bbox 1281 2614 1333 2690; x_wconf 84' lang='lat' dir='ltr'><strong>i_n</strong></span> <span class='ocrx_word' id='word_1_395' title='bbox 1375 2615 1580 2690; x_wconf 72' lang='lat' dir='ltr'><strong>gremio</strong></span> <span class='ocrx_word' id='word_1_396' title='bbox 1609 2614 1865 2677; x_wconf 67' lang='lat' dir='ltr'><strong>basilicae,</strong></span> 
     </span>
    </p>
   </div>
   <div class='ocr_carea' id='block_1_55' title="bbox 297 2683 1870 2770">
    <p class='ocr_par' dir='ltr' id='par_1_55' title="bbox 297 2683 1870 2770">
     <span class='ocr_line' id='line_1_57' title="bbox 297 2683 1870 2770; baseline -0.002 -29"><span class='ocrx_word' id='word_1_397' title='bbox 297 2703 524 2770; x_wconf 68' lang='lat' dir='ltr'><strong>iunipero</strong></span> <span class='ocrx_word' id='word_1_398' title='bbox 545 2683 885 2770; x_wconf 54' lang='lat' dir='ltr'><strong>&#39;vigintidug,</strong></span> <span class='ocrx_word' id='word_1_399' title='bbox 921 2695 1218 2770; x_wconf 52' lang='lat' dir='ltr'><strong>&#39;pensantfs</strong></span> <span class='ocrx_word' id='word_1_400' title='bbox 1262 2684 1419 2770; x_wconf 74' lang='lat' dir='ltr'><strong>simul</strong></span> <span class='ocrx_word' id='word_1_401' title='bbox 1465 2683 1870 2770; x_wconf 50' lang='lat' dir='ltr'><strong>libras-centum</strong></span> 
     </span>
    </p>
   </div>
   <div class='ocr_carea' id='block_1_56' title="bbox 297 2753 1867 2829">
    <p class='ocr_par' dir='ltr' id='par_1_56' title="bbox 297 2753 1867 2829">
     <span class='ocr_line' id='line_1_58' title="bbox 297 2753 1867 2829; baseline -0.001 -21"><span class='ocrx_word' id='word_1_402' title='bbox 297 2759 487 2829; x_wconf 82' lang='lat' dir='ltr'><strong>viginti</strong></span> <span class='ocrx_word' id='word_1_403' title='bbox 532 2753 787 2829; x_wconf 77' lang='lat' dir='ltr'><strong>quinque.</strong></span> <span class='ocrx_word' id='word_1_404' title='bbox 837 2753 1109 2829; x_wconf 76' lang='lat' dir='ltr'><strong>Gahathas</strong></span> <span class='ocrx_word' id='word_1_405' title='bbox 1136 2753 1427 2829; x_wconf 63' lang='lat' dir='ltr'><strong>fundatas</strong></span> <span class='ocrx_word' id='word_1_406' title='bbox 1445 2754 1834 2829; x_wconf 81' lang='lat' dir='ltr'><strong>signochristas</strong></span> <span class='ocrx_word' id='word_1_407' title='bbox 1852 2795 1867 2817; x_wconf 95' lang='lat'><strong>,</strong></span> 
     </span>
    </p>
   </div>
   <div class='ocr_carea' id='block_1_57' title="bbox 296 2823 1868 2896">
    <p class='ocr_par' dir='ltr' id='par_1_57' title="bbox 296 2823 1868 2896">
     <span class='ocr_line' id='line_1_59' title="bbox 296 2823 1868 2896; baseline -0.001 -16"><span class='ocrx_word' id='word_1_408' title='bbox 296 2823 417 2896; x_wconf 52' lang='lat' dir='ltr'><strong>quin</strong></span> <span class='ocrx_word' id='word_1_409' title='bbox 443 2823 695 2896; x_wconf 69' lang='lat' dir='ltr'><strong>pendent</strong></span> <span class='ocrx_word' id='word_1_410' title='bbox 718 2827 771 2879; x_wconf 90' lang='lat' dir='ltr'><strong>in</strong></span> <span class='ocrx_word' id='word_1_411' title='bbox 817 2823 1238 2896; x_wconf 82' lang='lat' dir='ltr'><strong>quadriporticu,</strong></span> <span class='ocrx_word' id='word_1_412' title='bbox 1279 2823 1341 2896; x_wconf 87' lang='lat' dir='ltr'><strong>in</strong></span> <span class='ocrx_word' id='word_1_413' title='bbox 1376 2823 1548 2892; x_wconf 86' lang='lat' dir='ltr'><strong>pbaro</strong></span> <span class='ocrx_word' id='word_1_414' title='bbox 1591 2837 1768 2888; x_wconf 78' lang='lat' dir='ltr'><strong>:ereo,</strong></span> <span class='ocrx_word' id='word_1_415' title='bbox 1815 2824 1868 2878; x_wconf 91' lang='lat' dir='ltr'><strong>in</strong></span> 
     </span>
    </p>
   </div>
   <div class='ocr_carea' id='block_1_58' title="bbox 296 2893 1872 2962">
    <p class='ocr_par' dir='ltr' id='par_1_58' title="bbox 296 2893 1872 2962">
     <span class='ocr_line' id='line_1_60' title="bbox 296 2893 1872 2962; baseline -0.004 -12"><span class='ocrx_word' id='word_1_416' title='bbox 296 2893 474 2950; x_wconf 77' lang='lat' dir='ltr'><strong>medio</strong></span> <span class='ocrx_word' id='word_1_417' title='bbox 501 2896 754 2956; x_wconf 65' lang='lat' dir='ltr'><strong>basilicas,</strong></span> <span class='ocrx_word' id='word_1_418' title='bbox 785 2910 1009 2948; x_wconf 90' lang='lat' dir='ltr'><strong>numero</strong></span> <span class='ocrx_word' id='word_1_419' title='bbox 1029 2893 1385 2962; x_wconf 76' lang='lat' dir='ltr'><strong>quadraginta</strong></span> <span class='ocrx_word' id='word_1_420' title='bbox 1415 2902 1468 2946; x_wconf 88' lang='lat' dir='ltr'><strong>et</strong></span> <span class='ocrx_word' id='word_1_421' title='bbox 1495 2901 1618 2947; x_wconf 88' lang='lat' dir='ltr'><strong>octo</strong></span> <span class='ocrx_word' id='word_1_422' title='bbox 1649 2908 1872 2960; x_wconf 86' lang='lat' dir='ltr'><strong>pensan-</strong></span> 
     </span>
    </p>
   </div>
   <div class='ocr_carea' id='block_1_59' title="bbox 301 2962 1871 3020">
    <p class='ocr_par' dir='ltr' id='par_1_59' title="bbox 301 2962 1871 3020">
     <span class='ocr_line' id='line_1_61' title="bbox 301 2962 1871 3020; baseline -0.004 0"><span class='ocrx_word' id='word_1_423' title='bbox 301 2977 384 3020; x_wconf 88' lang='lat' dir='ltr'><strong>tes</strong></span> <span class='ocrx_word' id='word_1_424' title='bbox 407 2967 567 3020; x_wconf 81' lang='lat' dir='ltr'><strong>simul</strong></span> <span class='ocrx_word' id='word_1_425' title='bbox 593 2966 757 3019; x_wconf 88' lang='lat' dir='ltr'><strong>libras</strong></span> <span class='ocrx_word' id='word_1_426' title='bbox 784 2974 998 3018; x_wconf 90' lang='lat' dir='ltr'><strong>centum</strong></span> <span class='ocrx_word' id='word_1_427' title='bbox 1027 2973 1081 3016; x_wconf 90' lang='lat' dir='ltr'><strong>et</strong></span> <span class='ocrx_word' id='word_1_428' title='bbox 1103 2978 1262 3015; x_wconf 85' lang='lat' dir='ltr'><strong>unam</strong></span> <span class='ocrx_word' id='word_1_429' title='bbox 1290 2970 1346 3015; x_wconf 90' lang='lat' dir='ltr'><strong>et</strong></span> <span class='ocrx_word' id='word_1_430' title='bbox 1378 2963 1560 3016; x_wconf 82' lang='lat' dir='ltr'><strong>seruis.</strong></span> <span class='ocrx_word' id='word_1_431' title='bbox 1590 2962 1765 3016; x_wconf 85' lang='lat' dir='ltr'><strong>Phara</strong></span> <span class='ocrx_word' id='word_1_432' title='bbox 1789 2978 1871 3014; x_wconf 90' lang='lat' dir='ltr'><strong>ar-</strong></span> 
     </span>
    </p>
   </div>
   <div class='ocr_carea' id='block_1_60' title="bbox 297 3033 1867 3105">
    <p class='ocr_par' dir='ltr' id='par_1_60' title="bbox 297 3033 1867 3105">
     <span class='ocr_line' id='line_1_62' title="bbox 297 3033 1867 3105; baseline -0.002 -17"><span class='ocrx_word' id='word_1_433' title='bbox 297 3044 488 3105; x_wconf 79' lang='lat' dir='ltr'><strong>gentea</strong></span> <span class='ocrx_word' id='word_1_434' title='bbox 509 3038 634 3100; x_wconf 89' lang='lat' dir='ltr'><strong>tria,</strong></span> <span class='ocrx_word' id='word_1_435' title='bbox 675 3050 796 3104; x_wconf 68' lang='lat' dir='ltr'><strong>qua:</strong></span> <span class='ocrx_word' id='word_1_436' title='bbox 823 3041 968 3088; x_wconf 81' lang='lat' dir='ltr'><strong>stant</strong></span> <span class='ocrx_word' id='word_1_437' title='bbox 986 3048 1148 3102; x_wconf 91' lang='lat' dir='ltr'><strong>super</strong></span> <span class='ocrx_word' id='word_1_438' title='bbox 1190 3033 1371 3105; x_wconf 82' lang='lat' dir='ltr'><strong>trabes</strong></span> <span class='ocrx_word' id='word_1_439' title='bbox 1401 3042 1704 3102; x_wconf 78' lang='lat' dir='ltr'><strong>argenteas,</strong></span> <span class='ocrx_word' id='word_1_440' title='bbox 1735 3047 1867 3105; x_wconf 83' lang='lat' dir='ltr'><strong>pen-</strong></span> 
     </span>
    </p>
   </div>
   <div class='ocr_carea' id='block_1_61' title="bbox 297 3101 1941 3192">
    <p class='ocr_par' dir='ltr' id='par_1_61' title="bbox 297 3101 1941 3192">
     <span class='ocr_line' id='line_1_63' title="bbox 297 3101 1941 3192; baseline -0.001 -34"><span class='ocrx_word' id='word_1_441' title='bbox 297 3101 475 3158; x_wconf 69' lang='lat' dir='ltr'><strong>santia</strong></span> <span class='ocrx_word' id='word_1_442' title='bbox 506 3105 672 3192; x_wconf 65' lang='lat' dir='ltr'><strong>libras</strong></span> <span class='ocrx_word' id='word_1_443' title='bbox 693 3101 986 3192; x_wconf 59' lang='lat' dir='ltr'><strong>noriagiiiia</strong></span> <span class='ocrx_word' id='word_1_444' title='bbox 1008 3101 1065 3182; x_wconf 55' lang='lat' dir='ltr'><strong>ei</strong></span> <span class='ocrx_word' id='word_1_445' title='bbox 1078 3112 1226 3192; x_wconf 33' lang='lat' dir='ltr'><strong>vt‘res.‘</strong></span> <span class='ocrx_word' id='word_1_446' title='bbox 1241 3101 1412 3156; x_wconf 87' lang='lat' dir='ltr'><strong>Arcus</strong></span> <span class='ocrx_word' id='word_1_447' title='bbox 1434 3101 1716 3192; x_wconf 74' lang='lat' dir='ltr'><strong>argenteos</strong></span> <span class='ocrx_word' id='word_1_448' title='bbox 1737 3101 1869 3192; x_wconf 81' lang='lat' dir='ltr'><strong>duos</strong></span> <span class='ocrx_word' id='word_1_449' title='bbox 1897 3131 1941 3192; x_wconf 51' lang='grc' dir='ltr'><strong>(Ξ</strong></span> 
     </span>
    </p>
   </div>
   <div class='ocr_carea' id='block_1_62' title="bbox 368 3172 1866 3242">
    <p class='ocr_par' dir='ltr' id='par_1_62' title="bbox 368 3172 1866 3242">
     <span class='ocr_line' id='line_1_64' title="bbox 368 3172 1866 3242; baseline -0.001 -16"><span class='ocrx_word' id='word_1_450' title='bbox 368 3184 585 3228; x_wconf 88' lang='lat' dir='ltr'><strong>nsantes</strong></span> <span class='ocrx_word' id='word_1_451' title='bbox 614 3175 778 3226; x_wconf 88' lang='lat' dir='ltr'><strong>libras</strong></span> <span class='ocrx_word' id='word_1_452' title='bbox 806 3172 1153 3242; x_wconf 74' lang='lat' dir='ltr'><strong>quadraginta</strong></span> <span class='ocrx_word' id='word_1_453' title='bbox 1177 3180 1231 3225; x_wconf 93' lang='lat' dir='ltr'><strong>et</strong></span> <span class='ocrx_word' id='word_1_454' title='bbox 1259 3188 1418 3225; x_wconf 88' lang='lat' dir='ltr'><strong>unam</strong></span> <span class='ocrx_word' id='word_1_455' title='bbox 1444 3181 1496 3225; x_wconf 90' lang='lat' dir='ltr'><strong>et</strong></span> <span class='ocrx_word' id='word_1_456' title='bbox 1517 3172 1706 3226; x_wconf 90' lang='lat' dir='ltr'><strong>uncias</strong></span> <span class='ocrx_word' id='word_1_457' title='bbox 1725 3183 1866 3226; x_wconf 92' lang='lat' dir='ltr'><strong>octo.</strong></span> 
     </span>
    </p>
   </div>
   <div class='ocr_carea' id='block_1_63' title="bbox 323 3240 1873 3312">
    <p class='ocr_par' dir='ltr' id='par_1_63' title="bbox 323 3240 1873 3312">
     <span class='ocr_line' id='line_1_65' title="bbox 323 3240 1873 3312; baseline 0.004 -22"><span class='ocrx_word' id='word_1_458' title='bbox 323 3244 430 3296; x_wconf 61' lang='lat' dir='ltr'><strong>fela</strong></span> <span class='ocrx_word' id='word_1_459' title='bbox 461 3244 526 3296; x_wconf 87' lang='lat' dir='ltr'><strong>de</strong></span> <span class='ocrx_word' id='word_1_460' title='bbox 572 3243 798 3295; x_wconf 88' lang='lat' dir='ltr'><strong>blatthin</strong></span> <span class='ocrx_word' id='word_1_461' title='bbox 825 3240 1048 3312; x_wconf 27' lang='lat' dir='ltr'><strong>imajora</strong></span> <span class='ocrx_word' id='word_1_462' title='bbox 1071 3283 1084 3304; x_wconf 96' lang='lat'><strong>,</strong></span> <span class='ocrx_word' id='word_1_463' title='bbox 1116 3258 1234 3310; x_wconf 69' lang='lat' dir='ltr'><strong>qute</strong></span> <span class='ocrx_word' id='word_1_464' title='bbox 1281 3243 1513 3310; x_wconf 84' lang='lat' dir='ltr'><strong>pendent</strong></span> <span class='ocrx_word' id='word_1_465' title='bbox 1548 3259 1644 3312; x_wconf 90' lang='lat' dir='ltr'><strong>per</strong></span> <span class='ocrx_word' id='word_1_466' title='bbox 1691 3243 1873 3296; x_wconf 87' lang='lat' dir='ltr'><strong>trabes</strong></span> 
     </span>
    </p>
   </div>
   <div class='ocr_carea' id='block_1_64' title="bbox 287 3311 1872 3383">
    <p class='ocr_par' dir='ltr' id='par_1_64' title="bbox 287 3311 1872 3383">
     <span class='ocr_line' id='line_1_66' title="bbox 287 3311 1872 3383; baseline 0.001 -19"><span class='ocrx_word' id='word_1_467' title='bbox 287 3319 590 3383; x_wconf 69' lang='lat' dir='ltr'><strong>argenteas</strong></span> <span class='ocrx_word' id='word_1_468' title='bbox 611 3313 795 3383; x_wconf 78' lang='lat' dir='ltr'><strong>dextra</strong></span> <span class='ocrx_word' id='word_1_469' title='bbox 825 3311 1061 3383; x_wconf 67' lang='lat' dir='ltr'><strong>laevaque</strong></span> <span class='ocrx_word' id='word_1_470' title='bbox 1087 3312 1428 3383; x_wconf 79' lang='lat' dir='ltr'><strong>presbyterii.</strong></span> <span class='ocrx_word' id='word_1_471' title='bbox 1471 3311 1578 3367; x_wconf 82' lang='lat' dir='ltr'><strong>Nec</strong></span> <span class='ocrx_word' id='word_1_472' title='bbox 1606 3327 1710 3367; x_wconf 87' lang='lat' dir='ltr'><strong>non</strong></span> <span class='ocrx_word' id='word_1_473' title='bbox 1743 3313 1872 3366; x_wconf 87' lang='lat' dir='ltr'><strong>etin</strong></span> 
     </span>
    </p>
   </div>
   <div class='ocr_carea' id='block_1_65' title="bbox 285 3381 1874 3503">
    <p class='ocr_par' dir='ltr' id='par_1_65' title="bbox 285 3381 1874 3503">
     <span class='ocr_line' id='line_1_67' title="bbox 285 3381 1874 3503; baseline -0.001 -66"><span class='ocrx_word' id='word_1_474' title='bbox 285 3381 531 3503; x_wconf 55' lang='lat' dir='ltr'><strong>eircct’titu</strong></span> <span class='ocrx_word' id='word_1_475' title='bbox 559 3382 702 3502; x_wconf 68' lang='lat' dir='ltr'><strong>sledis</strong></span> <span class='ocrx_word' id='word_1_476' title='bbox 726 3397 949 3437; x_wconf 88' lang='lat' dir='ltr'><strong>numero</strong></span> <span class='ocrx_word' id='word_1_477' title='bbox 984 3381 1201 3452; x_wconf 82' lang='lat' dir='ltr'><strong>triginta</strong></span> <span class='ocrx_word' id='word_1_478' title='bbox 1249 3381 1443 3437; x_wconf 83' lang='lat' dir='ltr'><strong>Ornata</strong></span> <span class='ocrx_word' id='word_1_479' title='bbox 1475 3383 1527 3437; x_wconf 91' lang='lat' dir='ltr'><strong>in</strong></span> <span class='ocrx_word' id='word_1_480' title='bbox 1552 3383 1782 3438; x_wconf 88' lang='lat' dir='ltr'><strong>circuitu</strong></span> <span class='ocrx_word' id='word_1_481' title='bbox 1807 3383 1874 3437; x_wconf 88' lang='lat' dir='ltr'><strong>de</strong></span> 
     </span>
     <span class='ocr_line' id='line_1_68' title="bbox 287 3465 649 3503; baseline -0.003 0"><span class='ocrx_word' id='word_1_482' title='bbox 287 3467 402 3503; x_wconf 81' lang='lat' dir='ltr'><strong>uua</strong></span> <span class='ocrx_word' id='word_1_483' title='bbox 447 3465 576 3503; x_wconf 90' lang='lat' dir='ltr'><strong>ranu</strong></span> <span class='ocrx_word' id='word_1_484' title='bbox 599 3465 649 3503; x_wconf 91' lang='grc' dir='ltr'><strong>ο.</strong></span> 
     </span>
    </p>
   </div>
   <div class='ocr_carea' id='block_1_66' title="bbox 287 3465 649 3505">
    <p class='ocr_par' dir='ltr' id='par_1_66' title="bbox 287 3465 649 3505">
     <span class='ocr_line' id='line_1_69' title="bbox 287 3465 649 3505; baseline -0.006 -1"><span class='ocrx_word' id='word_1_485' title='bbox 287 3465 649 3505; x_wconf 65' lang='grc' dir='ltr'><strong>σιυτισνθιιυιο.</strong></span> 
     </span>
    </p>
   </div>
   <div class='ocr_carea' id='block_1_67' title="bbox 308 3466 1870 3588">
    <p class='ocr_par' dir='ltr' id='par_1_67' title="bbox 308 3466 1870 3588">
     <span class='ocr_line' id='line_1_70' title="bbox 308 3466 649 3525; baseline -0.009 -20"><span class='ocrx_word' id='word_1_486' title='bbox 308 3466 649 3525; x_wconf 65' lang='grc' dir='ltr'><strong>ιυτισιιθιιυιο.</strong></span> 
     </span>
     <span class='ocr_line' id='line_1_71' title="bbox 370 3518 1870 3588; baseline -0.001 -15"><span class='ocrx_word' id='word_1_487' title='bbox 370 3519 498 3573; x_wconf 54' lang='lat' dir='ltr'><strong>Vlla</strong></span> <span class='ocrx_word' id='word_1_488' title='bbox 544 3519 752 3574; x_wconf 85' lang='lat' dir='ltr'><strong>modica</strong></span> <span class='ocrx_word' id='word_1_489' title='bbox 788 3520 853 3575; x_wconf 85' lang='lat' dir='ltr'><strong>de</strong></span> <span class='ocrx_word' id='word_1_490' title='bbox 887 3518 1110 3574; x_wconf 85' lang='lat' dir='ltr'><strong>fundato</strong></span> <span class='ocrx_word' id='word_1_491' title='bbox 1140 3535 1364 3588; x_wconf 85' lang='lat' dir='ltr'><strong>numero</strong></span> <span class='ocrx_word' id='word_1_492' title='bbox 1405 3519 1763 3588; x_wconf 84' lang='lat' dir='ltr'><strong>quadraginta</strong></span> <span class='ocrx_word' id='word_1_493' title='bbox 1811 3527 1870 3572; x_wconf 91' lang='lat' dir='ltr'><strong>et</strong></span> 
     </span>
    </p>
   </div>
   <div class='ocr_carea' id='block_1_68' title="bbox 289 3587 1873 3659">
    <p class='ocr_par' dir='ltr' id='par_1_68' title="bbox 289 3587 1873 3659">
     <span class='ocr_line' id='line_1_72' title="bbox 289 3587 1873 3659; baseline -0.002 -14"><span class='ocrx_word' id='word_1_494' title='bbox 289 3598 504 3659; x_wconf 79' lang='lat' dir='ltr'><strong>septem</strong></span> <span class='ocrx_word' id='word_1_495' title='bbox 532 3599 726 3644; x_wconf 85' lang='lat' dir='ltr'><strong>ornata</strong></span> <span class='ocrx_word' id='word_1_496' title='bbox 763 3605 816 3643; x_wconf 84' lang='lat' dir='ltr'><strong>In</strong></span> <span class='ocrx_word' id='word_1_497' title='bbox 864 3589 1091 3659; x_wconf 72' lang='lat' dir='ltr'><strong>circuitu</strong></span> <span class='ocrx_word' id='word_1_498' title='bbox 1119 3589 1186 3659; x_wconf 74' lang='lat' dir='ltr'><strong>de</strong></span> <span class='ocrx_word' id='word_1_499' title='bbox 1215 3587 1444 3659; x_wconf 75' lang='lat' dir='ltr'><strong>blatthin</strong></span> <span class='ocrx_word' id='word_1_500' title='bbox 1482 3587 1770 3657; x_wconf 80' lang='lat' dir='ltr'><strong>Byzanteo,</strong></span> <span class='ocrx_word' id='word_1_501' title='bbox 1815 3596 1873 3642; x_wconf 90' lang='lat' dir='ltr'><strong>et</strong></span> 
     </span>
    </p>
   </div>
   <div class='ocr_carea' id='block_1_69' title="bbox 293 3656 1874 3727">
    <p class='ocr_par' dir='ltr' id='par_1_69' title="bbox 293 3656 1874 3727">
     <span class='ocr_line' id='line_1_73' title="bbox 293 3656 1874 3727; baseline -0.001 -13"><span class='ocrx_word' id='word_1_502' title='bbox 293 3656 554 3714; x_wconf 66' lang='lat' dir='ltr'><strong>investita</strong></span> <span class='ocrx_word' id='word_1_503' title='bbox 587 3661 652 3712; x_wconf 89' lang='lat' dir='ltr'><strong>de</strong></span> <span class='ocrx_word' id='word_1_504' title='bbox 676 3658 904 3727; x_wconf 84' lang='lat' dir='ltr'><strong>blatthin</strong></span> <span class='ocrx_word' id='word_1_505' title='bbox 937 3656 1306 3727; x_wconf 80' lang='lat' dir='ltr'><strong>Neapolitano.</strong></span> <span class='ocrx_word' id='word_1_506' title='bbox 1333 3656 1442 3712; x_wconf 85' lang='lat' dir='ltr'><strong>Nec</strong></span> <span class='ocrx_word' id='word_1_507' title='bbox 1470 3656 1574 3727; x_wconf 84' lang='lat' dir='ltr'><strong>non</strong></span> <span class='ocrx_word' id='word_1_508' title='bbox 1601 3665 1654 3710; x_wconf 91' lang='lat' dir='ltr'><strong>et</strong></span> <span class='ocrx_word' id='word_1_509' title='bbox 1678 3659 1730 3710; x_wconf 91' lang='lat' dir='ltr'><strong>in</strong></span> <span class='ocrx_word' id='word_1_510' title='bbox 1753 3673 1874 3727; x_wconf 79' lang='lat' dir='ltr'><strong>gre-</strong></span> 
     </span>
    </p>
   </div>
   <div class='ocr_carea' id='block_1_70' title="bbox 295 3725 1871 3790">
    <p class='ocr_par' dir='ltr' id='par_1_70' title="bbox 295 3725 1871 3790">
     <span class='ocr_line' id='line_1_74' title="bbox 295 3725 1871 3790; baseline -0.001 -8"><span class='ocrx_word' id='word_1_511' title='bbox 295 3728 413 3782; x_wconf 85' lang='lat' dir='ltr'><strong>mio</strong></span> <span class='ocrx_word' id='word_1_512' title='bbox 441 3729 674 3782; x_wconf 66' lang='lat' dir='ltr'><strong>basilica:</strong></span> <span class='ocrx_word' id='word_1_513' title='bbox 712 3725 838 3780; x_wconf 86' lang='lat' dir='ltr'><strong>fecit</strong></span> <span class='ocrx_word' id='word_1_514' title='bbox 869 3725 1131 3781; x_wconf 88' lang='lat' dir='ltr'><strong>cortinam</strong></span> <span class='ocrx_word' id='word_1_515' title='bbox 1177 3725 1428 3790; x_wconf 85' lang='lat' dir='ltr'><strong>majorem</strong></span> <span class='ocrx_word' id='word_1_516' title='bbox 1454 3725 1871 3781; x_wconf 79' lang='lat' dir='ltr'><strong>Alexandrinam</strong></span> 
     </span>
    </p>
   </div>
   <div class='ocr_carea' id='block_1_71' title="bbox 291 3794 1873 3868">
    <p class='ocr_par' dir='ltr' id='par_1_71' title="bbox 291 3794 1873 3868">
     <span class='ocr_line' id='line_1_75' title="bbox 291 3794 1873 3868; baseline -0.001 -15"><span class='ocrx_word' id='word_1_517' title='bbox 291 3799 453 3853; x_wconf 69' lang='lat' dir='ltr'><strong>mirae</strong></span> <span class='ocrx_word' id='word_1_518' title='bbox 491 3796 873 3868; x_wconf 79' lang='lat' dir='ltr'><strong>magnitudinis</strong></span> <span class='ocrx_word' id='word_1_519' title='bbox 896 3806 950 3868; x_wconf 81' lang='lat' dir='ltr'><strong>et</strong></span> <span class='ocrx_word' id='word_1_520' title='bbox 978 3794 1391 3868; x_wconf 77' lang='lat' dir='ltr'><strong>pulchritudinis</strong></span> <span class='ocrx_word' id='word_1_521' title='bbox 1417 3797 1740 3861; x_wconf 89' lang='lat' dir='ltr'><strong>decoratam,</strong></span> <span class='ocrx_word' id='word_1_522' title='bbox 1785 3813 1873 3851; x_wconf 88' lang='lat' dir='ltr'><strong>or-</strong></span> 
     </span>
    </p>
   </div>
   <div class='ocr_carea' id='block_1_72' title="bbox 279 3865 1155 3935">
    <p class='ocr_par' dir='ltr' id='par_1_72' title="bbox 279 3865 1155 3935">
     <span class='ocr_line' id='line_1_76' title="bbox 279 3865 1155 3935; baseline -0.005 -12"><span class='ocrx_word' id='word_1_523' title='bbox 279 3876 483 3933; x_wconf 73' lang='lat' dir='ltr'><strong>natam</strong></span> <span class='ocrx_word' id='word_1_524' title='bbox 523 3865 844 3920; x_wconf 60' lang='lat' dir='ltr'><strong>in&#39;circuitu</strong></span> <span class='ocrx_word' id='word_1_525' title='bbox 883 3866 951 3919; x_wconf 88' lang='lat' dir='ltr'><strong>de</strong></span> <span class='ocrx_word' id='word_1_526' title='bbox 977 3865 1155 3935; x_wconf 83' lang='lat' dir='ltr'><strong>Tyrio.</strong></span> 
     </span>
    </p>
   </div>
   <div class='ocr_carea' id='block_1_73' title="bbox 371 3935 1875 3991">
    <p class='ocr_par' dir='ltr' id='par_1_73' title="bbox 371 3935 1875 3991">
     <span class='ocr_line' id='line_1_77' title="bbox 371 3935 1875 3991; baseline 0 -1"><span class='ocrx_word' id='word_1_527' title='bbox 371 3937 504 3991; x_wconf 78' lang='lat' dir='ltr'><strong>Vela</strong></span> <span class='ocrx_word' id='word_1_528' title='bbox 553 3937 673 3990; x_wconf 88' lang='lat' dir='ltr'><strong>alba</strong></span> <span class='ocrx_word' id='word_1_529' title='bbox 728 3936 938 3990; x_wconf 87' lang='lat' dir='ltr'><strong>modica</strong></span> <span class='ocrx_word' id='word_1_530' title='bbox 983 3935 1282 3989; x_wconf 88' lang='lat' dir='ltr'><strong>holoserica</strong></span> <span class='ocrx_word' id='word_1_531' title='bbox 1318 3944 1498 3990; x_wconf 88' lang='lat' dir='ltr'><strong>rosata</strong></span> <span class='ocrx_word' id='word_1_532' title='bbox 1539 3951 1762 3990; x_wconf 90' lang='lat' dir='ltr'><strong>numero</strong></span> <span class='ocrx_word' id='word_1_533' title='bbox 1797 3937 1875 3990; x_wconf 78' lang='lat' dir='ltr'><strong>vi-</strong></span> 
     </span>
    </p>
   </div>
   <div class='ocr_carea' id='block_1_74' title="bbox 290 4005 1872 4078">
    <p class='ocr_par' dir='ltr' id='par_1_74' title="bbox 290 4005 1872 4078">
     <span class='ocr_line' id='line_1_78' title="bbox 290 4005 1872 4078; baseline 0.001 -19"><span class='ocrx_word' id='word_1_534' title='bbox 290 4007 433 4078; x_wconf 75' lang='lat' dir='ltr'><strong>ginti</strong></span> <span class='ocrx_word' id='word_1_535' title='bbox 471 4007 707 4075; x_wconf 87' lang='lat' dir='ltr'><strong>quinque</strong></span> <span class='ocrx_word' id='word_1_536' title='bbox 751 4015 941 4059; x_wconf 90' lang='lat' dir='ltr'><strong>ornata</strong></span> <span class='ocrx_word' id='word_1_537' title='bbox 994 4005 1046 4058; x_wconf 92' lang='lat' dir='ltr'><strong>in</strong></span> <span class='ocrx_word' id='word_1_538' title='bbox 1077 4005 1330 4078; x_wconf 87' lang='lat' dir='ltr'><strong>_circuitu</strong></span> <span class='ocrx_word' id='word_1_539' title='bbox 1380 4006 1447 4078; x_wconf 87' lang='lat' dir='ltr'><strong>de</strong></span> <span class='ocrx_word' id='word_1_540' title='bbox 1486 4005 1750 4078; x_wconf 71' lang='lat' dir='ltr'><strong>iilatthin,</strong></span> <span class='ocrx_word' id='word_1_541' title='bbox 1805 4023 1872 4061; x_wconf 84' lang='lat' dir='ltr'><strong>ex</strong></span> 
     </span>
    </p>
   </div>
   <div class='ocr_carea' id='block_1_75' title="bbox 286 4074 1872 4146">
    <p class='ocr_par' dir='ltr' id='par_1_75' title="bbox 286 4074 1872 4146">
     <span class='ocr_line' id='line_1_79' title="bbox 286 4074 1872 4146; baseline -0.001 -15"><span class='ocrx_word' id='word_1_542' title='bbox 286 4074 502 4146; x_wconf 54' lang='lat' dir='ltr'><strong>ignibus</strong></span> <span class='ocrx_word' id='word_1_543' title='bbox 541 4091 708 4146; x_wconf 89' lang='lat' dir='ltr'><strong>unum</strong></span> <span class='ocrx_word' id='word_1_544' title='bbox 762 4085 1022 4146; x_wconf 8' lang='lat' dir='ltr'><strong>ornatum?</strong></span> <span class='ocrx_word' id='word_1_545' title='bbox 1059 4074 1127 4129; x_wconf 93' lang='lat' dir='ltr'><strong>de</strong></span> <span class='ocrx_word' id='word_1_546' title='bbox 1179 4076 1435 4146; x_wconf 81' lang='lat' dir='ltr'><strong>stauraci.</strong></span> <span class='ocrx_word' id='word_1_547' title='bbox 1478 4076 1653 4144; x_wconf 86' lang='lat' dir='ltr'><strong>Super</strong></span> <span class='ocrx_word' id='word_1_548' title='bbox 1704 4076 1872 4130; x_wconf 88' lang='lat' dir='ltr'><strong>altare</strong></span> 
     </span>
    </p>
   </div>
   <div class='ocr_carea' id='block_1_76' title="bbox 289 4144 1871 4214">
    <p class='ocr_par' dir='ltr' id='par_1_76' title="bbox 289 4144 1871 4214">
     <span class='ocr_line' id='line_1_80' title="bbox 289 4144 1871 4214; baseline 0.001 -16"><span class='ocrx_word' id='word_1_549' title='bbox 289 4144 430 4199; x_wconf 67' lang='lat' dir='ltr'><strong>ve&#39;o</strong></span> <span class='ocrx_word' id='word_1_550' title='bbox 462 4147 604 4200; x_wconf 84' lang='lat' dir='ltr'><strong>beati</strong></span> <span class='ocrx_word' id='word_1_551' title='bbox 642 4145 871 4200; x_wconf 73' lang='lat' dir='ltr'><strong>Andrete</strong></span> <span class='ocrx_word' id='word_1_552' title='bbox 894 4185 909 4209; x_wconf 91' lang='lat'><strong>,</strong></span> <span class='ocrx_word' id='word_1_553' title='bbox 937 4145 1027 4198; x_wconf 90' lang='lat' dir='ltr'><strong>ubi</strong></span> <span class='ocrx_word' id='word_1_554' title='bbox 1057 4160 1248 4214; x_wconf 90' lang='lat' dir='ltr'><strong>supra,</strong></span> <span class='ocrx_word' id='word_1_555' title='bbox 1293 4144 1421 4200; x_wconf 90' lang='lat' dir='ltr'><strong>fecit</strong></span> <span class='ocrx_word' id='word_1_556' title='bbox 1455 4157 1662 4200; x_wconf 80' lang='lat' dir='ltr'><strong>vestem</strong></span> <span class='ocrx_word' id='word_1_557' title='bbox 1693 4147 1871 4200; x_wconf 86' lang='lat' dir='ltr'><strong>albam</strong></span> 
     </span>
    </p>
   </div>
   <div class='ocr_carea' id='block_1_77' title="bbox 292 4215 1871 4287">
    <p class='ocr_par' dir='ltr' id='par_1_77' title="bbox 292 4215 1871 4287">
     <span class='ocr_line' id='line_1_81' title="bbox 292 4215 1871 4287; baseline 0.001 -18"><span class='ocrx_word' id='word_1_558' title='bbox 292 4215 1094 4287; x_wconf 73' lang='lat' dir='ltr'><strong>bolosericamrosatam_cum</strong></span> <span class='ocrx_word' id='word_1_559' title='bbox 1135 4215 1321 4287; x_wconf 82' lang='lat' dir='ltr'><strong>tabula</strong></span> <span class='ocrx_word' id='word_1_560' title='bbox 1369 4216 1434 4270; x_wconf 89' lang='lat' dir='ltr'><strong>de</strong></span> <span class='ocrx_word' id='word_1_561' title='bbox 1476 4216 1827 4287; x_wconf 83' lang='lat' dir='ltr'><strong>chrysoclavo</strong></span> <span class='ocrx_word' id='word_1_562' title='bbox 1855 4257 1871 4280; x_wconf 92' lang='lat'><strong>,</strong></span> 
     </span>
    </p>
   </div>
   <div class='ocr_carea' id='block_1_78' title="bbox 288 4283 1873 4350">
    <p class='ocr_par' dir='ltr' id='par_1_78' title="bbox 288 4283 1873 4350">
     <span class='ocr_line' id='line_1_82' title="bbox 288 4283 1873 4350; baseline 0 -10"><span class='ocrx_word' id='word_1_563' title='bbox 288 4283 587 4340; x_wconf 84' lang='lat' dir='ltr'><strong>habentem</strong></span> <span class='ocrx_word' id='word_1_564' title='bbox 630 4284 906 4342; x_wconf 87' lang='lat' dir='ltr'><strong>historiam</strong></span> <span class='ocrx_word' id='word_1_565' title='bbox 938 4284 1228 4338; x_wconf 86' lang='lat' dir='ltr'><strong>Dominice</strong></span> <span class='ocrx_word' id='word_1_566' title='bbox 1265 4283 1699 4350; x_wconf 84' lang='lat' dir='ltr'><strong>resurrectionis,</strong></span> <span class='ocrx_word' id='word_1_567' title='bbox 1738 4295 1794 4340; x_wconf 87' lang='lat' dir='ltr'><strong>et</strong></span> <span class='ocrx_word' id='word_1_568' title='bbox 1819 4287 1873 4341; x_wconf 91' lang='lat' dir='ltr'><strong>in</strong></span> 
     </span>
    </p>
   </div>
   <div class='ocr_carea' id='block_1_79' title="bbox 289 4353 1872 4424">
    <p class='ocr_par' dir='ltr' id='par_1_79' title="bbox 289 4353 1872 4424">
     <span class='ocr_line' id='line_1_83' title="bbox 289 4353 1872 4424; baseline 0 -15"><span class='ocrx_word' id='word_1_569' title='bbox 289 4356 534 4424; x_wconf 15' lang='lat' dir='ltr'><strong>circuitu</strong></span> <span class='ocrx_word' id='word_1_570' title='bbox 575 4354 755 4408; x_wconf 86' lang='lat' dir='ltr'><strong>listam</strong></span> <span class='ocrx_word' id='word_1_571' title='bbox 790 4353 856 4424; x_wconf 83' lang='lat' dir='ltr'><strong>de</strong></span> <span class='ocrx_word' id='word_1_572' title='bbox 891 4354 1255 4424; x_wconf 81' lang='lat' dir='ltr'><strong>chrysoclavo.</strong></span> <span class='ocrx_word' id='word_1_573' title='bbox 1284 4353 1484 4408; x_wconf 86' lang='lat' dir='ltr'><strong>Verum</strong></span> <span class='ocrx_word' id='word_1_574' title='bbox 1514 4356 1676 4410; x_wconf 90' lang='lat' dir='ltr'><strong>etiam</strong></span> <span class='ocrx_word' id='word_1_575' title='bbox 1705 4363 1760 4409; x_wconf 89' lang='lat' dir='ltr'><strong>et</strong></span> <span class='ocrx_word' id='word_1_576' title='bbox 1783 4371 1872 4409; x_wconf 92' lang='lat' dir='ltr'><strong>su-</strong></span> 
     </span>
    </p>
   </div>
   <div class='ocr_carea' id='block_1_80' title="bbox 288 4423 1871 4548">
    <p class='ocr_par' dir='ltr' id='par_1_80' title="bbox 288 4423 1871 4548">
     <span class='ocr_line' id='line_1_84' title="bbox 288 4423 1871 4548; baseline 0.001 -70"><span class='ocrx_word' id='word_1_577' title='bbox 288 4439 400 4548; x_wconf 64' lang='lat' dir='ltr'><strong>per</strong></span> <span class='ocrx_word' id='word_1_578' title='bbox 429 4423 602 4504; x_wconf 71' lang='lat' dir='ltr'><strong>altare</strong></span> <span class='ocrx_word' id='word_1_579' title='bbox 636 4425 805 4478; x_wconf 58' lang='lat' dir='ltr'><strong>beata</strong></span> <span class='ocrx_word' id='word_1_580' title='bbox 835 4423 1140 4480; x_wconf 75' lang='lat' dir='ltr'><strong>Petrdnillae</strong></span> <span class='ocrx_word' id='word_1_581' title='bbox 1182 4423 1312 4478; x_wconf 86' lang='lat' dir='ltr'><strong>fecit</strong></span> <span class='ocrx_word' id='word_1_582' title='bbox 1335 4433 1536 4478; x_wconf 82' lang='lat' dir='ltr'><strong>vestem</strong></span> <span class='ocrx_word' id='word_1_583' title='bbox 1569 4425 1744 4479; x_wconf 88' lang='lat' dir='ltr'><strong>albam</strong></span> <span class='ocrx_word' id='word_1_584' title='bbox 1769 4425 1871 4480; x_wconf 87' lang='lat' dir='ltr'><strong>ho-</strong></span> 
     </span>
     <span class='ocr_line' id='line_1_85' title="bbox 312 4493 1871 4548; baseline 0.001 -1"><span class='ocrx_word' id='word_1_585' title='bbox 312 4508 586 4548; x_wconf 84' lang='lat' dir='ltr'><strong>osertcam</strong></span> <span class='ocrx_word' id='word_1_586' title='bbox 612 4505 847 4547; x_wconf 87' lang='lat' dir='ltr'><strong>rosatam</strong></span> <span class='ocrx_word' id='word_1_587' title='bbox 881 4509 1003 4546; x_wconf 92' lang='lat' dir='ltr'><strong>cum</strong></span> <span class='ocrx_word' id='word_1_588' title='bbox 1044 4493 1222 4546; x_wconf 88' lang='lat' dir='ltr'><strong>tabula</strong></span> <span class='ocrx_word' id='word_1_589' title='bbox 1258 4493 1323 4548; x_wconf 90' lang='lat' dir='ltr'><strong>de</strong></span> <span class='ocrx_word' id='word_1_590' title='bbox 1360 4494 1729 4548; x_wconf 84' lang='lat' dir='ltr'><strong>chrvsoclavo.</strong></span> <span class='ocrx_word' id='word_1_591' title='bbox 1775 4495 1871 4548; x_wconf 86' lang='lat' dir='ltr'><strong>ha-</strong></span> 
     </span>
    </p>
   </div>
   <div class='ocr_carea' id='block_1_81' title="bbox 1971 1842 3544 1911">
    <p class='ocr_par' dir='ltr' id='par_1_81' title="bbox 1971 1842 3544 1911">
     <span class='ocr_line' id='line_1_86' title="bbox 1971 1842 3544 1911; baseline 0.001 -15"><span class='ocrx_word' id='word_1_592' title='bbox 1971 1842 2163 1911; x_wconf 82' lang='lat' dir='ltr'><strong>majori</strong></span> <span class='ocrx_word' id='word_1_593' title='bbox 2223 1843 2351 1899; x_wconf 87' lang='lat' dir='ltr'><strong>fecit</strong></span> <span class='ocrx_word' id='word_1_594' title='bbox 2407 1853 2607 1898; x_wconf 85' lang='lat' dir='ltr'><strong>vestem</strong></span> <span class='ocrx_word' id='word_1_595' title='bbox 2659 1842 2833 1898; x_wconf 87' lang='lat' dir='ltr'><strong>albain</strong></span> <span class='ocrx_word' id='word_1_596' title='bbox 2897 1842 3265 1898; x_wconf 71' lang='lat' dir='ltr'><strong>bolosericam</strong></span> <span class='ocrx_word' id='word_1_597' title='bbox 3308 1855 3544 1899; x_wconf 83' lang='lat' dir='ltr'><strong>rosatam</strong></span> 
     </span>
    </p>
   </div>
   <div class='ocr_carea' id='block_1_82' title="bbox 1969 1913 3544 1968">
    <p class='ocr_par' dir='ltr' id='par_1_82' title="bbox 1969 1913 3544 1968">
     <span class='ocr_line' id='line_1_87' title="bbox 1969 1913 3544 1968; baseline 0 -1"><span class='ocrx_word' id='word_1_598' title='bbox 1969 1913 2257 1967; x_wconf 87' lang='lat' dir='ltr'><strong>habentem</strong></span> <span class='ocrx_word' id='word_1_599' title='bbox 2287 1915 2339 1967; x_wconf 91' lang='lat' dir='ltr'><strong>in</strong></span> <span class='ocrx_word' id='word_1_600' title='bbox 2384 1914 2559 1966; x_wconf 71' lang='lat' dir='ltr'><strong>medio</strong></span> <span class='ocrx_word' id='word_1_601' title='bbox 2606 1914 2841 1966; x_wconf 87' lang='lat' dir='ltr'><strong>tabulam</strong></span> <span class='ocrx_word' id='word_1_602' title='bbox 2895 1914 2960 1965; x_wconf 84' lang='lat' dir='ltr'><strong>de</strong></span> <span class='ocrx_word' id='word_1_603' title='bbox 3003 1915 3238 1968; x_wconf 88' lang='lat' dir='ltr'><strong>stanraci</strong></span> <span class='ocrx_word' id='word_1_604' title='bbox 3281 1930 3401 1968; x_wconf 91' lang='lat' dir='ltr'><strong>cum</strong></span> <span class='ocrx_word' id='word_1_605' title='bbox 3459 1915 3544 1967; x_wconf 89' lang='lat' dir='ltr'><strong>hi-</strong></span> 
     </span>
    </p>
   </div>
   <div class='ocr_carea' id='block_1_83' title="bbox 1969 1983 3547 2055">
    <p class='ocr_par' dir='ltr' id='par_1_83' title="bbox 1969 1983 3547 2055">
     <span class='ocr_line' id='line_1_88' title="bbox 1969 1983 3547 2055; baseline 0 -19"><span class='ocrx_word' id='word_1_606' title='bbox 1969 1984 2134 2055; x_wconf 83' lang='lat' dir='ltr'><strong>storia</strong></span> <span class='ocrx_word' id='word_1_607' title='bbox 2169 1983 2414 2055; x_wconf 81' lang='lat' dir='ltr'><strong>crucifixi</strong></span> <span class='ocrx_word' id='word_1_608' title='bbox 2440 1993 2689 2055; x_wconf 79' lang='lat' dir='ltr'><strong>ornatam</strong></span> <span class='ocrx_word' id='word_1_609' title='bbox 2731 1984 2796 2037; x_wconf 90' lang='lat' dir='ltr'><strong>de</strong></span> <span class='ocrx_word' id='word_1_610' title='bbox 2818 1983 3000 2055; x_wconf 83' lang='lat' dir='ltr'><strong>Tyrio,</strong></span> <span class='ocrx_word' id='word_1_611' title='bbox 3037 1994 3090 2036; x_wconf 88' lang='lat' dir='ltr'><strong>et</strong></span> <span class='ocrx_word' id='word_1_612' title='bbox 3120 2001 3268 2036; x_wconf 76' lang='lat' dir='ltr'><strong>rosas</strong></span> <span class='ocrx_word' id='word_1_613' title='bbox 3291 1983 3547 2055; x_wconf 20' lang='lat' dir='ltr'><strong>deﬂebiy-</strong></span> 
     </span>
    </p>
   </div>
   <div class='ocr_carea' id='block_1_84' title="bbox 1967 2052 3545 2122">
    <p class='ocr_par' dir='ltr' id='par_1_84' title="bbox 1967 2052 3545 2122">
     <span class='ocr_line' id='line_1_89' title="bbox 1967 2052 3545 2122; baseline 0.001 -17"><span class='ocrx_word' id='word_1_614' title='bbox 1967 2052 2202 2106; x_wconf 85' lang='lat' dir='ltr'><strong>soclavo.</strong></span> <span class='ocrx_word' id='word_1_615' title='bbox 2247 2053 2364 2122; x_wconf 91' lang='lat' dir='ltr'><strong>Ipse</strong></span> <span class='ocrx_word' id='word_1_616' title='bbox 2404 2068 2532 2107; x_wconf 89' lang='lat' dir='ltr'><strong>vero</strong></span> <span class='ocrx_word' id='word_1_617' title='bbox 2573 2069 2600 2106; x_wconf 91' lang='lat' dir='ltr'><strong>a</strong></span> <span class='ocrx_word' id='word_1_618' title='bbox 2646 2053 2756 2108; x_wconf 89' lang='lat' dir='ltr'><strong>Deo</strong></span> <span class='ocrx_word' id='word_1_619' title='bbox 2805 2052 3082 2122; x_wconf 78' lang='lat' dir='ltr'><strong>protectus</strong></span> <span class='ocrx_word' id='word_1_620' title='bbox 3125 2053 3446 2107; x_wconf 73' lang='lat' dir='ltr'><strong>venerabilis</strong></span> <span class='ocrx_word' id='word_1_621' title='bbox 3491 2052 3545 2107; x_wconf 80' lang='lat' dir='ltr'><strong>et</strong></span> 
     </span>
    </p>
   </div>
   <div class='ocr_carea' id='block_1_85' title="bbox 1968 2123 3546 2193">
    <p class='ocr_par' dir='ltr' id='par_1_85' title="bbox 1968 2123 3546 2193">
     <span class='ocr_line' id='line_1_90' title="bbox 1968 2123 3546 2193; baseline 0 -19"><span class='ocrx_word' id='word_1_622' title='bbox 1968 2123 2262 2193; x_wconf 79' lang='lat' dir='ltr'><strong>pneclarus</strong></span> <span class='ocrx_word' id='word_1_623' title='bbox 2300 2124 2536 2191; x_wconf 78' lang='lat' dir='ltr'><strong>pontifex</strong></span> <span class='ocrx_word' id='word_1_624' title='bbox 2566 2123 2693 2177; x_wconf 88' lang='lat' dir='ltr'><strong>fecit</strong></span> <span class='ocrx_word' id='word_1_625' title='bbox 2731 2124 2781 2176; x_wconf 89' lang='lat' dir='ltr'><strong>in</strong></span> <span class='ocrx_word' id='word_1_626' title='bbox 2830 2124 3052 2176; x_wconf 88' lang='lat' dir='ltr'><strong>basilica</strong></span> <span class='ocrx_word' id='word_1_627' title='bbox 3090 2132 3293 2178; x_wconf 65' lang='lat' dir='ltr'><strong>sanctae</strong></span> <span class='ocrx_word' id='word_1_628' title='bbox 3339 2123 3429 2174; x_wconf 90' lang='lat' dir='ltr'><strong>Dei</strong></span> <span class='ocrx_word' id='word_1_629' title='bbox 3453 2139 3546 2193; x_wconf 81' lang='lat' dir='ltr'><strong>ge-</strong></span> 
     </span>
    </p>
   </div>
   <div class='ocr_carea' id='block_1_86' title="bbox 1971 2192 3541 2274">
    <p class='ocr_par' dir='ltr' id='par_1_86' title="bbox 1971 2192 3541 2274">
     <span class='ocr_line' id='line_1_91' title="bbox 1971 2192 3541 2274; baseline 0.002 -30"><span class='ocrx_word' id='word_1_630' title='bbox 1971 2192 2199 2255; x_wconf 91' lang='lat' dir='ltr'><strong>nitricis,</strong></span> <span class='ocrx_word' id='word_1_631' title='bbox 2243 2209 2362 2274; x_wconf 74' lang='lat' dir='ltr'><strong>quae</strong></span> <span class='ocrx_word' id='word_1_632' title='bbox 2409 2194 2708 2274; x_wconf 75' lang='lat' dir='ltr'><strong>appellatur</strong></span> <span class='ocrx_word' id='word_1_633' title='bbox 2765 2193 2833 2246; x_wconf 88' lang='lat' dir='ltr'><strong>ad</strong></span> <span class='ocrx_word' id='word_1_634' title='bbox 2874 2193 3140 2274; x_wconf 77' lang='lat' dir='ltr'><strong>Praesepe,</strong></span> <span class='ocrx_word' id='word_1_635' title='bbox 3183 2194 3252 2246; x_wconf 92' lang='lat' dir='ltr'><strong>ob</strong></span> <span class='ocrx_word' id='word_1_636' title='bbox 3315 2192 3541 2247; x_wconf 85' lang='lat' dir='ltr'><strong>nimium</strong></span> 
     </span>
    </p>
   </div>
   <div class='ocr_carea' id='block_1_87' title="bbox 1969 2264 3543 2332">
    <p class='ocr_par' dir='ltr' id='par_1_87' title="bbox 1969 2264 3543 2332">
     <span class='ocr_line' id='line_1_92' title="bbox 1969 2264 3543 2332; baseline 0.001 -18"><span class='ocrx_word' id='word_1_637' title='bbox 1969 2277 2209 2316; x_wconf 86' lang='lat' dir='ltr'><strong>amorem</strong></span> <span class='ocrx_word' id='word_1_638' title='bbox 2254 2264 2421 2332; x_wconf 72' lang='lat' dir='ltr'><strong>ipsius</strong></span> <span class='ocrx_word' id='word_1_639' title='bbox 2453 2265 2683 2316; x_wconf 74' lang='lat' dir='ltr'><strong>domina:</strong></span> <span class='ocrx_word' id='word_1_640' title='bbox 2730 2272 2927 2316; x_wconf 56' lang='lat' dir='ltr'><strong>nostrae</strong></span> <span class='ocrx_word' id='word_1_641' title='bbox 2959 2265 3186 2331; x_wconf 85' lang='lat' dir='ltr'><strong>pharum</strong></span> <span class='ocrx_word' id='word_1_642' title='bbox 3213 2279 3278 2317; x_wconf 82' lang='lat' dir='ltr'><strong>ex</strong></span> <span class='ocrx_word' id='word_1_643' title='bbox 3318 2272 3543 2332; x_wconf 84' lang='lat' dir='ltr'><strong>argento</strong></span> 
     </span>
    </p>
   </div>
   <div class='ocr_carea' id='block_1_88' title="bbox 1969 2332 3539 2403">
    <p class='ocr_par' dir='ltr' id='par_1_88' title="bbox 1969 2332 3539 2403">
     <span class='ocr_line' id='line_1_93' title="bbox 1969 2332 3539 2403; baseline 0.001 -19"><span class='ocrx_word' id='word_1_644' title='bbox 1969 2332 2261 2401; x_wconf 88' lang='lat' dir='ltr'><strong>purissimo</strong></span> <span class='ocrx_word' id='word_1_645' title='bbox 2304 2347 2426 2386; x_wconf 91' lang='lat' dir='ltr'><strong>cum</strong></span> <span class='ocrx_word' id='word_1_646' title='bbox 2464 2333 2702 2397; x_wconf 88' lang='lat' dir='ltr'><strong>lucerna,</strong></span> <span class='ocrx_word' id='word_1_647' title='bbox 2734 2341 2787 2386; x_wconf 91' lang='lat' dir='ltr'><strong>et</strong></span> <span class='ocrx_word' id='word_1_648' title='bbox 2816 2342 3067 2403; x_wconf 72' lang='lat' dir='ltr'><strong>cei-capto</strong></span> <span class='ocrx_word' id='word_1_649' title='bbox 3115 2332 3377 2403; x_wconf 70' lang='lat' dir='ltr'><strong>[crrupto]</strong></span> <span class='ocrx_word' id='word_1_650' title='bbox 3408 2348 3539 2398; x_wconf 87' lang='lat' dir='ltr'><strong>suo,</strong></span> 
     </span>
    </p>
   </div>
   <div class='ocr_carea' id='block_1_89' title="bbox 1971 2402 3378 2472">
    <p class='ocr_par' dir='ltr' id='par_1_89' title="bbox 1971 2402 3378 2472">
     <span class='ocr_line' id='line_1_94' title="bbox 1971 2402 3378 2472; baseline 0 -17"><span class='ocrx_word' id='word_1_651' title='bbox 1971 2403 2254 2472; x_wconf 83' lang='lat' dir='ltr'><strong>pensantia</strong></span> <span class='ocrx_word' id='word_1_652' title='bbox 2301 2403 2461 2456; x_wconf 91' lang='lat' dir='ltr'><strong>simul</strong></span> <span class='ocrx_word' id='word_1_653' title='bbox 2504 2403 2668 2456; x_wconf 89' lang='lat' dir='ltr'><strong>libras</strong></span> <span class='ocrx_word' id='word_1_654' title='bbox 2707 2402 3058 2471; x_wconf 84' lang='lat' dir='ltr'><strong>quadraginta</strong></span> <span class='ocrx_word' id='word_1_655' title='bbox 3099 2402 3154 2472; x_wconf 87' lang='lat' dir='ltr'><strong>et</strong></span> <span class='ocrx_word' id='word_1_656' title='bbox 3195 2402 3378 2455; x_wconf 75' lang='lat' dir='ltr'><strong>semis.</strong></span> 
     </span>
    </p>
   </div>
   <div class='ocr_carea' id='block_1_90' title="bbox 2043 2471 3538 2540">
    <p class='ocr_par' dir='ltr' id='par_1_90' title="bbox 2043 2471 3538 2540">
     <span class='ocr_line' id='line_1_95' title="bbox 2043 2471 3538 2540; baseline 0.002 -16"><span class='ocrx_word' id='word_1_657' title='bbox 2043 2471 2108 2525; x_wconf 86' lang='lat' dir='ltr'><strong>Et</strong></span> <span class='ocrx_word' id='word_1_658' title='bbox 2137 2472 2236 2526; x_wconf 90' lang='lat' dir='ltr'><strong>hoc</strong></span> <span class='ocrx_word' id='word_1_659' title='bbox 2264 2473 2544 2527; x_wconf 88' lang='lat' dir='ltr'><strong>constituit</strong></span> <span class='ocrx_word' id='word_1_660' title='bbox 2572 2472 2688 2540; x_wconf 88' lang='lat' dir='ltr'><strong>ejus</strong></span> <span class='ocrx_word' id='word_1_661' title='bbox 2718 2473 3016 2535; x_wconf 86' lang='lat' dir='ltr'><strong>beatitudo,</strong></span> <span class='ocrx_word' id='word_1_662' title='bbox 3047 2479 3103 2540; x_wconf 86' lang='lat' dir='ltr'><strong>nt</strong></span> <span class='ocrx_word' id='word_1_663' title='bbox 3133 2471 3538 2527; x_wconf 87' lang='lat' dir='ltr'><strong>Dominicorum</strong></span> 
     </span>
    </p>
   </div>
   <div class='ocr_carea' id='block_1_91' title="bbox 1971 2539 3542 2608">
    <p class='ocr_par' dir='ltr' id='par_1_91' title="bbox 1971 2539 3542 2608">
     <span class='ocr_line' id='line_1_96' title="bbox 1971 2539 3542 2608; baseline -0.001 -12"><span class='ocrx_word' id='word_1_664' title='bbox 1971 2541 2182 2606; x_wconf 88' lang='lat' dir='ltr'><strong>diebus,</strong></span> <span class='ocrx_word' id='word_1_665' title='bbox 2207 2541 2291 2595; x_wconf 84' lang='lat' dir='ltr'><strong>vel</strong></span> <span class='ocrx_word' id='word_1_666' title='bbox 2321 2543 2373 2595; x_wconf 89' lang='lat' dir='ltr'><strong>in</strong></span> <span class='ocrx_word' id='word_1_667' title='bbox 2397 2539 3054 2597; x_wconf 82' lang='lat' dir='ltr'><strong>sanctissolemnitatibus</strong></span> <span class='ocrx_word' id='word_1_668' title='bbox 3073 2539 3227 2608; x_wconf 76' lang='lat' dir='ltr'><strong>juxta</strong></span> <span class='ocrx_word' id='word_1_669' title='bbox 3261 2541 3542 2595; x_wconf 84' lang='lat' dir='ltr'><strong>Ieetorium</strong></span> 
     </span>
    </p>
   </div>
   <div class='ocr_carea' id='block_1_92' title="bbox 1971 2611 3545 2674">
    <p class='ocr_par' dir='ltr' id='par_1_92' title="bbox 1971 2611 3545 2674">
     <span class='ocr_line' id='line_1_97' title="bbox 1971 2611 3545 2674; baseline 0.001 -12"><span class='ocrx_word' id='word_1_670' title='bbox 1971 2611 2315 2674; x_wconf 88' lang='lat' dir='ltr'><strong>consisteret,</strong></span> <span class='ocrx_word' id='word_1_671' title='bbox 2343 2620 2396 2665; x_wconf 91' lang='lat' dir='ltr'><strong>et</strong></span> <span class='ocrx_word' id='word_1_672' title='bbox 2421 2613 2487 2666; x_wconf 90' lang='lat' dir='ltr'><strong>ad</strong></span> <span class='ocrx_word' id='word_1_673' title='bbox 2519 2613 2801 2674; x_wconf 72' lang='lat' dir='ltr'><strong>legendum</strong></span> <span class='ocrx_word' id='word_1_674' title='bbox 2830 2627 3015 2665; x_wconf 85' lang='lat' dir='ltr'><strong>sacras</strong></span> <span class='ocrx_word' id='word_1_675' title='bbox 3041 2611 3300 2666; x_wconf 88' lang='lat' dir='ltr'><strong>lectiones</strong></span> <span class='ocrx_word' id='word_1_676' title='bbox 3325 2612 3545 2665; x_wconf 85' lang='lat' dir='ltr'><strong>luminis</strong></span> 
     </span>
    </p>
   </div>
   <div class='ocr_carea' id='block_1_93' title="bbox 1969 2680 3540 2751">
    <p class='ocr_par' dir='ltr' id='par_1_93' title="bbox 1969 2680 3540 2751">
     <span class='ocr_line' id='line_1_98' title="bbox 1969 2680 3540 2751; baseline 0.001 -17"><span class='ocrx_word' id='word_1_677' title='bbox 1969 2680 2254 2750; x_wconf 88' lang='lat' dir='ltr'><strong>splendore</strong></span> <span class='ocrx_word' id='word_1_678' title='bbox 2277 2681 2523 2751; x_wconf 78' lang='lat' dir='ltr'><strong>fulgeret.</strong></span> <span class='ocrx_word' id='word_1_679' title='bbox 2554 2680 2618 2736; x_wconf 86' lang='lat' dir='ltr'><strong>Et</strong></span> <span class='ocrx_word' id='word_1_680' title='bbox 2641 2683 2693 2734; x_wconf 92' lang='lat' dir='ltr'><strong>in</strong></span> <span class='ocrx_word' id='word_1_681' title='bbox 2723 2680 2951 2736; x_wconf 80' lang='lat' dir='ltr'><strong>ecclesia</strong></span> <span class='ocrx_word' id='word_1_682' title='bbox 2973 2681 3113 2735; x_wconf 84' lang='lat' dir='ltr'><strong>beati</strong></span> <span class='ocrx_word' id='word_1_683' title='bbox 3141 2681 3284 2735; x_wconf 84' lang='lat' dir='ltr'><strong>Petri</strong></span> <span class='ocrx_word' id='word_1_684' title='bbox 3314 2681 3540 2751; x_wconf 89' lang='lat' dir='ltr'><strong>apostoli</strong></span> 
     </span>
    </p>
   </div>
   <div class='ocr_carea' id='block_1_94' title="bbox 1971 2751 3545 2822">
    <p class='ocr_par' dir='ltr' id='par_1_94' title="bbox 1971 2751 3545 2822">
     <span class='ocr_line' id='line_1_99' title="bbox 1971 2751 3545 2822; baseline 0.001 -19"><span class='ocrx_word' id='word_1_685' title='bbox 1971 2751 2087 2819; x_wconf 90' lang='lat' dir='ltr'><strong>pari</strong></span> <span class='ocrx_word' id='word_1_686' title='bbox 2126 2751 2284 2804; x_wconf 89' lang='lat' dir='ltr'><strong>modo</strong></span> <span class='ocrx_word' id='word_1_687' title='bbox 2312 2751 2439 2822; x_wconf 86' lang='lat' dir='ltr'><strong>fecit</strong></span> <span class='ocrx_word' id='word_1_688' title='bbox 2465 2753 2690 2822; x_wconf 89' lang='lat' dir='ltr'><strong>pharum</strong></span> <span class='ocrx_word' id='word_1_689' title='bbox 2711 2767 2776 2805; x_wconf 83' lang='lat' dir='ltr'><strong>ex</strong></span> <span class='ocrx_word' id='word_1_690' title='bbox 2810 2759 3032 2821; x_wconf 82' lang='lat' dir='ltr'><strong>argento</strong></span> <span class='ocrx_word' id='word_1_691' title='bbox 3058 2753 3352 2822; x_wconf 76' lang='lat' dir='ltr'><strong>purissimo</strong></span> <span class='ocrx_word' id='word_1_692' title='bbox 3379 2753 3545 2806; x_wconf 84' lang='lat' dir='ltr'><strong>deau-</strong></span> 
     </span>
    </p>
   </div>
   <div class='ocr_carea' id='block_1_95' title="bbox 1971 2821 3545 2891">
    <p class='ocr_par' dir='ltr' id='par_1_95' title="bbox 1971 2821 3545 2891">
     <span class='ocr_line' id='line_1_100' title="bbox 1971 2821 3545 2891; baseline 0.001 -18"><span class='ocrx_word' id='word_1_693' title='bbox 1971 2830 2089 2874; x_wconf 85' lang='lat' dir='ltr'><strong>rato</strong></span> <span class='ocrx_word' id='word_1_694' title='bbox 2114 2822 2263 2874; x_wconf 71' lang='lat' dir='ltr'><strong>mirae</strong></span> <span class='ocrx_word' id='word_1_695' title='bbox 2292 2821 2702 2891; x_wconf 84' lang='lat' dir='ltr'><strong>pulchritudinis</strong></span> <span class='ocrx_word' id='word_1_696' title='bbox 2732 2822 3043 2891; x_wconf 78' lang='lat' dir='ltr'><strong>decoratum</strong></span> <span class='ocrx_word' id='word_1_697' title='bbox 3065 2821 3192 2875; x_wconf 86' lang='lat' dir='ltr'><strong>eum</strong></span> <span class='ocrx_word' id='word_1_698' title='bbox 3219 2821 3458 2886; x_wconf 87' lang='lat' dir='ltr'><strong>lucerna,</strong></span> <span class='ocrx_word' id='word_1_699' title='bbox 3488 2830 3545 2875; x_wconf 88' lang='lat' dir='ltr'><strong>et</strong></span> 
     </span>
    </p>
   </div>
   <div class='ocr_carea' id='block_1_96' title="bbox 1971 2889 3545 2962">
    <p class='ocr_par' dir='ltr' id='par_1_96' title="bbox 1971 2889 3545 2962">
     <span class='ocr_line' id='line_1_101' title="bbox 1971 2889 3545 2962; baseline 0.002 -19"><span class='ocrx_word' id='word_1_700' title='bbox 1971 2902 2224 2962; x_wconf 72' lang='lat' dir='ltr'><strong>cereapto</strong></span> <span class='ocrx_word' id='word_1_701' title='bbox 2251 2889 2364 2962; x_wconf 86' lang='lat' dir='ltr'><strong>suo,</strong></span> <span class='ocrx_word' id='word_1_702' title='bbox 2395 2907 2515 2961; x_wconf 59' lang='lat' dir='ltr'><strong>qua</strong></span> <span class='ocrx_word' id='word_1_703' title='bbox 2535 2898 2764 2960; x_wconf 86' lang='lat' dir='ltr'><strong>pensant</strong></span> <span class='ocrx_word' id='word_1_704' title='bbox 2787 2889 2946 2962; x_wconf 72' lang='lat' dir='ltr'><strong>simul</strong></span> <span class='ocrx_word' id='word_1_705' title='bbox 2980 2890 3146 2944; x_wconf 77' lang='lat' dir='ltr'><strong>libras</strong></span> <span class='ocrx_word' id='word_1_706' title='bbox 3163 2892 3458 2962; x_wconf 73' lang='lat' dir='ltr'><strong>ponaginta</strong></span> <span class='ocrx_word' id='word_1_707' title='bbox 3487 2901 3545 2946; x_wconf 86' lang='lat' dir='ltr'><strong>et</strong></span> 
     </span>
    </p>
   </div>
   <div class='ocr_carea' id='block_1_97' title="bbox 1971 2958 3544 3030">
    <p class='ocr_par' dir='ltr' id='par_1_97' title="bbox 1971 2958 3544 3030">
     <span class='ocr_line' id='line_1_102' title="bbox 1971 2958 3544 3030; baseline 0.001 -17"><span class='ocrx_word' id='word_1_708' title='bbox 1971 2961 2153 3014; x_wconf 87' lang='lat' dir='ltr'><strong>semis.</strong></span> <span class='ocrx_word' id='word_1_709' title='bbox 2183 2958 2490 3024; x_wconf 75' lang='lat' dir='ltr'><strong>Enimvero,</strong></span> <span class='ocrx_word' id='word_1_710' title='bbox 2523 2958 2611 3015; x_wconf 77' lang='lat' dir='ltr'><strong>tibi</strong></span> <span class='ocrx_word' id='word_1_711' title='bbox 2636 2976 2795 3029; x_wconf 83' lang='lat' dir='ltr'><strong>supra</strong></span> <span class='ocrx_word' id='word_1_712' title='bbox 2828 2959 2894 3012; x_wconf 86' lang='lat' dir='ltr'><strong>ad</strong></span> <span class='ocrx_word' id='word_1_713' title='bbox 2916 2958 3131 3013; x_wconf 88' lang='lat' dir='ltr'><strong>beatum</strong></span> <span class='ocrx_word' id='word_1_714' title='bbox 3163 2958 3380 3014; x_wconf 73' lang='lat' dir='ltr'><strong>Petruin</strong></span> <span class='ocrx_word' id='word_1_715' title='bbox 3412 2976 3544 3030; x_wconf 89' lang='lat' dir='ltr'><strong>apo-</strong></span> 
     </span>
    </p>
   </div>
   <div class='ocr_carea' id='block_1_98' title="bbox 1972 3029 3537 3102">
    <p class='ocr_par' dir='ltr' id='par_1_98' title="bbox 1972 3029 3537 3102">
     <span class='ocr_line' id='line_1_103' title="bbox 1972 3029 3537 3102; baseline 0.003 -21"><span class='ocrx_word' id='word_1_716' title='bbox 1972 3029 2183 3102; x_wconf 65' lang='lat' dir='ltr'><strong>stolum</strong></span> <span class='ocrx_word' id='word_1_717' title='bbox 2213 3032 2314 3102; x_wconf 87' lang='lat' dir='ltr'><strong>sub</strong></span> <span class='ocrx_word' id='word_1_718' title='bbox 2363 3032 2476 3100; x_wconf 88' lang='lat' dir='ltr'><strong>ipsa</strong></span> <span class='ocrx_word' id='word_1_719' title='bbox 2508 3031 2742 3102; x_wconf 82' lang='lat' dir='ltr'><strong>imagine</strong></span> <span class='ocrx_word' id='word_1_720' title='bbox 2774 3030 3070 3102; x_wconf 80' lang='lat' dir='ltr'><strong>Salvator-is</strong></span> <span class='ocrx_word' id='word_1_721' title='bbox 3095 3030 3329 3102; x_wconf 80' lang='lat' dir='ltr'><strong>Domini</strong></span> <span class='ocrx_word' id='word_1_722' title='bbox 3365 3029 3537 3086; x_wconf 81' lang='lat' dir='ltr'><strong>nostri</strong></span> 
     </span>
    </p>
   </div>
   <div class='ocr_carea' id='block_1_99' title="bbox 1972 3097 3541 3156">
    <p class='ocr_par' dir='ltr' id='par_1_99' title="bbox 1972 3097 3541 3156">
     <span class='ocr_line' id='line_1_104' title="bbox 1972 3097 3541 3156; baseline 0.002 -4"><span class='ocrx_word' id='word_1_723' title='bbox 1972 3097 2096 3152; x_wconf 81' lang='lat' dir='ltr'><strong>Jesu</strong></span> <span class='ocrx_word' id='word_1_724' title='bbox 2127 3099 2327 3154; x_wconf 88' lang='lat' dir='ltr'><strong>Christi</strong></span> <span class='ocrx_word' id='word_1_725' title='bbox 2360 3097 2688 3156; x_wconf 43' lang='lat' dir='ltr'><strong>crucifixi&#39;in</strong></span> <span class='ocrx_word' id='word_1_726' title='bbox 2742 3101 2957 3154; x_wconf 84' lang='lat' dir='ltr'><strong>modum</strong></span> <span class='ocrx_word' id='word_1_727' title='bbox 3006 3100 3134 3153; x_wconf 89' lang='lat' dir='ltr'><strong>fecit</strong></span> <span class='ocrx_word' id='word_1_728' title='bbox 3179 3115 3434 3154; x_wconf 89' lang='lat' dir='ltr'><strong>coronam</strong></span> <span class='ocrx_word' id='word_1_729' title='bbox 3474 3118 3541 3155; x_wconf 82' lang='lat' dir='ltr'><strong>ex</strong></span> 
     </span>
    </p>
   </div>
   <div class='ocr_carea' id='block_1_100' title="bbox 1975 3169 3545 3239">
    <p class='ocr_par' dir='ltr' id='par_1_100' title="bbox 1975 3169 3545 3239">
     <span class='ocr_line' id='line_1_105' title="bbox 1975 3169 3545 3239; baseline 0.003 -18"><span class='ocrx_word' id='word_1_730' title='bbox 1975 3180 2202 3237; x_wconf 87' lang='lat' dir='ltr'><strong>argento</strong></span> <span class='ocrx_word' id='word_1_731' title='bbox 2230 3172 2536 3239; x_wconf 88' lang='lat' dir='ltr'><strong>purissimo,</strong></span> <span class='ocrx_word' id='word_1_732' title='bbox 2583 3179 2638 3226; x_wconf 87' lang='lat' dir='ltr'><strong>et</strong></span> <span class='ocrx_word' id='word_1_733' title='bbox 2666 3171 2864 3225; x_wconf 90' lang='lat' dir='ltr'><strong>ibidem</strong></span> <span class='ocrx_word' id='word_1_734' title='bbox 2895 3171 2964 3224; x_wconf 91' lang='lat' dir='ltr'><strong>ob</strong></span> <span class='ocrx_word' id='word_1_735' title='bbox 2995 3171 3162 3238; x_wconf 85' lang='lat' dir='ltr'><strong>ipsius</strong></span> <span class='ocrx_word' id='word_1_736' title='bbox 3193 3169 3399 3224; x_wconf 87' lang='lat' dir='ltr'><strong>Domini</strong></span> <span class='ocrx_word' id='word_1_737' title='bbox 3448 3187 3545 3226; x_wconf 87' lang='lat' dir='ltr'><strong>no-</strong></span> 
     </span>
    </p>
   </div>
   <div class='ocr_carea' id='block_1_101' title="bbox 1975 3239 3541 3310">
    <p class='ocr_par' dir='ltr' id='par_1_101' title="bbox 1975 3239 3541 3310">
     <span class='ocr_line' id='line_1_106' title="bbox 1975 3239 3541 3310; baseline 0.003 -20"><span class='ocrx_word' id='word_1_738' title='bbox 1975 3241 2072 3310; x_wconf 84' lang='lat' dir='ltr'><strong>stri</strong></span> <span class='ocrx_word' id='word_1_739' title='bbox 2103 3239 2230 3294; x_wconf 80' lang='lat' dir='ltr'><strong>Jesu</strong></span> <span class='ocrx_word' id='word_1_740' title='bbox 2267 3242 2466 3296; x_wconf 73' lang='lat' dir='ltr'><strong>Christi</strong></span> <span class='ocrx_word' id='word_1_741' title='bbox 2499 3257 2738 3295; x_wconf 89' lang='lat' dir='ltr'><strong>amorem</strong></span> <span class='ocrx_word' id='word_1_742' title='bbox 2770 3255 2868 3306; x_wconf 86' lang='lat' dir='ltr'><strong>pro</strong></span> <span class='ocrx_word' id='word_1_743' title='bbox 2908 3239 3318 3294; x_wconf 84' lang='lat' dir='ltr'><strong>ltuninariorum</strong></span> <span class='ocrx_word' id='word_1_744' title='bbox 3363 3241 3541 3310; x_wconf 81' lang='lat' dir='ltr'><strong>splen-</strong></span> 
     </span>
    </p>
   </div>
   <div class='ocr_carea' id='block_1_102' title="bbox 1974 3309 3488 3380">
    <p class='ocr_par' dir='ltr' id='par_1_102' title="bbox 1974 3309 3488 3380">
     <span class='ocr_line' id='line_1_107' title="bbox 1974 3309 3488 3380; baseline 0.007 -18"><span class='ocrx_word' id='word_1_745' title='bbox 1974 3309 2104 3380; x_wconf 70' lang='lat' dir='ltr'><strong>dore</strong></span> <span class='ocrx_word' id='word_1_746' title='bbox 2131 3311 2308 3378; x_wconf 88' lang='lat' dir='ltr'><strong>posuit</strong></span> <span class='ocrx_word' id='word_1_747' title='bbox 2331 3319 2643 3380; x_wconf 79' lang='lat' dir='ltr'><strong>pensantem</strong></span> <span class='ocrx_word' id='word_1_748' title='bbox 2674 3312 2928 3366; x_wconf 65' lang='lat' dir='ltr'><strong>libras...</strong></span> <span class='ocrx_word' id='word_1_749' title='bbox 3394 3309 3404 3310; x_wconf 23' lang='grc' dir='ltr'>ί</span> <span class='ocrx_word' id='word_1_750' title='bbox 3481 3366 3488 3373; x_wconf 88' lang='grc'><em>.</em></span> 
     </span>
    </p>
   </div>
   <div class='ocr_carea' id='block_1_103' title="bbox 2044 3378 3545 3449">
    <p class='ocr_par' dir='ltr' id='par_1_103' title="bbox 2044 3378 3545 3449">
     <span class='ocr_line' id='line_1_108' title="bbox 2044 3378 3545 3449; baseline 0.001 -17"><span class='ocrx_word' id='word_1_751' title='bbox 2044 3378 2268 3449; x_wconf 80' lang='lat' dir='ltr'><strong>Basilica</strong></span> <span class='ocrx_word' id='word_1_752' title='bbox 2285 3378 2414 3449; x_wconf 74' lang='lat' dir='ltr'><strong>vero</strong></span> <span class='ocrx_word' id='word_1_753' title='bbox 2429 3382 2567 3434; x_wconf 89' lang='lat' dir='ltr'><strong>beati</strong></span> <span class='ocrx_word' id='word_1_754' title='bbox 2581 3381 2904 3446; x_wconf 82' lang='lat' dir='ltr'><strong>Apollinaris</strong></span> <span class='ocrx_word' id='word_1_755' title='bbox 2917 3390 3077 3447; x_wconf 89' lang='lat' dir='ltr'><strong>atque</strong></span> <span class='ocrx_word' id='word_1_756' title='bbox 3096 3380 3354 3449; x_wconf 82' lang='lat' dir='ltr'><strong>martyris</strong></span> <span class='ocrx_word' id='word_1_757' title='bbox 3369 3382 3545 3449; x_wconf 88' lang='lat' dir='ltr'><strong>ponti-</strong></span> 
     </span>
    </p>
   </div>
   <div class='ocr_carea' id='block_1_104' title="bbox 1974 3445 3542 3518">
    <p class='ocr_par' dir='ltr' id='par_1_104' title="bbox 1974 3445 3542 3518">
     <span class='ocr_line' id='line_1_109' title="bbox 1974 3445 3542 3518; baseline 0.001 -18"><span class='ocrx_word' id='word_1_758' title='bbox 1974 3445 2114 3518; x_wconf 60' lang='lat' dir='ltr'><strong>ficis,</strong></span> <span class='ocrx_word' id='word_1_759' title='bbox 2136 3463 2255 3518; x_wconf 76' lang='lat' dir='ltr'><strong>qua:</strong></span> <span class='ocrx_word' id='word_1_760' title='bbox 2280 3448 2496 3502; x_wconf 82' lang='lat' dir='ltr'><strong>fundata</strong></span> <span class='ocrx_word' id='word_1_761' title='bbox 2524 3460 2607 3503; x_wconf 89' lang='lat' dir='ltr'><strong>est</strong></span> <span class='ocrx_word' id='word_1_762' title='bbox 2622 3445 2775 3518; x_wconf 65' lang='lat' dir='ltr'><strong>juxta</strong></span> <span class='ocrx_word' id='word_1_763' title='bbox 2799 3445 3072 3502; x_wconf 82' lang='lat' dir='ltr'><strong>civitatem</strong></span> <span class='ocrx_word' id='word_1_764' title='bbox 3093 3445 3426 3512; x_wconf 80' lang='lat' dir='ltr'><strong>Ravennam,</strong></span> <span class='ocrx_word' id='word_1_765' title='bbox 3447 3465 3542 3502; x_wconf 89' lang='lat' dir='ltr'><strong>cu-</strong></span> 
     </span>
    </p>
   </div>
   <div class='ocr_carea' id='block_1_105' title="bbox 1967 3515 3540 3585">
    <p class='ocr_par' dir='ltr' id='par_1_105' title="bbox 1967 3515 3540 3585">
     <span class='ocr_line' id='line_1_110' title="bbox 1967 3515 3540 3585; baseline 0.004 -18"><span class='ocrx_word' id='word_1_766' title='bbox 1967 3515 2058 3585; x_wconf 90' lang='lat' dir='ltr'><strong>jus</strong></span> <span class='ocrx_word' id='word_1_767' title='bbox 2079 3517 2258 3569; x_wconf 87' lang='lat' dir='ltr'><strong>trabes</strong></span> <span class='ocrx_word' id='word_1_768' title='bbox 2276 3532 2385 3585; x_wconf 72' lang='lat' dir='ltr'><strong>pm:</strong></span> <span class='ocrx_word' id='word_1_769' title='bbox 2406 3518 2568 3571; x_wconf 90' lang='lat' dir='ltr'><strong>nimia</strong></span> <span class='ocrx_word' id='word_1_770' title='bbox 2592 3515 2855 3571; x_wconf 80' lang='lat' dir='ltr'><strong>vetustate</strong></span> <span class='ocrx_word' id='word_1_771' title='bbox 2869 3519 2934 3572; x_wconf 90' lang='lat' dir='ltr'><strong>de</strong></span> <span class='ocrx_word' id='word_1_772' title='bbox 2947 3533 3212 3570; x_wconf 89' lang='lat' dir='ltr'><strong>annorum</strong></span> <span class='ocrx_word' id='word_1_773' title='bbox 3236 3518 3540 3580; x_wconf 77' lang='lat' dir='ltr'><strong>curriculis.</strong></span> 
     </span>
    </p>
   </div>
   <div class='ocr_carea' id='block_1_106' title="bbox 1972 3585 3541 3656">
    <p class='ocr_par' dir='ltr' id='par_1_106' title="bbox 1972 3585 3541 3656">
     <span class='ocr_line' id='line_1_111' title="bbox 1972 3585 3541 3656; baseline 0.002 -17"><span class='ocrx_word' id='word_1_774' title='bbox 1972 3585 2253 3639; x_wconf 88' lang='lat' dir='ltr'><strong>etolitanis</strong></span> <span class='ocrx_word' id='word_1_775' title='bbox 2273 3588 2603 3655; x_wconf 89' lang='lat' dir='ltr'><strong>temporibus</strong></span> <span class='ocrx_word' id='word_1_776' title='bbox 2625 3588 2784 3640; x_wconf 84' lang='lat' dir='ltr'><strong>nimis</strong></span> <span class='ocrx_word' id='word_1_777' title='bbox 2805 3594 3199 3647; x_wconf 87' lang='lat' dir='ltr'><strong>emarcuerant,</strong></span> <span class='ocrx_word' id='word_1_778' title='bbox 3217 3585 3436 3654; x_wconf 82' lang='lat' dir='ltr'><strong>jamque</strong></span> <span class='ocrx_word' id='word_1_779' title='bbox 3454 3603 3541 3656; x_wconf 90' lang='lat' dir='ltr'><strong>pe-</strong></span> 
     </span>
    </p>
   </div>
   <div class='ocr_carea' id='block_1_107' title="bbox 1973 3656 3545 3725">
    <p class='ocr_par' dir='ltr' id='par_1_107' title="bbox 1973 3656 3545 3725">
     <span class='ocr_line' id='line_1_112' title="bbox 1973 3656 3545 3725; baseline 0.002 -17"><span class='ocrx_word' id='word_1_780' title='bbox 1973 3670 2042 3708; x_wconf 91' lang='lat' dir='ltr'><strong>ne</strong></span> <span class='ocrx_word' id='word_1_781' title='bbox 2057 3656 2274 3710; x_wconf 66' lang='lat' dir='ltr'><strong>ruitura:</strong></span> <span class='ocrx_word' id='word_1_782' title='bbox 2291 3656 2341 3708; x_wconf 91' lang='lat' dir='ltr'><strong>in</strong></span> <span class='ocrx_word' id='word_1_783' title='bbox 2357 3664 2596 3725; x_wconf 87' lang='lat' dir='ltr'><strong>tempore</strong></span> <span class='ocrx_word' id='word_1_784' title='bbox 2610 3657 2698 3710; x_wconf 91' lang='lat' dir='ltr'><strong>illo</strong></span> <span class='ocrx_word' id='word_1_785' title='bbox 2711 3665 2886 3722; x_wconf 87' lang='lat' dir='ltr'><strong>erant,</strong></span> <span class='ocrx_word' id='word_1_786' title='bbox 2904 3657 3042 3710; x_wconf 89' lang='lat' dir='ltr'><strong>idem</strong></span> <span class='ocrx_word' id='word_1_787' title='bbox 3057 3656 3379 3709; x_wconf 81' lang='lat' dir='ltr'><strong>venerabilis</strong></span> <span class='ocrx_word' id='word_1_788' title='bbox 3393 3666 3545 3724; x_wconf 86' lang='lat' dir='ltr'><strong>pater</strong></span> 
     </span>
    </p>
   </div>
   <div class='ocr_carea' id='block_1_108' title="bbox 1973 3725 3540 3795">
    <p class='ocr_par' dir='ltr' id='par_1_108' title="bbox 1973 3725 3540 3795">
     <span class='ocr_line' id='line_1_113' title="bbox 1973 3725 3540 3795; baseline 0.001 -17"><span class='ocrx_word' id='word_1_789' title='bbox 1973 3725 2231 3780; x_wconf 89' lang='lat' dir='ltr'><strong>divinitus</strong></span> <span class='ocrx_word' id='word_1_790' title='bbox 2261 3725 2573 3795; x_wconf 87' lang='lat' dir='ltr'><strong>inspiratus,</strong></span> <span class='ocrx_word' id='word_1_791' title='bbox 2602 3727 2747 3781; x_wconf 88' lang='lat' dir='ltr'><strong>misit</strong></span> <span class='ocrx_word' id='word_1_792' title='bbox 2776 3727 2919 3790; x_wconf 89' lang='lat' dir='ltr'><strong>illuc,</strong></span> <span class='ocrx_word' id='word_1_793' title='bbox 2937 3736 2992 3780; x_wconf 87' lang='lat' dir='ltr'><strong>et</strong></span> <span class='ocrx_word' id='word_1_794' title='bbox 3013 3741 3108 3795; x_wconf 91' lang='lat' dir='ltr'><strong>per</strong></span> <span class='ocrx_word' id='word_1_795' title='bbox 3132 3725 3540 3781; x_wconf 86' lang='lat' dir='ltr'><strong>solertissimam</strong></span> 
     </span>
    </p>
   </div>
   <div class='ocr_carea' id='block_1_109' title="bbox 1973 3796 3543 3866">
    <p class='ocr_par' dir='ltr' id='par_1_109' title="bbox 1973 3796 3543 3866">
     <span class='ocr_line' id='line_1_114' title="bbox 1973 3796 3543 3866; baseline 0.003 -20"><span class='ocrx_word' id='word_1_796' title='bbox 1973 3809 2036 3848; x_wconf 88' lang='lat' dir='ltr'><strong>ac</strong></span> <span class='ocrx_word' id='word_1_797' title='bbox 2065 3796 2341 3866; x_wconf 82' lang='lat' dir='ltr'><strong>providam</strong></span> <span class='ocrx_word' id='word_1_798' title='bbox 2395 3811 2579 3866; x_wconf 88' lang='lat' dir='ltr'><strong>curam</strong></span> <span class='ocrx_word' id='word_1_799' title='bbox 2622 3814 2774 3852; x_wconf 90' lang='lat' dir='ltr'><strong>suam</strong></span> <span class='ocrx_word' id='word_1_800' title='bbox 2815 3798 2994 3850; x_wconf 88' lang='lat' dir='ltr'><strong>omnia</strong></span> <span class='ocrx_word' id='word_1_801' title='bbox 3026 3806 3170 3850; x_wconf 86' lang='lat' dir='ltr'><strong>sarta</strong></span> <span class='ocrx_word' id='word_1_802' title='bbox 3206 3805 3344 3849; x_wconf 86' lang='lat' dir='ltr'><strong>tecta</strong></span> <span class='ocrx_word' id='word_1_803' title='bbox 3375 3798 3543 3866; x_wconf 84' lang='lat' dir='ltr'><strong>ipsius</strong></span> 
     </span>
    </p>
   </div>
   <div class='ocr_carea' id='block_1_110' title="bbox 1971 3865 3542 3938">
    <p class='ocr_par' dir='ltr' id='par_1_110' title="bbox 1971 3865 3542 3938">
     <span class='ocr_line' id='line_1_115' title="bbox 1971 3865 3542 3938; baseline 0.003 -21"><span class='ocrx_word' id='word_1_804' title='bbox 1971 3865 2214 3938; x_wconf 68' lang='lat' dir='ltr'><strong>ecclesiae</strong></span> <span class='ocrx_word' id='word_1_805' title='bbox 2257 3865 2415 3920; x_wconf 88' lang='lat' dir='ltr'><strong>simul</strong></span> <span class='ocrx_word' id='word_1_806' title='bbox 2469 3882 2590 3938; x_wconf 87' lang='lat' dir='ltr'><strong>eum</strong></span> <span class='ocrx_word' id='word_1_807' title='bbox 2638 3867 3056 3938; x_wconf 82' lang='lat' dir='ltr'><strong>quadriporticis</strong></span> <span class='ocrx_word' id='word_1_808' title='bbox 3104 3867 3216 3938; x_wconf 85' lang='lat' dir='ltr'><strong>suis</strong></span> <span class='ocrx_word' id='word_1_809' title='bbox 3244 3865 3454 3938; x_wconf 85' lang='lat' dir='ltr'><strong>noviter</strong></span> <span class='ocrx_word' id='word_1_810' title='bbox 3479 3883 3542 3921; x_wconf 89' lang='lat' dir='ltr'><strong>ac</strong></span> 
     </span>
    </p>
   </div>
   <div class='ocr_carea' id='block_1_111' title="bbox 1975 3933 3539 4000">
    <p class='ocr_par' dir='ltr' id='par_1_111' title="bbox 1975 3933 3539 4000">
     <span class='ocr_line' id='line_1_116' title="bbox 1975 3933 3539 4000; baseline 0.002 -14"><span class='ocrx_word' id='word_1_811' title='bbox 1975 3933 2202 3989; x_wconf 84' lang='lat' dir='ltr'><strong>firmiter</strong></span> <span class='ocrx_word' id='word_1_812' title='bbox 2223 3936 2566 4000; x_wconf 87' lang='lat' dir='ltr'><strong>restauravit,</strong></span> <span class='ocrx_word' id='word_1_813' title='bbox 2594 3933 2731 3991; x_wconf 56' lang='lat' dir='ltr'><strong>et&#39;in</strong></span> <span class='ocrx_word' id='word_1_814' title='bbox 2760 3933 3036 3990; x_wconf 84' lang='lat' dir='ltr'><strong>meliorem</strong></span> <span class='ocrx_word' id='word_1_815' title='bbox 3069 3936 3281 3989; x_wconf 69' lang='lat' dir='ltr'><strong>reduxit</strong></span> <span class='ocrx_word' id='word_1_816' title='bbox 3309 3944 3539 4000; x_wconf 87' lang='lat' dir='ltr'><strong>statum;</strong></span> 
     </span>
    </p>
   </div>
   <div class='ocr_carea' id='block_1_112' title="bbox 1973 4004 3536 4074">
    <p class='ocr_par' dir='ltr' id='par_1_112' title="bbox 1973 4004 3536 4074">
     <span class='ocr_line' id='line_1_117' title="bbox 1973 4004 3536 4074; baseline 0.001 -17"><span class='ocrx_word' id='word_1_817' title='bbox 1973 4018 2134 4074; x_wconf 88' lang='lat' dir='ltr'><strong>super</strong></span> <span class='ocrx_word' id='word_1_818' title='bbox 2160 4004 2330 4060; x_wconf 88' lang='lat' dir='ltr'><strong>altare</strong></span> <span class='ocrx_word' id='word_1_819' title='bbox 2367 4022 2496 4060; x_wconf 88' lang='lat' dir='ltr'><strong>vero</strong></span> <span class='ocrx_word' id='word_1_820' title='bbox 2524 4006 2693 4074; x_wconf 88' lang='lat' dir='ltr'><strong>ipsius</strong></span> <span class='ocrx_word' id='word_1_821' title='bbox 2721 4019 2888 4061; x_wconf 63' lang='lat' dir='ltr'><strong>sacrm</strong></span> <span class='ocrx_word' id='word_1_822' title='bbox 2915 4005 3154 4058; x_wconf 72' lang='lat' dir='ltr'><strong>basilica:</strong></span> <span class='ocrx_word' id='word_1_823' title='bbox 3179 4006 3250 4059; x_wconf 91' lang='lat' dir='ltr'><strong>ob</strong></span> <span class='ocrx_word' id='word_1_824' title='bbox 3278 4005 3536 4059; x_wconf 88' lang='lat' dir='ltr'><strong>honorem</strong></span> 
     </span>
    </p>
   </div>
   <div class='ocr_carea' id='block_1_113' title="bbox 1971 4074 3542 4144">
    <p class='ocr_par' dir='ltr' id='par_1_113' title="bbox 1971 4074 3542 4144">
     <span class='ocr_line' id='line_1_118' title="bbox 1971 4074 3542 4144; baseline 0.003 -18"><span class='ocrx_word' id='word_1_825' title='bbox 1971 4074 2358 4144; x_wconf 81' lang='lat' dir='ltr'><strong>omnipotentis</strong></span> <span class='ocrx_word' id='word_1_826' title='bbox 2398 4076 2515 4138; x_wconf 90' lang='lat' dir='ltr'><strong>Dei,</strong></span> <span class='ocrx_word' id='word_1_827' title='bbox 2551 4085 2607 4130; x_wconf 93' lang='lat' dir='ltr'><strong>et</strong></span> <span class='ocrx_word' id='word_1_828' title='bbox 2645 4076 2787 4136; x_wconf 86' lang='lat' dir='ltr'><strong>beati</strong></span> <span class='ocrx_word' id='word_1_829' title='bbox 2835 4075 2976 4130; x_wconf 84' lang='lat' dir='ltr'><strong>Petri</strong></span> <span class='ocrx_word' id='word_1_830' title='bbox 3006 4075 3257 4143; x_wconf 83' lang='lat' dir='ltr'><strong>apostoli,</strong></span> <span class='ocrx_word' id='word_1_831' title='bbox 3295 4075 3360 4129; x_wconf 91' lang='lat' dir='ltr'><strong>de</strong></span> <span class='ocrx_word' id='word_1_832' title='bbox 3389 4075 3542 4144; x_wconf 84' lang='lat' dir='ltr'><strong>cujus</strong></span> 
     </span>
    </p>
   </div>
   <div class='ocr_carea' id='block_1_114' title="bbox 1973 4143 3542 4201">
    <p class='ocr_par' dir='ltr' id='par_1_114' title="bbox 1973 4143 3542 4201">
     <span class='ocr_line' id='line_1_119' title="bbox 1973 4143 3542 4201; baseline 0 -4"><span class='ocrx_word' id='word_1_833' title='bbox 1973 4143 2130 4198; x_wconf 90' lang='lat' dir='ltr'><strong>donis</strong></span> <span class='ocrx_word' id='word_1_834' title='bbox 2159 4159 2222 4198; x_wconf 89' lang='lat' dir='ltr'><strong>ac</strong></span> <span class='ocrx_word' id='word_1_835' title='bbox 2253 4145 2390 4199; x_wconf 90' lang='lat' dir='ltr'><strong>datis</strong></span> <span class='ocrx_word' id='word_1_836' title='bbox 2418 4146 2544 4200; x_wconf 89' lang='lat' dir='ltr'><strong>fecit</strong></span> <span class='ocrx_word' id='word_1_837' title='bbox 2571 4145 2774 4201; x_wconf 83' lang='lat' dir='ltr'><strong>vestem</strong></span> <span class='ocrx_word' id='word_1_838' title='bbox 2803 4146 3029 4200; x_wconf 87' lang='lat' dir='ltr'><strong>sericam</strong></span> <span class='ocrx_word' id='word_1_839' title='bbox 3061 4153 3296 4199; x_wconf 80' lang='lat' dir='ltr'><strong>rosatam</strong></span> <span class='ocrx_word' id='word_1_840' title='bbox 3331 4143 3542 4198; x_wconf 85' lang='lat' dir='ltr'><strong>haben-</strong></span> 
     </span>
    </p>
   </div>
   <div class='ocr_carea' id='block_1_115' title="bbox 1974 4214 3533 4286">
    <p class='ocr_par' dir='ltr' id='par_1_115' title="bbox 1974 4214 3533 4286">
     <span class='ocr_line' id='line_1_120' title="bbox 1974 4214 3533 4286; baseline 0.001 -19"><span class='ocrx_word' id='word_1_841' title='bbox 1974 4221 2080 4267; x_wconf 85' lang='lat' dir='ltr'><strong>tem</strong></span> <span class='ocrx_word' id='word_1_842' title='bbox 2111 4215 2165 4268; x_wconf 90' lang='lat' dir='ltr'><strong>in</strong></span> <span class='ocrx_word' id='word_1_843' title='bbox 2195 4214 2372 4286; x_wconf 81' lang='lat' dir='ltr'><strong>medio</strong></span> <span class='ocrx_word' id='word_1_844' title='bbox 2395 4230 2610 4270; x_wconf 86' lang='lat' dir='ltr'><strong>erucem</strong></span> <span class='ocrx_word' id='word_1_845' title='bbox 2633 4216 2698 4270; x_wconf 90' lang='lat' dir='ltr'><strong>de</strong></span> <span class='ocrx_word' id='word_1_846' title='bbox 2727 4215 3078 4286; x_wconf 79' lang='lat' dir='ltr'><strong>chrysoclavo</strong></span> <span class='ocrx_word' id='word_1_847' title='bbox 3101 4230 3223 4269; x_wconf 88' lang='lat' dir='ltr'><strong>cum</strong></span> <span class='ocrx_word' id='word_1_848' title='bbox 3250 4214 3533 4286; x_wconf 85' lang='lat' dir='ltr'><strong>orbiculis,</strong></span> 
     </span>
    </p>
   </div>
   <div class='ocr_carea' id='block_1_116' title="bbox 1973 4284 3536 4349">
    <p class='ocr_par' dir='ltr' id='par_1_116' title="bbox 1973 4284 3536 4349">
     <span class='ocr_line' id='line_1_121' title="bbox 1973 4284 3536 4349; baseline 0.001 -13"><span class='ocrx_word' id='word_1_849' title='bbox 1973 4290 2027 4336; x_wconf 91' lang='lat' dir='ltr'><strong>et</strong></span> <span class='ocrx_word' id='word_1_850' title='bbox 2060 4293 2207 4338; x_wconf 82' lang='lat' dir='ltr'><strong>rotas</strong></span> <span class='ocrx_word' id='word_1_851' title='bbox 2247 4284 2448 4338; x_wconf 87' lang='lat' dir='ltr'><strong>sericas</strong></span> <span class='ocrx_word' id='word_1_852' title='bbox 2480 4286 2742 4340; x_wconf 87' lang='lat' dir='ltr'><strong>habentes</strong></span> <span class='ocrx_word' id='word_1_853' title='bbox 2781 4284 3039 4340; x_wconf 84' lang='lat' dir='ltr'><strong>historias</strong></span> <span class='ocrx_word' id='word_1_854' title='bbox 3087 4285 3536 4349; x_wconf 85' lang='lat' dir='ltr'><strong>annuntiationis,</strong></span> 
     </span>
    </p>
   </div>
   <div class='ocr_carea' id='block_1_117' title="bbox 1973 4354 3540 4424">
    <p class='ocr_par' dir='ltr' id='par_1_117' title="bbox 1973 4354 3540 4424">
     <span class='ocr_line' id='line_1_122' title="bbox 1973 4354 3540 4424; baseline 0.002 -18"><span class='ocrx_word' id='word_1_855' title='bbox 1973 4367 2068 4406; x_wconf 87' lang='lat' dir='ltr'><strong>seu</strong></span> <span class='ocrx_word' id='word_1_856' title='bbox 2096 4354 2294 4406; x_wconf 89' lang='lat' dir='ltr'><strong>natalis</strong></span> <span class='ocrx_word' id='word_1_857' title='bbox 2321 4354 2532 4408; x_wconf 88' lang='lat' dir='ltr'><strong>Domini</strong></span> <span class='ocrx_word' id='word_1_858' title='bbox 2557 4356 2726 4410; x_wconf 78' lang='lat' dir='ltr'><strong>nostri</strong></span> <span class='ocrx_word' id='word_1_859' title='bbox 2751 4356 2877 4410; x_wconf 87' lang='lat' dir='ltr'><strong>Jesu</strong></span> <span class='ocrx_word' id='word_1_860' title='bbox 2905 4355 3124 4419; x_wconf 90' lang='lat' dir='ltr'><strong>Christi,</strong></span> <span class='ocrx_word' id='word_1_861' title='bbox 3156 4363 3314 4423; x_wconf 88' lang='lat' dir='ltr'><strong>atque</strong></span> <span class='ocrx_word' id='word_1_862' title='bbox 3337 4354 3540 4424; x_wconf 89' lang='lat' dir='ltr'><strong>passio-</strong></span> 
     </span>
    </p>
   </div>
   <div class='ocr_carea' id='block_1_118' title="bbox 1974 4424 3541 4490">
    <p class='ocr_par' dir='ltr' id='par_1_118' title="bbox 1974 4424 3541 4490">
     <span class='ocr_line' id='line_1_123' title="bbox 1974 4424 3541 4490; baseline 0.003 -16"><span class='ocrx_word' id='word_1_863' title='bbox 1974 4437 2114 4483; x_wconf 89' lang='lat' dir='ltr'><strong>nem,</strong></span> <span class='ocrx_word' id='word_1_864' title='bbox 2146 4431 2201 4477; x_wconf 92' lang='lat' dir='ltr'><strong>et</strong></span> <span class='ocrx_word' id='word_1_865' title='bbox 2229 4424 2711 4490; x_wconf 86' lang='lat' dir='ltr'><strong>resurrectionem;</strong></span> <span class='ocrx_word' id='word_1_866' title='bbox 2746 4440 2974 4480; x_wconf 91' lang='lat' dir='ltr'><strong>necnon</strong></span> <span class='ocrx_word' id='word_1_867' title='bbox 3001 4433 3057 4478; x_wconf 89' lang='lat' dir='ltr'><strong>et</strong></span> <span class='ocrx_word' id='word_1_868' title='bbox 3090 4425 3144 4478; x_wconf 91' lang='lat' dir='ltr'><strong>in</strong></span> <span class='ocrx_word' id='word_1_869' title='bbox 3170 4424 3337 4479; x_wconf 79' lang='lat' dir='ltr'><strong>ccelos</strong></span> <span class='ocrx_word' id='word_1_870' title='bbox 3358 4439 3541 4478; x_wconf 86' lang='lat' dir='ltr'><strong>ascen-</strong></span> 
     </span>
    </p>
   </div>
   <div class='ocr_carea' id='block_1_119' title="bbox 312 4477 3538 4565">
    <p class='ocr_par' dir='ltr' id='par_1_119' title="bbox 312 4477 3538 4565">
     <span class='ocr_line' id='line_1_124' title="bbox 312 4477 3538 4565; baseline 0.001 -18"><span class='ocrx_word' id='word_1_871' title='bbox 312 4477 593 4565; x_wconf 34' lang='lat' dir='ltr'><strong>o&#39;sericatn</strong></span> <span class='ocrx_word' id='word_1_872' title='bbox 610 4477 854 4565; x_wconf 85' lang='lat' dir='ltr'><strong>rosatam</strong></span> <span class='ocrx_word' id='word_1_873' title='bbox 881 4509 1003 4565; x_wconf 76' lang='lat' dir='ltr'><strong>eum</strong></span> <span class='ocrx_word' id='word_1_874' title='bbox 1036 4477 1222 4565; x_wconf 81' lang='lat' dir='ltr'><strong>tabula</strong></span> <span class='ocrx_word' id='word_1_875' title='bbox 1249 4477 1323 4548; x_wconf 82' lang='lat' dir='ltr'><strong>de</strong></span> <span class='ocrx_word' id='word_1_876' title='bbox 1352 4477 1742 4564; x_wconf 11' lang='lat' dir='ltr'><strong>’ehrysoclavo;</strong></span> <span class='ocrx_word' id='word_1_877' title='bbox 1770 4477 1872 4549; x_wconf 75' lang='lat' dir='ltr'><strong>ha-</strong></span> <span class='ocrx_word' id='word_1_878' title='bbox 1895 4477 1948 4536; x_wconf 82' lang='grc' dir='ltr'><strong>Ῑ)</strong></span> <span class='ocrx_word' id='word_1_879' title='bbox 1973 4477 2200 4565; x_wconf 78' lang='lat' dir='ltr'><strong>sionem,</strong></span> <span class='ocrx_word' id='word_1_880' title='bbox 2223 4477 3074 4565; x_wconf 15' lang='lat' dir='ltr'><strong>;atqueipentecosien,iornatas</strong></span> <span class='ocrx_word' id='word_1_881' title='bbox 3093 4477 3440 4565; x_wconf 25' lang='lat' dir='ltr'><strong>inicircuitu</strong></span> <span class='ocrx_word' id='word_1_882' title='bbox 3462 4477 3538 4549; x_wconf 77' lang='lat' dir='ltr'><strong>si-</strong></span> 
     </span>
    </p>
   </div>
   <div class='ocr_carea' id='block_1_120' title="bbox 291 4563 1869 4629">
    <p class='ocr_par' dir='ltr' id='par_1_120' title="bbox 291 4563 1869 4629">
     <span class='ocr_line' id='line_1_125' title="bbox 291 4563 1869 4629; baseline 0.001 -10"><span class='ocrx_word' id='word_1_883' title='bbox 291 4567 517 4619; x_wconf 64' lang='lat' dir='ltr'><strong>lientem</strong></span> <span class='ocrx_word' id='word_1_884' title='bbox 567 4563 847 4618; x_wconf 89' lang='lat' dir='ltr'><strong>historiam</strong></span> <span class='ocrx_word' id='word_1_885' title='bbox 895 4563 1188 4629; x_wconf 68' lang='lat' dir='ltr'><strong>Dominicte</strong></span> <span class='ocrx_word' id='word_1_886' title='bbox 1234 4563 1667 4629; x_wconf 76' lang='lat' dir='ltr'><strong>resurreCtionis,</strong></span> <span class='ocrx_word' id='word_1_887' title='bbox 1722 4575 1777 4620; x_wconf 91' lang='lat' dir='ltr'><strong>et</strong></span> <span class='ocrx_word' id='word_1_888' title='bbox 1817 4567 1869 4620; x_wconf 92' lang='lat' dir='ltr'><strong>in</strong></span> 
     </span>
    </p>
   </div>
   <div class='ocr_carea' id='block_1_121' title="bbox 289 4631 1868 4703">
    <p class='ocr_par' dir='ltr' id='par_1_121' title="bbox 289 4631 1868 4703">
     <span class='ocr_line' id='line_1_126' title="bbox 289 4631 1868 4703; baseline 0.001 -16"><span class='ocrx_word' id='word_1_889' title='bbox 289 4633 535 4694; x_wconf 73' lang='lat' dir='ltr'><strong>circuitu</strong></span> <span class='ocrx_word' id='word_1_890' title='bbox 565 4633 681 4702; x_wconf 90' lang='lat' dir='ltr'><strong>ejus</strong></span> <span class='ocrx_word' id='word_1_891' title='bbox 708 4633 882 4703; x_wconf 78' lang='lat' dir='ltr'><strong>listam</strong></span> <span class='ocrx_word' id='word_1_892' title='bbox 911 4633 976 4685; x_wconf 85' lang='lat' dir='ltr'><strong>de</strong></span> <span class='ocrx_word' id='word_1_893' title='bbox 1003 4631 1369 4703; x_wconf 85' lang='lat' dir='ltr'><strong>chrysoclavo.</strong></span> <span class='ocrx_word' id='word_1_894' title='bbox 1399 4633 1522 4686; x_wconf 89' lang='lat' dir='ltr'><strong>Pari</strong></span> <span class='ocrx_word' id='word_1_895' title='bbox 1554 4633 1710 4688; x_wconf 90' lang='lat' dir='ltr'><strong>modo</strong></span> <span class='ocrx_word' id='word_1_896' title='bbox 1737 4644 1792 4689; x_wconf 89' lang='lat' dir='ltr'><strong>et</strong></span> <span class='ocrx_word' id='word_1_897' title='bbox 1816 4635 1868 4689; x_wconf 90' lang='lat' dir='ltr'><strong>in</strong></span> 
     </span>
    </p>
   </div>
   <div class='ocr_carea' id='block_1_122' title="bbox 290 4701 1869 4771">
    <p class='ocr_par' dir='ltr' id='par_1_122' title="bbox 290 4701 1869 4771">
     <span class='ocr_line' id='line_1_127' title="bbox 290 4701 1869 4771; baseline 0.004 -18"><span class='ocrx_word' id='word_1_898' title='bbox 290 4704 544 4762; x_wconf 75' lang='lat' dir='ltr'><strong>oratorio</strong></span> <span class='ocrx_word' id='word_1_899' title='bbox 573 4701 775 4758; x_wconf 74' lang='lat' dir='ltr'><strong>sancta:</strong></span> <span class='ocrx_word' id='word_1_900' title='bbox 828 4701 919 4755; x_wconf 91' lang='lat' dir='ltr'><strong>Dei</strong></span> <span class='ocrx_word' id='word_1_901' title='bbox 963 4701 1260 4767; x_wconf 80' lang='lat' dir='ltr'><strong>genitricis,</strong></span> <span class='ocrx_word' id='word_1_902' title='bbox 1298 4703 1387 4757; x_wconf 91' lang='lat' dir='ltr'><strong>ubi</strong></span> <span class='ocrx_word' id='word_1_903' title='bbox 1439 4717 1621 4771; x_wconf 89' lang='lat' dir='ltr'><strong>supra,</strong></span> <span class='ocrx_word' id='word_1_904' title='bbox 1669 4705 1722 4757; x_wconf 90' lang='lat' dir='ltr'><strong>in</strong></span> <span class='ocrx_word' id='word_1_905' title='bbox 1754 4721 1869 4759; x_wconf 82' lang='lat' dir='ltr'><strong>me-</strong></span> 
     </span>
    </p>
   </div>
   <div class='ocr_carea' id='block_1_123' title="bbox 289 4772 1868 4828">
    <p class='ocr_par' dir='ltr' id='par_1_123' title="bbox 289 4772 1868 4828">
     <span class='ocr_line' id='line_1_128' title="bbox 289 4772 1868 4828; baseline 0.001 -2"><span class='ocrx_word' id='word_1_906' title='bbox 289 4774 462 4826; x_wconf 79' lang='lat' dir='ltr'><strong>diana</strong></span> <span class='ocrx_word' id='word_1_907' title='bbox 515 4772 642 4826; x_wconf 86' lang='lat' dir='ltr'><strong>fecit</strong></span> <span class='ocrx_word' id='word_1_908' title='bbox 668 4781 870 4826; x_wconf 84' lang='lat' dir='ltr'><strong>vestem</strong></span> <span class='ocrx_word' id='word_1_909' title='bbox 915 4772 1089 4826; x_wconf 89' lang='lat' dir='ltr'><strong>albam</strong></span> <span class='ocrx_word' id='word_1_910' title='bbox 1123 4773 1477 4827; x_wconf 89' lang='lat' dir='ltr'><strong>bolosericam</strong></span> <span class='ocrx_word' id='word_1_911' title='bbox 1503 4782 1739 4827; x_wconf 89' lang='lat' dir='ltr'><strong>rosatam</strong></span> <span class='ocrx_word' id='word_1_912' title='bbox 1769 4776 1868 4828; x_wconf 88' lang='lat' dir='ltr'><strong>ba-</strong></span> 
     </span>
    </p>
   </div>
   <div class='ocr_carea' id='block_1_124' title="bbox 290 4843 1870 4910">
    <p class='ocr_par' dir='ltr' id='par_1_124' title="bbox 290 4843 1870 4910">
     <span class='ocr_line' id='line_1_129' title="bbox 290 4843 1870 4910; baseline -0.001 -12"><span class='ocrx_word' id='word_1_913' title='bbox 290 4845 520 4898; x_wconf 78' lang='lat' dir='ltr'><strong>bentem</strong></span> <span class='ocrx_word' id='word_1_914' title='bbox 552 4843 602 4894; x_wconf 93' lang='lat' dir='ltr'><strong>in</strong></span> <span class='ocrx_word' id='word_1_915' title='bbox 650 4843 824 4896; x_wconf 87' lang='lat' dir='ltr'><strong>medio</strong></span> <span class='ocrx_word' id='word_1_916' title='bbox 849 4857 1066 4895; x_wconf 87' lang='lat' dir='ltr'><strong>crucem</strong></span> <span class='ocrx_word' id='word_1_917' title='bbox 1091 4844 1157 4897; x_wconf 88' lang='lat' dir='ltr'><strong>de</strong></span> <span class='ocrx_word' id='word_1_918' title='bbox 1180 4843 1546 4910; x_wconf 83' lang='lat' dir='ltr'><strong>chrysoclavo,</strong></span> <span class='ocrx_word' id='word_1_919' title='bbox 1589 4852 1644 4896; x_wconf 92' lang='lat' dir='ltr'><strong>et</strong></span> <span class='ocrx_word' id='word_1_920' title='bbox 1664 4843 1722 4896; x_wconf 84' lang='lat' dir='ltr'><strong>‘in</strong></span> <span class='ocrx_word' id='word_1_921' title='bbox 1765 4845 1870 4897; x_wconf 90' lang='lat' dir='ltr'><strong>cir-</strong></span> 
     </span>
    </p>
   </div>
   <div class='ocr_carea' id='block_1_125' title="bbox 288 4911 1872 4981">
    <p class='ocr_par' dir='ltr' id='par_1_125' title="bbox 288 4911 1872 4981">
     <span class='ocr_line' id='line_1_130' title="bbox 288 4911 1872 4981; baseline 0.003 -17"><span class='ocrx_word' id='word_1_922' title='bbox 288 4913 449 4981; x_wconf 79' lang='lat' dir='ltr'><strong>cuitu</strong></span> <span class='ocrx_word' id='word_1_923' title='bbox 476 4919 721 4964; x_wconf 88' lang='lat' dir='ltr'><strong>ornatam</strong></span> <span class='ocrx_word' id='word_1_924' title='bbox 748 4912 814 4965; x_wconf 90' lang='lat' dir='ltr'><strong>de</strong></span> <span class='ocrx_word' id='word_1_925' title='bbox 842 4911 1022 4980; x_wconf 87' lang='lat' dir='ltr'><strong>Tyrio.</strong></span> <span class='ocrx_word' id='word_1_926' title='bbox 1055 4912 1110 4964; x_wconf 92' lang='lat' dir='ltr'><strong>lu</strong></span> <span class='ocrx_word' id='word_1_927' title='bbox 1140 4913 1377 4966; x_wconf 88' lang='lat' dir='ltr'><strong>oratorio</strong></span> <span class='ocrx_word' id='word_1_928' title='bbox 1416 4927 1544 4965; x_wconf 88' lang='lat' dir='ltr'><strong>vero</strong></span> <span class='ocrx_word' id='word_1_929' title='bbox 1574 4914 1740 4981; x_wconf 91' lang='lat' dir='ltr'><strong>ipsius</strong></span> <span class='ocrx_word' id='word_1_930' title='bbox 1775 4914 1872 4969; x_wconf 84' lang='lat' dir='ltr'><strong>Dei</strong></span> 
     </span>
    </p>
   </div>
   <div class='ocr_carea' id='block_1_126' title="bbox 289 4980 1864 5061">
    <p class='ocr_par' dir='ltr' id='par_1_126' title="bbox 289 4980 1864 5061">
     <span class='ocr_line' id='line_1_131' title="bbox 289 4980 1864 5061; baseline 0.001 -28"><span class='ocrx_word' id='word_1_931' title='bbox 289 4980 602 5061; x_wconf 61' lang='lat' dir='ltr'><strong>genitricis,</strong></span> <span class='ocrx_word' id='word_1_932' title='bbox 622 4981 708 5033; x_wconf 90' lang='lat' dir='ltr'><strong>ubi</strong></span> <span class='ocrx_word' id='word_1_933' title='bbox 735 4996 919 5061; x_wconf 72' lang='lat' dir='ltr'><strong>supra,</strong></span> <span class='ocrx_word' id='word_1_934' title='bbox 944 4983 1084 5061; x_wconf 84' lang='lat' dir='ltr'><strong>quod</strong></span> <span class='ocrx_word' id='word_1_935' title='bbox 1106 4983 1303 5036; x_wconf 78' lang='lat' dir='ltr'><strong>dicitur</strong></span> <span class='ocrx_word' id='word_1_936' title='bbox 1323 4983 1502 5061; x_wconf 80' lang='lat' dir='ltr'><strong>domui</strong></span> <span class='ocrx_word' id='word_1_937' title='bbox 1525 4980 1671 5061; x_wconf 77' lang='lat' dir='ltr'><strong>Pauli</strong></span> <span class='ocrx_word' id='word_1_938' title='bbox 1691 4999 1864 5061; x_wconf 55' lang='lat' dir='ltr'><strong>papae,</strong></span> 
     </span>
    </p>
   </div>
   <div class='ocr_carea' id='block_1_127' title="bbox 288 5049 1869 5107">
    <p class='ocr_par' dir='ltr' id='par_1_127' title="bbox 288 5049 1869 5107">
     <span class='ocr_line' id='line_1_132' title="bbox 288 5049 1869 5107; baseline 0.001 -1"><span class='ocrx_word' id='word_1_939' title='bbox 288 5049 508 5106; x_wconf 61' lang='lat' dir='ltr'><strong>{restem</strong></span> <span class='ocrx_word' id='word_1_940' title='bbox 535 5049 710 5103; x_wconf 87' lang='lat' dir='ltr'><strong>albam</strong></span> <span class='ocrx_word' id='word_1_941' title='bbox 743 5049 1094 5104; x_wconf 83' lang='lat' dir='ltr'><strong>bolosericam</strong></span> <span class='ocrx_word' id='word_1_942' title='bbox 1142 5061 1386 5104; x_wconf 88' lang='lat' dir='ltr'><strong>ornatam</strong></span> <span class='ocrx_word' id='word_1_943' title='bbox 1434 5053 1486 5105; x_wconf 93' lang='lat' dir='ltr'><strong>in</strong></span> <span class='ocrx_word' id='word_1_944' title='bbox 1536 5049 1780 5106; x_wconf 80' lang='lat' dir='ltr'><strong>circuitu</strong></span> <span class='ocrx_word' id='word_1_945' title='bbox 1803 5055 1869 5107; x_wconf 88' lang='lat' dir='ltr'><strong>de</strong></span> 
     </span>
    </p>
   </div>
   <div class='ocr_carea' id='block_1_128' title="bbox 289 5119 1867 5187">
    <p class='ocr_par' dir='ltr' id='par_1_128' title="bbox 289 5119 1867 5187">
     <span class='ocr_line' id='line_1_133' title="bbox 289 5119 1867 5187; baseline 0.001 -12"><span class='ocrx_word' id='word_1_946' title='bbox 289 5119 505 5175; x_wconf 81' lang='lat' dir='ltr'><strong>mizilo.</strong></span> <span class='ocrx_word' id='word_1_947' title='bbox 544 5119 654 5173; x_wconf 86' lang='lat' dir='ltr'><strong>Nec</strong></span> <span class='ocrx_word' id='word_1_948' title='bbox 674 5136 780 5174; x_wconf 93' lang='lat' dir='ltr'><strong>non</strong></span> <span class='ocrx_word' id='word_1_949' title='bbox 809 5130 863 5174; x_wconf 90' lang='lat' dir='ltr'><strong>et</strong></span> <span class='ocrx_word' id='word_1_950' title='bbox 887 5121 939 5173; x_wconf 90' lang='lat' dir='ltr'><strong>in</strong></span> <span class='ocrx_word' id='word_1_951' title='bbox 969 5121 1292 5175; x_wconf 88' lang='lat' dir='ltr'><strong>monasterio</strong></span> <span class='ocrx_word' id='word_1_952' title='bbox 1318 5123 1492 5175; x_wconf 89' lang='lat' dir='ltr'><strong>sancti</strong></span> <span class='ocrx_word' id='word_1_953' title='bbox 1525 5121 1755 5187; x_wconf 82' lang='lat' dir='ltr'><strong>Martini,</strong></span> <span class='ocrx_word' id='word_1_954' title='bbox 1779 5124 1867 5178; x_wconf 89' lang='lat' dir='ltr'><strong>ubi</strong></span> 
     </span>
    </p>
   </div>
   <div class='ocr_carea' id='block_1_129' title="bbox 287 5187 1870 5260">
    <p class='ocr_par' dir='ltr' id='par_1_129' title="bbox 287 5187 1870 5260">
     <span class='ocr_line' id='line_1_134' title="bbox 287 5187 1870 5260; baseline 0 -14"><span class='ocrx_word' id='word_1_955' title='bbox 287 5204 494 5260; x_wconf 73' lang='lat' dir='ltr'><strong>supra,</strong></span> <span class='ocrx_word' id='word_1_956' title='bbox 521 5187 652 5244; x_wconf 82' lang='lat' dir='ltr'><strong>fecit</strong></span> <span class='ocrx_word' id='word_1_957' title='bbox 675 5203 879 5245; x_wconf 81' lang='lat' dir='ltr'><strong>vestem</strong></span> <span class='ocrx_word' id='word_1_958' title='bbox 904 5189 1080 5243; x_wconf 84' lang='lat' dir='ltr'><strong>albam</strong></span> <span class='ocrx_word' id='word_1_959' title='bbox 1107 5191 1456 5260; x_wconf 81' lang='lat' dir='ltr'><strong>bolosericam</strong></span> <span class='ocrx_word' id='word_1_960' title='bbox 1481 5203 1736 5254; x_wconf 79' lang='lat' dir='ltr'><strong>rosatam,</strong></span> <span class='ocrx_word' id='word_1_961' title='bbox 1774 5192 1870 5246; x_wconf 88' lang='lat' dir='ltr'><strong>ha-</strong></span> 
     </span>
    </p>
   </div>
   <div class='ocr_carea' id='block_1_130' title="bbox 290 5259 1867 5335">
    <p class='ocr_par' dir='ltr' id='par_1_130' title="bbox 290 5259 1867 5335">
     <span class='ocr_line' id='line_1_135' title="bbox 290 5259 1867 5335; baseline 0.001 -22"><span class='ocrx_word' id='word_1_962' title='bbox 290 5259 522 5335; x_wconf 62' lang='lat' dir='ltr'><strong>bentem</strong></span> <span class='ocrx_word' id='word_1_963' title='bbox 563 5260 622 5335; x_wconf 73' lang='lat' dir='ltr'><strong>in</strong></span> <span class='ocrx_word' id='word_1_964' title='bbox 656 5261 1078 5335; x_wconf 61' lang='lat' dir='ltr'><strong>mediocrpceni</strong></span> <span class='ocrx_word' id='word_1_965' title='bbox 1098 5259 1164 5335; x_wconf 82' lang='lat' dir='ltr'><strong>de</strong></span> <span class='ocrx_word' id='word_1_966' title='bbox 1203 5261 1550 5335; x_wconf 69' lang='lat' dir='ltr'><strong>chrysoclavo</strong></span> <span class='ocrx_word' id='word_1_967' title='bbox 1579 5276 1700 5335; x_wconf 78' lang='lat' dir='ltr'><strong>cum</strong></span> <span class='ocrx_word' id='word_1_968' title='bbox 1725 5262 1867 5335; x_wconf 89' lang='lat' dir='ltr'><strong>peri-</strong></span> 
     </span>
    </p>
   </div>
   <div class='ocr_carea' id='block_1_131' title="bbox 289 5327 1867 5399">
    <p class='ocr_par' dir='ltr' id='par_1_131' title="bbox 289 5327 1867 5399">
     <span class='ocr_line' id='line_1_136' title="bbox 289 5327 1867 5399; baseline 0.001 -15"><span class='ocrx_word' id='word_1_969' title='bbox 289 5327 441 5399; x_wconf 70' lang='lat' dir='ltr'><strong>elysi</strong></span> <span class='ocrx_word' id='word_1_970' title='bbox 473 5329 539 5382; x_wconf 86' lang='lat' dir='ltr'><strong>de</strong></span> <span class='ocrx_word' id='word_1_971' title='bbox 563 5327 747 5399; x_wconf 84' lang='lat' dir='ltr'><strong>Tyrio.</strong></span> <span class='ocrx_word' id='word_1_972' title='bbox 782 5327 881 5383; x_wconf 81' lang='lat' dir='ltr'><strong>ilic</strong></span> <span class='ocrx_word' id='word_1_973' title='bbox 906 5327 1035 5399; x_wconf 78' lang='lat' dir='ltr'><strong>fecit</strong></span> <span class='ocrx_word' id='word_1_974' title='bbox 1063 5327 1117 5380; x_wconf 90' lang='lat' dir='ltr'><strong>in</strong></span> <span class='ocrx_word' id='word_1_975' title='bbox 1147 5327 1362 5383; x_wconf 79' lang='lat' dir='ltr'><strong>basilica</strong></span> <span class='ocrx_word' id='word_1_976' title='bbox 1395 5327 1758 5399; x_wconf 80' lang='lat' dir='ltr'><strong>apostolorum</strong></span> <span class='ocrx_word' id='word_1_977' title='bbox 1780 5332 1867 5385; x_wconf 88' lang='lat' dir='ltr'><strong>via</strong></span> 
     </span>
    </p>
   </div>
   <div class='ocr_carea' id='block_1_132' title="bbox 284 5394 1905 5467">
    <p class='ocr_par' dir='ltr' id='par_1_132' title="bbox 284 5394 1905 5467">
     <span class='ocr_line' id='line_1_137' title="bbox 284 5394 1905 5467; baseline 0.002 -17"><span class='ocrx_word' id='word_1_978' title='bbox 284 5394 436 5456; x_wconf 74' lang='lat' dir='ltr'><strong>Lata</strong></span> <span class='ocrx_word' id='word_1_979' title='bbox 465 5394 625 5467; x_wconf 79' lang='lat' dir='ltr'><strong>super</strong></span> <span class='ocrx_word' id='word_1_980' title='bbox 651 5398 818 5452; x_wconf 82' lang='lat' dir='ltr'><strong>altare</strong></span> <span class='ocrx_word' id='word_1_981' title='bbox 852 5394 1023 5460; x_wconf 83' lang='lat' dir='ltr'><strong>majus</strong></span> <span class='ocrx_word' id='word_1_982' title='bbox 1055 5407 1254 5454; x_wconf 88' lang='lat' dir='ltr'><strong>vestem</strong></span> <span class='ocrx_word' id='word_1_983' title='bbox 1297 5394 1474 5452; x_wconf 81' lang='lat' dir='ltr'><strong>albam</strong></span> <span class='ocrx_word' id='word_1_984' title='bbox 1503 5400 1856 5456; x_wconf 86' lang='lat' dir='ltr'><strong>bolosericam</strong></span> <span class='ocrx_word' id='word_1_985' title='bbox 1903 5458 1905 5460; x_wconf 55' lang='grc'>,</span> 
     </span>
    </p>
   </div>
   <div class='ocr_carea' id='block_1_133' title="bbox 287 5468 1864 5526">
    <p class='ocr_par' dir='ltr' id='par_1_133' title="bbox 287 5468 1864 5526">
     <span class='ocr_line' id='line_1_138' title="bbox 287 5468 1864 5526; baseline 0.001 -3"><span class='ocrx_word' id='word_1_986' title='bbox 287 5468 544 5523; x_wconf 66' lang='lat' dir='ltr'><strong>rosatam</strong></span> <span class='ocrx_word' id='word_1_987' title='bbox 593 5468 880 5522; x_wconf 78' lang='lat' dir='ltr'><strong>habentem</strong></span> <span class='ocrx_word' id='word_1_988' title='bbox 928 5468 984 5520; x_wconf 89' lang='lat' dir='ltr'><strong>in</strong></span> <span class='ocrx_word' id='word_1_989' title='bbox 1033 5469 1209 5522; x_wconf 90' lang='lat' dir='ltr'><strong>medio</strong></span> <span class='ocrx_word' id='word_1_990' title='bbox 1246 5468 1481 5522; x_wconf 89' lang='lat' dir='ltr'><strong>tabulam</strong></span> <span class='ocrx_word' id='word_1_991' title='bbox 1519 5471 1585 5524; x_wconf 88' lang='lat' dir='ltr'><strong>de</strong></span> <span class='ocrx_word' id='word_1_992' title='bbox 1630 5471 1864 5526; x_wconf 87' lang='lat' dir='ltr'><strong>stauraci</strong></span> 
     </span>
    </p>
   </div>
   <div class='ocr_carea' id='block_1_134' title="bbox 281 5536 1867 5602">
    <p class='ocr_par' dir='ltr' id='par_1_134' title="bbox 281 5536 1867 5602">
     <span class='ocr_line' id='line_1_139' title="bbox 281 5536 1867 5602; baseline 0.001 -10"><span class='ocrx_word' id='word_1_993' title='bbox 281 5552 430 5592; x_wconf 88' lang='lat' dir='ltr'><strong>cum</strong></span> <span class='ocrx_word' id='word_1_994' title='bbox 485 5537 708 5591; x_wconf 88' lang='lat' dir='ltr'><strong>historia</strong></span> <span class='ocrx_word' id='word_1_995' title='bbox 753 5536 1044 5592; x_wconf 75' lang='lat' dir='ltr'><strong>Dominica:</strong></span> <span class='ocrx_word' id='word_1_996' title='bbox 1085 5539 1523 5602; x_wconf 86' lang='lat' dir='ltr'><strong>resurrectionis,</strong></span> <span class='ocrx_word' id='word_1_997' title='bbox 1561 5547 1614 5592; x_wconf 90' lang='lat' dir='ltr'><strong>et</strong></span> <span class='ocrx_word' id='word_1_998' title='bbox 1655 5541 1705 5593; x_wconf 90' lang='lat' dir='ltr'><strong>in</strong></span> <span class='ocrx_word' id='word_1_999' title='bbox 1761 5541 1867 5594; x_wconf 86' lang='lat' dir='ltr'><strong>cir-</strong></span> 
     </span>
    </p>
   </div>
   <div class='ocr_carea' id='block_1_135' title="bbox 279 5605 1865 5677">
    <p class='ocr_par' dir='ltr' id='par_1_135' title="bbox 279 5605 1865 5677">
     <span class='ocr_line' id='line_1_140' title="bbox 279 5605 1865 5677; baseline 0.002 -15"><span class='ocrx_word' id='word_1_1000' title='bbox 279 5605 457 5677; x_wconf 83' lang='lat' dir='ltr'><strong>cuitu</strong></span> <span class='ocrx_word' id='word_1_1001' title='bbox 497 5616 699 5677; x_wconf 87' lang='lat' dir='ltr'><strong>vestem</strong></span> <span class='ocrx_word' id='word_1_1002' title='bbox 728 5607 794 5660; x_wconf 87' lang='lat' dir='ltr'><strong>de</strong></span> <span class='ocrx_word' id='word_1_1003' title='bbox 821 5605 1194 5677; x_wconf 84' lang='lat' dir='ltr'><strong>chrysoclavo.</strong></span> <span class='ocrx_word' id='word_1_1004' title='bbox 1235 5605 1472 5677; x_wconf 87' lang='lat' dir='ltr'><strong>Necnon</strong></span> <span class='ocrx_word' id='word_1_1005' title='bbox 1513 5618 1566 5661; x_wconf 89' lang='lat' dir='ltr'><strong>et</strong></span> <span class='ocrx_word' id='word_1_1006' title='bbox 1595 5609 1865 5665; x_wconf 78' lang='lat' dir='ltr'><strong>orbiculos</strong></span> 
     </span>
    </p>
   </div>
   <div class='ocr_carea' id='block_1_136' title="bbox 283 5675 1862 5747">
    <p class='ocr_par' dir='ltr' id='par_1_136' title="bbox 283 5675 1862 5747">
     <span class='ocr_line' id='line_1_141' title="bbox 283 5675 1862 5747; baseline 0.001 -16"><span class='ocrx_word' id='word_1_1007' title='bbox 283 5677 378 5731; x_wconf 86' lang='lat' dir='ltr'><strong>de</strong></span> <span class='ocrx_word' id='word_1_1008' title='bbox 414 5675 762 5747; x_wconf 80' lang='lat' dir='ltr'><strong>chrysoclavo</strong></span> <span class='ocrx_word' id='word_1_1009' title='bbox 802 5675 936 5730; x_wconf 83' lang='lat' dir='ltr'><strong>cum</strong></span> <span class='ocrx_word' id='word_1_1010' title='bbox 967 5676 1218 5745; x_wconf 81' lang='lat' dir='ltr'><strong>periclvsi</strong></span> <span class='ocrx_word' id='word_1_1011' title='bbox 1256 5676 1322 5731; x_wconf 88' lang='lat' dir='ltr'><strong>de</strong></span> <span class='ocrx_word' id='word_1_1012' title='bbox 1358 5677 1537 5747; x_wconf 85' lang='lat' dir='ltr'><strong>Tyrio.</strong></span> <span class='ocrx_word' id='word_1_1013' title='bbox 1583 5677 1862 5732; x_wconf 87' lang='lat' dir='ltr'><strong>Tetravcla</strong></span> 
     </span>
    </p>
   </div>
   <div class='ocr_carea' id='block_1_137' title="bbox 282 5745 1858 5817">
    <p class='ocr_par' dir='ltr' id='par_1_137' title="bbox 282 5745 1858 5817">
     <span class='ocr_line' id='line_1_142' title="bbox 282 5745 1858 5817; baseline 0.003 -17"><span class='ocrx_word' id='word_1_1014' title='bbox 282 5745 517 5817; x_wconf 61' lang='lat' dir='ltr'><strong>modica</strong></span> <span class='ocrx_word' id='word_1_1015' title='bbox 573 5748 749 5803; x_wconf 76' lang='lat' dir='ltr'><strong>rubea-</strong></span> <span class='ocrx_word' id='word_1_1016' title='bbox 779 5753 969 5803; x_wconf 82' lang='lat' dir='ltr'><strong>ornata</strong></span> <span class='ocrx_word' id='word_1_1017' title='bbox 1012 5747 1066 5804; x_wconf 90' lang='lat' dir='ltr'><strong>in</strong></span> <span class='ocrx_word' id='word_1_1018' title='bbox 1106 5747 1333 5805; x_wconf 59' lang='lat' dir='ltr'><strong>(ircuitu</strong></span> <span class='ocrx_word' id='word_1_1019' title='bbox 1373 5745 1440 5804; x_wconf 78' lang='lat' dir='ltr'><strong>(lc</strong></span> <span class='ocrx_word' id='word_1_1020' title='bbox 1484 5748 1734 5813; x_wconf 80' lang='lat' dir='ltr'><strong>fundato.</strong></span> <span class='ocrx_word' id='word_1_1021' title='bbox 1794 5765 1858 5805; x_wconf 73' lang='lat' dir='ltr'><strong>cx</strong></span> 
     </span>
    </p>
   </div>
   <div class='ocr_carea' id='block_1_138' title="bbox 1970 4561 3540 4644">
    <p class='ocr_par' dir='ltr' id='par_1_138' title="bbox 1970 4561 3540 4644">
     <span class='ocr_line' id='line_1_143' title="bbox 1970 4561 3540 4644; baseline 0.004 -30"><span class='ocrx_word' id='word_1_1022' title='bbox 1970 4561 2086 4643; x_wconf 79' lang='lat' dir='ltr'><strong>mili</strong></span> <span class='ocrx_word' id='word_1_1023' title='bbox 2113 4561 2292 4644; x_wconf 83' lang='lat' dir='ltr'><strong>modo,</strong></span> <span class='ocrx_word' id='word_1_1024' title='bbox 2332 4561 2470 4618; x_wconf 76' lang='lat' dir='ltr'><strong>sicut</strong></span> <span class='ocrx_word' id='word_1_1025' title='bbox 2501 4574 2565 4644; x_wconf 88' lang='lat' dir='ltr'><strong>et</strong></span> <span class='ocrx_word' id='word_1_1026' title='bbox 2596 4576 2800 4644; x_wconf 78' lang='lat' dir='ltr'><strong>vestem</strong></span> <span class='ocrx_word' id='word_1_1027' title='bbox 2829 4565 2910 4644; x_wconf 82' lang='lat' dir='ltr'><strong>_de</strong></span> <span class='ocrx_word' id='word_1_1028' title='bbox 2942 4563 3310 4644; x_wconf 54' lang='lat' dir='ltr'><strong>chrysoelavo.</strong></span> <span class='ocrx_word' id='word_1_1029' title='bbox 3342 4563 3448 4619; x_wconf 88' lang='lat' dir='ltr'><strong>Sed</strong></span> <span class='ocrx_word' id='word_1_1030' title='bbox 3485 4573 3540 4620; x_wconf 94' lang='lat' dir='ltr'><strong>et</strong></span> 
     </span>
    </p>
   </div>
   <div class='ocr_carea' id='block_1_139' title="bbox 1968 4631 3536 4704">
    <p class='ocr_par' dir='ltr' id='par_1_139' title="bbox 1968 4631 3536 4704">
     <span class='ocr_line' id='line_1_144' title="bbox 1968 4631 3536 4704; baseline 0.001 -18"><span class='ocrx_word' id='word_1_1031' title='bbox 1968 4631 2262 4704; x_wconf 86' lang='lat' dir='ltr'><strong>canistrum</strong></span> <span class='ocrx_word' id='word_1_1032' title='bbox 2284 4647 2358 4704; x_wconf 85' lang='lat' dir='ltr'><strong>ex</strong></span> <span class='ocrx_word' id='word_1_1033' title='bbox 2387 4643 2611 4704; x_wconf 86' lang='lat' dir='ltr'><strong>argento</strong></span> <span class='ocrx_word' id='word_1_1034' title='bbox 2650 4634 2938 4703; x_wconf 87' lang='lat' dir='ltr'><strong>purissimo</strong></span> <span class='ocrx_word' id='word_1_1035' title='bbox 2980 4631 3110 4687; x_wconf 83' lang='lat' dir='ltr'><strong>inihi</strong></span> <span class='ocrx_word' id='word_1_1036' title='bbox 3137 4633 3268 4688; x_wconf 85' lang='lat' dir='ltr'><strong>fecit</strong></span> <span class='ocrx_word' id='word_1_1037' title='bbox 3299 4651 3419 4688; x_wconf 91' lang='lat' dir='ltr'><strong>cum</strong></span> <span class='ocrx_word' id='word_1_1038' title='bbox 3447 4650 3536 4688; x_wconf 89' lang='lat' dir='ltr'><strong>ca-</strong></span> 
     </span>
    </p>
   </div>
   <div class='ocr_carea' id='block_1_140' title="bbox 1969 4701 3535 4773">
    <p class='ocr_par' dir='ltr' id='par_1_140' title="bbox 1969 4701 3535 4773">
     <span class='ocr_line' id='line_1_145' title="bbox 1969 4701 3535 4773; baseline 0.002 -19"><span class='ocrx_word' id='word_1_1039' title='bbox 1969 4701 2165 4773; x_wconf 85' lang='lat' dir='ltr'><strong>tenulis</strong></span> <span class='ocrx_word' id='word_1_1040' title='bbox 2189 4703 2328 4773; x_wconf 57' lang='lat' dir='ltr'><strong>suis»</strong></span> <span class='ocrx_word' id='word_1_1041' title='bbox 2367 4701 2598 4771; x_wconf 78' lang='lat' dir='ltr'><strong>pensans</strong></span> <span class='ocrx_word' id='word_1_1042' title='bbox 2622 4701 2786 4757; x_wconf 86' lang='lat' dir='ltr'><strong>libras</strong></span> <span class='ocrx_word' id='word_1_1043' title='bbox 2821 4704 3149 4773; x_wconf 85' lang='lat' dir='ltr'><strong>quindecim.</strong></span> <span class='ocrx_word' id='word_1_1044' title='bbox 3193 4704 3535 4773; x_wconf 87' lang='lat' dir='ltr'><strong>Episcopium</strong></span> 
     </span>
    </p>
   </div>
   <div class='ocr_carea' id='block_1_141' title="bbox 1969 4770 3536 4842">
    <p class='ocr_par' dir='ltr' id='par_1_141' title="bbox 1969 4770 3536 4842">
     <span class='ocr_line' id='line_1_146' title="bbox 1969 4770 3536 4842; baseline 0.003 -18"><span class='ocrx_word' id='word_1_1045' title='bbox 1969 4786 2096 4842; x_wconf 62' lang='lat' dir='ltr'><strong>vero</strong></span> <span class='ocrx_word' id='word_1_1046' title='bbox 2138 4770 2441 4842; x_wconf 48' lang='lat' dir='ltr'><strong>Albanense</strong></span> <span class='ocrx_word' id='word_1_1047' title='bbox 2484 4775 2641 4827; x_wconf 89' lang='lat' dir='ltr'><strong>simul</strong></span> <span class='ocrx_word' id='word_1_1048' title='bbox 2671 4790 2791 4826; x_wconf 84' lang='lat' dir='ltr'><strong>eum</strong></span> <span class='ocrx_word' id='word_1_1049' title='bbox 2815 4770 3062 4838; x_wconf 74' lang='lat' dir='ltr'><strong>ecclesia,</strong></span> <span class='ocrx_word' id='word_1_1050' title='bbox 3091 4788 3210 4842; x_wconf 70' lang='lat' dir='ltr'><strong>quae</strong></span> <span class='ocrx_word' id='word_1_1051' title='bbox 3237 4770 3292 4826; x_wconf 84' lang='lat' dir='ltr'><strong>in</strong></span> <span class='ocrx_word' id='word_1_1052' title='bbox 3321 4770 3536 4828; x_wconf 71' lang='lat' dir='ltr'><strong>nomine</strong></span> 
     </span>
    </p>
   </div>
   <div class='ocr_carea' id='block_1_142' title="bbox 1968 4840 3531 4912">
    <p class='ocr_par' dir='ltr' id='par_1_142' title="bbox 1968 4840 3531 4912">
     <span class='ocr_line' id='line_1_147' title="bbox 1968 4840 3531 4912; baseline 0 -17"><span class='ocrx_word' id='word_1_1053' title='bbox 1968 4840 2108 4912; x_wconf 85' lang='lat' dir='ltr'><strong>beati</strong></span> <span class='ocrx_word' id='word_1_1054' title='bbox 2141 4840 2407 4912; x_wconf 82' lang='lat' dir='ltr'><strong>Pancratii</strong></span> <span class='ocrx_word' id='word_1_1055' title='bbox 2439 4842 2654 4896; x_wconf 87' lang='lat' dir='ltr'><strong>fundata</strong></span> <span class='ocrx_word' id='word_1_1056' title='bbox 2684 4852 2785 4906; x_wconf 89' lang='lat' dir='ltr'><strong>est,</strong></span> <span class='ocrx_word' id='word_1_1057' title='bbox 2814 4858 2910 4912; x_wconf 89' lang='lat' dir='ltr'><strong>per</strong></span> <span class='ocrx_word' id='word_1_1058' title='bbox 2932 4840 3219 4912; x_wconf 87' lang='lat' dir='ltr'><strong>quamdam</strong></span> <span class='ocrx_word' id='word_1_1059' title='bbox 3254 4843 3531 4912; x_wconf 83' lang='lat' dir='ltr'><strong>negligen-</strong></span> 
     </span>
    </p>
   </div>
   <div class='ocr_carea' id='block_1_143' title="bbox 1969 4911 3531 4982">
    <p class='ocr_par' dir='ltr' id='par_1_143' title="bbox 1969 4911 3531 4982">
     <span class='ocr_line' id='line_1_148' title="bbox 1969 4911 3531 4982; baseline 0.003 -20"><span class='ocrx_word' id='word_1_1060' title='bbox 1969 4911 2098 4963; x_wconf 90' lang='lat' dir='ltr'><strong>tiam</strong></span> <span class='ocrx_word' id='word_1_1061' title='bbox 2134 4911 2214 4982; x_wconf 83' lang='lat' dir='ltr'><strong>vel</strong></span> <span class='ocrx_word' id='word_1_1062' title='bbox 2245 4912 2530 4982; x_wconf 86' lang='lat' dir='ltr'><strong>incuriam,</strong></span> <span class='ocrx_word' id='word_1_1063' title='bbox 2558 4930 2655 4982; x_wconf 90' lang='lat' dir='ltr'><strong>per</strong></span> <span class='ocrx_word' id='word_1_1064' title='bbox 2679 4911 3064 4982; x_wconf 82' lang='lat' dir='ltr'><strong>submissiones</strong></span> <span class='ocrx_word' id='word_1_1065' title='bbox 3081 4911 3389 4975; x_wconf 86' lang='lat' dir='ltr'><strong>diabolicas,</strong></span> <span class='ocrx_word' id='word_1_1066' title='bbox 3415 4922 3531 4980; x_wconf 85' lang='lat' dir='ltr'><strong>post</strong></span> 
     </span>
    </p>
   </div>
   <div class='ocr_carea' id='block_1_144' title="bbox 1970 4980 3535 5050">
    <p class='ocr_par' dir='ltr' id='par_1_144' title="bbox 1970 4980 3535 5050">
     <span class='ocr_line' id='line_1_149' title="bbox 1970 4980 3535 5050; baseline 0.002 -17"><span class='ocrx_word' id='word_1_1067' title='bbox 1970 4981 2260 5035; x_wconf 87' lang='lat' dir='ltr'><strong>matutinas</strong></span> <span class='ocrx_word' id='word_1_1068' title='bbox 2310 4981 2494 5037; x_wconf 85' lang='lat' dir='ltr'><strong>laudes</strong></span> <span class='ocrx_word' id='word_1_1069' title='bbox 2542 4980 2751 5047; x_wconf 79' lang='lat' dir='ltr'><strong>exusta,</strong></span> <span class='ocrx_word' id='word_1_1070' title='bbox 2785 4998 2812 5034; x_wconf 91' lang='lat' dir='ltr'><strong>a</strong></span> <span class='ocrx_word' id='word_1_1071' title='bbox 2845 4980 3210 5050; x_wconf 82' lang='lat' dir='ltr'><strong>fundamentis</strong></span> <span class='ocrx_word' id='word_1_1072' title='bbox 3250 4997 3419 5050; x_wconf 90' lang='lat' dir='ltr'><strong>usque</strong></span> <span class='ocrx_word' id='word_1_1073' title='bbox 3467 4983 3535 5036; x_wconf 89' lang='lat' dir='ltr'><strong>ad</strong></span> 
     </span>
    </p>
   </div>
   <div class='ocr_carea' id='block_1_145' title="bbox 1969 5049 3533 5106">
    <p class='ocr_par' dir='ltr' id='par_1_145' title="bbox 1969 5049 3533 5106">
     <span class='ocr_line' id='line_1_150' title="bbox 1969 5049 3533 5106; baseline 0.001 -2"><span class='ocrx_word' id='word_1_1074' title='bbox 1969 5065 2237 5104; x_wconf 88' lang='lat' dir='ltr'><strong>sununum</strong></span> <span class='ocrx_word' id='word_1_1075' title='bbox 2284 5059 2480 5104; x_wconf 88' lang='lat' dir='ltr'><strong>tectum</strong></span> <span class='ocrx_word' id='word_1_1076' title='bbox 2516 5053 2855 5106; x_wconf 89' lang='lat' dir='ltr'><strong>combustum</strong></span> <span class='ocrx_word' id='word_1_1077' title='bbox 2900 5060 3001 5105; x_wconf 88' lang='lat' dir='ltr'><strong>est.</strong></span> <span class='ocrx_word' id='word_1_1078' title='bbox 3037 5049 3142 5104; x_wconf 88' lang='lat' dir='ltr'><strong>Sed</strong></span> <span class='ocrx_word' id='word_1_1079' title='bbox 3173 5049 3533 5106; x_wconf 60' lang='lat' dir='ltr'><strong>clementissio</strong></span> 
     </span>
    </p>
   </div>
   <div class='ocr_carea' id='block_1_146' title="bbox 1969 5120 3532 5190">
    <p class='ocr_par' dir='ltr' id='par_1_146' title="bbox 1969 5120 3532 5190">
     <span class='ocr_line' id='line_1_151' title="bbox 1969 5120 3532 5190; baseline 0.002 -19"><span class='ocrx_word' id='word_1_1080' title='bbox 1969 5134 2092 5190; x_wconf 83' lang='lat' dir='ltr'><strong>mus</strong></span> <span class='ocrx_word' id='word_1_1081' title='bbox 2113 5129 2168 5173; x_wconf 89' lang='lat' dir='ltr'><strong>et</strong></span> <span class='ocrx_word' id='word_1_1082' title='bbox 2189 5120 2572 5174; x_wconf 86' lang='lat' dir='ltr'><strong>solertissimus</strong></span> <span class='ocrx_word' id='word_1_1083' title='bbox 2592 5123 2850 5190; x_wconf 83' lang='lat' dir='ltr'><strong>pontifex,</strong></span> <span class='ocrx_word' id='word_1_1084' title='bbox 2877 5123 2984 5175; x_wconf 85' lang='lat' dir='ltr'><strong>Deo</strong></span> <span class='ocrx_word' id='word_1_1085' title='bbox 3010 5122 3304 5189; x_wconf 89' lang='lat' dir='ltr'><strong>aspirante,</strong></span> <span class='ocrx_word' id='word_1_1086' title='bbox 3324 5137 3389 5176; x_wconf 84' lang='lat' dir='ltr'><strong>ex</strong></span> <span class='ocrx_word' id='word_1_1087' title='bbox 3415 5137 3532 5175; x_wconf 84' lang='lat' dir='ltr'><strong>san-</strong></span> 
     </span>
    </p>
   </div>
   <div class='ocr_carea' id='block_1_147' title="bbox 1967 5188 3535 5259">
    <p class='ocr_par' dir='ltr' id='par_1_147' title="bbox 1967 5188 3535 5259">
     <span class='ocr_line' id='line_1_152' title="bbox 1967 5188 3535 5259; baseline 0 -17"><span class='ocrx_word' id='word_1_1088' title='bbox 1967 5189 2038 5244; x_wconf 80' lang='lat' dir='ltr'><strong>cli</strong></span> <span class='ocrx_word' id='word_1_1089' title='bbox 2073 5188 2308 5258; x_wconf 88' lang='lat' dir='ltr'><strong>Spiritus</strong></span> <span class='ocrx_word' id='word_1_1090' title='bbox 2349 5188 2700 5259; x_wconf 83' lang='lat' dir='ltr'><strong>illustratione</strong></span> <span class='ocrx_word' id='word_1_1091' title='bbox 2738 5191 2952 5246; x_wconf 83' lang='lat' dir='ltr'><strong>firmum</strong></span> <span class='ocrx_word' id='word_1_1092' title='bbox 2984 5188 3194 5259; x_wconf 89' lang='lat' dir='ltr'><strong>jaciens</strong></span> <span class='ocrx_word' id='word_1_1093' title='bbox 3221 5190 3535 5244; x_wconf 86' lang='lat' dir='ltr'><strong>fundamen-</strong></span> 
     </span>
    </p>
   </div>
   <div class='ocr_carea' id='block_1_148' title="bbox 1970 5258 3535 5330">
    <p class='ocr_par' dir='ltr' id='par_1_148' title="bbox 1970 5258 3535 5330">
     <span class='ocr_line' id='line_1_153' title="bbox 1970 5258 3535 5330; baseline 0 -19"><span class='ocrx_word' id='word_1_1094' title='bbox 1970 5266 2081 5330; x_wconf 86' lang='lat' dir='ltr'><strong>tum</strong></span> <span class='ocrx_word' id='word_1_1095' title='bbox 2122 5259 2314 5316; x_wconf 88' lang='lat' dir='ltr'><strong>mirum</strong></span> <span class='ocrx_word' id='word_1_1096' title='bbox 2345 5258 2396 5312; x_wconf 91' lang='lat' dir='ltr'><strong>in</strong></span> <span class='ocrx_word' id='word_1_1097' title='bbox 2419 5261 2640 5330; x_wconf 86' lang='lat' dir='ltr'><strong>modum</strong></span> <span class='ocrx_word' id='word_1_1098' title='bbox 2665 5261 2778 5329; x_wconf 88' lang='lat' dir='ltr'><strong>jam</strong></span> <span class='ocrx_word' id='word_1_1099' title='bbox 2819 5258 3098 5330; x_wconf 62' lang='lat' dir='ltr'><strong>praefatam</strong></span> <span class='ocrx_word' id='word_1_1100' title='bbox 3127 5259 3411 5330; x_wconf 81' lang='lat' dir='ltr'><strong>ecclesiam</strong></span> <span class='ocrx_word' id='word_1_1101' title='bbox 3438 5274 3535 5330; x_wconf 79' lang='lat' dir='ltr'><strong>no-</strong></span> 
     </span>
    </p>
   </div>
   <div class='ocr_carea' id='block_1_149' title="bbox 1966 5327 3532 5396">
    <p class='ocr_par' dir='ltr' id='par_1_149' title="bbox 1966 5327 3532 5396">
     <span class='ocr_line' id='line_1_154' title="bbox 1966 5327 3532 5396; baseline 0 -16"><span class='ocrx_word' id='word_1_1102' title='bbox 1966 5329 2106 5381; x_wconf 88' lang='lat' dir='ltr'><strong>viter</strong></span> <span class='ocrx_word' id='word_1_1103' title='bbox 2137 5329 2476 5394; x_wconf 85' lang='lat' dir='ltr'><strong>restauravit,</strong></span> <span class='ocrx_word' id='word_1_1104' title='bbox 2504 5338 2558 5383; x_wconf 91' lang='lat' dir='ltr'><strong>et</strong></span> <span class='ocrx_word' id='word_1_1105' title='bbox 2584 5327 2744 5384; x_wconf 84' lang='lat' dir='ltr'><strong>simul</strong></span> <span class='ocrx_word' id='word_1_1106' title='bbox 2774 5327 2893 5385; x_wconf 82' lang='lat' dir='ltr'><strong>cum</strong></span> <span class='ocrx_word' id='word_1_1107' title='bbox 2925 5331 3086 5386; x_wconf 74' lang='lat' dir='ltr'><strong>sartis</strong></span> <span class='ocrx_word' id='word_1_1108' title='bbox 3114 5331 3270 5385; x_wconf 89' lang='lat' dir='ltr'><strong>tectis</strong></span> <span class='ocrx_word' id='word_1_1109' title='bbox 3296 5329 3404 5382; x_wconf 88' lang='lat' dir='ltr'><strong>Deo</strong></span> <span class='ocrx_word' id='word_1_1110' title='bbox 3440 5327 3532 5396; x_wconf 60' lang='lat' dir='ltr'><strong>juv</strong></span> 
     </span>
    </p>
   </div>
   <div class='ocr_carea' id='block_1_150' title="bbox 1966 5398 2999 5455">
    <p class='ocr_par' dir='ltr' id='par_1_150' title="bbox 1966 5398 2999 5455">
     <span class='ocr_line' id='line_1_155' title="bbox 1966 5398 2999 5455; baseline 0.006 -6"><span class='ocrx_word' id='word_1_1111' title='bbox 1966 5405 2127 5452; x_wconf 82' lang='lat' dir='ltr'><strong>vante</strong></span> <span class='ocrx_word' id='word_1_1112' title='bbox 2150 5398 2216 5451; x_wconf 88' lang='lat' dir='ltr'><strong>ad</strong></span> <span class='ocrx_word' id='word_1_1113' title='bbox 2241 5398 2516 5453; x_wconf 90' lang='lat' dir='ltr'><strong>meliorem</strong></span> <span class='ocrx_word' id='word_1_1114' title='bbox 2541 5399 2759 5454; x_wconf 80' lang='lat' dir='ltr'><strong>deduxit</strong></span> <span class='ocrx_word' id='word_1_1115' title='bbox 2781 5409 2999 5455; x_wconf 87' lang='lat' dir='ltr'><strong>statmn.</strong></span> 
     </span>
    </p>
   </div>
   <div class='ocr_carea' id='block_1_151' title="bbox 2039 5465 3534 5532">
    <p class='ocr_par' dir='ltr' id='par_1_151' title="bbox 2039 5465 3534 5532">
     <span class='ocr_line' id='line_1_156' title="bbox 2039 5465 3534 5532; baseline -0.001 -11"><span class='ocrx_word' id='word_1_1116' title='bbox 2039 5468 2103 5532; x_wconf 71' lang='lat' dir='ltr'><strong>Et</strong></span> <span class='ocrx_word' id='word_1_1117' title='bbox 2133 5477 2193 5521; x_wconf 89' lang='lat' dir='ltr'><strong>ut</strong></span> <span class='ocrx_word' id='word_1_1118' title='bbox 2219 5483 2382 5522; x_wconf 90' lang='lat' dir='ltr'><strong>verus</strong></span> <span class='ocrx_word' id='word_1_1119' title='bbox 2408 5477 2618 5524; x_wconf 84' lang='lat' dir='ltr'><strong>amator</strong></span> <span class='ocrx_word' id='word_1_1120' title='bbox 2660 5471 2752 5526; x_wconf 89' lang='lat' dir='ltr'><strong>Dei</strong></span> <span class='ocrx_word' id='word_1_1121' title='bbox 2794 5480 2850 5526; x_wconf 89' lang='lat' dir='ltr'><strong>et</strong></span> <span class='ocrx_word' id='word_1_1122' title='bbox 2877 5471 3051 5526; x_wconf 88' lang='lat' dir='ltr'><strong>cultor</strong></span> <span class='ocrx_word' id='word_1_1123' title='bbox 3093 5477 3403 5523; x_wconf 82' lang='lat' dir='ltr'><strong>sanctarum</strong></span> <span class='ocrx_word' id='word_1_1124' title='bbox 3432 5465 3534 5521; x_wconf 86' lang='lat' dir='ltr'><strong>Del</strong></span> 
     </span>
    </p>
   </div>
   <div class='ocr_carea' id='block_1_152' title="bbox 1966 5536 3532 5610">
    <p class='ocr_par' dir='ltr' id='par_1_152' title="bbox 1966 5536 3532 5610">
     <span class='ocr_line' id='line_1_157' title="bbox 1966 5536 3532 5610; baseline -0.001 -19"><span class='ocrx_word' id='word_1_1125' title='bbox 1966 5537 2338 5610; x_wconf 80' lang='lat' dir='ltr'><strong>ecclesiarum,</strong></span> <span class='ocrx_word' id='word_1_1126' title='bbox 2373 5537 2502 5610; x_wconf 84' lang='lat' dir='ltr'><strong>fecit</strong></span> <span class='ocrx_word' id='word_1_1127' title='bbox 2527 5554 2688 5610; x_wconf 86' lang='lat' dir='ltr'><strong>super</strong></span> <span class='ocrx_word' id='word_1_1128' title='bbox 2709 5541 2868 5600; x_wconf 87' lang='lat' dir='ltr'><strong>altari</strong></span> <span class='ocrx_word' id='word_1_1129' title='bbox 2910 5540 3099 5606; x_wconf 88' lang='lat' dir='ltr'><strong>majori</strong></span> <span class='ocrx_word' id='word_1_1130' title='bbox 3132 5536 3400 5610; x_wconf 57' lang='lat' dir='ltr'><strong>przcdicta’.</strong></span> <span class='ocrx_word' id='word_1_1131' title='bbox 3443 5549 3532 5610; x_wconf 76' lang='lat' dir='ltr'><strong>ec-</strong></span> 
     </span>
    </p>
   </div>
   <div class='ocr_carea' id='block_1_153' title="bbox 1966 5604 3533 5679">
    <p class='ocr_par' dir='ltr' id='par_1_153' title="bbox 1966 5604 3533 5679">
     <span class='ocr_line' id='line_1_158' title="bbox 1966 5604 3533 5679; baseline -0.004 -19"><span class='ocrx_word' id='word_1_1132' title='bbox 1966 5607 2344 5679; x_wconf 69' lang='lat' dir='ltr'><strong>clesitevestes</strong></span> <span class='ocrx_word' id='word_1_1133' title='bbox 2370 5608 2522 5674; x_wconf 89' lang='lat' dir='ltr'><strong>duas,</strong></span> <span class='ocrx_word' id='word_1_1134' title='bbox 2549 5604 2612 5664; x_wconf 66' lang='lat' dir='ltr'><strong>ei</strong></span> <span class='ocrx_word' id='word_1_1135' title='bbox 2640 5612 2834 5679; x_wconf 88' lang='lat' dir='ltr'><strong>quibus</strong></span> <span class='ocrx_word' id='word_1_1136' title='bbox 2863 5604 3022 5662; x_wconf 85' lang='lat' dir='ltr'><strong>unam</strong></span> <span class='ocrx_word' id='word_1_1137' title='bbox 3055 5604 3172 5679; x_wconf 83' lang='lat' dir='ltr'><strong>cum</strong></span> <span class='ocrx_word' id='word_1_1138' title='bbox 3213 5604 3533 5679; x_wconf 26' lang='lat' dir='ltr'><strong>rotis-majo.</strong></span> 
     </span>
    </p>
   </div>
   <div class='ocr_carea' id='block_1_154' title="bbox 1966 5675 3530 5749">
    <p class='ocr_par' dir='ltr' id='par_1_154' title="bbox 1966 5675 3530 5749">
     <span class='ocr_line' id='line_1_159' title="bbox 1966 5675 3530 5749; baseline 0 -21"><span class='ocrx_word' id='word_1_1139' title='bbox 1966 5677 2113 5749; x_wconf 80' lang='lat' dir='ltr'><strong>ribus</strong></span> <span class='ocrx_word' id='word_1_1140' title='bbox 2152 5676 2436 5732; x_wconf 86' lang='lat' dir='ltr'><strong>habentem</strong></span> <span class='ocrx_word' id='word_1_1141' title='bbox 2480 5675 2713 5749; x_wconf 79' lang='lat' dir='ltr'><strong>gryphes</strong></span> <span class='ocrx_word' id='word_1_1142' title='bbox 2739 5719 2753 5743; x_wconf 87' lang='lat'><strong>,</strong></span> <span class='ocrx_word' id='word_1_1143' title='bbox 2795 5685 3042 5749; x_wconf 77' lang='lat' dir='ltr'><strong>ortiatam</strong></span> <span class='ocrx_word' id='word_1_1144' title='bbox 3095 5678 3147 5730; x_wconf 91' lang='lat' dir='ltr'><strong>in</strong></span> <span class='ocrx_word' id='word_1_1145' title='bbox 3195 5675 3530 5749; x_wconf 85' lang='lat' dir='ltr'><strong>circuitu_de</strong></span> 
     </span>
    </p>
   </div>
   <div class='ocr_carea' id='block_1_155' title="bbox 1964 5745 3527 5818">
    <p class='ocr_par' dir='ltr' id='par_1_155' title="bbox 1964 5745 3527 5818">
     <span class='ocr_line' id='line_1_160' title="bbox 1964 5745 3527 5818; baseline -0.001 -16"><span class='ocrx_word' id='word_1_1146' title='bbox 1964 5747 2202 5817; x_wconf 84' lang='lat' dir='ltr'><strong>fundato,</strong></span> <span class='ocrx_word' id='word_1_1147' title='bbox 2236 5758 2289 5804; x_wconf 85' lang='lat' dir='ltr'><strong>et</strong></span> <span class='ocrx_word' id='word_1_1148' title='bbox 2315 5745 2777 5814; x_wconf 50' lang='lat' dir='ltr'><strong>tetrav&#39;claserica</strong></span> <span class='ocrx_word' id='word_1_1149' title='bbox 2818 5747 3056 5818; x_wconf 78' lang='lat' dir='ltr'><strong>alythina</strong></span> <span class='ocrx_word' id='word_1_1150' title='bbox 3097 5754 3286 5804; x_wconf 85' lang='lat' dir='ltr'><strong>ornata</strong></span> <span class='ocrx_word' id='word_1_1151' title='bbox 3330 5746 3395 5804; x_wconf 86' lang='lat' dir='ltr'><strong>de</strong></span> <span class='ocrx_word' id='word_1_1152' title='bbox 3422 5745 3527 5815; x_wconf 66' lang='lat' dir='ltr'><strong>Ty«</strong></span> 
     </span>
    </p>
   </div>
  </div>
