3970 6202
444 391 580 451 illi?

1731 388 1794 450 8.
1823 383 2070 448 LEONIS
2108 384 2307 444 PAPIE
2349 383 2412 441 ιιι

3558 385 3697 440 1ῧῖἶὸ

504 509 740 566 Veniens
780 502 848 562 ad
879 497 1218 562 sanctissima
1259 498 1447 557 limina
1476 502 1758 556 beatorum
1789 509 2004 571 aposto—
2030 504 2080 562 Α
2105 497 2296 552 stravit
2335 495 2652 559 antistitem,
2686 494 2799 565 qui,
2835 495 2975 550 sicut
3007 509 3168 549 verus
3208 503 3413 566 pastor,
3447 495 3694 553 indicere

435 601 610 656 lorum
655 598 802 654 Petri
845 603 899 652 ct
919 595 1097 659 Pauli,
1143 602 1253 647 tam
1296 591 1560 647 Orationis
1608 597 1730 644 vota
1777 588 2011 644 ﬁdeliter

436 687 651 742 solvens
677 701 836 757 quam
863 694 1060 739 nostu-
1085 682 1197 738 sedi
1236 680 1542 750 apostolica;
1560 675 1780 734 cauhm
1810 678 1892 732 sui
1924 692 2010 730 sa-

435 777 659 833 cerdotii
687 791 998 847 suggerens,
1032 773 1513 829 rcvcreudissimus
1543 780 1599 824 et
1634 769 2010 823 sanctissimus

433 865 607 918 frater
630 873 813 918 noster
831 863 1154 918 Atheraldus
1178 861 1615 930 archiepiscopus
1640 858 2012 912 Dorobernen-

430 956 509 1010 sis
541 955 795 1009 Ecclesiae
824 954 977 1008 nobis
1008 953 1201 1007 obtulit
1229 959 1422 1006 vestrm
1455 949 1649 1020 regalis
1682 947 2012 1003 excellentia

433 1044 685 1114 syllabas,
735 1045 928 1112 quibus
964 1043 1015 1097 in
1069 1042 1275 1096 duabus
1320 1041 1560 1111 epistolis
1615 1055 1647 1092 a
1686 1039 1838 1093 vobis
1871 1037 2013 1090 dire-

433 1137 560 1200 clis,
607 1134 780 1205 plenis
830 1135 952 1189 fidei
999 1143 1178 1196 rectae,
1224 1149 1472 1202 magnam
1515 1131 1873 1185 humilitatem
1915 1143 2011 1183 ve:-

433 1237 603 1283 stram
637 1229 990 1298 reperientes,
1035 1228 1390 1297 omnipotenti
1417 1228 1527 1280 Deo
1575 1226 1859 1279 referimus
1890 1239 2013 1295 gra-

433 1328 540 1384 tes,
574 1319 666 1388 qui
719 1327 953 1372 vestram
1005 1319 1477 1388 prudentissimam
1523 1315 1900 1371 excellentiam
1957 1315 2010 1368 in

433 1410 688 1464 omnibus
725 1410 938 1463 ornavit
971 1424 1035 1464 ac
1057 1409 1330 1464 decoravit
1362 1423 1488 1478 erga
1535 1409 1754 1463 beatum
1791 1405 2010 1460 Petrum

371 1489 388 1494 ’
436 1497 799 1566 apostolorum
849 1498 1170 1568 principem,
1215 1507 1272 1552 et
1304 1497 1586 1552 nobiscum
1629 1498 1832 1552 habere
1881 1495 2014 1551 dile-

433 1586 694 1650 ctionem,
724 1587 855 1640 etin
877 1587 1124 1640 omnibus
1147 1586 1454 1655 apostolicis
1475 1586 1751 1640 humiliter
1781 1599 2014 1639 consens

433 1681 541 1735 tire
570 1681 835 1735 censuris.
866 1680 1038 1735 Porro
1064 1681 1117 1734 in
1146 1695 1252 1734 una
1281 1695 1344 1734 ex
1378 1679 1483 1734 illis
1528 1679 1772 1748 epistolis
1805 1677 2010 1747 reperi-

437 1787 558 1825 mus
595 1771 828 1841 qualiter
853 1769 1082 1840 gratiam
1123 1777 1321 1825 nostra:
1356 1769 1664 1838 apostolicae
1697 1767 2008 1832 functionis,

2107 585 2288 640 verbis
2333 583 2628 638 secundum
2661 583 2962 637 doctrinam
3023 591 3334 638 sanctarum
3385 583 3698 655 Scriptura-

2110 691 2230 730 rum
2259 675 2475 744 dignam
2522 674 2900 742 pmnitcntiam
2928 673 3125 737 valeat,
3155 683 3212 728 et
3243 686 3438 728 eruere
3463 675 3556 743 qui
3593 678 3696 730 sub

2109 762 2313 818 ditioue
2357 763 2679 818 sacerdotali
2725 762 2842 830 ejus
2875 762 3117 818 existunt
3146 763 3359 818 animas
3403 779 3594 820 eorum
3625 781 3694 820 ex

2110 851 2322 906 inferno
2355 852 2617 916 inferiori,
2644 860 2696 906 et
2723 853 2792 907 ab
2815 854 2940 923 igne
2979 853 3404 923 inexstinguibili
3427 855 3698 910 deducens

2109 957 2223 1008 eos,
2262 953 2319 1023 et
2363 944 2713 999 introducens
2741 945 2794 997 in
2818 952 3031 1013 portum
3058 944 3269 1007 salutis,
3291 953 3348 998 et
3373 944 3570 1000 oll’erre
3599 961 3698 1014 pro

2122 1031 2230 1086 illis
2274 1033 2506 1086 hostiam
2533 1033 2751 1102 dignam
2787 1041 2848 1088 et
2879 1032 3280 1087 immaculatam
3319 1034 3375 1086 in
3403 1047 3696 1102 conspectu

2110 1126 2306 1182 divinat
2325 1128 2624 1196 majestatis
2659 1119 3014 1198 omnipotenti
3034 1129 3163 1183 Deo.
3203 1130 3272 1184 Et
3297 1131 3425 1199 quia
3464 1132 3696 1186 multum

2111 1218 2267 1272 nobis
2307 1220 2731 1288 praenominatus
2763 1219 3208 1290 archiepiscopus
3232 1221 3285 1274 in
3313 1223 3464 1276 omni
3493 1226 3700 1278 sancti-

2112 1315 2223 1363 tate
2243 1323 2339 1362 sua
2364 1316 2420 1362 et
2447 1309 2572 1363 vitae
2593 1310 3005 1364 conversatione
3030 1310 3173 1365 ultro
3195 1311 3444 1382 citroque
3467 1313 3695 1383 placuit,

2111 1398 2266 1453 valde
2305 1397 2469 1453 nimis
2517 1399 2568 1452 ei
2613 1398 2939 1464 credentes,
2971 1412 3036 1452 ex
3085 1401 3412 1456 auctoritate
3445 1402 3498 1456 ei
3541 1403 3700 1458 beati

2111 1489 2258 1546 Petri
2293 1491 2658 1560 apostolorum
2699 1491 2981 1562 principis,
3019 1493 3175 1564 cujus
3197 1494 3284 1548 vel
3317 1495 3580 1552 immeriti
3616 1499 3703 1554 vi-

2111 1595 2204 1635 ces
2247 1581 2506 1650 gerimus,
2553 1581 2716 1635 talem
2765 1581 3096 1652 prmbuimus
3135 1584 3509 1654 praesulatu,
3555 1598 3617 1642 ut
3651 1591 3698 1644 si

2112 1669 2398 1738 quisquam
2427 1684 2494 1724 ex
2523 1670 2779 1740 subjectis
2798 1671 2933 1736 suis,
2961 1681 3070 1726 tam
3101 1673 3319 1743 regibus
3343 1683 3399 1728 et
3436 1677 3700 1748 principl-

2112 1760 2216 1814 bus
2240 1774 2406 1829 quam
2435 1762 2689 1816 universo
2719 1763 2936 1832 populo,
2977 1771 3356 1834 transgressus
3381 1765 3548 1822 fuerit
3593 1769 3702 1825 Do-

435 1859 482 1914 si
524 1858 678 1926 juxta
725 1858 988 1923 fuissetis,
1025 1859 1263 1912 animam
1307 1865 1544 1912 vestram
1589 1869 1689 1924 pro
1726 1857 1882 1910 nobis
1918 1870 2014 1923 po—
2040 1857 2088 1915 B
2113 1851 2312 1906 minica
2343 1852 2620 1917 mandata,
2651 1855 3084 1910 excommunicet
3106 1868 3227 1910 eum
3251 1856 3549 1926 usquedum
3577 1875 3698 1930 pm-

435 1948 683 2004 suissetis
734 1949 985 2018 benigne,
1018 1949 1127 2002 imo
1166 1955 1221 2002 et
1255 1958 1454 2000 nostrae
1485 1944 1826 2015 prosperitati
1864 1943 2008 1997 mul-

430 2048 545 2094 tum
576 2040 630 2093 in
661 2040 884 2094 Domino
912 2039 1322 2109 congaudentis;
1357 2045 1414 2091 et
1436 2050 1561 2092 cum
1588 2044 1786 2089 nostra:
1814 2034 2012 2089 dulcis-

432 2131 582 2184 simae
614 2130 999 2184 admonitionis
1043 2130 1236 2183 litterae
1280 2129 1347 2182 ad
1390 2135 1582 2182 vestra:
1636 2125 2009 2180 unanimitatls

435 2219 752 2289 perveniunt
776 2235 954 2283 aures,
986 2234 1108 2272 eum
1141 2217 1288 2272 omni
1314 2217 1577 2271 suavitate
1597 2224 1654 2268 et
1674 2214 1854 2269 cordis
1875 2227 2006 2282 gau-

433 2310 523 2363 dio
557 2309 805 2378 spiritali,
847 2309 1000 2378 quasi
1033 2309 1127 2382 ﬁlii
1165 2316 1451 2377 paternum
1493 2321 1690 2360 munus
1733 2304 2010 2374 suscipere

431 2399 696 2454 fatemini.
731 2400 1025 2454 Fatebatur
1049 2414 1178 2453 vero
1205 2406 1260 2454 et
1298 2400 1419 2462 hoc,
1451 2397 1591 2466 quod
1624 2395 2007 2463 aliquantulam

433 2505 503 2546 ex
542 2501 720 2546 vestra
760 2491 1016 2545 facultate
1049 2489 1474 2545 benedictionem
1510 2487 1664 2540 nobis
1706 2484 1889 2540 oﬂ'erri
1918 2485 2011 2540 de-

332 2636 338 2641 .,
436 2585 735 2640 mandastis
779 2593 997 2638 centum
1022 2592 1076 2638 et
1124 2582 1311 2653 viginti
1352 2595 1656 2644 mancusas,
1707 2593 1844 2648 quas
1885 2592 2007 2632 cum

430 2693 626 2749 magno
651 2693 838 2731 amore
877 2691 975 2746 pro
1010 2676 1203 2730 animm
1223 2683 1416 2729 vestrae
1455 2672 1627 2727 saiute
1652 2671 2006 2741 suscepimus.

506 2771 574 2823 Et
599 2767 890 2838 praedictus
912 2767 1353 2836 archiepiscopus
1379 2779 1500 2818 cum
1521 2763 1635 2818 suis
1660 2761 1823 2817 sociis
1842 2761 2011 2818 hono-

435 2863 590 2918 riﬁce
630 2878 694 2916 ac
717 2860 950 2931 benigne
995 2876 1026 2913 a
1058 2860 1213 2914 nobis
1236 2865 1520 2926 susceptus
1542 2864 1644 2920 est,
1674 2862 1733 2908 et
1767 2851 2012 2921 adjuvari

435 2967 559 3007 eum
588 2953 642 3007 in
679 2951 792 3006 suis
817 2950 1234 3006 necessitatibus
1269 2949 1498 3003 libenter
1519 2945 1767 3002 fecimus.
1800 2945 2016 3000 Interea

434 3043 721 3098 credentes
748 3049 943 3096 vestra:
965 3039 1398 3110 prudentissima;
1437 3037 1792 3103 excellentiae,
1820 3035 1913 3090 ubi
1937 3035 2022 3092 fe-

434 3133 657 3187 rebatur
685 3133 740 3186 in
778 3132 913 3202 ipsis
935 3131 1045 3185 tuis
1085 3130 1356 3202 regalibus
1379 3130 1624 3198 apicibus
1648 3129 1790 3198 quod
1814 3127 2012 3184 nostris

2114 1941 2303 2005 niteat,
2333 1949 2388 1996 et
2405 1943 2452 1995 si
2481 1942 2822 2011 impmnitcns
2844 1945 3028 2010 fuerit,
3049 1947 3118 2000 sit
3145 1946 3285 2001 vobis
3303 1949 3440 2002 sicut
3459 1950 3704 2005 ethnicus

2111 2041 2159 2085 et
2185 2032 2497 2102 publicanus
2525 2033 2740 2104 (Matth.
2775 2037 2956 2106 xvm).

2179 2123 2256 2179 De
2279 2122 2570 2179 Atheraldo
2595 2136 2724 2180 vero
2751 2127 2866 2196 jam
2897 2126 3041 2183 facto
3067 2129 3480 2200 archiepiscopo
3516 2132 3688 2186 Doro-

2109 2214 2392 2270 bernensis
2437 2215 2712 2282 Ecclesiae,
2756 2219 2899 2272 sicut
2942 2234 2973 2272 a
3021 2221 3179 2275 nobis
3207 2223 3452 2291 poposcit
3478 2232 3690 2279 vestros

2111 2319 2230 2358 rum
2261 2305 2549 2374 prresulum
2574 2307 2913 2375 excellentia,
2948 2319 3008 2364 ut
3028 2311 3076 2365 ei
3093 2310 3364 2380 justitiam
3386 2312 3696 2372 faceremus

2110 2393 2178 2448 de
2231 2393 2361 2462 ipsis
2405 2395 2732 2451 dimcesibus
2767 2398 2901 2462 suis,
2957 2407 3069 2454 tam
3113 2401 3490 2471 episcoporum
3530 2419 3694 2472 quam

2109 2484 2582 2550 monasteriorum,
2613 2487 2812 2554 quibus
2851 2487 3053 2554 illicite,
3103 2498 3164 2544 ut
3205 2494 3560 2562 coguovistis,
3588 2511 3690 2550 ex-

2109 2571 2368 2642 spoliatus
2389 2584 2493 2639 est,
2519 2585 2574 2629 et
2601 2590 2632 2628 a
2661 2578 2951 2632 venerabili
2997 2581 3123 2636 sede
3147 2581 3285 2650 ejus,
3319 2597 3458 2651 quas
3481 2582 3694 2639 dudum

2113 2663 2304 2727 tenuit,
2332 2663 2527 2718 ablata:
2552 2673 2697 2728 sunt,
2737 2681 2836 2722 nos
2861 2683 2960 2736 per
2992 2671 3176 2724 omnia
3215 2673 3555 2728 enucleatius
3585 2683 3700 2728 true

2111 2752 2366 2815 tinantes,
2397 2753 2450 2806 in
2490 2768 2647 2808 sacro
2671 2756 2874 2811 scrinio
2904 2767 3090 2814 nostro
3117 2761 3420 2830 reperimus
3445 2774 3698 2820 sanctum

2110 2841 2429 2914 Gregorium
2450 2846 2904 2916 praedecessorem
2926 2859 3171 2906 nostrum
3198 2853 3253 2908 in
3283 2853 3499 2924 integro
3529 2857 3701 2926 ipsam

2114 2935 2429 3002 parochiam
2460 2953 2687 2994 numero
2713 2940 2996 2998 duodecim
3041 2943 3201 2998 beato
3241 2946 3548 3015 Augustino
3571 2964 3703 3018 syn-

2112 3023 2248 3080 cello
2293 3041 2395 3083 suo
2449 3029 2859 3101 archiepiscopo
2899 3034 3205 3099 tradidisse,
3249 3044 3306 3090 et
3347 3037 3708 3095 conﬁrmasse

2113 3115 2396 3187 episcopos
2439 3122 2814 3176 consecrandi.
2863 3123 3018 3180 Unde
3055 3135 3112 3180 et
3156 3142 3272 3190 nos,
3311 3129 3537 3184 veritate
3584 3132 3706 3200 ipsa

437 3221 748 3292 apostolicis
771 3197 1140 3276 sanctionibus
1152 3197 1352 3273 ⁷ιιιιὶΙιις»
1371 3197 1713 3274 Christianus
1743 3219 2016 3274 contraire
2041 3197 2087 3260 Ο
2119 3216 2368 3278 reperta.
2414 3210 2782 3270 ordinationes
2801 3253 2817 3280 ν
2870 3231 2968 3272 seu
3017 3216 3458 3275 conﬁrmatione
3516 3197 3703 3276 nostra

438 3310 738 3382 praesumit,
775 3309 896 3364 ideo
925 3310 1054 3364 totis
1095 3310 1304 3365 nisibus
1327 3308 1531 3364 nostris
1555 3321 1619 3363 ea
1653 3323 1772 3378 quae
1800 3317 1894 3364 tuo
1927 3323 2018 3364 re-

441 3415 549 3471 gno
567 3400 861 3469 expediunt
879 3399 1128 3455 emittere
1149 3406 1310 3469 atque
1335 3399 1631 3469 praedicare
1652 3413 1934 3464 conamur,
1957 3405 2019 3452 ut

433 3506 498 3545 ea
527 3504 644 3559 qua:
672 3488 825 3543 nobis
850 3487 1122 3559 praefatus
1143 3487 1311 3542 frater
1339 3495 1528 3542 noster
1554 3487 1880 3542 Atheraldus
1913 3502 2013 3540 ar-

437 3579 834 3649 chiepiscopus,
868 3595 962 3634 seu
993 3587 1105 3634 tota
1147 3579 1385 3649 synodus
1426 3577 1751 3648 evangelicae
1793 3586 1849 3632 et
1889 3592 2020 3646 apo—-

439 3671 642 3724 stolira:
692 3671 954 3726 doctrina:
999 3679 1433 3738 sanctorumque-
1466 3669 1710 3733 Patrum,
1763 3683 1865 3723 nec
1908 3683 2017 3723 non

440 3761 903 3828 praedecessorum
919 3768 1229 3814 nostrorum
1253 3765 1560 3814 sanctorum
1573 3759 1906 3829 pontiﬁcum,
1931 3773 2019 3814 ca-

439 3851 634 3904 nonica
668 3865 896 3905 censura
943 3851 1291 3921 prmdicante,
1321 3859 1518 3905 vestrae
1543 3850 1711 3921 regali
1757 3851 2021 3906 excellem

440 3941 546 4008 tiae,
601 3956 696 3998 seu
731 3943 942 3999 cunctis
991 3942 1324 4014 principibus
1371 3943 1547 4012 gentis
1585 3951 1782 3997 vestrm
1816 3951 1871 3997 et
1904 3944 2020 3998 uni-

442 4043 605 4086 verso
657 4033 856 4102 populo
900 4032 994 4087 Dei
1038 4031 1312 4096 edisserit,
1354 4046 1692 4102 nequaquam
1741 4031 1794 4085 in
1843 4033 2022 4087 ortho.

443 4123 583 4176 doxa
634 4138 822 4178 eorum
864 4124 1109 4180 doctrina
1146 4122 1421 4195 quidpiam
1461 4123 1718 4178 resistere
1756 4123 2016 4190 debeatis,

2118 3303 2420 3370 apostolica
2450 3305 2775 3362 auctoritate
2797 3307 2872 3362 illi
2897 3309 2951 3362 in
2974 3309 3204 3380 integro,
3233 3311 3370 3366 sicut
3399 3314 3706 3381 antiquitus

2117 3391 2350 3457 fuerunt,
2397 3396 2788 3454 constituentes
2836 3399 3189 3466 reddidimus,
3240 3411 3296 3457 et
3355 3405 3704 3475 privilegium

2116 3481 2546 3544 confirmationis
2577 3487 2872 3547 secundum
2893 3503 3170 3550 sacrorum
3200 3506 3472 3547 canonum
3501 3508 3706 3550 censu-

2118 3585 2234 3624 ram
2263 3570 2519 3629 Ecclesiae
2541 3590 2655 3630 suae
2681 3576 3074 3633 observandum
3116 3581 3456 3638 tradidimus.

2674 3687 3009 3745 EPISTOLA
3047 3691 3134 3745 Ill.

2585 3773 2653 3813 AD
2669 3799 2672 3804 -
2688 3774 2932 3816 CAROLUI
2973 3777 3215 3818 HAG-NOII.

2335 3815 2338 3817 Δ
2401 3849 2477 3910 De
2499 3850 2768 3921 privilegio
2796 3854 3012 3924 capella:
3122 3815 3392 3930 ἐτέθην-9

2188 3935 2298 3992 Leo
2357 3953 2545 3994 servus
2581 3955 2862 4011 servorum
2914 3945 3010 4000 Dei
3061 3946 3258 4006 Carolo
3302 3963 3501 4022 magno
3546 3951 3714 4026 [regi

2117 4026 2478 4103 Francorum]
2508 4031 2871 4090 Romanorum
2897 4037 3234 4108 imperatori.

2187 4123 2298 4181 Piae
2326 4134 2432 4182 tua;
2467 4128 2715 4198 petitioni
2758 4147 2860 4202 per
2884 4136 3065 4190 omnia
3093 4139 3516 4208 congaudentes,
3553 4142 3712 4212 quod

441 4215 670 4271 Domino
699 4231 765 4271 ac
793 4216 1132 4286 redemptore
1159 4226 1347 4270 nostro
1377 4217 1430 4270 in
1461 4215 1753 4286 Evangelio
1787 4217 2016 4282 dicente,
2113 4216 2272 4286 jubes
2303 4233 2542 4276 annuere
2578 4235 2684 4276 non
2715 4225 3014 4281 tardamus.
3052 4227 3220 4299 Igitur
3264 4229 3406 4286 hunc
3451 4245 3711 4291 montem

445 4305 533 4361 ubi
583 4308 651 4360 ait
681 4321 708 4360 ι’
728 4307 834 4372 Qui
873 4324 964 4362 vos
1004 4307 1206 4378 recipit,
1242 4323 1324 4360 me
1362 4308 1584 4377 recipit;
1613 4316 1670 4362 et
1715 4308 1804 4379 qui
1838 4309 2018 4379 recipit
2119 4307 2410 4380 Eresburg,
2442 4324 2602 4378 quem
2631 4324 2993 4385 expugnatum
3021 4333 3142 4373 cum
3177 4329 3288 4375 tota
3319 4321 3558 4378 Saxonia
3588 4326 3712 4381 Deo

443 4397 747 4466 prophetam
791 4398 846 4451 in
879 4399 1086 4450 nomine
1114 4397 1398 4468 prophetw,
1441 4397 1725 4450 mercedem
1758 4397 2019 4468 propheta:
2117 4397 2357 4452 obtulisti
2381 4411 2430 4463 ι,
2471 4408 2526 4454 et
2548 4416 2646 4470 per
2671 4417 2769 4458 nos
2808 4405 2968 4460 beato
2990 4406 3152 4462 Petro
3179 4414 3532 4476 consecrasti,
3565 4414 3715 4469 libe—

444 4486 666 4555 accipiat
698 4486 912 4557 (Matth.
947 4486 1022 4554 x).
1052 4486 1264 4552 Quanto
1291 4487 1463 4556 magis
1487 4500 1584 4556 pro
1614 4487 1730 4555 ipso
1754 4501 1894 4556 saepe
1927 4487 2020 4541 do-

445 4576 596 4630 mino
621 4577 1023 4646 archiepiscopo
1051 4590 1210 4645 quem
1238 4577 1393 4630 nobis
1429 4577 1582 4631 valde
1613 4577 1878 4647 nimisque
1909 4579 2018 4632 col-

448 4664 727 4733 laudastis,
776 4668 936 4722 sicuti
970 4675 1172 4732 etest;
1215 4666 1466 4721 videlicet
1490 4668 1826 4722 clarissimus
1858 4677 2022 4737 atque

449 4755 830 4821 peritissimus,
854 4764 911 4811 et
937 4757 1063 4824 quia
1089 4756 1236 4809 illum
1262 4754 1413 4810 scitis
1441 4756 1758 4826 prudentem
1790 4763 1844 4810 et
1864 4757 2021 4811 bonis

352 4900 355 4901 ν
454 4852 706 4897 ornatum
753 4847 1012 4910 moribus,
1065 4844 1282 4915 Deoque
1332 4853 1387 4899 et
1432 4845 1739 4899 hominibus
1777 4847 2018 4916 dignum,

450 4947 599 4997 ecce,
625 4933 698 4988 fili
744 4936 1051 4992 dulcissime
1081 4946 1136 4992 et
1175 4937 1548 4992 amantissime
1575 4945 1738 5006 atque
1757 4946 2022 5006 praestan-

451 5021 659 5076 tissime
685 5039 780 5078 rex
801 5027 964 5093 bone,
992 5029 1045 5082 in
1074 5029 1161 5083 his
1190 5029 1298 5082 tuis
1328 5027 1720 5082 assertionibus
1753 5027 2022 5082 collauda-

453 5127 574 5168 mus
608 5113 775 5168 Deum
817 5118 1259 5187 omnipotentem,
1288 5119 1378 5188 qui
1426 5118 1586 5173 talem
1612 5117 1764 5172 vobis
1801 5118 2022 5173 demon-

525 5261 550 5288 ι
576 5247 908 5320 DegSaxonia
945 5251 1121 5320 oblata
1143 5269 1174 5320 a_
1199 5253 1393 5308 Carolo
1434 5253 1624 5320 Magno
1649 5261 1836 5308 sancto
1861 5251 2021 5309 Petro

454 5326 580 5374 sunt
600 5318 765 5392 et_iar_n
798 5318 989 5392 littera;
1013 5317 1256 5389 Gregorii
1282 5339 1433 5392 papa:
1462 5317 1570 5387 Vll,
1602 5339 1701 5378 suo
1743 5323 1860 5378 loco
1883 5325 2021 5379 rcci-

456 5397 603 5445 tatte.
631 5388 832 5444 Eodem
875 5389 1079 5459 pariter
1121 5388 1262 5463 anno
1285 5388 1594 5463 patriarcha
1630 5393 2024 5463 llierosolymo-

455 5473 576 5514 rum
606 5472 704 5528 per
751 5474 907 5514 suum
954 5461 1275 5528 monachum
1321 5462 1468 5515 misit
1504 5463 1570 5516 ad
1623 5461 2024 5518 Carolum'llla—

457 5527 620 5600 gnum
662 5528 989 5600 sacrosancti
1033 5527 1261 5600 sepulcri
1305 5529 1677 5600 Redemptoris
1705 5531 1876 5586 nostri
1912 5531 2022 5584 cla-

457 5598 571 5662 ves,
599 5610 761 5671 quem
780 5599 1056 5671 dimittens
1081 5598 1437 5671 imearolus
1453 5598 1773 5671 Zachariam
1801 5601 2024 5671 presby-

460 5674 634 5738 terum
684 5667 766 5738 illi
807 5668 1070 5738 adjunxj‘t,
1101 5667 1387 5738 quidam
1434 5670 1503 5723 ad
1531 5669 1646 5724 loca
1687 5670 1775 5725 illa
1801 5667 2020 5725 ‘sanc'ta

460 5731 693 5810 deferret
713 5731 959 5810 (Annales
978 5731 1360 5810 raucorum).
1392 5738 1700 5810 lnnotuerat
1725 5740 1781 5793 in
1803 5738 2021 5795 Oriente

461 5806 623 5854 etiam
647 5807 777 5856 tanti
800 5807 940 5875 regis
965 5806 1407 5866 Christianissimi
1443 5809 1613 5879 pictas
1650 5817 1812 5878 atque
1839 5817 2021 5878 polen-

2120 4503 2240 4542 rum
2269 4490 2334 4544 ab
2359 4490 2590 4546 humana
2612 4502 2878 4562 potestate
2916 4511 3054 4561 esse,
3079 4507 3139 4552 ut
3163 4499 3391 4555 fratrum
3441 4504 3576 4558 inibi
3625 4509 3702 4562 ad

2119 4578 2320 4635 Christi
2370 4583 2647 4638 servitium
2682 4587 3038 4642 adunatornm
3075 4590 3268 4646 ditioui
3318 4598 3714 4652 tantummodo

2118 4685 2310 4739 parere
2332 4686 2634 4728 censemus.
2659 4674 2759 4741 Qui
2791 4692 2858 4730 ne
2881 4677 3083 4747 aliquid
3115 4679 3166 4734 in
3192 4680 3293 4735 hoc
3321 4681 3712 4751 impedimenti

2118 4759 2415 4826 patiantur,
2455 4776 2596 4818 neve
2615 4765 2763 4834 regni
2805 4767 2968 4820 vestri
3018 4768 3354 4824 invasoribus
3391 4772 3577 4841 aliqua
3620 4793 3714 4829 re-

2118 4846 2352 4903 bellandi
2383 4847 2577 4904 ﬁducia
2609 4862 2964 4921 praeparetur,
2995 4857 3094 4909 sub
3120 4858 3482 4922 anathemate,
3521 4865 3712 4918 sancti

2118 4936 2264 4991 Petri
2295 4941 2613 5000 auctoritate
2656 4943 3026 4999 interdicimus
3051 4948 3260 5016 nequis
3301 4965 3546 5019 unquam
3591 4955 3708 5008 bei-

2118 5027 2223 5081 lica
2247 5027 2300 5081 in
2327 5029 2442 5098 ipso
2468 5040 2650 5087 monte
2674 5035 2920 5102 prazsidia
2959 5036 3243 5102 collocare,
3270 5050 3364 5094 aut
3386 5056 3488 5110 per
3517 5045 3714 5104 tecol-

2117 5117 2483 5211 lataprzcdia,
2532 5132 2627 5178 aut
2666 5123 2902 5182 decimas
2955 5127 3100 5182 circa
3135 5141 3382 5185 montem
3425 5147 3532 5201 per
3563 5136 3716 5190 duas

2117 5252 2212 5312 tia,
2238 5252 2458 5328 adeo‘ut
2503 5244 2740 5328 adhunc
2767 5271 2934 5311 unum
2978 5259 3309 5328 reSpicerent
3352 5275 3549 5318 omnes
3579 5271 3714 5318 tau--

2117 5337 2281 5401 quam
2299 5324 2521 5401 unicum
2545 5325 2867 5401 Christiana;
2895 5324 3187 5401 religion-is,
3218 5331 3556 5401 temporibus
3582 5335 3717 5389 isti:

2119 5393 2512 5474 perditissimis,
2565 5395 2762 5466 quibus
2789 5398 2889 5451 sub
2935 5393 3496 5474 Sa'racenorum'jugo
3519 5419 3718 5474 geme-

2119 5465 2275 5526 bant,
2326 5463 2488 5518 decus
2525 5463 2598 5518 et‘
2622 5476 3015 5521 ornamentum.
3069 5467 3238 5524 Porro
3268 5463 3380 5527 nro'
3420 5463 3717 5527 restaura—

2121 5531 2267 5586 tione
2318 5533 2678 5607 ecclesiarum
2725 5535 3215 5607 Hierosolymorum
3256 5531 3485 5596 Carolus
3525 5541 3718 5598 colle-

2118 5609 2260 5673 ctam
2271 5616 2436 5673 _more
2457 5604 2731 5673 majorum
2759 5604 2983 5660 indixit;
3013 5605 3110 5662 Est
3134 5623 3197 5664 ea
3224 5609 3292 5663 de
3319 5624 3382 5664 re
3421 5611 3622 5666 titulus
3647 5615 3714 5668 in

2119 5671 2236 5748 ejus
2257 5671 2764 5748 Capitularibushis
2792 5676 2972 5748 verbis
3002 5677 3292 5748 inscriptus
3309 5696 3331 5748 7:
3359 5679 3437 5748 De
3474 5681 3720 5734 elemo-

2119 5747 2249 5830 sj/n'a
2276 5743 2527 5830 mittenda
2554 5743 2607 5795 in
2629 5741 3190 5830 _Jerusalein,hpropter
3211 5747 3458 5803 ecclesias
3487 5749 3586 5802 Dei
3623 5768 3719 5804 rc-

2119 5811 2456 5878 stauraudas,
2486 5816 2724 5882 proximo
2751 5815 2915 5870 nntnli
2941 5811 3174 5872 Domini.
