3970 6202
429 266 568 323 1θῖιὸ

1725 252 1781 307 S.
1822 249 2073 311 LEONIS
2107 248 2309 306 PAPIE
2349 248 2413 303 lli

3552 247 3675 304 1056

427 374 511 430 Ex
534 369 751 444 epistola
788 367 972 422 Leonis
1003 364 1385 444 adlnlcuiuum
1408 404 1422 427 ,
1447 363 1675 444 inussit
1710 375 2009 444 unusnonnu
2040 363 2087 422 Α
2114 368 2277 423 runt,
2321 358 2505 414 audita
2553 373 2714 413 causa
2761 358 2976 414 illorum
3015 357 3368 428 judicentur;
3403 368 3465 416 ut
3500 361 3557 415 in
3580 378 3681 433 quo

500 430 641 499 neut
671 457 725 495 IN
750 452 1008 494 sar'rlsu
1028 477 1043 499 ,
1070 434 1249 489 Caroli
1276 433 1457 505 Magni
1479 434 1548 487 ad
1576 432 1750 501 0/]‘am
1781 430 2006 486 Mercio-

495 530 613 568 rum
642 526 810 580 regem
841 505 1078 579 epistola.

501 643 724 701 Carolus
746 640 838 696 Dei
866 638 1041 711 gratia
1070 653 1166 693 rex
1189 636 1524 692 Francorum
1546 643 1603 691 ct
1628 628 2009 704 Langobardo-

431 752 550 794 rum
585 751 649 791 ac
682 732 944 804 patricius
987 729 1392 791 Romanorum,
1429 726 1549 781 viro
1589 722 1899 779 venerando
1944 734 2008 775 ac

429 826 584 883 fratri
619 822 942 879 charissimo
976 817 1137 884 Offae,
1176 815 1287 886 regi
1328 814 1686 879 Merciorum,
1725 808 2009 882 praesentis

431 911 810 987 prosperitatis
843 917 899 966 et
928 917 1144 965 aeterna:
1172 903 1524 961 beatitudinis
1568 903 1622 957 iu
1661 900 1880 957 Christo
1925 913 2013 955 sa-

430 1005 620 1059 lutcm.

490 1090 643 1147 inter
668 1088 877 1158 regales
904 1086 1197 1158 dignitates
1223 1092 1278 1140 et
1303 1082 1646 1140 sublimiores
1673 1079 1855 1137 smculi
1884 1093 2011 1151 per-

430 1197 595 1237 sonas
629 1179 905 1236 foederata:
940 1177 995 1231 iu
1029 1174 1387 1229 unanimitate
1418 1172 1570 1243 pacis
1607 1169 1860 1226 amicitia:
1886 1166 2011 1237 jura

431 1284 485 1329 et
511 1281 714 1328 sancta:
742 1268 1027 1324 charitatis
1052 1265 1400 1323 concordiam
1426 1280 1490 1319 ex
1514 1263 1704 1318 intimo
1728 1260 1910 1317 cordis
1935 1257 2016 1313 af-

431 1363 573 1419 fectu
601 1375 841 1425 servare,
869 1358 1057 1413 multis
1081 1355 1341 1427 prodesse
1370 1354 1540 1419 solet;
1569 1361 1624 1408 et
1648 1353 1693 1408 si
1719 1350 2016 1406 inimicitia:

433 1453 603 1509 nodos
617 1449 902 1505 Dominico
924 1453 1195 1517 praecepto
1212 1444 1505 1500 dissolvere
1520 1442 2017 1515 jubcmur,quanto

434 1544 607 1615 magis
648 1541 862 1597 vincula
899 1538 1187 1595 charitatis
1213 1544 1540 1592 connectere
1568 1534 1869 1590 curandum
1893 1532 2017 1588 est?

438 1633 589 1690 Unde
613 1641 669 1687 ct
698 1645 817 1696 nos,
836 1628 1003 1683 frater
1025 1625 1397 1690 dilectissime,
1414 1625 1625 1694 antiqui
1641 1638 1912 1679 memores
1934 1623 2019 1677 in-

2107 455 2325 524 pietatis
2351 455 2670 509 intercessio
2699 469 2805 509 non
2845 452 3082 524 profuit,
3110 455 3389 523 mquitatis
3428 455 3681 511 iudicatio

2107 547 2374 625 proficiat.
2418 546 2558 613 Quid
2600 544 2756 602 nobis
2781 545 2996 601 cautius
3019 560 3143 601 esse
3170 546 3373 616 poterit
3390 585 3417 615 ι
3434 560 3598 617 quam
3625 559 3682 604 ut

2109 636 2419 707 apostolica:
2451 637 2797 692 auctoritatis
2835 650 3072 691 censura
3108 651 3333 691 causam
3375 637 3681 707 discernat,

2109 727 2165 783 in
2195 743 2303 797 qua
2354 726 2661 796 aliquorum
2693 727 2939 782 dissouat
2964 727 3234 783 sententia
3254 728 3280 782 τ
3324 726 3517 785 Petras
3559 745 3683 785 vero

2110 819 2330 891 nigras,
2385 834 2521 889 quas
2576 827 2759 875 vestra
2806 817 3086 889 ﬂagitabat
3141 819 3484 887 reverentia,
3536 821 3685 876 vobis

2110 910 2305 967 direxi.
2338 909 2531 966 Veniat
2556 910 2756 967 missus
2782 909 2875 980 qui
2901 909 3213 965 consideret
3245 910 3434 981 quales
3473 913 3682 969 an'mls

2114 1007 2297 1056 vester
2351 998 2661 1063 desideret,
2712 1009 2775 1054 et
2820 998 3133 1069 ubicunque
3176 999 3413 1055 inventa:
3460 1000 3686 1067 fuerint,

2112 1089 2265 1156 dari,
2295 1098 2352 1146 et
2391 1089 2448 1144 in
2488 1088 2734 1146 vehendo
2760 1089 3005 1160 adjuvari
3036 1089 3267 1146 libenter
3294 1092 3686 1148 mandabimus.

2113 1182 2223 1239 Sed
2252 1182 2394 1239 sicut
2430 1197 2529 1237 vos
2566 1182 2634 1237 de
2674 1181 3011 1253 longitudine
3046 1189 3328 1252 petrarum
3354 1183 3685 1240 desiderium

2111 1280 2353 1328 vestrum
2379 1271 2692 1338 iutimastis,
2720 1271 2798 1327 ita
2822 1279 2879 1327 et
2903 1270 3074 1326 nostri
3103 1270 3171 1325 de
3195 1271 3510 1342 prolixitate
3535 1289 3689 1345 saga-

2116 1377 2236 1415 rum
2267 1361 2597 1431 deposcuut,
2631 1367 2692 1415 ut
2722 1359 2860 1415 tales
2883 1359 3123 1430 jubeatis
3150 1358 3302 1426 fieri,
3332 1361 3523 1431 quales
3549 1365 3690 1419 auti-

2115 1451 2240 1522 quis
2269 1451 2602 1522 temporibus
2630 1451 2699 1507 ad
2730 1465 2832 1506 nos
2860 1450 3050 1505 venire
3078 1449 3347 1506 solebant.
3391 1451 3694 1524 Cognoscat

2116 1556 2333 1612 quoque
2360 1540 2583 1596 dilectio
2610 1549 2794 1597 vestra
2823 1538 2968 1611 quod
2988 1539 3227 1610 aliquam
3267 1541 3693 1601 benedictionem

2118 1631 2185 1686 de
2222 1630 2529 1687 dalmatieis
2569 1631 2805 1697 nostris,
2847 1630 2933 1687 vel
2957 1630 3137 1701 palliis
3162 1631 3233 1687 ad
3260 1633 3505 1705 singulas
3542 1638 3695 1694 sedes

419 1736 519 1782 ~tcr
542 1740 640 1780 nos
663 1723 804 1794 pacti
822 1763 838 1787 ,
861 1724 963 1777 has
991 1728 1185 1776 vestra:
1210 1719 1527 1775 reverentia:
1551 1719 1763 1774 litteras
1787 1718 2020 1789 dirigere
2047 1723 2094 1783 B
2121 1720 2454 1792 episcopales
2478 1722 2628 1793 regni
2654 1723 2852 1790 vestri,
2881 1724 2963 1780 vel
2990 1722 3293 1782 Ethelredi
3319 1728 3375 1782 in
3398 1728 3692 1803 eleemosy-

433 1817 744 1874 curavimus
763 1856 777 1880 ,
811 1822 869 1868 ut
898 1813 1074 1869 fmdus
1104 1812 1157 1867 iu
1191 1810 1373 1866 radice
1403 1809 1528 1865 fidei
1559 1808 1831 1865 firmatum
1861 1807 2017 1864 ﬂore-

434 1918 520 1965 ret
561 1909 616 1963 in
660 1906 838 1961 fructu
880 1903 1209 1969 charitatis;
1247 1901 1572 1971 relectisque
1604 1908 1798 1957 vestra:
1822 1900 2017 1955 frater-

438 2001 627 2057 nitatis
651 1998 897 2068 epistolis
917 2037 933 2063 ,
964 2011 1085 2067 quae
1112 1994 1342 2051 diversis
1372 1993 1640 2064 siquidem
1682 1993 2019 2063 temporibus

435 2107 537 2162 per
565 2090 859 2145 missorum
888 2097 1195 2142 vestrorum
1226 2099 1418 2140 manus
1447 2083 1605 2139 nobis
1634 2082 1825 2138 delata:
1852 2090 2016 2147 sunt,

436 2180 665 2253 singulis
703 2185 1074 2250 competenter
1106 2186 1305 2232 vestrae
1341 2173 1684 2230 auctoritatis
1721 2173 2020 2245 suggestio-

434 2275 594 2329 uibus
630 2271 961 2342 respondere
995 2276 1333 2339 satagentes,
1366 2266 1544 2337 primo
1575 2265 1780 2335 gratias
1807 2265 2019 2336 agimus

435 2364 793 2435 omnipotenti
818 2362 915 2418 Dei
942 2360 1010 2416 de
1035 2359 1318 2417 catholica:
1344 2358 1468 2415 fidei
1493 2358 1833 2423 sinceritate,
1857 2371 2020 2427 quam

440 2459 496 2512 in
524 2456 724 2512 vestris
753 2453 1098 2510 laudabiliter
1126 2451 1433 2508 invenimus
1462 2451 1676 2521 paginis
1703 2458 1983 2506 exaratam
2001 2488 2018 2514 ,

439 2556 796 2621 agnoscentes
830 2561 930 2602 vos
967 2561 1074 2601 non
1105 2545 1280 2601 solum
1311 2552 1542 2600 terrena:
1569 2543 1760 2615 patria:
1789 2541 2022 2597 fortissi-

441 2657 562 2697 mos
587 2647 960 2711 protectores,
992 2637 1089 2693 sed
1118 2636 1285 2692 etiam
1312 2644 1367 2691 et
1394 2643 1595 2691 sancta:
1623 2633 1748 2690 fidei
1779 2633 2018 2689 devotis-

437 2735 607 2792 simos
636 2746 758 2788 esse
794 2729 1130 2789 defensores.
1170 2727 1249 2784 De
1287 2727 1591 2800 peregrinis
1628 2741 1760 2781 vero
1791 2726 1885 2796 qui
1922 2740 2022 2796 pro

436 2839 625 2884 amore
654 2823 749 2878 Dei
776 2831 831 2878 et
858 2822 1031 2878 salute
1059 2821 1362 2877 animarum
1391 2834 1612 2877 suarum
1639 2818 1922 2874 beatorum
1953 2817 2020 2872 li-

437 2918 589 2974 mina
623 2913 990 2987 apostolorum
1020 2912 1172 2968 adire
1200 2910 1546 2976 desiderant,
1574 2910 1716 2965 sicut
1739 2908 1871 2964 olim
1896 2922 2023 2979 per-

436 3008 779 3072 donavimus,
794 3021 917 3061 cum
938 3018 1072 3076 pace
1087 3003 1208 3059 sine
1225 3002 1374 3058 oumi
1393 3001 1803 3072 perturbatione
1822 2999 2024 3056 vadant

2117 1829 2244 1868 nam
2264 1812 2449 1868 domui
2469 1813 2728 1882 Adriani,
2750 1815 3035 1887 apostolici
3055 1818 3230 1888 patris
3250 1821 3456 1886 nostri,
3477 1831 3533 1876 et
3549 1838 3693 1877 ama-

2119 1902 2253 1958 toris
2277 1903 2446 1959 vcstri
2474 1903 2804 1971 direximus,
2835 1906 3195 1977 deprecantes
3220 1916 3283 1963 ut
3309 1909 3594 1982 diligenter
3613 1911 3694 1980 ju-

2117 1992 2295 2049 beatis
2322 1993 2661 2051 intercedere
2682 2012 2781 2067 pro
2799 1999 2980 2054 anima
3010 1999 3177 2067 illius,
3208 2001 3411 2057 nullam
3440 2003 3696 2060 habentes

2122 2083 2516 2141 dubitationem
2550 2084 2767 2141 beatam
2799 2087 2945 2144 illius
2971 2090 3211 2145 animam
3239 2091 3295 2146 in
3325 2094 3511 2163 requie
3541 2109 3692 2157 esse,

2118 2173 2213 2227 sed
2255 2180 2314 2227 ut
2348 2172 2507 2229 fidem
2534 2182 2590 2230 et
2617 2175 2960 2233 dilectionem
2990 2181 3340 2239 ostendamus
3377 2184 3434 2239 in
3462 2186 3696 2241 amicum

2119 2261 2275 2317 nobis
2310 2262 2711 2319 charissimum.
2755 2264 2911 2323 Sicut
2949 2277 3004 2323 et
3030 2269 3223 2326 beatus
3250 2273 3494 2344 praecipit
3521 2274 3700 2347 Augu-

2120 2351 2296 2408 stiuus
2315 2368 2413 2423 pro
2432 2354 2685 2412 omnibus
2705 2356 3091 2415 ecclesiastica:
3108 2360 3327 2431 pietatis
3351 2363 3701 2421 intercessio-

2120 2456 2220 2496 nes
2269 2441 2386 2498 fieri
2432 2443 2660 2512 debere,
2686 2461 2956 2515 asserens,
2997 2464 3097 2519 pro
3145 2451 3286 2507 bono
3327 2453 3700 2519 intercedere,

2121 2531 2343 2589 facienti
2385 2535 2669 2605 proficere.
2716 2537 2824 2595 Sed
2866 2546 2922 2594 et
2948 2539 3017 2594 de
3038 2540 3298 2597 thesauro
3340 2544 3702 2600 humanarum

2123 2643 2303 2682 rerum
2325 2668 2340 2690 ,
2371 2643 2531 2698 quem
2564 2629 2821 2686 Dominus
2850 2629 3007 2688 Iesus
3033 2633 3191 2689 nobis
3218 2636 3458 2704 gratuita
3498 2638 3704 2708 pietate

2122 2719 2392 2774 concessit
2407 2760 2422 2782 ,
2444 2720 2648 2791 aliquid
2673 2738 2773 2792 per
2796 2723 3238 2794 mctropolitauas
3259 2728 3509 2785 civitates
3534 2741 3704 2786 trans-

2123 2810 2409 2877 misimus;
2439 2822 2636 2868 vcstrzc
2665 2809 2882 2885 qudque
2908 2815 3218 2883 dilectioni,
3251 2819 3319 2874 ad
3354 2821 3620 2890 gaudium
3658 2834 3708 2878 ct

2123 2901 2425 2972 gratiarum
2447 2898 2691 2960 actiones
2712 2904 2823 2961 Deo
2843 2907 3220 2978 omnipotenti,
3243 2910 3476 2982 dirigere
3496 2914 3687 2968 studui
3706 2944 3717 2954 -

2125 3007 2246 3048 mus
2277 3009 2442 3048 uuum
2473 2993 2779 3061 baltheum,
2823 3004 2880 3051 et
2917 3013 3084 3052 unum
3111 2999 3723 3071 gladiumlluuniscum.

437 3097 744 3154 suo-itineri
764 3137 781 3161 ,
808 3072 993 3150 secum
1020 3092 1330 3148 necessaria
1360 3097 1661 3161 portantes.
1692 3088 1799 3146 Sed
1825 3088 2020 3161 proba-
2047 3072 2094 3135 C
2124 3093 2181 3138 et
2232 3084 2339 3140 duo
2392 3085 2552 3156 pallia
2602 3087 2808 3152 serica,
2848 3097 3117 3158 quatenus
3155 3092 3355 3164 ubique
3403 3094 3458 3149 in
3514 3094 3719 3166 populo

437 3190 620 3243 v‘imus
648 3187 909 3257 quosdam
940 3182 1311 3238 fraudulenter
1333 3181 1641 3251 negotiandi
1666 3196 1832 3237 causa
1859 3195 1918 3237 se
1946 3180 2025 3235 in-

440 3277 779 3340 termiscere,
794 3273 950 3343 lucra
981 3281 1272 3338 sectantes,
1293 3287 1400 3328 non
1425 3270 1672 3344 religioni
1694 3272 2020 3329 servientes.

441 3369 498 3424 Si
530 3368 666 3423 tales
713 3367 854 3422 inter
880 3380 976 3421 eos
1003 3363 1369 3429 inveniantur,
1400 3362 1536 3419 locis
1564 3363 1882 3435 opportunis
1911 3371 2026 3420 sta-

445 3468 564 3517 tuta
592 3458 806 3515 so'lvant
831 3456 1075 3523 teionea;
1101 3455 1284 3511 caeteri
1309 3454 1539 3511 absoluti
1565 3454 1767 3517 vadant
1791 3454 1846 3510 in
1868 3467 2021 3526 pace.

374 3618 385 3623 ἒ
446 3551 524 3606 De
552 3548 974 3621 negotiatoribus
1005 3562 1223 3618 quoque
1250 3546 1519 3617 scripsisti
1548 3544 1737 3612 nobis,
1769 3561 1906 3616 quos
1933 3560 2027 3600 vo-

447 3641 628 3696 lumus
651 3654 718 3696 ex
744 3640 1003 3695 mandato
1030 3647 1221 3694 nostro
1250 3645 1313 3692 ut
1336 3637 1731 3708 protectionem
1757 3646 1812 3692 et
1835 3646 2023 3707 patro-

444 3731 651 3787 cinium
676 3730 913 3785 habeant
938 3730 993 3784 in
1020 3743 1187 3800 regno
1210 3736 1401 3784 nostro
1422 3727 1680 3799 legitime,
1699 3728 1857 3799 juxta
1881 3730 2026 3784 anti-

441 3836 608 3892 quam
629 3821 1077 3878 consuetudinem
1102 3818 1432 3890 negotiandi.
1458 3819 1526 3874 Et
1550 3816 1595 3874 si
1620 3819 1674 3874 in
1700 3820 1882 3891 aliquo
1908 3821 2029 3877 loco

446 3910 647 3982 iujusta
677 3911 986 3984 afﬂigantur
1010 3909 1384 3982 oppressione,
1416 3908 1714 3986 reclamept
1743 3925 1803 3967 se
1828 3912 1896 3967 ad
1927 3928 2030 3969 nos

438 4002 531 4060 vel
556 4010 772 4059 nostros
795 4000 1042 4072 judices,
1073 4008 1129 4056 et
1162 4000 1381 4071 plenam
1415 3999 1727 4069 jubebimus
1759 4001 2029 4072 justitiam

444 4092 586 4151 fleri.
621 4093 884 4149 Similiter
915 4102 973 4150 ct
998 4092 1205 4159 nostri,
1236 4094 1282 4148 si
1310 4092 1515 4163 aliquid
1542 4092 1644 4150 sub
1666 4102 1847 4150 vestra
1874 4104 2030 4165 pote.

452 4192 595 4240 state
620 4183 805 4255 injuin
832 4183 1132 4254 patiantur,
1153 4183 1451 4239 reclament
1476 4198 1535 4239 se
1556 4183 1627 4239 ad
1647 4192 1842 4240 vestra:
1865 4185 2033 4256 requi-

452 4276 583 4332 tatis
598 4274 889 4344 judicium,
914 4289 981 4331 ne
1002 4274 1181 4345 aliqua
1209 4272 1351 4330 inter
1370 4283 1588 4330 nostros
1606 4273 1805 4330 alicubi
1825 4274 2032 4332 oboriri

445 4368 617 4439 possit
650 4367 1008 4438 perturbatio.
1050 4367 1125 4422 De
1164 4364 1478 4422 Odhbertho
1515 4380 1647 4422 vero
1685 4367 2028 4437 presbytero,

447 4460 539 4530 qui
579 4460 646 4517 de
680 4460 851 4517 Roma
890 4460 1143 4525 rediens,
1185 4473 1285 4529 pro
1324 4458 1420 4513 Dei
1465 4471 1685 4526 amore,
1724 4468 1785 4515 ut
1824 4458 2029 4515 referre
2054 4440 2108 4500 Ῑ)

449 4547 621 4615 solet,
646 4549 984 4620 peregrinari
1010 4548 1221 4614 volens,
1246 4564 1354 4605 non
1378 4563 1475 4605 vos
1498 4564 1758 4606 accusare
1785 4550 2025 4616 veniens,

448 4640 588 4695 sciat
613 4641 833 4698 dilectio
861 4649 1046 4697 vestra
1066 4681 1082 4707 ,
1112 4640 1259 4711 quod
1284 4655 1411 4695 eum
1451 4655 1574 4695 cum
1615 4641 1827 4696 caeteris
1867 4655 2029 4697 exsu—

450 4729 592 4787 libus
611 4732 705 4803 qui
736 4733 929 4790 timore
958 4732 1152 4790 mortis
1176 4732 1276 4787 sub
1303 4739 1502 4786 nostra:
1527 4731 1876 4800 protectionis
1902 4747 2032 4788 cou-

450 4822 705 4896 fugerunt
732 4826 870 4893 alas,
900 4825 1127 4882 Romam
1162 4823 1493 4888 direximus,
1524 4831 1584 4877 ut
1613 4822 1715 4879 sub
1741 4825 2029 4894 praesentia

450 4916 655 4975 domini
685 4918 995 4990 apostolici,
1037 4925 1095 4975 et
1129 4916 1196 4974 Ν.
1238 4917 1638 4988 archiepiscopi
1683 4917 1881 4981 vestri,
1921 4934 2028 4988 quo

449 5016 542 5073 se,
572 5014 638 5063 ut
664 5007 835 5068 vestri
872 5008 1222 5068 innotueruut
1251 5007 1471 5080 apices,
1516 5015 1643 5063 voto
1689 5008 2030 5065 constrinxe-

2124 3174 2434 3232 Christiauo
2474 3176 2653 3232 divina
2691 3179 3016 3248 praedicetur
3050 3180 3371 3241 clementia.
3414 3194 3471 3242 et
3516 3202 3715 3242 nomen

2125 3263 2339 3319 Domini
2370 3265 2542 3321 nostri
2569 3264 2700 3323 Jesu
2730 3266 2931 3324 Christi
2958 3269 3297 3340 glorificetur
3323 3274 3376 3329 in
3417 3284 3713 3331 asteruum.

2124 3352 2230 3408 Pro
2260 3354 2414 3410 nobis
2451 3357 2759 3427 nostrisque
2796 3358 3075 3427 fidelibus,
3121 3361 3230 3418 imo
3268 3371 3464 3435 et'pro
3514 3376 3715 3421 cuncto

2125 3450 2322 3520 populo
2361 3450 2705 3519 Christiano,
2745 3454 2995 3511 assiduas
3036 3454 3156 3511 fieri
3196 3455 3409 3513 faciatis
3446 3458 3722 3514 interces-

2126 3543 2308 3620 siones
2332 3583 2348 3610 ,
2399 3543 2779 3615 deprecamur,
2832 3554 3102 3616 quatenus
3149 3548 3436 3604 mitissima
3485 3550 3720 3620 superni

2128 3637 2272 3709 regis
2304 3636 2586 3712 [bonitas]
2620 3655 2845 3710 regnum
2873 3649 3083 3697 sanctae
3105 3640 3365 3697 Ecclesia:
3388 3651 3722 3714 protegere.

2133 3730 2411 3797 exaltare,
2461 3739 2520 3796 et
2568 3732 2801 3788 dilatare
2849 3732 3117 3804 dignetur.
3172 3733 3319 3790 Deus
3365 3735 3724 3806 omnipotens

2128 3823 2409 3893 dignitatis
2434 3832 2630 3882 vestrae
2655 3824 3030 3881 excellentiam
3059 3827 3129 3882 ad
3157 3826 3378 3881 tutelam
3402 3837 3738 3883 sanctam

2130 3911 2390 3969 Ecclesiae
2431 3913 2671 3986 longam
2711 3916 3075 3987 prosperitate
3114 3917 3440 3991 incolumem
3492 3933 3722 3976 conser-

2130 4018 2258 4058 vare
2284 4004 2555 4075 dignetur,
2586 4006 3087 4065 desiderantissime
3115 4007 3303 4065 frater.

2204 4182 2357 4254 Sirpc
2382 4197 2615 4253 sequens
2641 4199 2840 4255 agnum
2867 4185 3044 4258 lupus,
3070 4193 3155 4242 est
3178 4200 3210 4240 a
3236 4199 3368 4242 voce
3395 4194 3678 4250 retentus,

2274 4272 2430 4344 Saepe.
2454 4273 2670 4329 avidum
2697 4273 2908 4346 fugiens
2933 4275 3157 4347 respicit
3176 4290 3316 4348 agna
3340 4275 3567 4346 lupum.

2205 4362 2361 4434 Szrpc
2380 4379 2546 4420 canes
2571 4363 2887 4436 leporesque
2908 4367 3100 4423 umbra
3124 4366 3360 4423 cubucrc
3384 4367 3499 4423 sub
3524 4383 3662 4429 una.

2278 4453 2343 4508 Et
2369 4454 2521 4509 stetit
2549 4454 2605 4509 in
2630 4470 2765 4512 saxo
2790 4456 3034 4526 proxima
3063 4456 3293 4514 eundea
3320 4455 3665 4531 [Cervula];

2204 4542 2271 4596 Et
2295 4543 2413 4599 sine
2438 4543 2532 4600 lite
2552 4542 2751 4615 loquax
2774 4560 2899 4601 cum
2925 4546 3159 4604 Palladis
3180 4547 3309 4603 alite
3330 4549 3539 4604 cornix

2277 4631 2430 4688 Sedit
2447 4673 2463 4699 ,
2491 4641 2548 4690 et
2568 4635 2811 4706 accipitri
2832 4636 3021 4707 juncta
3046 4637 3297 4693 columba
3321 4636 3444 4693 fuit.

2205 4725 2499 4795 Dcceptum
2525 4727 2621 4782 risi
2646 4727 2739 4797 qui
2766 4743 2825 4784 se
2847 4728 3139 4785 simulabat
3162 4745 3386 4796 amare;

2278 4813 2334 4867 In
2362 4813 2582 4885 laqueos
2607 4831 2810 4889 auceps
2834 4818 3219 4890 decideratque
3243 4835 3390 4876 suos.

2203 4901 2374 4958 intrat
2398 4920 2552 4961 amor
2577 4916 2810 4974 mentes,
2838 4923 2938 4964 usu
2963 4909 3249 4966 didiscitur
3271 4925 3440 4975 usus;

2277 4994 2378 5063 Qui
2404 4997 2608 5068 poterit
2632 5013 2822 5053 sanum
2850 4997 3074 5069 fingere,
3101 5015 3268 5056 sanus
3288 5000 3423 5056 erit.
