3954 6204
338 517 470 571 1041

1740 497 2124 564 EPISTOLE.

3439 504 3576 557 1012

331 627 540 701 ἄπειρον
587 631 829 690 ποικιλίας
876 653 929 686 τε
974 634 1058 686 καί
1106 632 1329 691 πληθύος
1382 628 1686 684 ἐπιδίδωσιν.
1737 618 1894 677 "Eum

2004 617 2334 686 perveniunt.
2359 619 2585 684 Quidam
2609 633 2842 687 namque
2869 619 3198 672 mechanica:
3221 619 3348 671 vita:
3368 620 3575 672 emisi-

336 722 466 790 μέν,
522 726 625 775 τῶν
678 721 946 790 βαναύσων
1000 727 1240 776 τοσοῦτον
1301 720 1363 777 δή
1417 721 1503 772 τὸν
1564 718 1760 790 οἰκτρὸν
1813 720 1901 770 καί

331 811 704 879 πεπληημνον
741 812 998 865 ἀνελέσθαι
1038 816 1392 886 προκεκρίκασι
1435 810 1541 878 βίον
1560 825 1574 838 ·
1628 806 1765 862 ἄλλοι
1809 813 1902 868 τῆς

330 904 584 973 γεωργίας
623 904 682 957 τό
721 903 916 955 ποτικὸν
954 900 1422 965 ἕξιπιτηδιύσαντες
1467 901 1738 970 φαίνονται’
1769 901 1901 958 τινὲς

329 1003 425 1053 τῆς
482 994 728 1064 ἐμπορίας
775 992 1154 1062 διακληροῦνται
1198 993 1254 1046 τό
1313 989 1596 1064 φιλοκερδὲς
1642 993 1724 1043 καί
1771 991 1902 1060 φιλό-

334 1086 568 1148 πλουτον,
612 1083 645 1143 ἦ
691 1093 782 1144 τῆς
833 1086 1088 1144 ναυτιλίας
1135 1088 1193 1137 τὸ
1239 1083 1575 1154 φιλαπόδημὸν
1613 1103 1670 1136 τι
1707 1087 1782 1136 καὶ
1821 1105 1901 1153 φι-

331 1174 642 1233 λοκίνδυνον.
673 1179 755 1228 καί
801 1173 942 1229 ἄλλοι
984 1174 1047 1228 δι’
1068 1172 1217 1233 ἄλλης
1265 1183 1357 1234 τῆς
1407 1183 1506 1230 τῶν
1553 1175 1904 1246 χειροτέχνων

331 1267 609 1340 ἐργασίας,
628 1271 712 1322 ἵνα
748 1274 817 1338 μὴ
843 1269 1149 1322 καθὲκαστον
1176 1269 1412 1340 λέγωμεν,
1447 1268 1705 1343 προΐασιν,
1734 1268 1900 1339 ἕτεροι

329 1359 385 1414 δὲ
413 1363 497 1413 καί
525 1358 770 1430 ὸλιγοστοί
795 1363 908 1419 πώς
941 1362 1038 1412 εἰσι
1067 1363 1149 1412 καί
1178 1358 1408 1431 ἔκκριτοι,
1437 1360 1483 1412 οἶ
1505 1361 1594 1414 τὸν
1634 1360 1903 1416 ἀσκητικὸν

331 1471 384 1504 τι
435 1451 520 1503 καί
571 1449 830 1519 φιλόσοφον
875 1451 1232 1514 ἁσπασάμινοι
1272 1451 1500 1524 τρόπον,
1545 1448 1734 1518 ψυχὰς
1773 1448 1898 1517 όμοῦ

333 1543 414 1594 καί
460 1544 678 1610 σώματα
725 1539 1016 1612 διεκάθῃραν
1042 1581 1055 1600 ,
1108 1545 1192 1594 καί
1242 1543 1401 1614 ταύτῃ
1451 1547 1560 1612 Θεῷ
1607 1541 1903 1604 πλησιάζειν

331 1633 581 1694 ἠξίωνται,
610 1635 689 1685 καὶ
718 1635 788 1690 si;
815 1637 902 1689 τήν
932 1630 1030 1685 ἅνω
1049 1633 1184 1695 λῆξιν
1211 1635 1297 1686 καί
1317 1633 1572 1706 μακαρίαν
1593 1633 1898 1701 ἐπείγονται.

331 1720 385 1775 ἐἰ
419 1722 668 1792 λογιότητι
705 1723 969 1794 ίκλογικῶν
1025 1723 1315 1793 ἐπιστημῶν
1359 1726 1447 1776 καὶ
1484 1729 1682 1792 τεχνῶν
1739 1743 1898 1776 κατα-

332 1811 686 1881 κοσμούμενοι.
709 1815 795 1867 καί
822 1813 964 1870 ἤθεσι
991 1821 1240 1887 χρηστοῖς
1268 1809 1621 1884 σεμνυνόμενοι
1664 1813 1756 1871 τᾶς
1785 1813 1902 1866 ἔαυ·

331 1910 431 1955 τῶν
484 1902 667 1972 ψυχὰς
732 1902 1178 1978 ἐμουσούργησαν,
1222 1906 1307 1956 καί
1361 1905 1428 1962 ὡς
1484 1903 1678 1972 ἑκάστῳ
1733 1903 1901 1957 λοιπόν

328 1992 428 2050 ἡδύ
467 1998 550 2048 καὶ
584 1995 715 2064 φίλον
755 1993 934 2062 ἐδόκει,
967 1998 1049 2050 καί
1095 2003 1168 2068 τῷ
1210 1994 1426 2074 ἐπιξὸλῳ
1471 1992 1770 2068 [ἓπιϐουλῷ]
1811 2001 1902 2056 τῆς

333 2086 532 2155 φύσεως
554 2085 817 2157 ἐξεγένετο.

405 2358 539 2428 Ἐμοί
568 2356 622 2414 δὲ
666 2359 797 2413 οὕτω
822 2360 883 2412 τὰ
909 2368 998 2418 τῆς
1042 2356 1308 2431 παρούσης
1336 2359 1510 2430 βιοτῆς
1553 2363 1897 2438 περιέστηκεν.

332 2449 504 2504 ἰίνίκα
545 2453 707 2504 τοίνυν
745 2451 814 2509 είς
857 2447 1044 2525 ἄνδρας
1089 2450 1310 2513 ἐτέλουν,
1341 2452 1398 2505 τὸ
1437 2453 1543 2506 νέον
1582 2460 1672 2513 τῆς
1710 2455 1903 2517 ἡλικίας

333 2540 803 2617 παραμειψάμενος,
839 2540 932 2599 ἤδη
983 2544 1096 2618 περί
1123 2539 1216 2602 τοὶς
1252 2543 1511 2611 βασιλείας
1552 2546 1904 2618 ἐπιχωριὰζων

333 2635 506 2699 αὐλὰς,
559 2642 831 2709 στρατείας
878 2638 1007 2696 τινὸς
1059 2637 1372 2712 ίπεκύρησα,
1426 2641 1509 2691 καί
1567 2641 1760 2698 ταύτης
1814 2642 1904 2693 οὐκ

332 2729 546 2800 ἁεργοῦς
575 2730 654 2780 καί
680 2727 954 2797 ἀνειμένης,
987 2726 1109 2779 ἀλλά
1149 2736 1241 2785 τῆς
1281 2724 1364 2781 διὰ
1397 2721 1587 2798 χειρῶν
1616 2730 1698 2782 καί
1746 2727 1902 2782 καλὰ-

333 2841 442 2889 μων
484 2819 861 2889 ίκπονουμένης·
894 2821 1101 2894 καὶγὰρ
1128 2827 1227 2874 τῶν
1274 2819 1549 2888 βασιλικῶν
1583 2819 1904 2896 ὑπογραφεὺς

336 2910 618 2981 ἐτύγχανον
647 2903 738 2977 ὢν,
766 2911 799 2962 ἁ
827 2919 1069 2984 σηκρῆτις
1099 2908 1152 2964 δὲ
1194 2909 1410 2973 τούτους
1459 2911 1628 2965 καλεῖν
1673 2913 1904 2974 εἰωθυίας

333 3010 425 3060 τῆς
466 3000 722 3063 Λατινίδος
761 3003 985 3071 γλώττης
1028 3001 1174 3072 ἴσμεν
1213 3004 1494 3073 ἐκφὼνημα.
1528 3011 1602 3054 Ἐν
1628 3005 1792 3076 ταύτῃ
1823 3005 1905 3057 ἐπί

335 3115 473 3153 τινας
527 3095 744 3167 χρόνους
788 3096 1200 3166 ἕπιζυγούμενος,
1245 3097 1330 3148 καί
1384 3095 1708 3164 ἀνθρωπίνοις
1759 3115 1904 3168 περι-

334 3179 670 3252 δεσμούμενος
720 3185 1033 3256 πράγμασιν,
1063 3185 1134 3244 εἷς
1176 3183 1500 3240 συναίσθησιν
1553 3190 1652 3236 τῶν
1690 3183 1738 3236 ἒν
1772 3181 1902 3253 τῷδε

334 3279 406 3342 τῷ
459 3273 554 3344 βίῳ
597 3274 826 3345 ρευστῶν
885 3274 1052 3336 ἐλθὼν,
1101 3275 1226 3340 βοῦς
1277 3273 1434 3346 [νοῦν]
1475 3273 1764 3337 ἁνεΐλιττον,
1815 3277 1901 3328 καί
1927 3299 1974 3360 C

332 3360 606 3432 λογισμούς
653 3365 898 3417 ἀνεκίνουν
922 3404 936 3429 ,
976 3365 1043 3426 ὡς
1083 3364 1184 3439 ἄρα
1231 3366 1454 3437 χαλεπόν
1497 3369 1579 3418 καί
1620 3362 1904 3439 δυσκατόρ-

331 3445 510 3518 θωτον,
570 3459 688 3516 τούς
729 3463 855 3530 τῇδε
937 3458 1370 3528 ἐνησχολημένους
1421 3464 1520 3510 τῶν
1582 3455 1906 3525 ὑψηλοτέρων

333 3542 535 3612 ψαύειν,
580 3547 800 3600 μάλιστα
824 3570 901 3606 τις
935 3549 1195 3616 ἐπιτυχὼν
1240 3563 1331 3605 τῆς
1367 3548 1644 3620 κρείττονος
1681 3543 1902 3605 ἐλπίδος,

333 3635 428 3684 οὐκ
480 3629 540 3685 ἂν
582 3632 952 3707 διαμαρτησιιε·
1002 3632 1068 3689 τὰ
1114 3639 1202 3704 μὲν
1248 3638 1348 3710 γὰρ
1399 3627 1711 3697 παιζόντων.
1739 3633 1805 3690 τὰ
1851 3634 1904 3689 δὲ

337 3719 727 3784 σπουδαζόντων
756 3720 878 3777 εἶναι
903 3718 1137 3793 ἐνόμιζᾶν,
1167 3729 1368 3784 ἐκείνοις
1384 3746 1437 3779 τι
1461 3727 1664 3800 χαίρειν
1692 3724 1905 3801 ἔφραζον

337 3816 420 3866 καί
464 3814 657 3867 τούτων
697 3816 1033 3888 περιέχεσθαι
1074 3813 1170 3874 ὅση
1209 3815 1441 3887 δύναμις,
1479 3821 1566 3872 καὶ
1619 3819 1812 3889 βέλτιον
1853 3821 1904 3872 ἐν

335 3905 538 3961 τούτοις
577 3905 780 3977 εἰσορᾷν
825 3905 1040 3974 ἐμαυτόν
1090 3902 1462 3976 διεσκοπούμην
1506 3906 1904 3986 παρευδοκιμού-

335 3995 656 4067 μενον,“ἤπερ
686 3996 879 4055 ἐκείνοις
919 4005 1124 4065 φανῆναι
1158 3999 1215 4053 τὸ
1240 3998 1408 4052 λοιπὸν
1450 3992 1898 4074 καθωραίζόμενον,

335 4086 422 4138 καί
471 4104 552 4153 με,
587 4087 654 4146 ὡς
701 4083 843 4156 ἔχειν
895 4088 1097 4156 ἐμαυτῷ
1147 4090 1412 4160 νομοθετῶ,
1440 4092 1526 4142 καί
1572 4098 1838 4164 προφητῶν
1876 4091 1902 4145 ό

335 4173 547 4249 ἄριστος
575 4176 878 4241 ἐξεπαίδευε.
910 4182 994 4233 καί
1041 4186 1205 4235 πάντα
1238 4177 1520 4250 ματαιότης
1551 4186 1904 4252 ματαιοτήτων

335 4270 399 4319 τὰ
432 4264 571 4340 τῇδε,
598 4271 680 4321 καί
709 4271 786 4329 τίς
811 4274 1078 4344 περισσεία
1104 4279 1175 4339 τῷ
1197 4272 1443 4344 ἀν9ρὼπῳ
1475 4274 1523 4324 ἐν
1549 4273 1696 4328 πάντι
1722 4273 1902 4345 μόχθῳ

335 4358 515 4422 αὐτοῦ,
548 4355 587 4430 ᾧ
633 4359 823 4430 μοχθεῖ
861 4360 963 4413 ύπό
1003 4363 1084 4414 τόν
1123 4362 1278 4425 ἥλιον,
1321 4359 1468 4423 ἄλλος
1508 4365 1659 4434 σοφὸς
1703 4386 1902 4438 παρηγ-

334 4447 526 4519 γύησε,
573 4452 816 4524 παράγειν
866 4455 922 4506 τὸ
985 4461 1171 4524 σχῆμα
1220 4461 1307 4509 τοῦ
1356 4455 1547 4524 κόσμου
1600 4460 1802 4522 τούτου,
1843 4460 1900 4513 τὸ

338 4549 518 4602 σκεῦος
559 4543 616 4598 τὸ
663 4543 910 4602 θεόλεκτον
945 4545 1269 4618 ἀνεκήρυττε.
1305 4550 1386 4600 καί
1428 4543 1586 4601 ἄλλων
1613 4545 1666 4602 δὲ
1695 4556 1901 4623 Γραφῶν

339 4633 480 4702 ἱερῶν
508 4637 708 4696 τούτοις
735 4635 1188 4709 παραηιλλουσῶν
1216 4637 1692 4707 κατακουτιζόμενος
1719 4638 1897 4709 [κειται
1926 4647 1976 4705 ι)

337 4727 690 4800 κοντιζὸμενος]
720 4728 1070 4801 παραπλήσια,
1104 4730 1184 4782 καὶ
1235 4727 1342 4798 ἅμα
1388 4729 1437 4782 ίν
1478 4736 1546 4800 νῷ
1585 4727 1747 4798 ἔχων,
1775 4727 1899 4806 ὅπερ

338 4821 477 4894 παρὰ
519 4841 612 4874 τινι
654 4827 750 4872 τῶν
794 4819 1004 4890 Θύραθεν
1044 4819 1125 4870 ἐπὶ
1154 4820 1303 4891 σοφίᾳ
1333 4814 1736 4888 διαϐεϐοημένων
1770 4817 1898 4874 ἆδὸ-

337 4931 482 4979 μενον
506 4909 743 4980 ἔγνωμεν,
777 4928 795 4958 ι
830 4919 1066 4985 κρεῖσσον
1093 4908 1396 4973 ἰδιωτεύειν,
1425 4909 1456 4971 ἦ
1490 4912 1732 4980 μεγίστην
1757 4908 1900 4978 ἴχιιν

338 5005 591 5066 ἐξουσίαν,
609 5001 760 5072 μηδὲν
781 4999 916 5066 ἄξιον
937 5001 1174 5056 ἐπιτελεῖν
1194 5001 1446 5069 μέλλοντα
1474 5019 1491 5051 ι
1520 5001 1742 5068 καθάπερ
1775 5022 1900 5058 σκη-

335 5101 421 5153 νὴν
463 5101 549 5154 τὴν
590 5101 856 5169 παροῦσαν
904 5097 972 5154 ὡς
1029 5095 1348 5149 ἁπανθοῦσαν
1397 5091 1541 5156 δόξαν
1598 5092 1895 5166 ἐπεκερατό-

336 5209 497 5258 μησα.

391 5778 482 5828 Καὶ
527 5772 652 5846 πρὸς
682 5777 770 5829 τὴν
813 5773 1033 5841 ἐμαυτοῦ
1080 5767 1339 5840 ἐπίσκεψιν
1380 5764 1475 5828 ἤδη
1520 5767 1770 5840 τρέπομαι
1802 5768 1896 5818 αὖ·

338 5863 465 5918 τίκα.
518 5863 690 5916 Διόπερ
734 5860 790 5919 δὴ
835 5857 886 5913 εὖ
924 5864 1214 5928 παρασχὼν
1248 5857 1323 5914 οἶα
1371 5867 1492 5912 Θεοῦ
1545 5856 1894 5926 συλλαμϐανο-

1999 709 2258 762 tationem
2281 709 2675 778 quantumlibet
2695 710 2874 774 vilem,
2892 711 3272 773 miserabilem,
3293 712 3576 763 incertam-

1999 813 2106 865 que
2126 798 2755 864 toleraredecreveruut;
2784 800 2918 853 alios
2937 800 3277 870 agriculturzc
3299 801 3577 853 laboribus

2002 888 2370 957 mohstiisqne
2412 889 2656 943 addictos
2697 891 2922 954 videas;
2974 891 3214 944 nonnulli
3259 898 3576 944 mercatura:

1999 987 2209 1046 qumstu
2251 989 2519 1046 opumque
2561 978 3018 1046 congerendarum
3064 978 3243 1030 studio
3265 979 3570 1038 ducuntur;

2001 1078 2102 1118 nec
2133 1065 2328 1119 desunt
2348 1065 2461 1134 qui,
2484 1067 2889 1134 peregrinorum
2912 1066 3150 1119 locorum
3175 1066 3573 1119 lustraodorum

1999 1154 2269 1208 desiderio
2295 1155 2426 1219 acti,
2449 1151 2812 1222 navigavimus
2835 1156 3092 1223 periculis
3121 1169 3240 1208 sese
3267 1164 3572 1221 exponant;

1997 1251 2057 1295 et
2093 1259 2160 1296 ne
2193 1241 2419 1311 singulis
2453 1239 2798 1295 recensendis
2834 1240 3110 1305 immorer,
3150 1240 3240 1294 alii
3280 1241 3416 1294 alias
3450 1256 3576 1308 opc-
3621 1255 3632 1273 ι

2001 1345 2155 1386 rosas
2173 1340 2320 1386 artes
2339 1340 2740 1393 consectantur,
2761 1333 2919 1401 pauci
2942 1331 3254 1386 selectiorcs
3278 1331 3573 1385 solitariam

2001 1420 2150 1477 illam
2187 1424 2722 1494 philosophieamque
2751 1425 2968 1477 vivendi
2996 1424 3259 1477 rationem
3285 1423 3572 1490 complexi.

2001 1514 2216 1569 animos
2239 1515 2400 1568 simul
2431 1523 2486 1569 et
2509 1529 2741 1585 corpora
2768 1525 3023 1570 exercent
3052 1531 3115 1569 ac
3144 1524 3405 1585 purgant,
3445 1517 3577 1569 Deo~

2001 1619 2107 1672 que
2125 1602 2456 1658 hac‘ratione
2479 1606 2932 1674 appropinquare,
2956 1614 3012 1658 et
3038 1607 3104 1659 ad
3129 1606 3404 1659 caelestem
3433 1605 3577 1658 illam

2000 1695 2321 1765 beatamque
2345 1697 2512 1749 vitam
2557 1698 2876 1767 pertingere
2906 1696 3242 1766 contingunt.
3299 1697 3575 1763 Quosdam

2000 1795 2262 1854 prmterea
2293 1786 2618 1855 comperias,
2665 1787 2757 1855 qui
2805 1785 3127 1853 eloquentiae
3173 1786 3576 1854 logicarumque

2001 1877 2352 1932 scientiarum
2400 1893 2463 1931 ac
2506 1877 2907 1946 disciplinarum
2950 1877 3325 1930 exercitationi
3375 1879 3575 1940 dediti,

1929 1963 1976 2020 B
2003 1965 2352 2034 honestisque
2377 1965 2618 2020 moribus
2647 1957 2846 2021 exculti
2879 1974 3088 2020 mentes
3132 1981 3257 2019 suas
3302 1981 3574 2020 musarum

1996 2053 2250 2108 eﬂlcinas-
2269 2055 2600 2108 constituant
2637 2053 2925 2122 :deniquc,
2960 2063 3021 2107 ut
3050 2055 3339 2123 unicuique
3366 2063 3578 2124 gratum

2001 2143 2343 2213 amicumque
2371 2143 2553 2208 fuerit,
2581 2157 2801 2213 suaque
2824 2152 3033 2198 naturte
3056 2145 3345 2212 propensio
3371 2145 3578 2210 tulerit,

2001 2235 2075 2288 ita
2103 2235 2249 2289 aliud
2273 2244 2435 2304 atque
2461 2234 2612 2289 aliud:
2631 2235 2758 2290 vitae
2783 2249 2955 2306 genus
2980 2235 3376 2304 complectitur.

2070 2327 2138 2382 At
2165 2342 2294 2382 γοα)
2331 2343 2463 2381 mea:
2491 2327 2617 2381 vitm
2653 2328 2795 2383 ratio
2822 2327 3084 2397 ejusmodi
3120 2326 3351 2381 exstitit.
3407 2326 3578 2380 Simul

2001 2425 2164 2489 atque
2189 2419 2398 2474 virilem
2429 2427 2603 2490 togam
2634 2420 3014 2490 sumpsissem,
3043 2432 3166 2472 mox
3195 2418 3248 2471 in
3275 2418 3578 2487 principum

2001 2511 2158 2564 aulas
2174 2511 2456 2580 abreptus,
2485 2525 2689 2564 munus
2709 2509 2937 2579 adeptus
2963 2509 3335 2563 summinime
3358 2509 3462 2562 vile
3487 2518 3578 2560 aut

2001 2600 2273 2667 ignavum,
2302 2601 2395 2653 sed
2425 2600 2732 2669 expeditum
2763 2608 2818 2653 et
2848 2600 3164 2668 ingenuum,
3201 2599 3397 2668 quippe
3432 2600 3574 2668 quod

2001 2701 2256 2741 manuum
2287 2689 2727 2757 calamorumque
2759 2689 3024 2742 industria
3056 2689 3318 2757 majorem
3361 2689 3412 2741 in
3454 2704 3576 2756 par—

2002 2785 2111 2832 tem
2133 2776 2515 2846 perileeretur;
2548 2787 2767 2833 creatus
2793 2793 2910 2832 smn
2937 2779 3080 2832 enim
3109 2779 3288 2848 regius
3314 2777 3577 2842 notarius,

2002 2869 2302 2939 eujusmodi
2344 2888 2376 2923 ιι
2415 2871 2624 2923 secretis
2665 2870 2843 2924 Latini
2883 2869 3175 2939 appellant.
3235 2869 3405 2923 Porro
3456 2870 3580 2923 huic

2002 2959 2305 3014 ministerio
2347 2960 2654 3029 aliquandiu
2696 2962 3024 3025 obstrictus,
3073 2961 3430 3029 humanisque
3476 2976 3574 3015 ue-

2001 3050 2164 3118 gotiis
2188 3049 2512 3118 implicatus,
2541 3052 2662 3104 vice
2688 3051 2972 3119 praesentis
3002 3051 3404 3106 iustabilitatom
3437 3053 3580 3107 serio

2001 3153 2211 3192 mecum
2241 3148 2574 3208 pertractare
2603 3140 2777 3208 carpi;
2828 3155 3060 3208 cumque
3087 3147 3210 3208 post
3237 3141 3459 3195 crebros
3485 3157 3575 3194 va-

2001 3227 2220 3298 riosque
2263 3227 2649 3298 cogitationum
2679 3227 2872 3282 ﬂuctus
2897 3228 3320 3296 comperissem,
3367 3227 3579 3282 diﬁlcilc

2011 3335 2256 3390 peneque
2297 3320 2634 3389 impossibile
2674 3335 2822 3382 esse,
2871 3319 2964 3388 qui
3006 3318 3313 3387 hujusmodi
3354 3320 3582 3389 negotiis

2009 3409 2296 3463 mundanis
2342 3409 2750 3470 distinerentur,
2803 3408 2924 3460 illos
2971 3407 3040 3459 ad
3087 3407 3399 3460 sublimiora
3449 3407 3584 3459 divi-

2010 3497 2272 3568 nioraque
2297 3498 2586 3567 aliquando
2614 3499 2921 3565 pertingere
2949 3511 3139 3564 posse;
3180 3496 3582 3565 eogitaremque

2008 3586 2179 3641 nihilo
2225 3587 2405 3642 secius
2453 3587 2570 3640 haec
2617 3585 2796 3639 omnia
2845 3584 3049 3638 ludicra
3103 3585 3445 3653 cadueaque,
3497 3586 3582 3639 illa

2007 3690 2136 3731 vero
2157 3677 2297 3731 seria
2319 3681 2629 3744 aeternaque
2649 3675 2904 3740 existere,
2927 3675 3142 3730 decrevi
3168 3683 3423 3744 certoque
3444 3679 3582 3745 apud

2005 3785 2093 3823 me
2131 3768 2426 3832 constitui,
2476 3768 2561 3824 his
2601 3768 2819 3836 quidem
2863 3767 3040 3838 primo
3085 3782 3298 3836 quoque
3339 3775 3580 3836 tempore

2005 3859 2251 3912 nuntium
2291 3859 2598 3922 remittere,
2645 3858 2750 3912 illis
2780 3869 2909 3911 vero
2951 3857 3199 3912 manibus
3244 3858 3580 3927 pedibusque

2003 3949 2256 4017 deinceps
2296 3948 2644 4013 incumbere;
2694 3949 2748 4001 in
2792 3957 3027 4002 mentem
3073 3963 3304 4016 namque
3332 3951 3580 4021 veniebat

2003 4038 2173 4092 satius
2211 4052 2331 4092 esse
2375 4039 2419 4092 si
2447 4037 2529 4092 vel
2571 4038 2917 4093 mediocriter
2947 4039 2999 4091 in
3029 4037 3436 4092 sublimioribus
3475 4040 3580 4095 illis

2002 4130 2343 4193 excellerem,
2370 4131 2733 4198 probatusque
2765 4129 2997 4194 viderer,
3025 4143 3187 4197 quam
3213 4129 3258 4183 si
3288 4129 3489 4182 inilmis
3518 4131 3579 4183 il—

2001 4221 2069 4277 lis
2093 4222 2491 4291 comptissimus
2520 4222 3094 4290 splendidissimisque
3129 4223 3376 4285 haberer,
3409 4225 3577 4277 multo

2003 4328 2188 4367 rursus
2214 4313 2566 4383 praestabilius
2592 4314 2637 4368 si
2666 4328 2752 4368 me
2775 4313 2948 4384 ipsum
2977 4312 3310 4382 possiderem
3341 4314 3578 4383 mihique

2000 4403 2396 4472 quodammodo
2440 4403 2524 4457 lex
2569 4419 2776 4468 essem,
2820 4418 2982 4472 quam
3013 4403 3058 4458 si
3091 4403 3265 4457 aliena
3296 4417 3571 4458 curarem:

2003 4493 2119 4548 luce
2148 4495 2330 4563 itaque
2354 4496 2518 4549 etiam
2543 4502 2706 4562 atque
2726 4493 2891 4547 etiam
2912 4493 3241 4562 expendens,
3265 4493 3570 4562 omniaque,

1999 4583 2154 4652 juxta
2208 4583 2688 4653 przecellentissimi
2742 4581 3020 4651 prophetae
3068 4595 3254 4636 vocem
3284 4623 3298 4644 ,
3349 4582 3572 4637 vanitati

2002 4672 2241 4741 subjecta
2269 4690 2422 4739 esse,
2469 4674 2708 4742 nihilque
2754 4673 2958 4726 homini
3000 4672 3066 4729 de
3108 4673 3362 4727 ttulit-"crsu
3389 4672 3574 4728 labore

2001 4781 2106 4834 quo
2137 4765 2345 4818 laborat
2373 4765 2474 4820 sub
2500 4763 2610 4818 sole
2641 4778 2926 4832 superesse
2956 4761 3169 4833 (Eccle.
3191 4779 3245 4830 v,
3267 4765 3387 4833 l7),
3416 4763 3570 4832 juxta

1998 4855 2260 4923 sapientis
2288 4853 2630 4917 doctrinam:
2671 4863 2726 4908 et
2763 4853 2948 4907 mundi
2986 4851 3145 4921 hujus
3177 4854 3401 4924 ﬁguram
3437 4871 3573 4924 pne-

2000 4946 2166 5003 terim
2193 4945 2244 5017 (1
2274 4945 2397 4999 Cor.
2427 4961 2534 5010 vn,
2563 4945 2653 5014 51)
2677 4986 2690 5008 ,
2738 4945 2892 5012 juxta
2924 4944 3080 4999 Vasis
3121 4944 3405 4999 electionis
3445 4961 3569 5000 scn-

2001 5036 2263 5099 tcntiam,
2309 5036 2362 5090 in
2406 5035 2586 5088 animo
2618 5033 2856 5096 habens,
2903 5033 3099 5086 multas
3131 5041 3390 5103 pri-nterea
3439 5035 3571 5086 alias

2000 5124 2310 5193 Scripturas
2357 5123 2409 5175 in
2453 5121 2702 5176 eumdem
2749 5135 2964 5174 sensum
3011 5122 3341 5175 disserentes
3385 5121 3569 5174 sedulo

2001 5213 2342 5284 expendens,
2383 5220 2437 5266 et
2476 5212 2816 5267 celeberrimi
2846 5211 3124 5279 cujusdam
3155 5212 3456 5281 philosophi
3491 5211 3562 5263 di-

2000 5313 2143 5360 ctum
2190 5303 2384 5357 tacitus
2426 5316 2636 5357 mecum
2681 5302 2998 5358 revolvens:
3032 5323 3050 5354 ι
3085 5304 3344 5366 Ρι-ωειιιῑ,
3393 5301 3568 5368 inquit

2002 5400 2108 5462 ille,
2137 5399 2401 5468 privatum
2429 5410 2608 5467 agere,
2639 5412 2800 5466 quam
2829 5398 3118 5450 maximam
3143 5395 3392 5448 obtinere
3417 5402 3567 5461 pote-

2001 5495 2214 5548 statem,
2245 5484 2290 5539 si
2322 5485 2454 5538 nihil
2481 5486 2754 5557 egregium
2783 5487 2858 5540 sis
2882 5487 3318 5554 designaturusu
3350 5497 3563 5535 omnem

2001 5572 2292 5646 gloriamin
2309 5575 3089 5642 praesentiarumblandientem
3117 5571 3281 5624 veluti
3323 5570 3555 5624 fabulam

2001 5669 2294 5722 arbitratus
2317 5681 2452 5720 sum.

2072 5760 2189 5814 Mox
2214 5775 2342 5830 ergo
2377 5759 2442 5812 ad
2477 5759 2580 5811 mei
2623 5757 2788 5825 ipsius
2813 5755 3294 5808 considerationem
3328 5755 3562 5807 aniuunn

2001 5864 2246 5918 vertcns,
2295 5860 2608 5918 certumque
2644 5850 2734 5903 llci
2777 5848 3034 5902 auxilium
3084 5848 3210 5900 mihi
3257 5849 3524 5916 spondens
3551 5888 3562 5908 .
