3954 6204
390 559 394 566 -
433 525 570 578 1043

1717 504 1774 560 S.
1817 496 2066 556 LEONIS
2102 497 2304 551 PAPzE
2345 497 2409 550 lll

3544 483 3685 538 1044

430 655 646 699 omnem
671 640 930 693 honorem
955 642 1275 697 omnemque
1303 623 1681 680 auctoritatem
1709 617 1921 679 abdico,
1943 621 1996 668 et
2023 616 2046 671 λέ

2145 611 2243 666 ἔνου
2289 632 2394 680 μοι,
2425 615 2568 664 τοῦτε
2600 609 2877 676 ἀξιώματος
2924 603 3215 674 ὑπερόπτης
3260 603 3574 666 καθέστηκα,
3601 607 3687 654 καί

432 736 500 788 ab
532 730 655 786 aula
692 727 838 798 regia
869 722 1223 790 civilibusque
1255 715 1575 772 tumultibus
1611 727 1697 766 me
1731 708 2001 770 avellens,

436 837 710 879 recessum
735 817 1021 888 quemdam
1045 824 1339 882 rupemque
1361 822 1606 878 asperam
1630 812 1687 858 et
1705 815 1842 872 pene
1862 800 2006 853 inae-

432 926 642 968 cessam
663 914 977 976 occupatus,
1001 903 1192 958 stadiis
1218 916 1325 954 non
1349 897 1537 968 paucis
1559 896 1703 950 circa
1722 886 2006 958 Proponti—

434 1006 517 1060 dis
543 973 823 1072 regionem
852 1014 884 1051 a
910 995 1058 1066 regia
1085 993 1305 1048 civitate
1329 988 1567 1050 discedo,
1590 973 1771 1053 ibique
1794 987 2007 1036 aetatem

436 1111 599 1168 agere
612 1069 852 1162 vinaque
873 1088 1130 1144 solitariae
1145 1081 1324 1154 (cuius
1343 1076 1642 1135 incredibili
1665 1072 1897 1142 quodam
1919 1069 2012 1124 de-

435 1160 640 1242 siderio
668 1160 984 1250 jamdudum
1012 1184 1138 1228 ante
1167 1169 1411 1239 tenebar)
1458 1164 1756 1235 periculum
1799 1160 2010 1223 facere,

437 1289 618 1344 neque
645 1248 770 1326 alibi
801 1281 962 1338 quam
993 1265 1085 1319 illo
1126 1264 1180 1317 in
1224 1261 1342 1314 loco
1370 1265 1671 1311 extremum
1697 1251 1822 1305 vitm
1849 1248 2014 1319 spiri-

439 1338 554 1419 tum
579 1362 761 1424 edere,
785 1357 1016 1411 ﬁrmiter
1035 1351 1176 1421 apud
1204 1363 1288 1404 me
1309 1345 1598 1402 constituo.
1627 1341 1735 1396 Sed
1759 1338 2016 1408 quoniam

440 1455 559 1510 fieri
593 1451 782 1520 neQuit
810 1455 868 1502 ut
907 1444 1090 1501 omnia
1129 1439 1378 1496 omnibus
1425 1452 1488 1491 ex
1539 1432 1704 1489 animi
1751 1428 2017 1485 sententia

441 1517 733 1603 succedant
771 1538 858 1611 (in
911 1535 1095 1592 multis
1123 1544 1355 1599 namque
1382 1523 1538 1597 quasi
1568 1522 1745 1578 fatalis
1772 1517 2018 1590 quaedam

443 1634 742 1692 necessitas
769 1609 1100 1688 dominatur,
1144 1619 1477 1688 humanique
1519 1621 1746 1670 conatus
1775 1609 1978 1666 exitum
2002 1646 2018 1671 ,

444 1739 551 1780 non
582 1720 797 1791 qualem
824 1718 1010 1778 homo,
1042 1712 1136 1767 sed
1163 1708 1378 1780 qualem
1407 1707 1550 1760 Deus
1575 1701 1718 1766 vult,
1761 1714 1869 1754 non
1897 1711 2022 1750 raro

445 1784 802 1880 sortiuntur),
829 1802 1042 1860 accedit
1087 1800 1192 1854 hoc
1239 1798 1458 1868 ipsum,
1506 1806 1698 1861 nempe
1749 1796 1809 1844 ut
1855 1784 2022 1842 animi

446 1902 816 1975 propositique
857 1897 962 1952 mei
997 1909 1093 1964 spe
1135 1891 1454 1951 frustrarer,
1502 1892 1558 1940 et
1605 1882 1737 1937 mihi
1783 1892 2016 1950 quoque.

448 1951 662 2049 litelr'iim
692 1951 908 2059 ajgrata
937 1951 1337 2048 illa.amicaque
1367 1973 1674 2037 solitudine,
1704 1968 1887 2024 nescio
1915 1979 2024 2037 quo
2050 1951 2098 2011 Β

443 2082 647 2155 judicio
677 2057 862 2152 (Deus,
895 2076 988 2146 qui
1021 2071 1290 2144 permisit,
1318 2076 1412 2123 aut
1441 2065 1515 2120 ita
1545 2063 1708 2120 etiam
1735 2057 2025 2123 ordinavit,

451 2145 647 2240 novit),
670 2145 735 2222 ad
765 2145 974 2236 regium
999 2159 1259 2231 palatium
1289 2156 1618 2216 abstractus,
1644 2155 1791 2206 certe
1816 2145 2028 2202 illorum

451 2239 727 2316 voluntate
750 2257 842 2326 qui
874 2270 972 2327 per
1001 2254 1055 2310 id
1085 2261 1297 2320 tempus
1332 2245 1482 2317 regni
1511 2243 1646 2300 solia
1674 2239 2027 2302 obtinebant,

453 2346 840 2415 communique
876 2323 1052 2397 totius
1093 2337 1225 2395 cleri
1265 2349 1332 2390 ac
1370 2341 1624 2396 senatus,
1664 2323 2032 2383 inexcusabile

455 2438 726 2509 quoddam
753 2411 807 2488 et
833 2427 1144 2487 inevitabile
1169 2425 1379 2481 facinus
1410 2416 1836 2476 machinantium
1858 2454 1876 2480 ,
1916 2411 2031 2468 suf-

459 2504 632 2600 fragio
661 2525 826 2598 (quod
852 2522 1015 2593 regite
1041 2515 1279 2574 civitatis
1307 2510 1507 2583 praesul
1535 2509 1647 2564 vita
1677 2504 2031 2569 excessisset,

459 2633 514 2677 et
550 2597 611 2676 ut
647 2620 811 2674 homo
845 2613 1084 2670 debitum
1129 2603 1486 2674 exsolvisset)
1533 2602 1601 2658 ad
1647 2602 1790 2656 hanc
1831 2597 2038 2668 episco-

461 2715 636 2787 palem
666 2712 851 2768 sedem
877 2707 1079 2763 invitus
1099 2745 1115 2771 ,
1157 2701 1497 2769 multumque
1527 2695 1831 2751 reclamans
1860 2689 2038 2764 (testis

463 2785 547 2864 est
573 2804 706 2863 mihi
735 2800 897 2873 Deus)
925 2804 1215 2871 provectus
1233 2834 1249 2860 ,
1284 2801 1340 2849 et
1366 2788 1646 2862 tyrannide
1670 2785 1852 2856 potius
1875 2795 2038 2852 quam

463 2896 728 2961 consulto,
760 2901 855 2949 aut
880 2890 989 2946 ulla
1018 2887 1242 2945 omnino
1270 2880 1620 2955 persuasione
1637 2919 1652 2943 ,
1695 2876 1814 2932 aliis
1839 2873 2036 2943 guber-

466 2994 658 3051 nandis
682 2988 967 3062 prmfectus
991 2997 1133 3040 sum.

539 3161 676 3229 Quia
717 3173 868 3228 ergo,
910 3154 1038 3208 licet
1081 3150 1298 3211 invitus,
1343 3144 1481 3200 colla
1521 3142 1648 3212 jugo
1692 3135 2041 3196 submittere,

471 3253 887 3315 animarumque
921 3256 1109 3298 curam
1149 3251 1326 3306 neque
1351 3234 1543 3304 digne,
1586 3241 1763 3297 neque
1795 3221 2043 3278 charitati

2102 711 2194 762 τῆς
2221 701 2481 772 βασιλείου
2511 698 2662 756 αὐλῆς
2705 700 2920 750 καὶτῶν
2971 695 3194 748 ἀστικῶν
3237 694 3464 767 θορύϐων
3503 694 3682 764 πὸρέω

2103 815 2204 849 που
2235 790 2560 862 ἀπαγόμενος
2589 788 2946 856 διεσκήγωμαι,
2989 786 3242 854 ἐσχατιὰν
3275 790 3404 853 γοῦν
3446 804 3564 839 τινα
3592 806 3682 837 an-

2103 883 2412 954 ταλαμϐἀνω
2450 882 2535 934 καί
2572 880 2886 952 ἀκρώρειαν,
2913 879 3169 951 τραχεῖάν
3204 895 3257 929 τε
3291 869 3456 928 οὖσαν
3496 877 3582 928 καί
3600 873 3687 929 δυ-

2108 973 2420 1051 σπρόσοδον*
2451 970 2676 1032 σταδίοις
2717 967 2868 1030 οὗτος
2896 970 3076 1040 ὀλίγοις
3107 970 3228 1041 περί
3269 972 3359 1025 τὴν
3387 967 3685 1039 Προπὸντιον

2108 1070 2309 1140 χώραν,
2338 1071 2427 1120 τοῦ
2458 1064 2718 1136 βασιλείου
2745 1062 3037 1134 διειργόμην
3071 1055 3457 1134 ὶδιειργιμένηνι
3480 1055 3684 1120 ἄστεος,

2107 1155 2368 1213 κάνταῦθα
2450 1157 2545 1218 τάς
2598 1153 2867 1229 διατριϐὰς
2919 1152 3172 1207 ποιεῖσθαι
3227 1147 3576 1213 ἐσπούδαζον,
3624 1151 3686 1206 ὡς

2111 1247 2212 1325 ἄρα
2245 1252 2288 1304 εί
2328 1246 2603 1319 δυναίμην,
2627 1253 2720 1300 τοῦ
2757 1248 3012 1318 μονήρους
3045 1243 3161 1312 βίου
3204 1240 3565 1313 ἐφαπτόμενος,
3613 1242 3690 1291 καί

2111 1349 2264 1398 τοῦτο
2305 1342 2404 1413 γάρ
2451 1339 2729 1409 ἠπειγόμην
2774 1339 2829 1391 ίκ
2867 1337 3126 1394 πλείονος.
3163 1333 3243 1387 καί
3287 1353 3364 1392 τις
3405 1330 3537 1405 {nec
3578 1326 3687 1400 εἶχε

2113 1439 2204 1492 τῆς
2240 1432 2448 1506 ἐρημίας
2488 1431 2572 1484 καί
2615 1429 2851 1496 ἡσυχίας
2906 1423 3224 1487 δεινότατος,
3277 1427 3401 1495 μήτε
3445 1423 3691 1489 ἀλλαχόθι

2115 1540 2204 1576 ποι
2230 1521 2291 1575 τὸ
2329 1520 2492 1598 τίρμα
2517 1525 2608 1577 τῆς
2638 1522 2790 1582 ζωῆς.
2830 1514 2861 1574 ἦ
2887 1512 3098 1570 ἐνταῦθα
3145 1513 3518 1580 ἀπολήψεσθαι.
3567 1507 3690 1566 ’Δλλ⁹

2116 1608 2292 1668 ίπειδή
2343 1631 2399 1680 γε
2442 1612 2501 1662 οὗ
2557 1612 2715 1662 πᾶσιν
2764 1605 2970 1661 ἅπαντα
3027 1603 3160 1661 κοιτά
3203 1606 3405 1677 γνώμην
3453 1603 3692 1657 ἐκϐαίνειν

2119 1695 2221 1754 οἶόν
2265 1719 2353 1762 τε,
2393 1695 2654 1753 ἀλλ’ἴστιν
2701 1696 2772 1766 ἐφ’
2794 1691 2868 1756 οἷς
2916 1697 3002 1748 καί
3042 1696 3100 1748 τὸ
3143 1696 3316 1764 χρεὼν
3356 1693 3690 1766 ίπρυτάηυσε

2119 1789 2204 1841 καί
2243 1789 2312 1848 ὦς
2348 1781 2406 1840 ἀν
2440 1785 2672 1858 βούλοιτο
2715 1785 2874 1845 Θεὸς,
2905 1783 2964 1837 τὸ
3006 1783 3168 1856 πίρας
3211 1788 3310 1850 τῷν
3351 1783 3690 1852 ίιχειρόσεων

2121 1876 2396 1934 ἐπιτίθησι·
2422 1875 2710 1941 συμϐέϐηκε
2742 1879 2895 1928 τοῦτο
2918 1874 3085 1926 τοίνυν
3107 1875 3191 1925 καί
3229 1871 3304 1923 ἐπ’
3322 1870 3447 1941 ίμοί.
3475 1871 3564 1922 [ai
3587 1876 3688 1922 τῶν

2124 1968 2256 2020 κατά
2313 1970 2429 2020 νοῦν
2474 1963 2812 2038 διημάρτηκα,
2860 1963 2941 2016 καί
2988 1962 3076 2016 οὐκ
3111 1955 3226 2015 οἶδα
3272 1956 3339 2018 οἷς
3387 1962 3626 2030 κρίμασιν
3662 1957 3689 2011 ὃ

2125 2060 2295 2109 ταῦτα
2346 2054 2724 2129 συγχωρῆσαίς.
2774 2054 2861 2106 καί
2910 2047 3138 2124 παριδὼν
3179 2049 3301 2108 Θεὸς
3354 2048 3690 2110 ἐξεπίσταται,

2127 2141 2468 2201 ἀπεσπάσθην
2508 2148 2599 2201 τῆς
2633 2141 2774 2210 φίλης
2809 2141 3040 2214 ἐρημίας,
3085 2141 3171 2191 καί
3208 2139 3294 2191 ἐπί
3327 2142 3415 2194 τήν
3455 2135 3696 2207 βασιλειαν

2131 2231 2322 2307 [πάλιν]
2347 2233 2539 2303 axona,
2571 2233 2641 2291 ὡς
2670 2232 2773 2286 ὑπὸ
2809 2237 2918 2300 Θεῷ
2944 2232 3200 2304 μάρτυρι.
3235 2227 3384 2300 ψήφῳ
3421 2231 3509 2280 καί
3541 2230 3701 2300 κρίσει

2130 2331 2230 2380 τῶν
2274 2330 2547 2384 τηνικαῦτα
2587 2324 2635 2376 ἐν
2671 2323 2779 2382 τοῖς
2817 2321 3091 2394 βασιλείοις
3134 2317 3468 2394 ίνιδρυμένων
3510 2319 3697 2379 θὸκοις,

2131 2424 2219 2472 τοῦ
2262 2437 2316 2471 τε
2355 2411 2516 2470 κοινοῦ
2569 2421 2660 2474 τῆς
2697 2411 2999 2472 Ἐκκλησίας
3058 2412 3198 2485 ἱεροῦ
3249 2414 3582 2477 συστήματος
3625 2410 3703 2461 καί

2132 2515 2224 2567 τῆς
2255 2507 2538 2578 συγκλήτου
2577 2503 2784 2576 βουλῆς,
2813 2500 3275 2573 συμϐραϐευὸντων
3296 2501 3631 2573 ἀπαραίτητά
3655 2493 3714 2550 τί

2134 2598 2214 2651 καί
2260 2597 2638 2667 ἀσυγχώρητα,
2690 2593 2898 2664 ἐπείπερ
2954 2588 3049 2650 ἤδη
3087 2599 3178 2649 τῆς
3218 2587 3484 2660 βασιλίδος
3520 2587 3547 2642 ὁ
3586 2589 3698 2660 xpo-

2137 2687 2283 2763 εδρος
2339 2685 2422 2742 τὸν
2475 2686 2585 2757 βίον
2634 2685 2966 2756 μετήλλαξεν,
3006 2674 3091 2738 οἷά
3146 2702 3244 2755 περ
3303 2679 3570 2755 ἄνθρωπος
3629 2681 3708 2734 τὸν

2137 2777 2464 2853 ἀνθρώπινον,
2496 2774 2598 2847 οἶγε
2635 2782 2796 2827 καίτοι
2827 2772 2985 2828 πολλά
3019 2773 3404 2842 ὑπερτιθέμενον
3430 2773 3518 2823 καί
3545 2771 3707 2823 ἀπαυ-

2163 2865 2524 2936 θαδιαζὸμινον
2559 2865 2644 2918 ίπί
2689 2863 2773 2918 τὸν
2812 2862 3062 2936 ἱερατικὸν
3096 2865 3294 2918 τουτονὶ
3337 2861 3512 2932 θρόνον
3557 2863 3708 2935 spon-

2141 2985 2292 3036 γαγον
2319 3005 2333 3028 ,
2382 2961 2676 3038 τυραννίδος
2756 2961 2942 3033 μᾶλλον
3009 2959 3039 3019 ἦ
3099 2960 3306 3020 πειθοῦς
3367 2956 3516 3032 ξογον
3581 2955 3713 3028 τινὸ-

2143 3075 2306 3125 μενον.

2214 3145 2354 3200 Ἐπεῖ
2391 3139 2476 3198 οὖν
2522 3147 2605 3199 καί
2641 3149 2709 3214 μή
2755 3143 3056 3216 βουλόμενος
3098 3142 3184 3197 τὸν
3225 3141 3378 3213 ζυγὸν
3422 3137 3563 3196 τὸνῗε
3598 3138 3718 3189 {nri-

2149 3236 2356 3313 δραμον,
2390 3238 2470 3290 καί
2501 3239 2595 3296 τὰς
2619 3235 2881 3311 φροντίδας
2913 3233 3251 3307 ἀναδέδεγμαι
3285 3235 3375 3288 οὐκ
3411 3233 3584 3296 ἀξίως,
3615 3227 3719 3284 οὐδὲ

471 3353 688 3413 quoque
739 3335 874 3391 satis
920 3337 1286 3388 consentanee
1335 3321 1615 3391 suscipere
1664 3322 1884 3372 coactus
1929 3310 2046 3375 fui,

2153 3333 2219 3391 ὡς
2269 3337 2491 3405 προσῆκε
2529 3336 2590 3402 τῇ
2637 3329 2849 3404 χάριτι,
2886 3325 3086 3381 δέδοικα
3120 3328 3211 3396 μέν
3247 3331 3452 3399 πρῶτον
3485 3322 3580 3382 τάς
3613 3341 3719 3374 ποι·

473 3403 628 3488 varia
656 3427 1007 3500 apprimeque
1049 3418 1306 3491 perplexa
1354 3415 1522 3470 totius
1563 3408 1781 3466 malitiae
1817 3403 2053 3476 auctoris

474 3522 910 3580 machinamenta
938 3531 1004 3570 ac
1038 3514 1283 3582 laqueos,
1322 3506 1789 3575 malignorumque
1836 3511 1902 3552 ac
1939 3495 2055 3548 ina-

477 3611 855 3686 spectabilium
876 3607 1165 3679 spirituum
1189 3599 1440 3660 insultus,
1467 3597 1815 3661 innatamque
1837 3600 2054 3643 eorum-

479 3706 604 3760 dem
635 3677 1042 3757 stevitiem'non
1078 3706 1267 3763 parum
1297 3697 1500 3751 metuo,
1531 3699 1601 3739 ne
1628 3679 1880 3737 videlicet
1909 3677 2058 3732 inco-

481 3793 742 3864 gitantcm
787 3762 1147 3852 omnibusque
1181 3780 1441 3832 virtutum
1489 3768 1824 3829 ornamentis
1868 3762 2058 3835 prmsi-

484 3856 697 3951 diisque
728 3877 1044 3934 destitutum
1083 3878 1304 3941 repente
1342 3864 1596 3922 invadant
1641 3861 1863 3932 (norunt
1913 3856 2058 3911 enim

485 3990 574 4032 me
600 3976 656 4030 in
683 3967 1054 4041 spiritualibus
1083 3963 1388 4030 divinisque
1414 3951 1896 4013 exercitationibus
1935 3961 2060 4002 nec-

487 4067 615 4121 dum
653 4062 790 4119 satis
827 4057 1171 4120 institutum,
1219 4052 1315 4107 sed
1346 4061 1526 4119 neque
1568 4045 1822 4112 ignorant
1847 4052 2066 4110 quoque

487 4155 622 4211 artis
648 4148 925 4223 pugnandi
952 4146 1210 4202 adversus
1239 4141 1386 4212 ipsos
1420 4137 1682 4192 hactenus
1719 4146 1806 4186 me
1845 4128 2064 4184 minime

489 4248 727 4322 peritum
753 4240 1037 4313 esse),nec
1061 4252 1167 4293 nou
1197 4240 1544 4303 peccatorum
1557 4223 1751 4295 jaculis
1779 4219 2066 4276 convulne-

492 4346 638 4404 rent,
657 4349 830 4405 eaque
853 4331 1066 4388 ratione
1089 4324 1512 4384 ecclesiasticum
1540 4332 1755 4390 gregem
1781 4313 2064 4382 dissipent,

494 4447 560 4486 ac
590 4429 762 4484 aciem
792 4426 930 4481 bene
958 4421 1262 4477 ordinatam
1292 4413 1638 4473 conturbent,
1669 4417 1726 4462 et
1753 4405 1921 4460 ruinae
1952 4411 2068 4457 tan-

497 4522 620 4577 dem
661 4517 877 4574 indocte
920 4509 1274 4582 imperiteque
1318 4501 1562 4574 praelium
1603 4497 1884 4568 dirigentis
1912 4502 2067 4564 petu-

497 4613 698 4669 lantius
741 4606 1020 4664 insultent.
1071 4601 1153 4656 Ad
1190 4601 1307 4655 hmo
1343 4610 1465 4652 cum
1493 4593 1704 4648 videam
1738 4589 2068 4644 dominatum

501 4717 717 4760 omnem
753 4697 969 4755 invidia:
1003 4693 1319 4764 plerumque
1344 4683 1909 4748 obtrectationumque
1950 4677 2072 4731 telis

504 4791 799 4870 obnoxium
843 4800 965 4842 esse
989 4825 1005 4851 ,
1055 4778 1407 4837 invidentium
1453 4773 1604 4830 dolos
1655 4767 2074 4836 corumdemquc

505 4859 827 4952 pravitatem
877 4891 984 4931 non
1033 4867 1381 4928 mediocriter
1410 4869 1715 4932 suspectam
1765 4858 1936 4913 habeo
1957 4895 1972 4922 ,
2018 4864 2077 4910 ut

508 4971 602 5042 qui
629 4984 719 5025 res
745 4978 959 5023 nostras
983 4965 1098 5020 sive
1131 4963 1287 5024 bene,
1320 4957 1436 5011 sive
1465 4967 1623 5010 secus
1652 4951 1913 5026 habentes
1931 4988 1945 5014 ,
1985 4963 2076 5003 cu-

415 5053 419 5058 ’
510 5059 810 5117 riosissime
854 5057 1146 5112 observare
1189 5051 1382 5108 solent.
1434 5044 1569 5100 Nam
1620 5043 1746 5097 dum
1794 5041 1974 5096 trabes
2020 5040 2076 5095 in

418 5150 426 5160 ’
511 5151 684 5209 oculis
715 5148 828 5204 suis
856 5161 965 5202 non
993 5143 1464 5204 animadvertunt,
1505 5148 1679 5204 neque
1709 5131 2080 5202 lippitudinem

513 5247 629 5303 suis
656 5240 954 5299 luminibus
977 5237 1218 5292 adimere
1251 5237 1534 5303 satagunt,
1580 5226 1808 5282 aliorum
1847 5222 2082 5278 festucas

513 5338 728 5396 curiose
758 5327 1068 5400 inquirunt,
1099 5336 1392 5394 rerumque
1419 5317 1708 5376 admodum
1741 5313 1980 5370 tenuium
2006 5312 2083 5366 vi—

515 5432 761 5499 liumque
785 5429 844 5480 et
867 5418 1066 5477 nullius
1093 5429 1228 5486 pene
1257 5411 1513 5469 momenti
1538 5425 1700 5465 causa
1729 5406 1938 5476 linguas
1961 5417 2087 5457 suas

516 5515 708 5581 contra
754 5516 1017 5590 primates
1065 5506 1231 5579 impie
1276 5503 1677 5570 virulenterque
1723 5503 1986 5559 exerunt,
2033 5501 2089 5548 et

518 5589 774 5682 utrinque
798 5604 1165 5664 amarulenter
1189 5595 1556 5662 scelerateque
1576 5589 1902 5661 iaculantur.

595 5709 795 5761 Verum
837 5698 1134 5757 certamine
1182 5693 1284 5748 hoc
1333 5701 1454 5742 cum
1504 5684 1588 5738 his
1635 5688 1798 5736 tauttze
1839 5674 2091 5749 potentiae

526 5796 775 5852 hostibus
804 5798 1078 5860 suscepto,
1121 5784 1274 5854 cujus
1313 5777 1540 5836 alterius
1579 5788 1738 5844 opem
1765 5787 1831 5824 ac
1859 5768 2092 5838 patroci-

532 5888 682 5942 uium
711 5859 990 5954 implorent
1017 5876 1390 5940 commodius,
1443 5882 1604 5940 (piam
1656 5862 1795 5918 illius
1843 5861 1933 5931 qui
1981 5859 2093 5914 hinc

2151 3421 2288 3481 κίλας
2342 3423 2428 3474 καί
2475 3415 2827 3478 πολυπλόκους
2892 3417 3281 3492 μηχανουργίας
3332 3410 3420 3468 τοῦ
3478 3415 3721 3480 σοφιστοῦ

2152 3520 2243 3573 τῆς
2279 3512 2477 3576 κακίας,
2501 3511 2586 3563 καί
2624 3515 2723 3563 τῶν
2767 3514 2995 3580 πονηρῶν
3035 3509 3116 3560 καί
3165 3506 3387 3580 ἀοράτων
3413 3503 3727 3572 πνευμάτων

2153 3609 2241 3663 τήν
2293 3604 2670 3666 ἐπανάστασιν,
2703 3606 2898 3672 μήποτε
2943 3599 3130 3672 γυμνῶ
3164 3601 3245 3653 καί
3294 3588 3483 3650 ἄοπλον
3528 3584 3634 3650 τῶν
3674 3595 3724 3648 ίι

2154 3704 2246 3755 τῆς
2301 3695 2488 3764 ἀρετῆς
2537 3693 2934 3765 κατορθωμάτων
3001 3688 3354 3759 ἐπειλημμένα.
3402 3683 3566 3739 Οὔπω
3630 3688 3724 3756 γάρ

2156 3803 2218 3855 με
2249 3791 2355 3842 τοῖς
2383 3788 2743 3852 πνευματικοῖς
2769 3782 2848 3834 καί
2874 3779 3020 3839 θείοις
3055 3774 3546 3848 παιδοτριϐοὐμενον
3577 3771 3720 3841 ἔγνω·

2158 3899 2281 3941 σαν,
2313 3876 2342 3936 ἢ
2376 3884 2438 3949 τῇ
2474 3875 2587 3930 κατ’
2609 3875 2772 3928 αὐτῶν
2821 3870 3284 3944 ίγγεγυμνασμίνον
3307 3865 3338 3926 ἦ
3367 3860 3724 3939 διαγωνισάμε-

2159 3989 2240 4021 νον
2265 3967 2398 4040 πάλῃ
2425 3961 2802 4038 προσέϐλεψαν,
2831 3969 2938 4020 τοῖς
2968 3967 3058 4020 τῆς
3085 3957 3348 4031 ἁμαρτίας
3373 3957 3724 4031 τιτρώσκοντες

2163 4059 2331 4129 βέλεσι
2364 4057 2422 4112 τὸ
2461 4055 2754 4114 Ἐκκλησίας
2797 4050 3046 4107 θεόλεκτον
3073 4049 3399 4124 ὐπορῥήξωσι
3427 4048 3624 4117 στῖγος,
3653 4043 3727 4093 καί

2162 4155 2252 4208 τὴν
2281 4147 2522 4203 εὔτακτον
2547 4149 2735 4206 ταύτης
2765 4147 3088 4218 παράστασιν
3114 4139 3522 4212 διαλυμήνωνται
3549 4143 3620 4207 τῷ
3644 4139 3726 4188 τοῦ

2165 4240 2395 4298 ἀϐούλως
2447 4241 2530 4291 καί
2579 4237 2783 4306 ἀμαθῶς
2836 4235 3234 4308 ταξιαρχοῦντος
3287 4229 3727 4299 ἐπικαγχάσαντες

2165 4335 2423 4401 πτώματι.
2445 4327 2658 4385 Ἐπειτα
2693 4326 2744 4384 δί
2781 4325 2898 4380 ίδὼν
2925 4327 3011 4380 καί
3035 4331 3127 4384 τῆς
3159 4324 3333 4394 ἀρχῆς
3365 4321 3422 4374 τὸ
3449 4320 3729 4372 ἐπείσακτον

2168 4428 2254 4479 καί
2283 4425 2534 4496 ἐπίφθονον
2567 4428 2668 4476 τῶν
2711 4417 3084 4490 βασκαινόντων
3130 4411 3401 4472 ὐπείδομαι
3436 4411 3500 4464 τὸ
3544 4407 3730 4479 δολερὸν

2170 4515 2254 4568 καί
2293 4512 2528 4572 κγκὸηθις
2552 4508 2595 4564 oi
2623 4513 2784 4580 πάντῃ
2828 4507 3082 4576 ἐπιτηρεῖν
3129 4497 3478 4564 σπουδάζουσι
3524 4499 3593 4552 τά
3625 4495 3733 4566 ὁμέ-

2097 4640 2149 4700 D
2173 4625 2297 4680 τερα
2341 4599 2398 4657 εὖ
2438 4622 2490 4657 τε
2523 4603 2603 4655 καί
2634 4601 2702 4658 ὡς
2727 4598 2909 4668 ίτίρως
2940 4593 3150 4664 ἔχοντα.
3183 4592 3285 4651 Τάς
3313 4593 3402 4659 μέν
3433 4585 3613 4646 δοκοὺς
3639 4591 3732 4640 τοῖς

2187 4697 2197 4700 -
2459 4697 2468 4700 ,
2669 4690 2679 4700 ι
2846 4691 2858 4700 ι
2913 4688 2955 4700 In
2977 4689 2987 4700 ι
3204 4679 3228 4696 η
3534 4681 3546 4696 9
3561 4677 3606 4700 QE
3658 4679 3732 4700 ᾉγΣ-.

2178 4697 2369 4770 ἑαυτῶν
2457 4690 2769 4763 ὲπικειμένας
2808 4691 2865 4742 οὐ
2905 4688 3164 4757 βλέποντες
3201 4679 3444 4753 ὄμμασιν,
3492 4677 3609 4733 οὐδὲ
3651 4679 3734 4732 τήν

2177 4788 2334 4861 λήμην
2364 4787 2464 4840 ἀπὸ
2487 4792 2587 4840 τῶν
2611 4783 2869 4855 ὀφθαλμῶν
2890 4778 3238 4854 προκαθαίρειν
3265 4773 3579 4845 αἱρούμενοι,
3607 4766 3736 4820 ἀλλό-

2179 4879 2299 4956 τρια
2345 4879 2394 4933 δὲ
2443 4879 2603 4952 κάρφη
2644 4872 3098 4949 περιεργαζόμενοι,
3127 4870 3214 4922 καὶ
3256 4871 3482 4938 σμικρῶν
3513 4861 3638 4933 ἄγαν
3664 4859 3736 4910 καί

2183 4973 2386 5028 εὐτελῶν
2409 4965 2596 5031 ἕνεκεν,
2625 4970 2710 5021 καί
2740 4972 2826 5020 τοῦ
2856 4962 3066 5036 μηδενος
3101 4957 3250 5030 λόγου
3295 4960 3444 5021 ἀξίων
3471 4958 3565 5014 τὰς
3592 4954 3737 5022 γλώσ·

2186 5084 2284 5123 σας
2323 5062 2415 5122 τὰς
2443 5060 2634 5113 ἑαυτῶν
2672 5049 2801 5110 κατά
2843 5060 2940 5110 τῶν
2982 5048 3310 5127 προεχόντων
3359 5047 3574 5102 ἀνοσίως
3611 5039 3735 5095 ὁπλί-

2181 5155 2353 5218 ζουσι,
2395 5153 2473 5205 καί
2525 5147 2869 5221 ἀμφοτέρωθεν
2917 5149 3110 5217 πικρῶς
3157 5142 3242 5195 καί
3292 5138 3579 5194 ἀδικώτατα
3626 5130 3737 5206 βάλ-

2179 5245 2345 5301 λουσι.

2257 5671 2398 5727 ’Δλλά
2434 5669 2633 5724 τουτονί
2673 5662 3066 5735 ἀναδεδέγμενος
3107 5662 3189 5714 τὸν
3223 5659 3427 5730 ἀγῶνα,
3459 5671 3549 5711 τινι
3589 5647 3741 5703 λοιπὸν

2192 5759 2375 5840 ἀρωγῶ
2409 5763 2498 5816 καὶ
2537 5759 2847 5828 συλλήπτορι
2890 5759 3176 5826 χρήσομαι,
3205 5750 3236 5810 ἦ
3281 5758 3354 5819 τῷ
3391 5755 3546 5803 ταῦτα
3590 5760 3740 5808 παρα-

2196 5861 2455 5928 χωροῦντι
2521 5847 2801 5924 Θεῷ;ιιαρ’
2832 5844 2888 5901 οὗ
2941 5848 3118 5909 ίξγιτῶ
3170 5844 3325 5920 (ὀπὴν
3383 5843 3465 5894 καί
3502 5836 3738 5909 βοήθειαν.
