3954 6204
378 367 510 420 10ίὸ

1787 368 2170 426 EPISTOLA'J.

2964 333 2976 358 ι

3483 371 3546 422 Hi
3561 373 3616 422 ili

369 479 706 550 εὐσπλᾶγχνῳ
732 479 817 532 καί
843 481 1039 548 εὔμενεῖ
1063 472 1252 551 ὄμματι
1295 483 1381 538 ἐπί
1411 488 1500 544 τὴν
1526 484 1644 554 ἐμήν
1672 483 1927 554 ίπιϐλίψαι

2039 483 2305 550 permisit,
2338 483 2440 538 hoc
2467 491 2548 538 est
2582 482 2715 538 Dei?
2762 483 2891 553 Ejus
2921 482 3152 551 proinde
3174 483 3431 539 virtutem
3460 483 3616 534 anxi-

371 569 718 641 αετριότητα,
753 573 1002 642 κρατῆσαί
1046 592 1100 626 τε
1143 581 1232 634 τῆς
1285 575 1463 648 χειρὸς
1500 583 1591 635 τῆς
1636 573 1827 638 δεξιᾶς,
1859 577 1943 628 καί

367 657 618 730 ὁδηγῆσαι
645 659 775 732 πρός
800 680 852 714 τε
877 661 935 716 τὸ
960 664 1114 717 αὐτοῦ
1141 665 1327 727 θέλημα
1353 668 1436 720 καί
1469 663 1570 720 τῶν
1605 666 1942 742 ἐγχειρισθὲνο

366 770 467 803 των
494 751 623 823 πρός
656 753 908 826 σωτηρίαν
938 754 1253 830 κυϐίρνησιν.
1295 753 1391 817 ὀς
1417 778 1472 830 γε
1501 760 1583 812 καί
1610 758 1944 812 ἀναϐάλλεται

365 837 450 892 ἐπί
470 845 575 897 τοῖς
602 836 889 912 δυσχερέσι
925 844 1126 904 τούτοις
1155 848 1238 899 καί
1262 847 1484 900 ἀνιῶσιν⁶
1524 846 1554 905 ἦ
1585 845 1671 902 διὰ
1702 853 1792 907 τήν
1821 849 1943 918 ἠμε-

367 928 519 1000 τὲραν
554 929 728 982 κακίαν
762 932 848 982 καί
885 930 1148 1000 βελτίωσιν
1197 934 1456 1006 ἐπανάγων
1491 937 1644 1006 ἡμᾶς,
1674 936 1704 996 ἧ
1731 937 1857 1014 πρὸς
1883 937 1944 991 τὸ
1971 985 1976 989 .

369 1017 564 1069 ἐκείνων
598 1019 670 1077 είς
715 1019 850 1087 ἡμᾶς
890 1026 1350 1095 παραγυμνοῦσθαι
1393 1028 1452 1081 τὶ
1533 1034 1819 1103 κακοῦργον
1861 1029 1942 1082 καί

365 1103 676 1179 δύστροπον,
708 1110 776 1166 ὡς
811 1103 870 1160 ἂν
895 1115 966 1178 μή
991 1111 1197 1184 λανθάνῃ
1221 1116 1402 1188 πικρία
1443 1117 1684 1179 ὕπουλος,
1710 1119 1759 1170 ίν
1785 1116 1941 1192 ψυχῇ

366 1195 585 1270 δολερῶς
645 1199 1036 1269 ίμφωλεύουσα,
1085 1204 1283 1268 ἀλλἐίς
1333 1203 1594 1283 προῦπτον
1639 1211 1821 1273 ἐξέλθοι
1857 1214 1943 1264 καί

365 1287 576 1356 ἐμφανές
599 1286 656 1341 τὸ
685 1289 1050 1362 κρυπτόμενον.

2045 572 2282 642 liumque
2319 572 2521 644 jugiter
2567 575 2778 638 invoco,
2825 575 3208 644 eumdemque,
3261 581 3320 626 ut
3362 572 3623 627 bCIICVttIO

2044 662 2487 732 misericordique
2511 665 2670 719 oculo
2697 664 2764 718 ad
2795 680 2984 718 meam.
3001 665 3320 719 tenuitatem
3349 664 3622 734 respiciat,

2043 751 2344 822 dextraque
2371 767 2534 808 manu
2565 769 2652 807 me
2682 754 2898 818 fnlciat,
2933 761 2989 809 et
3018 755 3083 808 ad
3111 769 3264 809 suam
3294 755 3626 809 voluntatem

2043 841 2463 913 salutaremque
2501 845 2841 898 subditorum
2903 845 3350 915 gubernationem
3411 857 3628 914 semper

2043 931 2270 1002 dirigat,
2300 932 2464 987 etiam
2497 943 2662 1003 atque
2689 935 2853 989 etiam
2883 949 3033 1004 rogo.
3080 934 3181 1001 Qui
3225 935 3443 1004 quidem
3483 935 3527 988 si
3573 935 3625 988 in

2042 1024 2400 1091 praesentibus
2427 1023 2833 1080 diﬁicultatibus
2875 1041 2940 1079 ac
2979 1025 3244 1080 molestiis
3271 1040 3428 1094 opem
3469 1041 3624 1079 suam

2039 1114 2326 1170 obscurius
2350 1114 2626 1180 declarat,
2663 1117 2716 1170 id
2751 1125 2975 1187 propter
3002 1125 3245 1172 nostram
3276 1117 3474 1171 accidit
3515 1131 3625 1170 ma-

2042 1204 2213 1260 litiam
2241 1221 2350 1277 quo
2382 1207 2637 1261 nimirum
2670 1208 2770 1263 hac
2799 1223 2897 1262 nos
2925 1209 3134 1263 ratione
3173 1209 3240 1262 ad
3266 1209 3399 1261 'viuc
3438 1222 3624 1262 emen-

2039 1296 2312 1352 dationem
2354 1297 2592 1363 alliciat;
2653 1298 2735 1353 vel
2785 1299 2907 1354 ideo
2955 1315 3106 1364 sane,
3155 1316 3262 1370 quo
3309 1299 3522 1354 illorum
3573 1299 3624 1352 in

2039 1401 2140 1442 nos
2169 1386 2557 1457 malignitatem
2588 1405 2652 1444 ac
2681 1390 3092 1459 perversitatem
3119 1391 3298 1460 palam
3329 1390 3525 1454 faciat,
3558 1404 3625 1443 ne

2038 1475 2391 1532 subdolorum
2422 1478 2708 1534 virulentia
2754 1481 2950 1536 callide
2992 1482 3047 1535 in
3092 1483 3277 1537 animo
3315 1483 3621 1545 occultata,

2039 1576 2257 1622 maneat
2283 1568 2557 1636 incognita
2577 1610 2592 1634 ,
2639 1570 2737 1624 sed
2778 1571 3135 1640 quodcunque
3163 1573 3436 1628 occultum
3467 1573 3624 1627 abdi-

2038 1665 2260 1728 tumque
2286 1659 2339 1712 in
2371 1658 2586 1714 illorum
2619 1659 2816 1714 animis
2847 1660 3136 1727 delitescit,
3169 1662 3224 1717 id
3255 1669 3429 1717 totum
3460 1662 3513 1716 in
3545 1661 3615 1717 lu-

2035 1761 2153 1802 cem
2183 1749 2513 1819 proferatur.

432 1838 491 1890 Εί
522 1834 577 1892 δί
619 1836 828 1913 ἀδελφός
875 1844 978 1900 ύπό
1024 1844 1233 1916 ἀδελφοῦ
1283 1847 1650 1919 βοηθούμενος,
1691 1850 1760 1908 ὡς
1791 1849 1927 1910 πόλις

2110 1836 2246 1903 Quia
2274 1854 2406 1908 ergo
2432 1839 2602 1896 frater
2642 1857 2672 1896 a
2716 1841 2889 1898 fratre
2929 1843 3178 1912 adjutus,
3223 1855 3308 1901 est
3337 1847 3501 1901 veluti
3538 1849 3618 1902 ei-

363 1931 562 2002 ὁχυρά,
608 1935 690 1986 καὶ
732 1927 1145 2007 μεμοχλευμένον
1185 1939 1472 2008 βασίλειον,
1524 1943 1658 1995 κατά
1701 1944 1785 1998 τὸν
1799 1941 1939 1996 Σολο-

363 2023 638 2088 μώντειον,
687 2025 818 2094 ἡμᾶς
871 2028 1217 2093 νενουθέτηκε,
1261 2027 1438 2099 δέομαι
1494 2032 1584 2100 μὲν
1644 2034 1731 2086 καί
1781 2028 1938 2086 ἄλλων

361 2109 598 2164 πλειόνων
629 2113 806 2186 εὐχῶν
849 2119 919 2177 εἷς
953 2116 1204 2188 βοήθειαν,
1235 2119 1460 2190 μάλιστα
1499 2119 1554 2176 δέ
1594 2125 1797 2178 πάντων
1845 2131 1937 2185 τῆς

359 2197 503 2266 ὑμῶν
546 2200 595 2252 ἰν
626 2203 878 2272 πνεύματι
915 2207 1271 2268 ποθεινοτάτης
1309 2212 1390 2263 καί
1434 2211 1574 2284 ίερᾶς
1603 2209 1938 2284 ἁδελφότητος

359 2289 530 2363 ἱεραῖς
578 2293 760 2364 εὐχαῖς
799 2298 886 2350 καί
931 2301 1058 2372 πρὸς
1105 2299 1229 2354 Θεὸν
1268 2303 1550 2370 μεσιτείαις
1589 2309 1933 2378 κεχρήσομαι,

362 2382 430 2436 ὡς
463 2381 711 2450 μεγίστην
747 2383 863 2454 ἡμῖν
901 2387 1146 2458 φέρουσαι
1186 2384 1356 2447 ὄνησίν
1386 2411 1442 2446 τε
1472 2393 1555 2446 καί
1588 2392 1934 2468 ἐπικούρησιν,

359 2465 437 2522 οἷά
468 2477 578 2543 θεῷ
615 2471 1054 2545 πλησιαζούσαις,
1099 2481 1182 2534 καί
1221 2481 1350 2554 πρὸς
1395 2482 1453 2536 τό
1490 2479 1593 2537 ἄνω
1634 2485 1719 2538 καί
1766 2486 1937 2558 νοερόν

359 2560 746 2637 ἀναφερομέναις
787 2566 1168 2641 θυσιαστήριον,
1225 2571 1454 2644 καθαρῶς
1494 2573 1937 2646 προσομιλοῦντων

359 2651 498 2720 ὑμῶν
526 2655 611 2706 καί
645 2655 1006 2726 ἀκροῳμίνωνς
1041 2665 1297 2728 σιγώντων
1334 2680 1388 2714 τε
1432 2664 1518 2716 καί
1565 2662 1935 2735 ἐπιϐοωμένων,

357 2741 582 2815 καθάπερ
627 2743 673 2795 οί
715 2746 837 2816 περὶ
875 2746 1100 2800 Μωυσέα
1147 2751 1230 2802 καί
1274 2751 1501 2821 Σαμουὴλ
1545 2754 1820 2818 ἠκούοντο,
1853 2760 1937 2812 καί

359 2829 408 2883 εἴ
429 2853 507 2892 τις
537 2829 683 2892 ἄλλος
725 2834 836 2889 κατ’
851 2837 1040 2896 αύτούς
1079 2842 1196 2911 περὶ
1239 2847 1312 2909 τῷ
1341 2844 1612 2912 πνεύματι.
1657 2845 1746 2898 Διά
1784 2853 1936 2901 τοῦτο

356 2921 762 2993 συλλαμϐάνεσθὲ
805 2947 904 2996 μου
933 2936 996 3001 τῇ
1037 2930 1287 3005 ἀσθενείᾳ,
1325 2934 1409 2987 καί
1446 2941 1639 3010 χεῖρας
1675 2934 1819 2998 ὁσίας
1862 2940 1935 3000 είς

358 3008 489 3073 τῖφος
515 3010 746 3087 διάρατε.
780 3018 1100 3090 Πεπείσμεθα
1129 3021 1229 3094 γάρ
1258 3022 1460 3077 ύπεῖναι
1492 3008 1594 3080 ἀπὸ
1613 3033 1707 3087 τῆς
1732 3030 1934 3107 παρρη·

353 3107 469 3163 σίας
496 3109 586 3163 τήν
617 3103 850 3176 δύναμιν.
885 3106 1068 3163 ἄνωθεν
1095 3112 1217 3180 ἡμῖν
1260 3115 1347 3169 τὸν
1394 3111 1534 3170 ἵλεον
1566 3117 1811 3183 ἕλκοντες.
1847 3124 1933 3177 καί

2040 1928 2180 1983 vitas
2221 1931 2461 1995 munita,
2508 1931 2877 2003 palatiumque
2923 1937 3192 2006 repagulis
3235 1939 3618 2005 oblirnmtnm,

2037 2019 2488 2086 quemadmodum
2503 2021 2757 2077 Salomon
2777 2024 2972 2080 alicubi
2995 2034 3226 2082 testatur
3243 2026 3424 2100 (Prov.
3442 2031 3618 2102 xviii),

2037 2108 2330 2178 plurimum
2366 2113 2585 2182 quidem
2620 2117 2886 2172 orationis
2916 2118 3167 2188 imploro,
3215 2121 3358 2175 sicut
3385 2121 3620 2191 plurium

2038 2219 2252 2274 quoque
2289 2206 2525 2276 praesidii
2563 2207 2818 2280 indigeo:
2852 2219 2911 2265 at
2944 2213 3188 2266 omnium
3218 2227 3349 2268 vero
3386 2214 3621 2269 maxime

2038 2303 2255 2350 sanctas
2275 2305 2478 2352 sanctae
2512 2307 2567 2352 et
2603 2299 2658 2352 in
2694 2301 2888 2369 spiritu
2920 2303 3398 2359 desideratissima:
3427 2305 3615 2360 frater-

2039 2386 2224 2443 nitatis
2255 2398 2447 2444 vestrm
2475 2407 2666 2461 preces
2706 2402 2761 2448 et
2800 2394 2868 2448 ad
2906 2395 3074 2450 Deum
3106 2397 3521 2454 intercessiones
3565 2400 3619 2453 in

2037 2482 2323 2549 praesentia
2350 2491 2567 2553 exopto,
2596 2487 2927 2558 easdemque
2961 2503 3308 2559 summopere
3336 2491 3616 2556 desidero;

2038 2585 2162 2624 cum
2199 2573 2344 2626 enim
2378 2582 2482 2628 tua:
2512 2590 2703 2644 preces
2739 2579 2884 2634 haud
2929 2596 3086 2636 secus
3129 2589 3291 2651 atque
3323 2583 3522 2654 Moysis
3566 2592 3623 2637 et

2039 2659 2337 2730 Samuelis,
2375 2674 2469 2720 aut
2499 2667 2547 2722 si
2575 2670 2846 2744 quispiam
2875 2673 3013 2728 alius
3041 2690 3282 2744 unquam
3314 2676 3400 2730 his
3426 2677 3620 2732 similis

2035 2752 2275 2818 exstitit,
2321 2757 2391 2812 ob
2432 2757 2513 2812 sui
2555 2741 2860 2828 puritatem.
2888 2741 3280 2820 maxime—Deo
3326 2768 3619 2836 appropin-

2035 2852 2232 2913 quent,
2264 2855 2517 2918 rectaque
2545 2851 2614 2905 ad
2641 2851 2864 2907 cmleste
2893 2853 3023 2909 illud
3051 2864 3106 2909 et
3137 2857 3418 2925 spirituale
3447 2858 3621 2914 altare

2036 2934 2296 3002 ferantur,
2327 2953 2433 2994 non
2469 2940 2778 2998 dubitamus
2813 2945 2942 3014 quin
2974 2947 3268 3002 maximam
3313 2949 3418 3004 illae
3461 2951 3619 3006 nobis

2034 3041 2191 3097 opem
2239 3029 2634 3102 utilitatemque
2678 3033 2922 3090 allaturzn
2973 3038 3102 3092 sint.
3167 3039 3334 3110 Opem
3387 3043 3614 3111 proinde

2035 3133 2171 3175 mea:
2198 3120 2337 3177 ferte
2367 3123 2700 3190 inﬁrmitati,
2730 3136 3062 3199 sanctasque
3092 3141 3302 3189 vestras
3335 3151 3528 3193 manus
3563 3138 3617 3193 in

352 3195 496 3250 ἵλεων
521 3199 609 3252 τὸν
630 3199 752 3253 Θεὸν
773 3203 894 3273 ἡμῖν
917 3202 1258 3276 ἐργαζόμενοι,
1281 3203 1578 3278 δυναμῶσαι
1601 3213 1684 3265 καί
1708 3179 1927 3288 ἐπιρρῶ-

2034 3209 2205 3266 altum
2233 3213 2521 3270 sustollite.
2563 3215 2898 3276 Conﬁdimus
2924 3222 3068 3276 enim
3100 3223 3396 3280 eﬁieaeiam
3425 3237 3619 3285 vestra:

356 3307 449 3340 σαι
476 3288 534 3342 τὸ
561 3290 768 3352 ἀσθενές
801 3312 858 3347 τε
880 3297 964 3349 καί
984 3291 1181 3361 ἄτονον,
1207 3300 1287 3352 καί
1312 3299 1396 3354 τὸν
1424 3301 1631 3372 θώρακα
1657 3307 1932 3375 ἠμφιεσμέ-

351 3398 469 3438 νους
505 3387 598 3441 τῆς
634 3385 862 3446 πίστεως
889 3390 968 3442 καί
1003 3393 1096 3448 τήν
1137 3392 1525 3464 περικεφαλαίαν
1568 3394 1932 3465 περιϐαλλομέ-

349 3492 489 3536 νους,
517 3483 694 3532 στῆναι
716 3481 955 3547 γενναίως
977 3482 1106 3552 πρὸς
1130 3483 1224 3539 τάς
1251 3482 1426 3552 ἀρχάς
1449 3484 1533 3534 καί
1560 3484 1651 3540 τάς
1677 3485 1927 3547 ἐξουσίας,

353 3566 577 3622 καὶτοὺς
606 3570 1016 3644 κοσμοκράτορας
1039 3576 1131 3623 τοῦ
1174 3570 1392 3631 σκότους
1414 3578 1502 3626 τοῦ
1536 3574 1713 3632 αἰῶνος
1743 3575 1929 3630 τούτου

353 3652 482 3719 πρὸς
528 3657 595 3708 τά
636 3662 952 3726 πνευματικά
994 3669 1087 3719 τῆς
1134 3664 1414 3733 πονηρίας,
1455 3665 1585 3738 πρός
1629 3664 1692 3725 ἃς
1743 3669 1865 3738 ἡμῖν
1897 3669 1928 3726 ἡ

352 3744 486 3802 πάλη
533 3747 854 3812 καθέστηκεν,
885 3749 1088 3824 ἐδραῖόν
1118 3772 1174 3807 τε
1211 3756 1294 3808 καί
1331 3756 1680 3814 ἀκατάϐλητον
1704 3766 1796 3818 τῆς
1822 3759 1925 3831 ψυ-

351 3841 454 3901 χῆς
491 3835 810 3907 φυλαχθῆναι
851 3838 1294 3914 [διαφυλαχθῆναι]
1339 3847 1396 3899 τὸ
1433 3847 1696 3914 σύντονον,
1726 3847 1801 3904 ἔτι
1842 3853 1929 3906 καί

347 3927 477 3999 πρὸς
511 3930 841 3993 ἀπειθοῦντας
869 3936 952 3987 καί
994 3935 1380 4002 ἀντιτείνοντας,
1415 3941 1598 4000 αἰσίως
1637 3945 1720 3997 καί
1753 3940 1928 4008 δεξιῶς

301 4014 310 4020 ’
347 4019 601 4090 φέρεσθαι,
642 4023 724 4074 καί
778 4027 847 4082 ὡς
889 4025 1038 4079 τέκνα
1084 4027 1305 4089 τούτους
1352 4036 1444 4089 τῆς
1488 4029 1773 4094 Ἐκκλησίας
1813 4035 1925 4090 υίο-

346 4111 618 4179 ποιεῖσθαι,
649 4115 730 4167 καί
777 4116 1014 4190 πρόϐατα
1063 4118 1264 4191 λογικῆς
1305 4119 1516 4195 Ιλογικά]
1561 4133 1653 4188 τῆς
1693 4129 1924 4192 ἔκλεκτῆς

345 4206 434 4254 τοῦ
459 4209 679 4278 Χριστοῦ
708 4207 924 4276 ποίμνης
954 4213 1364 4283 καταρτίζοντες,
1392 4217 1478 4268 καί
1499 4223 1562 4290 τῇ
1588 4217 1697 4292 θείᾳ
1722 4217 1923 4295 μάνδρᾳ

344 4297 436 4350 τῆς
458 4291 744 4355 ’Βκκλησίας
788 4297 1127 4362 ἐναυλίζεσθαι
1172 4291 1923 4376 παρασκευάζοντεςςάνάλωτα

343 4390 448 4443 τοῖς
481 4382 696 4446 mlta};
731 4390 1107 4464 σπαράσσονσι
1151 4393 1320 4458 λύκοις
1369 4401 1596 4472 γίνεσθαι
1643 4411 1754 4467 τοῖς
1802 4405 1917 4478 ὁμο-

340 4472 474 4530 νοίας
498 4476 580 4527 καί
603 4479 886 4546 συμπνοίας
920 4481 1230 4556 σημάντροις
1264 4485 1717 4562 ίσφραγισμίνους,
1743 4497 1916 4552 ἀνεπιο

343 4563 644 4629 ϐουλεύτους
694 4573 776 4624 καί
826 4573 1085 4649 ἀτρώτους
1134 4573 1464 4652 ίπάρχοντας
1510 4581 1912 4660 [Scapha-atad,

337 4655 420 4709 ’ίνα
468 4665 530 4730 τῇ
574 4660 774 4716 πάντων
817 4664 958 4733 ἡμῶν
1009 4667 1191 4740 κεφαλῇ
1235 4680 1441 4745 Χριστῷ
1477 4683 1548 4742 τῷ
1587 4678 1915 4752 ἀρχιποίμενι

337 4745 712 4807 ύποτὰσσοιντο
767 4758 852 4809 καί
908 4757 1093 4815 εὐήνιον
1143 4760 1282 4830 αὐτῷ
1338 4764 1422 4816 τὸν
1469 4768 1669 4837 αὐχένα
1723 4773 1910 4842 ὑποφέ-

335 4853 468 4908 ροιεν
475 4879 487 4891 .

404 5081 710 5154 Καθαροῆναι
747 5086 801 5142 δέ
835 5093 967 5162 ἡμᾶς
996 5100 1079 5148 καὶ
1119 5096 1490 5172 λαμπρυνθιῖμαι
1511 5141 1524 5164 ,
1560 5108 1641 5158 καί
1680 5109 1910 5176 γενέσθαι

331 5164 494 5222 τέλεια
536 5171 726 5228 τελείου
769 5182 930 5249 φωτός
977 5187 1262 5252 γεννήματα
1286 5225 1301 5251 ,
1341 5189 1472 5243 ὥστε
1528 5188 1772 5250 δύνασθαι
1823 5203 1907 5252 καὶ

330 5250 496 5354 όίλλοις
525 5262 847 5330 μεταδιδόναι
875 5250 1231 5347 λαμπρότητος
1257 5250 1337 5335 καί
1365 5280 1676 5354 καθάρσεως,
1710 5250 1905 5346 δοθῆναι

330 5344 384 5400 δέ
429 5351 546 5422 ἡμῖν
589 5354 733 5428 λόγον
766 5356 818 5412 ίν
863 5363 1042 5427 ἀνοίξει
1069 5371 1160 5420 τοῦ
1191 5368 1450 5439 στόματος
1481 5373 1553 5432 είς
1585 5376 1641 5430 τό
1685 5377 1902 5456 πληροῦν

329 5441 446 5498 τούς
464 5443 809 5515 ἀκροωμένους
830 5454 1138 5523 πνεύματος,
1168 5461 1246 5513 καί
1275 5459 1557 5535 κηρύσσειν
1606 5467 1791 5531 ἀόκνως
1820 5478 1900 5528 καὶ

328 5537 719 5597 σνντονωτάτως
760 5547 858 5594 τῶν
904 5543 1163 5618 καθ’ἡμᾶς
1204 5555 1504 5621 μυστηρίων
1538 5560 1627 5614 τήν
1667 5557 1894 5627 δύναμιν,

332 5615 511 5692 ᾖάριτι
539 5633 628 5678 τοῦ
660 5639 952 5699 τρανοῦντος
980 5615 1213 5705 γλῶσσαύ
1235 5615 1531 5714 μογγρλοίλον
1550 5615 1892 5725 [peril-1);)”,

328 5713 410 5761 καί
445 5712 604 5775 πόδας
652 5718 824 5791 ὀρθοῦν
863 5721 1139 5796 δυναμένου
1191 5731 1532 5804 χωλεύοντας,
1581 5743 1658 5794 καί
1696 5750 1895 5819 τρέχειν

1941 4541 1996 4601 Ι)

2032 3301 2244 3358 ﬁducia:
2274 3321 2382 3360 non
2413 3307 2718 3364 defuturam
2741 3352 2756 3378 ,
2800 3315 2896 3368 sed
2929 3314 3025 3369 Dei
3063 3316 3488 3376 misericordiam
3525 3323 3617 3379 be-

2030 3391 2478 3462 nignitatemque,
2509 3412 2606 3466 per
2634 3399 2774 3453 hanc
2803 3411 3148 3469 provocatam
3170 3447 3184 3471 ,
3213 3420 3435 3478 repente
3460 3415 3618 3470 nobis

2031 3477 2359 3546 adfuturam,
2389 3492 2743 3554 nostramque
2772 3489 3164 3560 inﬁrmitatem,
3190 3514 3253 3552 ac
3277 3477 3613 3559 debilitatem

2029 3569 2473 3627 eonﬁrmaturam
2495 3576 3097 3652 corroboraturamque,
3115 3601 3224 3655 quo
3244 3588 3366 3644 ﬁdei
3389 3591 3612 3648 loricam

2030 3657 2224 3725 induti,
2249 3669 2305 3715 et
2329 3663 2442 3733 spei
2470 3665 2620 3736 galea
2651 3668 2987 3728 circumteeti
3010 3673 3226 3747 (Ep/ws.
3250 3696 3336 3748 vr;
3370 3683 3398 3736 Ι
3427 3683 3609 3741 Thess.

2028 3749 2109 3822 γ),
2137 3751 2404 3824 intrepide
2437 3760 2829 3827 potestatibus,
2870 3765 3240 3838 principibus,
3274 3783 3327 3827 et
3363 3775 3614 3833 tenebra-

2028 3857 2148 3898 rum
2185 3846 2367 3902 sazculi
2407 3848 2568 3918 hujus
2601 3857 2990 3924 potentatibus,
3020 3863 3230 3931 spiritui
3260 3882 3474 3938 quoque
3498 3887 3612 3927 ma-

2028 3931 2190 3999 litize,
2241 3937 2561 4006 quibuscum
2605 3955 2863 4013 perpetua
2909 3951 3063 4006 nobis
3105 3953 3247 4010 lucta
3278 3931 3609 4028 intercedit,

2024 4025 2374 4096 obsistamus,
2401 4038 2458 4085 et
2484 4033 2733 4088 stabilem
2765 4037 3256 4114 inconcussamque
3281 4049 3446 4104 animi
3479 4067 3610 4107 con-

2025 4117 2278 4172 stantiam
2309 4120 2678 4191 retineamus;
2738 4127 2966 4184 rebelles
3016 4143 3276 4201 prmterea
3325 4138 3605 4212 hucusque

2025 4208 2393 4278 adversantes,
2438 4214 2630 4272 dextrc
2659 4217 3023 4290 decenterque
3052 4224 3270 4282 Christo
3298 4208 3606 4288 lucrifacia-

2024 4311 2174 4363 mus,
2207 4308 2263 4354 et
2288 4301 2454 4358 veluti
2484 4306 2790 4376 adoptionis
2818 4310 2958 4367 ﬁlios
2986 4324 3187 4370 sancta:
3223 4318 3316 4374 Dei
3354 4320 3606 4380 Ecclesia:

2023 4389 2390 4459 restituamus,
2419 4411 2551 4452 oves
2576 4399 2646 4453 ad
2672 4400 2790 4456 lucc
2818 4404 3101 4462 rationalis
3128 4409 3397 4482 eiectique
3426 4419 3604 4486 gregis

2023 4479 2240 4539 Christo
2268 4485 2632 4557 perﬁciamus,
2681 4502 2738 4549 et
2781 4495 2834 4550 in
2877 4513 3061 4555 sacras
3095 4501 3350 4560 Ecclesia:
3394 4508 3598 4575 caulas,

2021 4584 2088 4624 ne
2132 4585 2161 4624 a
2209 4571 2350 4644 lupis
2392 4575 2701 4636 immaniter
2736 4585 3034 4643 dilacerare
3077 4589 3252 4647 solitis
3294 4596 3598 4666 capiantur,

2019 4658 2374 4731 inducamus,
2422 4682 2532 4737 quo
2569 4686 2757 4729 omnes
2798 4677 3012 4732 tandem
3051 4684 3426 4742 consensionis
3468 4706 3599 4746 con-

2016 4750 2323 4821 cordimque
2350 4755 2641 4827 signaculis
2665 4765 2881 4832 muniti,
2904 4767 3064 4825 nullis
3087 4771 3342 4844 deinceps
3368 4776 3598 4846 insidiis,
3687 4793 3690 4796 '

2016 4841 2176 4898 nullis
2205 4844 2583 4918 diseerpantur
2615 4857 2916 4924 morsibus,
2964 4864 3058 4918 sed
3092 4841 3309 4924 Christo
3351 4841 3595 4929 omnium

2015 4945 2257 4992 nostrum
2284 4941 2448 5010 capiti
2478 4944 2852 5023 subiiciantur,
2876 4954 3157 5028 eidemque
3185 4977 3354 5031 prona
3381 4973 3439 5021 et
3465 4969 3594 5022 obe-

2013 5023 2214 5082 dientia
2243 5031 2380 5086 colla
2405 5034 2741 5092 submittant.

2080 5115 2265 5184 Orate,
2295 5120 2541 5189 obsecro,
2569 5124 2941 5202 instanterque
2979 5149 3182 5212 rogate,
3213 5152 3271 5197 ut
3299 5145 3441 5199 idem
3474 5147 3591 5216 ipse

2011 5222 2110 5262 nos
2165 5209 2470 5269 illuminare
2520 5231 2584 5272 ae
2634 5224 2930 5282 emundare
2985 5209 3267 5303 dignetur,
3330 5251 3438 5304 quo
3493 5238 3588 5292 ﬁlii

1971 5296 2261 5373 perfecta:
2308 5301 2444 5359 lucis
2490 5305 2665 5364 ell‘ecti
2692 5353 2706 5377 ,
2761 5315 2896 5373 alios
2930 5296 3141 5389 quoque
3191 5296 3497 5380 illuminare
3535 5339 3589 5382 ct

2006 5387 2301 5444 emundare
2319 5392 2593 5455 valeamus
2611 5416 2956 5466 ;'sermonem
2979 5410 3324 5466 nihilominus
3349 5412 3405 5467 in
3429 5432 3585 5486 aper-

2012 5478 2157 5535 tione
2180 5483 2294 5540 oris
2318 5486 2706 5561 subministrct,
2733 5513 2838 5565 quo
2860 5499 3131 5555 auditores
3152 5510 3368 5559 nostros
3390 5509 3584 5577 spiritu

2008 5572 2429 5646 adimpleamus,
2475 5591 2528 5638 et
2570 5589 2946 5655 mysteriorum
2991 5601 3294 5649 nostrorum
3325 5599 3580 5660 virtutem

2007 5661 2233 5739 impigre
2277 5686 2578 5743 magnaque
2621 5692 2741 5729 cum
2783 5683 3127 5738 contentione
3160 5688 3582 5758 deprmdicemus

2004 5756 2148 5820 illitis
2191 5779 2402 5832 semper
2437 5765 2606 5833 gratia
2643 5766 2852 5822 subnixi
2885 5770 3095 5842 (Ep/tes.
3128 5756 3240 5850 γι),
3261 5786 3354 5856 qui
3388 5787 3574 5842 balbu-
