3954 6204
357 400 517 473 ποοῦ,

1802 403 2180 463 ΕΡῘΞΤΟΙΑΕ.

3469 412 3605 495 los;

351 519 633 595 ὦρισμὲνον
675 511 973 596 μυστήριον,
1005 519 1347 588 ἕπῚσχάτων
1375 518 1427 576 δὲ
1452 526 1550 575 τῶν
1578 519 1777 593 χρόνων
1805 521 1909 575 ἀπο

2036 529 2162 577 ante
2179 523 2360 578 omnia
2381 523 2575 579 saacula
2602 521 3019 593 praedeﬁnitum,
3066 521 3121 575 in
3144 520 3452 578 novissimis
3478 492 3606 578 vero

348 608 586 679 καλυφθέν
631 606 715 660 ἐπὶ
761 610 990 682 σωτηρίᾳ
1037 610 1231 670 παντὸς
1276 615 1368 664 τοῦ
1415 610 1587 681 γένους
1634 612 1775 677 ἡμῶν
1797 648 1815 673 ,
1845 613 1929 665 καὶ

348 696 664 752 επιτελεσθίν
690 694 905 756 διά“τῆς
933 699 1149 769 μεγάλης
1176 698 1637 770 συγκαταϐάσεως,
1662 699 1745 751 καί
1767 698 1928 771 άρρἠ

345 810 439 846 του
482 792 768 859 οἰκονομίας
797 796 889 845 τοῦ
930 791 1041 851 ἑνὸς
1066 798 1158 851 τῆς
1187 790 1358 863 άγίας,
1392 793 1478 845 καί
1504 794 1756 853 ζωοποιοῦ
1782 790 1926 865 τριά·

346 880 438 941 δος
463 886 689 955 Χριστοῦ
716 885 810 936 τοῦ
849 882 1082 939 ἀληθινοῦ
1108 886 1234 936 Θεοῦ
1274 882 1446 950 ἡμῶν
1472 881 1556 935 ἵνα
1586 879 1698 935 ὅθεν
1722 882 1842 952 ἡμῖν
1866 880 1924 935 τὸ

345 969 469 1029 εἶναι
496 974 688 1048 ὑπῆρξε
713 971 800 1027 διά
833 978 923 1031 τήν
945 970 1136 1044 ἄφατον
1162 974 1319 1027 αὐτοῦ
1358 973 1669 1043 ἁγαθότητα,
1709 973 1925 1027 ἐντεῦθεν

343 1067 429 1120 ναὶ
455 1064 513 1119 τὸ
539 1057 599 1118 εὖ
625 1059 752 1117 εἶναι
779 1065 903 1135 ἡμῖν
945 1064 1243 1140 χαρισθείη.
1288 1064 1542 1136 Ὁμολογῶ
1583 1058 1671 1117 οὖν
1713 1066 1797 1118 καί
1831 1084 1919 1119 πε-

341 1157 546 1221 erui»,
590 1154 741 1212 αὑτὸν
792 1158 883 1212 τὸν
924 1157 1014 1211 ἵνα
1062 1164 1153 1216 τῆς
1198 1161 1496 1231 ζωαρχικῆς
1536 1159 1624 1211 καί
1672 1158 1923 1232 μακαρίας

342 1243 557 1321 τριάδος
585 1245 673 1300 τὸν
697 1251 789 1301 τοῦ
817 1251 943 1299 Θεοῦ
972 1245 1089 1300 Υίόν
1124 1248 1206 1300 καί
1237 1244 1397 1319 Δὸγον
1429 1247 1520 1301 τὸν
1553 1252 1628 1319 τῷ
1655 1249 1812 1322 ιιατρί
1838 1249 1923 1301 καί

343 1342 419 1411 τῷ
479 1335 607 1409 ἁγίῳ
665 1338 912 1408 utﬁunt
986 1334 1161 1397 διῖδίως
1224 1340 1775 1412 σνμπροσκυνούμενον
1834 1341 1922 1392 καὶ

341 1422 783 1494 συνδοξαζῲενον.
829 1427 899 1485 ὥς
945 1425 1212 1495 ὃμοούσιον
1266 1429 1354 1481 καί
1399 1427 1679 1501 σύνθρονον
1721 1428 1919 1501 ἀπείρῳ

340 1513 684 1590 φιλανθρωπία
728 1511 1014 1584 κινοῦμενον
1059 1516 1195 1588 πρὸς
1222 1511 1386 1571 οἶκτον
1426 1512 1519 1570 τοῦ
1561 1518 1748 1571 οἰκείου
1794 1517 1921 1573 πλά-

341 1626 541 1673 σματος
562 1648 577 1669 ,
632 1603 838 1678 εὐδοκία
884 1615 1109 1681 πατρικῇ
1150 1608 1230 1660 καί
1286 1611 1583 1678 οἰκτιρμοῐς,
1634 1608 1819 1683 χάριτί
1861 1628 1919 1663 τε

341 1700 428 1750 καὶ
471 1698 712 1771 συνεργίᾳ
755 1703 846 1751 τοῦ
877 1699 1127 1768 παναγίου
1174 1700 1480 1769 Πνεῦματος,
1523 1699 1821 1754 κατελθόντα
1865 1700 1921 1752 εκ

340 1794 440 1839 τῶν
485 1788 707 1864 οὐρανῶν
755 1795 869 1847 τοῖς
930 1786 1207 1861 ἀνθρώποις
1270 1796 1751 1864 συναναστραφῆναι
1773 1827 1789 1853 ,
1834 1790 1919 1845 ἶνα

2029 613 2361 683 temporibus
2389 614 2456 669 ad
2486 615 2652 669 totius
2679 613 2898 667 humani
2940 611 3152 682 generis
3191 612 3420 667 salutem
3450 622 3607 684 pate-

2027 698 2251 767 factum,
2271 712 2329 758 et
2352 719 2448 771 per
2467 718 2718 772 magnum
2741 702 2892 757 illum
2916 702 3395 772 admirabilemque
3422 705 3602 770 unius,

2025 798 2227 846 sancte
2251 791 2583 861 viviﬁcmque
2610 791 2893 846 Trinitatis
2920 806 3186 860 pcrsonm,
3213 791 3414 847 Christi
3444 794 3606 848 nimi—

2025 895 2146 935 rum
2202 882 2316 937 veri
2370 882 2466 937 Dei
2498 883 2698 948 nostri,
2755 882 3076 937 descensum
3100 922 3115 947 ,
3173 881 3605 953 ineﬂ'abilemque

2024 968 2263 1037 ejusdem
2289 972 2748 1043 dispensationem
2774 981 3235 1040 consummatum;
3261 981 3321 1028 ut
3339 976 3479 1030 unde
3506 991 3605 1044 per

2022 1061 2451 1133 inexplicabilem
2483 1063 2653 1134 ipsius
2685 1064 2980 1119 bonitatem
3010 1079 3130 1119 esse
3161 1080 3375 1120 eramus
3404 1066 3597 1129 sortiti,

2022 1153 2150 1210 inde
2183 1155 2347 1210 etiam
2375 1155 2548 1226 ipsum
2576 1156 2719 1211 bene
2743 1170 2863 1212 esse
2900 1156 3290 1226 acciperemus.
3331 1156 3603 1212 Conﬁteor

2021 1229 2204 1313 itaque
2245 1253 2301 1300 et
2344 1245 2509 1301 credo
2547 1245 2764 1301 unicum
2795 1245 3217 1316 Opttlcntissima:
3249 1246 3603 1302 beatissima:-

2020 1345 2125 1401 que
2151 1331 2436 1389 Trinitatis
2476 1334 2837 1404 suppositum,
2886 1334 2940 1403 ip
2954 1350 3060 1389 sum
3103 1335 3351 1398 videlicet
3388 1336 3482 1391 Dei
3513 1335 3602 1391 Fi-

2017 1420 2150 1476 lium
2174 1431 2232 1478 ct
2258 1421 2516 1489 Verbum,
2532 1423 2676 1493 quod
2704 1438 2827 1478 cum
2852 1423 2963 1478 Deo
2976 1423 3137 1478 Patre
3165 1432 3221 1478 et
3251 1423 3452 1495 Spiritu
3476 1440 3599 1480 san-

2018 1519 2107 1567 cto
2128 1512 2183 1566 in
2208 1527 2369 1567 omne
2389 1528 2563 1567 aavum
2586 1512 2747 1567 simul
2769 1512 3026 1566 adoratur
3043 1520 3099 1566 et
3134 1512 3599 1585 conglorilicatur,

2017 1611 2078 1658 ut
2105 1612 2230 1674 pote
2252 1604 2444 1659 iisdem
2469 1602 2824 1659 coessentiale
2849 1611 2904 1657 et
2925 1603 3195 1671 coaequale
3219 1601 3598 1670 existens,'in-

2017 1694 2169 1749 ﬁnita
2231 1694 2565 1764 benignitate
2611 1701 2668 1748 et
2713 1693 3084 1748 misericordia
3141 1708 3267 1764 erga
3322 1694 3600 1765 proprium

2015 1782 2226 1853 plasma
2259 1791 2486 1848 motum,
2515 1781 2811 1837 accedente
2851 1783 2957 1836 huc
2982 1793 3210 1851 paterna
3238 1782 3512 1837 voluntate
3547 1794 3604 1839 et

336 1876 460 1935 τοὺς
507 1877 897 1950 κατακριθέντας
943 1878 1078 1948 ἡμᾶς
1115 1878 1273 1933 πάλαι
1312 1887 1374 1949 τῇ
1429 1878 1659 1965 ἁμαρτία,
1702 1881 1785 1933 ml
1824 1888 1916 1942 τῆς

2020 1871 2391 1937 miseratione,
2437 1880 2495 1926 et
2534 1872 2710 1927 sancti
2738 1886 2951 1941 quoque
2985 1871 3218 1941 Spiritus
3240 1872 3436 1943 gratia,
3461 1870 3601 1941 ejus-

336 1976 532 2042 τρυφῆς
558 1968 939 2030 ἐκπεπτωκότας
969 1969 1305 2045 παραδείσου,
1345 1975 1425 2026 καί
1453 1980 1515 2046 τῇ
1548 1973 1705 2046 φθορᾷ
1730 1974 1916 2031 ὑπενη-

334 2061 615 2132 νεγμίνους
664 2060 853 2136 χάριτι
916 2065 1269 2132 ἆνασῶσηται,
1318 2068 1402 2119 καί
1457 2066 1595 2125 θείας
1652 2068 1917 2127 κοινωνοὺς

340 2151 699 2226 ἀπεργάσηται
752 2154 973 2224 φύσεως.
1020 2155 1312 2216 ’Βνοικήσας
1359 2157 1457 2231 γάρ
1504 2158 1557 2210 ἐν
1608 2166 1671 2228 τῇ
1724 2158 1918 2231 γαστρί

336 2249 429 2302 τῆς
483 2244 750 2319 Παρθένου,
806 2248 892 2300 καί
940 2246 1124 2321 κυρίως
1173 2250 1261 2302 καί
1317 2244 1512 2308 ἆληθῶς
1538 2248 1786 2304 Θεοτὸκου
1834 2251 1919 2303 καί

334 2329 517 2401 ψυχὴν
564 2336 650 2388 καί
692 2333 862 2409 σάρκα
914 2337 1352 2410 προκαθαρθεὼης
1393 2345 1468 2411 τῷ
1511 2339 1784 2409 Πνεύματι,
1830 2340 1919 2393 καὶ

339 2418 457 2477 ὅλον
478 2488 483 2495 ,
508 2422 580 2482 είς
630 2423 811 2479 ἑαυτὸν
874 2425 1148 2498 ἀνειληφὼς
1192 2428 1245 2492 ἒξ
1307 2428 1464 2489 αὐτῆς
1524 2429 1584 2484 τὸ
1641 2429 1916 2505 ἡμέτερον,

336 2513 514 2587 ὥσπερ
556 2513 605 2567 ἓν
642 2516 791 2590 ἀρχῇ
829 2516 1240 2581 ζωοπλαστήσας
1274 2520 1360 2575 τεν
1399 2517 1677 2595 ἄνθρωπον,
1699 2521 1916 2595 προῆλθε

334 2600 458 2662 Θεὸς
485 2606 1073 2679 σεσαρκωμίνος,μείνας
1101 2612 1255 2664 τοῦτο
1292 2605 1421 2684 ὅπερ
1449 2606 1507 2668 ἦν
1532 2610 1681 2671 Θεός.

406 2863 645 2937 Παρθένον
672 2865 759 2921 και
784 2868 915 2937 μετά
949 2867 1098 2923 τόκον
1131 2873 1222 2930 τήν
1251 2870 1521 2947 ὑπερφυῶς
1548 2874 1635 2927 καί
1673 2874 1913 2952 ἁρρήτως

334 2959 585 3008 τεκοῦσαν
619 2961 972 3030 συντηρήσας.
1002 2958 1249 3030 μηδαμῶς
1287 2968 1380 3023 τῆς
1426 2965 1556 3019 κατὰ
1595 2965 1746 3036 φύσιν
1772 2984 1913 3040 παρ-

332 3042 494 3103 θενίας
519 3047 805 3118 τραπείσης
825 3048 898 3108 είς
921 3044 1125 3114 ἔνδειξιν
1145 3049 1302 3109 άληθῆ
1319 3058 1412 3114 τῆς
1432 3052 1564 3108 κατά
1582 3059 1673 3114 τήν
1693 3053 1913 3130 πρόοδον

332 3134 493 3189 αὐτοῦ
539 3142 631 3195 τῆς
673 3141 951 3208 γεννήσεως
1002 3139 1249 3216 ἀτρεψίας
1292 3144 1377 3197 καί
1417 3143 1751 3200 ἀναλλοιῶεου
1791 3143 1943 3201 δια-π

2016 1960 2248 2030 demque
2291 1961 2669 2031 cooperatione
2704 1961 2774 2016 de
2806 1960 2944 2015 caelo
2982 1962 3347 2028 descendisse,
3385 1969 3441 2016 et
3474 1978 3599 2018 cum

2017 2049 2326 2105 hominibus
2352 2058 2731 2104 conversatum
2757 2064 2901 2114 esse,
2929 2065 3036 2118 quo
3066 2065 3165 2105 nos
3192 2050 3393 2105 dudum
3430 2067 3601 2122 prop-

2017 2150 2102 2197 ter
2129 2149 2410 2212 peccatum
2440 2142 2747 2207 damnatos,
2777 2149 2834 2196 et
2858 2156 2890 2196 e
2908 2139 3146 2211 paradisi
3181 2142 3388 2198 deliciis
3411 2142 3599 2213 expul—

2017 2248 2124 2299 sos,
2155 2233 2596 2304 corruptioniquc
2635 2233 2931 2297 obnoxios,
2958 2248 3057 2302 per
3077 2232 3306 2304 gratiam
3345 2233 3598 2296 salvarct,

2016 2333 2074 2380 et
2101 2324 2299 2380 divina:
2341 2333 2546 2379 natura:
2568 2324 2866 2394 participes
2891 2322 3148 2379 ediceret.
3188 2323 3243 2378 ln
3275 2332 3429 2379 utero
3455 2324 3599 2382 enim

2018 2417 2256 2488 Virginis
2277 2431 2404 2472 vere
2434 2417 2759 2487 proprieque
2786 2414 3033 2488 Deipara:
3062 2414 3393 2479 inhabitans,
3413 2423 3468 2470 ct
3500 2429 3597 2485 per

2017 2508 2278 2579 Spiritum
2305 2516 2555 2565 sanctum
2584 2508 2823 2563 animam
2846 2515 2902 2563 et
2921 2522 3144 2563 carnem
3174 2508 3277 2563 sibi
3309 2508 3597 2578 adaptans,

2015 2607 2296 2670 totamque
2310 2608 2550 2655 nostram
2566 2608 2842 2663 naturam,
2856 2599 3307 2669 quemadmodum
3325 2600 3599 2654 hominem

2015 2692 2072 2747 in
2098 2690 2366 2761 principio
2392 2690 2642 2756 ﬁnxerat,
2670 2689 2775 2745 sibi
2797 2689 3092 2754 asciscens,
3116 2689 3319 2759 prodiit
3346 2688 3488 2745 Deus
3524 2688 3602 2744 in-

2015 2788 2293 2837 carn‘atus.

2085 2871 2361 2943 Virginem
2388 2885 2626 2942 quoque,
2660 2885 2781 2941 qua:
2805 2870 3295 2941 supernaturaliter
3318 2878 3375 2926 et
3401 2869 3596 2926 inetia-

2013 2960 2195 3017 biliter
2218 2967 2522 3031 pepererat,
2548 2968 2671 3029 post
2701 2966 2917 3029 partum
2941 2959 3206 3029 virginem
3225 2961 3596 3025 conservavit,

2014 3053 2325 3126 virginitate
2363 3052 2509 3108 illius
2533 3052 2829 3107 secundum
2856 3058 3106 3106 naturam
3148 3052 3291 3106 nulla
3334 3067 3403 3107 ex
3442 3061 3597 3123 parte

2013 3142 2288 3197 demutata
2323 3148 2416 3195 aut
2455 3139 2812 3203 labefactata,
2844 3137 2914 3193 ad
2944 3138 3334 3208 designandum
3375 3154 3472 3209 per
3505 3154 3596 3194 se-

332 3233 507 3293 μονῆς.
555 3237 613 3281 '0
638 3226 712 3302 τῷ
758 3233 918 3305 Πατρί
954 3226 1055 3304 γάρ
1102 3239 1359 3306 συμφυής,
1402 3234 1430 3290 ὁ
1470 3235 1744 3307 ὃμοούσιος
1791 3240 1910 3309 ἡμῖν

2016 3231 2204 3287 ευηόιπο
2221 3230 2520 3286 nativitatis
2542 3244 2878 3300 processum,
2906 3228 3106 3284 nullam
3137 3244 3361 3299 prorsus
3388 3238 3598 3285 natura:

334 3317 465 3371 κατά
509 3318 703 3383 πάντα,
752 3325 921 3398 χωρὶς
964 3322 1223 3398 ἁμαρτίας
1273 3326 1566 3399 γενόμενος.
1609 3329 1911 3400 σπέρματος

331 3406 562 3479 Ἀϐραάμ
605 3409 1027 3482 διαλαμϐάνεται,
1072 3416 1452 3489 παραπλησίως
1508 3418 1634 3487 ἡμῖν
1694 3436 1912 3470 tum

331 3498 491 3555 νηκῶς
530 3499 749 3565 αἳματος
791 3503 873 3552 καί
901 3503 1111 3575 σαρκός⁹
1150 3505 1320 3577 σάρκα
1360 3502 1743 3574 ὶμψυχωμίνην
1777 3504 1911 3561 ἀνεί-

331 3582 451 3654 ληφε
497 3586 652 3656 ψυχῇ
699 3590 872 3663 λογικῇ
918 3593 1004 3645 καὶ
1041 3599 1189 3663 νοερᾷ
1230 3593 1465 3665 οὐδαμῶς
1504 3601 1911 3670 προῦποστᾶσαν

333 3679 425 3763 τῆς
458 3671 618 3747 ἄκρας
658 3676 907 3745 ίνὼσεως,
952 3680 1079 3738 ἄλλά
1134 3689 1227 3753 μία
1268 3686 1399 3763 σάρξ
1450 3684 1699 3758 ἔμψυχος
1740 3687 1911 3761 λογικη

332 3759 419 3815 in!
452 3770 547 3822 τῆς
579 3766 733 3820 κατὰ,
756 3767 971 3843 Χριστὸν
1009 3772 1273 3844 συμφυΐας
1316 3759 1641 3843 πιστεύεται,
1681 3779 1744 3832 οὔ
1790 3759 1918 3833 κατά

335 3855 495 3926 χάριν
528 3858 797 3920 σκηνὼσας
840 3860 892 3913 ἐν
928 3862 1068 3934 ἡμῖν,
1117 3862 1361 3926 mmo;
1399 3864 1487 3940 ὅλῃ
1527 3875 1591 3944 τῇ
1631 3870 1918 3945 ἀνθρωπεία

330 3948 482 4037 φύσει
525 3950 842 4019 συμπλακεὶς
862 3967 879 3983 ⁶
929 3955 1252 4027 ἁσυγχῦτως
1275 3997 1291 4023 ,
1334 3962 1417 4014 καί
1465 3958 1784 4037 ἀδιαιρέτως,
1828 3966 1918 4017 καί

334 4036 605 4110 ὑπερφυῶς
642 4043 734 4098 τὸν
761 4041 941 4098 ἕνωσιν
985 4044 1350 4121 ἐργασάμενος,
1379 4049 1461 4104 ἵνα
1487 4051 1540 4105 αί
1577 4036 1914 4111 συνελθοῦσαι

332 4128 507 4182 οὐσίαι
560 4127 793 4193 θεότητος
841 4153 898 4189 τε
944 4137 1031 4189 καὶ
1062 4137 1469 4211 ἆῆρωπότητος,
1498 4142 1550 4195 ἓν
1592 4140 1805 4202 ἰδιότητι
1848 4152 1912 4220 τῇ

333 4223 459 4275 κατά
484 4222 635 4293 φύσιν
660 4221 978 4301 διαμείνωσι,
1007 4230 1091 4284 καί
1131 4228 1364 4303 οὐδαμῶς
1392 4235 1463 4295 εἰς
1492 4233 1710 4296 ἀλλήλας
1758 4256 1914 4306 μετα·

335 4309 512 4367 ϐῶσιν.
543 4316 599 4368 Εἰ
636 4317 721 4368 καί
765 4327 790 4355 α
832 4318 1155 4381 κατακλίσεις
1201 4328 1273 4394 τῷ
1310 4322 1445 4395 λόγῳ
1497 4331 1592 4385 τῆς
1648 4325 1913 4399 συμφυΐας

333 4410 668 4480 παραχωρεῖν
715 4406 937 4468 εὐσεϐῶς
982 4415 1192 4483 νοοῦμεν
1235 4409 1321 4466 διὰ
1366 4417 1458 4472 τήν
1507 4420 1606 4467 τῶν
1653 4415 1911 4485 ὀνομάτων

2016 3324 2160 3380 illius
2187 3324 2486 3379 accessisse
2513 3323 2899 3386 mutationem,
2942 3328 3038 3375 aut
3068 3320 3463 3375 alterationcm.
3494 3320 3600 3389 Qui

2014 3427 2147 3483 ergo
2195 3412 2435 3481 ejusdem
2476 3418 2561 3464 est
2614 3425 2738 3464 cum
2795 3409 2956 3463 Patre
3009 3418 3217 3462 natura:
3241 3449 3256 3475 ,
3302 3411 3457 3464 nobis
3504 3426 3601 3480 per

2015 3501 2195 3556 omnia
2214 3541 2230 3566 ,
2261 3507 2486 3571 peccato
2516 3507 2729 3554 tantum
2760 3499 2972 3553 seclusa
2990 3538 3006 3566 ,
3038 3499 3215 3555 factus
3240 3508 3324 3556 est
3345 3517 3597 3558 coessen-

2014 3590 2194 3656 tialis;
2242 3589 2446 3646 etenim
2470 3589 2679 3645 semine
2706 3589 2983 3645 Abraham
3008 3599 3293 3662 suscepto,
3329 3593 3510 3648 carnis
3545 3602 3602 3648 et

2014 3682 2310 3753 sanguinis,
2340 3681 2564 3752 perinde
2587 3695 2653 3736 ac
2686 3697 2827 3737 unus
2851 3697 2918 3738 ex
2949 3683 3125 3751 nobis,
3154 3682 3331 3740 factus
3359 3693 3444 3740 est
3468 3701 3595 3755 par-

2013 3774 2200 3845 ticcps,
2225 3787 2552 3844 carnemque
2577 3774 2759 3828 anima
2787 3773 3123 3846 intelligente
3150 3776 3486 3848 viviﬁcatam
3513 3793 3599 3833 as-

2011 3867 2261 3937 sumpsit,
2305 3865 2455 3921 nullo
2502 3865 2722 3935 quidem
2766 3875 2926 3935 pacto
2975 3875 3102 3922 ante
3137 3883 3406 3922 summam
3452 3868 3597 3923 illam

2010 3957 2265 4012 unionem
2293 3956 2729 4026 pmexistentem
2754 3995 2770 4021 ,
2810 3956 2907 4011 sed
2935 3955 3094 4010 simul
3132 3971 3353 4011 carnem
3380 3997 3396 4021 ,
3435 3957 3599 4011 simul

2015 4047 2195 4102 anima
2251 4046 2477 4103 rationis
2523 4054 2774 4116 compote
2814 4045 3111 4101 animatam
3136 4085 3154 4112 ,
3198 4047 3375 4103 simul
3416 4048 3597 4108 Verbo

2014 4140 2255 4206 unitam;
2303 4153 2407 4195 nec
2442 4154 2662 4195 rursum
2704 4138 3000 4194 secundum
3045 4137 3217 4194 solam
3258 4138 3489 4209 gratiam
3538 4140 3596 4194 in

2013 4235 2200 4285 nostra
2231 4236 2422 4283 natura
2450 4227 2714 4283 habitavit
2737 4267 2752 4294 ,
2791 4227 2888 4283 sed
2913 4235 3061 4282 totus
3085 4227 3186 4282 toti
3219 4227 3467 4282 humana:
3500 4243 3594 4284 na-

2013 4328 2151 4375 tura:
2173 4317 2493 4389 conjunctus
2511 4358 2527 4385 ,
2553 4316 2919 4383 inconfusam,
2950 4317 3272 4374 indivulsam
3291 4359 3307 4384 ,
3334 4334 3593 4391 superna-

2012 4409 2345 4481 turalemque
2392 4408 2646 4463 unionem
2692 4415 2948 4476 operatus
2984 4413 3070 4463 est
3099 4420 3117 4462 :
3157 4407 3339 4462 divina
3368 4409 3512 4464 enim
3540 4418 3595 4465 et

335 4493 600 4560 ἐπέζευξεν,
640 4494 836 4572 δπινοία
875 4500 976 4574 γάρ
1013 4497 1141 4573 μόνῃ
1177 4504 1262 4556 καί
1300 4504 1356 4557 οὐ
1402 4500 1675 4578 πράγματι
1730 4503 1903 4562 διΐσαο

2016 4504 2244 4557 humana
2288 4508 2480 4555 natura
2527 4500 2670 4554 inter
2711 4513 2772 4554 se
2817 4507 3078 4556 coeuntes
3131 4498 3189 4555 in
3226 4499 3458 4554 naturali
3493 4516 3593 4557 sua

333 4584 451 4692 σθαι
496 4582 763 4662 δοξάζομεν
783 4629 799 4657 ,
848 4588 932 4647 διά
979 4596 1073 4654 τήν
1124 4593 1362 4673 ὑπερφυᾶ
1412 4604 1512 4654 τῶν
1574 4600 1908 4659 συνελθόντων

332 4692 355 4728 ε
362 4693 531 4730 νωσιν.

403 5413 471 5471 Τὸ
512 5412 782 5489 μοναδικῶν
807 5413 860 5472 δί
891 5418 976 5472 καί
995 5419 1179 5475 ἐνιαῖον
1204 5425 1295 5480 τῆς
1319 5417 1684 5483 ὑποστάσεως,
1716 5429 1905 5490 φυλατ-

334 5505 507 5559 τεοθαι
571 5504 876 5577 πιστεύομεν
942 5503 1166 5577 ἄτμητον
1226 5509 1308 5561 καί
1371 5506 1592 5579 άρῥαγές
1653 5504 1902 5576 διαμένον

336 5592 694 5650 καταϐαλέσθω
740 5597 840 5668 γάρ
870 5597 900 5655 ἦ
937 5593 1286 5669 φανεασιώδης
1313 5600 1404 5650 τοῦ
1446 5596 1736 5657 ἀπατεῶνος
1804 5599 1903 5652 Εὐ-

341 5776 351 5804 L
404 5719 684 5804 {.Vcrius.
713 5728 837 5804 κατὰ
863 5728 1175 5804 κλόσηςτνη
1200 5730 1317 5801 περὶ
1350 5739 1547 5804 χωρεῖν
1574 5747 1585 5782 :
1613 5739 1671 5784 ut
1690 5729 1761 5785 Sil
1786 5745 1908 5804 scn-

336 5795 535 5861 tcntia;
593 5797 875 5851 secundum
925 5795 1295 5869 appellationis
1326 5795 1598 5864 ,"rittionc
1650 5800 1906 5857 naturalis

2006 4591 2339 4664 proprietate
2378 4590 2731 4645 indemutataa
2785 4580 3083 4659 persistunt
3117 4599 3592 4662 persevcrautquc,

2006 4698 2108 4739 nec
2145 4682 2254 4737 ulla
2294 4696 2361 4737 ex
2389 4689 2546 4752 parte
2569 4680 2624 4752 in
2660 4695 2721 4735 se
2744 4689 2936 4735 mutuo
2971 4679 3452 4736 transformamur.
3494 4683 3593 4737 Vc-

2008 4781 2316 4830 rumtamen
2356 4750 2579 4844 propter
2598 4770 2899 4825 naturalem
2926 4770 3073 4826 illam
3105 4770 3394 4826 coitionem
3420 4780 3476 4827 et
3494 4787 3590 4827 co-

2005 4863 2209 4936 pulam,
2227 4862 2505 4917 nominum
2527 4876 2743 4931 quoque
2764 4860 3309 4916 communicationem
3328 4870 3587 4917 mutuam-

2005 4970 2113 5025 que
2137 4952 2619 5024 reciprocationem
2642 4951 2728 5021 pie
2749 4951 3150 5007 concedendam
3186 4953 3586 5018 existimamus,

2006 5045 2439 5121 quandoquidem
2466 5050 2688 5114 propter
2711 5042 2992 5114 physicam
3025 5042 3169 5097 illam
3191 5043 3588 5099 admirandam-

2005 5153 2111 5211 que
2140 5137 2450 5194 coeuntium
2478 5142 2795 5190 naturarum
2818 5135 2960 5190 intcr
2980 5150 3039 5192 se
3065 5137 3343 5200 unionem,
3372 5148 3479 5188 non
3503 5148 3582 5198 re,

2006 5229 2102 5286 sed
2134 5226 2250 5283 sola
2289 5224 2692 5297 imaginatione,
2717 5226 2877 5282 unius
2917 5226 3269 5299 ejusdemque
3296 5222 3583 5294 quamdam

2005 5322 2095 5377 hic
2125 5318 2527 5375 distinctionem
2554 5318 2862 5376 statuimus.

2079 5415 2248 5471 Porro
2286 5421 2466 5469 autem
2491 5452 2506 5478 ,
2551 5413 2695 5483 quod
2725 5429 2849 5470 cum
2885 5422 3203 5468 naturarum
3240 5410 3584 5468 distinctione

2007 5521 2251 5580 personae
2274 5504 2622 5577 singularitas
2643 5504 2991 5575 ejusdemque
3011 5503 3192 5559 unitas
3215 5500 3476 5558 indivulsa
3500 5503 3581 5557 in-

2002 5593 2420 5667 interruptaque
2439 5613 2658 5668 semper
2685 5594 2950 5651 consistat
2978 5599 3399 5664 permaneatque
3429 5592 3577 5660 (nam

2002 5735 2397 5805 covjimctionis.
2425 5753 2515 5791 eas
2545 5738 2598 5791 in
2625 5752 2679 5792 se
2701 5733 2918 5789 invicem
2949 5732 3191 5792 exsistere
3208 5730 3295 5802 pie
3312 5729 3600 5806 ίηιίἸΙίυιι-ξ

2004 5824 2137 5865 mus.
2171 5807 2494 5864 innocuus.
