3954 6204
244 210 375 302 teet

1671 236 2048 293 EPISTOLE.

3349 249 3487 306 1002

236 360 390 415 πὸλιν
431 355 858 431 συγκροτηθείσετιι
895 352 1044 423 ἁγίαν
1079 355 1315 425 πέμπτην
1344 351 1560 411 σύνοδον
1585 360 1686 409 τῶν
1710 351 1807 430 ρξε’

1915 361 2058 408 trum
2097 352 2377 424 synodum,
2420 368 2539 423 quae
2574 353 2630 409 in
2658 354 2762 411 hac
2808 354 3004 411 iterum
3046 357 3227 414 divina
3271 358 3491 432 Deoque

234 453 391 522 ἁγίων
420 448 652 521 Πατέρων
677 447 839 515 ἡμῶν,
869 448 979 506 ἥτις
1010 448 1077 501 τά
1106 444 1371 521 Θιοδῶρου
1397 449 1483 501 καί
1507 449 1808 521 Νεστορίου,

232 541 360 613 πρός
398 536 452 593 δέ
492 538 579 590 καί
613 534 917 609 Ὠριγένους.
958 533 1175 607 Διδύμου
1216 556 1271 590 τε
1320 538 1409 592 καὶ
1444 535 1695 608 Εὐαγρέου
1721 533 1813 587 καί

232 637 333 685 τῶν
376 626 501 699 ἀμφ’
518 628 704 685 αὐτοὺς
732 625 1013 690 κακοδόξων
1045 626 1209 682 ἀσεϐῆ
1256 624 1510 697 δόγματα,
1548 625 1676 684 τέως
1720 625 1812 693 μέν

233 720 376 793 παρά
430 725 535 777 τοῖς
580 716 778 776 πολλοῖς
815 719 1161 793 κρυπτόμενα,
1209 720 1481 772 τηνικαῦτα
1520 711 1576 768 δέ
1618 720 1813 788 πικρῶς

235 805 513 882 ἀνειφνέντα
566 810 653 862 καὶ
707 808 1165 865 ἀναϐλαστησαντα
1217 806 1415 875 έξέτεμε
1433 818 1449 834 ⁸
1506 801 1570 858 δι’
1590 801 1657 857 ὧν
1709 806 1812 880 γάρ

237 898 387 955 αῦτοί
443 895 725 970 ίληρῴδουν
786 886 1213 967 μυθολογημάτων
1234 930 1252 955 ,
1300 890 1543 964 Ἰουδαίκῇ
1586 910 1663 946 ιτε
1724 893 1815 947 καί

236 988 488 1065 Ἐλληνικῇ
553 988 739 1060 μᾶλλον
761 1024 780 1052 ,
837 984 868 1045 ἧ
924 990 1251 1059 Χριστιανικῇ
1312 980 1431 1052 δόξῃ
1484 980 1816 1040 έπηκολούθη-

237 1101 357 1134 σαν.

304 1185 450 1253 Ἐξῆς
493 1192 585 1245 τὴν
620 1186 765 1243 έκτην
804 1191 904 1240 τῶν
939 1184 1014 1258 ρο’
1060 1184 1206 1259 ἱερῶν
1242 1182 1433 1263 ἀνδρῶν
1473 1187 1813 1259 οἰκουμενικην

235 1277 448 1334 σύνοδον
510 1278 593 1332 καί
647 1274 806 1336 αὑτὴν
855 1279 1003 1333 κατά
1038 1284 1193 1334 τοῦτο
1255 1278 1314 1333 τό
1366 1277 1620 1350 βασίλειον
1675 1274 1811 1333 ἄστυ

235 1373 570 1442 συνηγμένην,
598 1374 685 1425 καὶ
720 1376 818 1426 τῶν
846 1372 977 1425 κατά
1003 1370 1221 1444 Χριστόν
1251 1370 1449 1442 φύσεων
1473 1372 1568 1431 τάς
1591 1390 1646 1425 τε
1684 1367 1811 1425 ἰδιό-

235 1454 395 1521 τητας
429 1462 516 1515 καί
551 1461 771 1533 φυσικὰς
809 1461 1063 1535 ἐνεργείας
1099 1462 1191 1517 καί
1226 1460 1450 1522 θελήσεις
1497 1461 1810 1536 κηρύξασαν,

234 1552 678 1622 ἀναθεματίσασαν
705 1547 760 1607 δέ
783 1550 1043 1624 Θεόδωρον
1067 1551 1158 1607 τόν
1186 1559 1279 1612 τῆς
1314 1551 1481 1626 Φαράν
1517 1552 1811 1618 έπίσκοπον,

236 1645 320 1697 καί
353 1644 610 1715 ⁸ονὠριον,
663 1642 839 1711 κύριον
869 1662 921 1696 τε
967 1645 1051 1697 καί
1092 1642 1314 1715 Σίργιον,
1358 1642 1572 1715 Πύρρον,
1623 1642 1814 1697 Παῦλον

235 1735 324 1786 καί
359 1734 562 1806 Πέτρον,
600 1733 719 1792 τοὺς
755 1736 1096 1806 συγχωρήσει
1143 1741 1271 1789 Θεοῦ
1312 1735 1441 1789 κατὰ
1486 1738 1576 1792 την
1612 1730 1813 1792 Ἐκκλη-

233 1823 356 1877 σίαν
405 1823 457 1875 έν
497 1830 560 1896 τῇ
617 1823 866 1896 ἱερωσύνῃ
914 1825 1295 1898 εἰσφθαρένταςο
1335 1822 1411 1880 ἴτε
1439 1825 1523 1878 καί
1557 1823 1815 1897 Μακάρων

233 1910 661 1982 τέν”Δντιοχεὶας
710 1912 1060 1982 ὀνομασθέντα
1118 1913 1402 1990 πρόεδρον,
1443 1917 1528 1968 καί
1573 1916 1813 1987 Στέφανον

230 2013 321 2063 τόν
374 2009 561 2063 τούτου
606 2007 828 2078 μαθητήν
850 2023 867 2040 ⁸
909 2008 1036 2081 πρὸς
1081 2006 1134 2063 δέ
1185 2010 1268 2063 καί
1318 2006 1687 2079 Πολυχρόνιον,
1725 2006 1814 2060 τόν

230 2099 543 2171 νηπιόφρονα
577 2100 810 2173 γέροντα·
849 2097 896 2153 οἳ
934 2096 985 2153 έν
1030 2099 1237 2171 θέλημα,
1281 2101 1368 2153 καί
1409 2100 1527 2171 μίαν
1565 2097 1814 2170 ένέργειαν

234 2189 321 2244 hri
366 2196 459 2246 τοῦ
512 2197 740 2262 Σωτῆρος
814 2190 953 2261 ἡμῶν
1010 2195 1240 2265 Χριστοῦ
1296 2184 1385 2243 καί
1440 2193 1570 2243 Θεοῦ
1638 2183 1813 2251 ίδόξα-

235 2284 344 2345 ζον.

305 2458 416 2513 Ἐπί
450 2453 642 2516 ταύτης
671 2454 725 2511 δέ
764 2455 912 2511 πάλιν
938 2456 1025 2509 καί
1061 2454 1192 2525 μετὰ
1220 2454 1387 2505 ταῦτα
1412 2451 1502 2508 τόν
1531 2448 1582 2502 έν
1624 2446 1814 2520 Νικαέᾳ

238 2548 303 2604 τό
329 2546 567 2620 δεύτερον
604 2546 946 2602 συνελθοῦσαν
971 2550 1067 2597 τῶν
1089 2544 1140 2597 έν
1177 2547 1283 2601 τοῖς
1309 2536 1418 2594 καθ’
1437 2541 1572 2609 ἡμᾶς
1599 2536 1813 2610 χρόνοις

233 2642 309 2714 ρν⁹
361 2640 594 2711 ιιατέρων
646 2635 861 2707 έεδόμην
897 2637 981 2689 καί
1018 2633 1151 2710 ίερὰν
1188 2629 1400 2687 σύνοδον
1425 2671 1440 2694 ,
1484 2631 1596 2689 ἥτις
1640 2629 1816 2688 πάσας

233 2731 330 2788 τὰς
359 2728 724 2800 προλαϐοῦσας
761 2726 910 2797 ἁγίας
947 2721 1192 2780 συνόδους
1231 2720 1597 2794 έπεσφρὰγισε,
1625 2719 1713 2772 καί
1750 2716 1815 2772 τά

231 2820 434 2873 τούτων
469 2814 719 2888 δόγματα,
759 2821 859 2869 τῶν
906 2819 1110 2869 σεπτῶν
1157 2812 1243 2871 καί
1289 2811 1429 2887 ἱερῶν
1474 2807 1675 2862 είκόνων
1725 2810 1815 2866 τὴν

231 2908 464 2980 ἀρχῆθεν
523 2901 933 2979 παραδεδομένην
1001 2909 1064 2972 τῇ
1120 2899 1393 2971 Ἐκκλησία
1466 2892 1815 2972 προσκύνησιν

1914 446 2124 501 addicta
2185 447 2403 501 civitate
2441 454 2651 513 coacta,
2705 448 2868 517 impia
2903 447 3191 517 Theodori,
3237 450 3494 519 Nestorii,

1909 535 2180 607 Origenis,
2220 537 2454 607 Didymi.
2478 537 2713 608 Evagrii,
2741 538 3178 609 reliquorumque
3206 541 3491 597 haeretico-

1910 642 2033 682 rum
2066 627 2323 699 praedicta
2363 628 2690 682 sectantium
2717 628 2992 701 dogmata,
3028 630 3227 684 dudum
3277 631 3497 699 quidem

1910 727 2038 775 ante
2078 719 2220 789 apud
2258 718 2544 789 plerosque
2593 720 2831 784 occulta,
2874 734 2970 790 per
3018 721 3072 775 id
3109 735 3243 775 vero
3286 729 3497 792 tempus

1910 810 2137 865 acerbos
2160 811 2337 865 denuo
2373 823 2557 866 ramos
2588 810 2939 880 sureulosque
2973 809 3324 879 proferenda,
3341 812 3491 881 juste

1910 897 2113 955 excidit
2137 917 2151 954 :
2172 914 2294 970 qua:
2316 900 2461 955 enim
2486 901 2588 971 ipsi
2608 909 2790 956 mente
2810 899 2980 955 delira
3000 909 3055 955 et
3075 899 3316 956 fabulose
3336 902 3501 971 proli-

1913 990 2183 1056 tebantur,
2208 1004 2272 1045 ea
2286 989 2593 1046 Judzeorum
2605 1000 2662 1046 et
2670 1005 3004 1061 paganorum
3023 990 3394 1063 imaginationi
3406 1008 3502 1047 ve-

1910 1078 2050 1145 rius,
2081 1088 2246 1150 quam
2289 1079 2723 1136 Christianorum
2753 1080 2874 1135 lidei
2906 1088 3270 1136 consentanea
3315 1091 3495 1136 erant.

1980 1172 2112 1228 Post
2161 1174 2305 1228 hanc
2330 1181 2386 1228 et
2420 1180 2632 1228 sextam
2660 1187 2875 1242 quoque
2915 1179 3157 1227 sanctam
3185 1178 3240 1226 et
3267 1183 3501 1226 meume.

1911 1266 2090 1322 nicam
2114 1265 2218 1320 I70
2245 1273 2556 1322 sanctorum
2601 1265 2845 1320 virorum
2884 1265 3170 1336 synodum,
3210 1263 3406 1319 iterum
3434 1265 3493 1318 in

1911 1354 2058 1426 regia
2084 1353 2183 1410 hac
2202 1354 2338 1409 urbe
2378 1362 2755 1425 congregatam
2782 1368 3035 1419 veneror,
3074 1368 3194 1423 qua:
3214 1368 3314 1423 pro
3345 1361 3501 1406 natu.

1912 1461 2096 1500 rarum
2134 1444 2340 1500 Christi
2369 1445 2600 1509 ratione,
2629 1443 2871 1514 ejusdem
2896 1458 3110 1512 quoque
3138 1443 3501 1513 proprietates

1911 1534 2294 1605 naturalesque
2338 1536 2702 1605 Operationes,
2742 1544 2798 1588 et
2816 1533 3117 1588 voluntates
3165 1534 3413 1588 distinxit
3431 1548 3499 1588 ac

1910 1626 2242 1696 praedicavit,
2283 1633 2339 1680 et
2380 1616 2722 1679 Theodorum
2759 1624 3069 1693 episcOpum
3109 1623 3347 1689 Pharan,
3389 1624 3498 1678 Ho-

1841 1699 1888 1757 Β
1916 1715 2148 1781 norium,
2195 1712 2722 1787 Cyrum,‘Sergium,
2773 1713 3064 1785 Pyrrhum,
3114 1712 3358 1779 Paulum,
3408 1713 3506 1769 Pe-

1913 1810 2077 1870 trum,
2104 1803 2484 1874 qui'permissu
2503 1803 2599 1857 Dei
2624 1818 2725 1873 per
2747 1803 3149 1872 corruptionem
3181 1811 3237 1857 et
3258 1803 3502 1858 fraudem

1914 1895 1972 1948 in
2000 1894 2256 1951 Ecclesiae
2283 1895 2649 1950 sacerdotium
2676 1896 3031 1966 irrepserant,
3076 1895 3367 1951 Macarium
3395 1897 3505 1951 An-

1914 1988 2484 2055 tiochite'antistitem,
2511 1996 2565 2044 et
2604 1987 2937 2059 Stephanum
2991 1988 3209 2043 Macarii
3269 1989 3503 2059 discipu-

1913 2078 2045 2144 lum,
2073 2087 2129 2132 et
2175 2077 2591 2148 Polychronium
2621 2078 2880 2148 puerilem
2918 2077 3273 2147 insanumque
3311 2093 3498 2134 senem

1912 2168 2242 2223 anathemati
2270 2167 2499 2237 subjecit
2526 2185 2541 2221 :
2571 2183 2736 2222 unam
2759 2169 2904 2224 enim
2933 2168 2989 2222 hi
3018 2168 3283 2223 duntaxat
3313 2169 3503 2223 volun.
3536 2174 3545 2185 '

1911 2270 2102 2328 tatem,
2134 2276 2404 2332 unamque
2441 2262 2811 2332 operationem
2852 2260 3070 2318 Christo
3099 2259 3376 2318 Servatori
3399 2277 3501 2317 no-

1913 2361 2029 2409 stro
2059 2354 2399 2409 tribuendam
2435 2369 2557 2410 esse
2584 2355 2870 2409 docebant.

1984 2441 2206 2513 Recipio
2236 2440 2453 2497 tandem
2503 2442 2789 2512 septimam
2812 2454 3023 2497 sacram
3063 2443 3166 2499 £50
3192 2453 3500 2499 sanctomm

1912 2534 2139 2590 Patrum
2168 2534 2432 2606 synodum
2476 2541 2663 2588 nostro
2696 2533 2801 2589 hoc
2836 2548 2952 2589 :evo
2979 2534 3032 2588 in
3063 2534 3278 2589 civitate
3323 2530 3499 2589 Niczua

1914 2625 2090 2680 denuo
2120 2625 2469 2688 celebratam,
2495 2639 2615 2693 qua:
2651 2638 2841 2679 omnes
2895 2625 3265 2694 praecedentes
3308 2639 3494 2683 sacras

1914 2715 2148 2788 synodos
2177 2729 2473 2784 earumque
2516 2711 2768 2784 dogmata
2798 2728 2863 2768 ac
2900 2714 3115 2768 decreta
3157 2713 3499 2770 confirmavit

1913 2813 1969 2861 et
1994 2805 2393 2875 quodammodo
2412 2802 2743 2874 obsignavit,
2773 2818 3161 2873 sacrarumque
3182 2821 3247 2859 ar
3274 2820 3503 2860 venerao

1912 2894 2105 2950 bilium
2149 2892 2450 2963 imaginum
2490 2890 2693 2947 cultum
2721 2891 3201 2960 adorationemque
3222 2889 3335 2959 jam
3378 2892 3502 2946 inde

232 2998 524 3063 ἀνεδέξατο,
564 2997 789 3072 ὁρίσασα
830 2992 1195 3066 παραπλησίως
1232 2991 1391 3050 αῦτάς
1434 2984 1508 3058 τῷ
1547 2989 1696 3059 τύπῳ
1723 2991 1810 3043 τοῦ

1915 2985 1986 3039 ab
2004 2984 2157 3039 initio
2179 2982 2437 3038 Ecclesiis
2464 2982 2719 3037 traditam
2746 2980 3351 3053 suscepitdeiinivitque
3381 2997 3489 3036 non

232 3096 479 3156 ζωοποιοῦ
551 3094 774 3161 σταυροῦ
842 3085 1254 3162 προσκυνεῖσθαι.
1325 3078 1661 3149 ’Λπεϐαλομεν
1716 3084 1810 3139 τῆς

1915 3091 2069 3132 secus
2088 3075 2425 3131 venerandas
2452 3089 2574 3131 esse
2599 3082 2761 3144 atque
2786 3072 3015 3129 vivifica:
3041 3074 3218 3128 crucis
3246 3073 3496 3145 eiligiem.

230 3184 526 3244 ἐκκλισέας
558 3183 680 3243 τοὺς
716 3179 958 3253 ίφ⁹ῦ6ρει
996 3179 1079 3232 καί
1126 3182 1453 3248 καταστροφῇ
1496 3174 1690 3228 τούτων
1731 3192 1810 3227 κε·

1915 3169 2014 3224 Eos
2062 3166 2289 3239 proinde
2349 3180 2416 3222 ex
2460 3165 2719 3222 Ecclesiis
2748 3164 3015 3233 ejicimus,
3054 3163 3145 3234 qui
3200 3164 3254 3218 in
3303 3165 3495 3219 harum

236 3274 636 3345 δολογήσαντας,
685 3271 773 3323 καί
817 3264 917 3324 τίν
966 3261 1282 3341 Χριστιανῶν
1334 3266 1806 3337 κατηγορήσαντας,

1915 3257 2285 3315 contumeliam
2313 3265 2368 3312 et
2395 3256 2733 3313 eversionem
2786 3254 2925 3310 futili
2979 3255 3301 3327 garrulitate
3343 3254 3502 3309 Cbri~

234 3361 320 3418 ὅτι
347 3366 417 3423 ὡς
443 3365 568 3422 θεοῖς
596 3361 773 3420 αὺτοῖς
800 3359 1211 3436 προσεκύνησαν
1239 3356 1483 3412 τουτέστι
1511 3351 1805 3416 Θεοδόσιον,

1915 3352 2099 3407 stianis
2124 3351 2409 3415 insultant,
2452 3351 2608 3420 quasi
2645 3350 2869 3406 deorum
2909 3350 3028 3406 loco
3084 3352 3348 3407 hactenus
3383 3351 3499 3405 illas

233 3459 520 3524 Βασίλειον,
566 3461 814 3534 Σισίννιον,
838 3456 960 3517 τοὺς
1014 3452 1306 3529 παροράσει
1359 3453 1488 3505 Θεοῦ
1543 3446 1809 3520 ίερατικῶν

1915 3441 2138 3494 habeant
2160 3446 2611 3507 venerenturque,
2633 3439 2822 3507 quales
2845 3447 2971 3493 sunt
2996 3440 3333 3493 Theodosius
3360 3480 3375 3501 ,
3398 3440 3501 3493 Ba-

1907 3527 2081 3591 silius,
2108 3534 2163 3581 ct
2190 3524 2487 3590 Sisinnius,
2533 3526 2622 3595 qui
2662 3527 2759 3583 Dei
2799 3526 3154 3596 permissioue
3173 3527 3493 3597 episcopali-

228 3546 415 3622 ορὁνων
453 3547 727 3619 ἄρξαντας.

1907 3615 2009 3670 bus
2022 3615 2242 3671 sedibus
2257 3612 2395 3685 praef
2391 3627 2539 3670 uere.

309 3717 402 3793 ςαί
427 3712 622 3774 ταύτας
655 3715 751 3774 τὰς
780 3712 1043 3788 εἰρημένας
1070 3708 1217 3779 ἁγίας
1261 3706 1610 3780 οἰκουμενικὰς
1656 3705 1809 3763 συνό-

233 3805 359 3864 δους
402 3801 748 3873 ἀποδέχομαι,
776 3804 863 3856 καί
900 3803 1099 3856 πάντων
1118 3806 1219 3854 τῶν
1249 3794 1483 3868 έκκρίτων
1520 3799 1606 3851 καί
1643 3817 1810 3868 μακα-

228 3895 355 3970 ρίων
379 3893 610 3966 Πατέρων
644 3891 708 3947 τά
744 3911 798 3946 τε
823 3888 1052 3963 δόγματα
1087 3889 1171 3942 καί
1198 3891 1468 3955 πονήματα
1489 3887 1805 3957 ἀσπάζομαι,

1978 3703 2088 3759 llas
2110 3703 2293 3773 itaque
2320 3704 2609 3773 praedictas
2632 3718 2817 3761 sacras
2853 3712 2907 3760 et
2931 3705 3294 3761 tecumenicas
3333 3720 3496 3779 syno-

1907 3793 2007 3850 dos
2036 3794 2314 3866 ,suscipio,
2366 3803 2423 3851 et
2460 3796 2701 3851 omnium
2760 3796 3058 3851 electorum
3106 3797 3499 3867 beatorumque

1908 3883 2127 3939 Patrum
2154 3883 2405 3957 dogmata
2448 3894 2504 3941 et
2529 3885 2806 3956 opuscula,
2849 3893 2908 3940 ut
2933 3901 3052 3955 qua:
3103 3885 3174 3940 ab
3222 3887 3370 3941 omni
3407 3902 3495 3941 re—

231 3988 304 4046 ὦς
330 3983 658 4041 διδασκαλίαν
688 3986 1022 4043 ἀνεπίὶηπτον
1045 3984 1131 4037 καί
1171 3982 1429 4054 σωτηρίας
1463 3981 1705 4046 θεμέλιον,
1730 3984 1810 4036 καί

1915 3974 2265 4044 prehensione
2319 3975 2551 4030 alienam
2593 3975 2896 4030 doctrinam
2952 3974 3252 4044 salutisque
3303 3974 3495 4030 funda—

231 4075 323 4137 οῦς
345 4078 375 4135 ἠ
403 4075 635 4135 κατόλική
653 4074 916 4135 Ἐκκλησία
941 4075 1211 4148 προσίεται
1239 4069 1589 4143 ἀποδέχομαι,
1611 4074 1697 4126 καί
1722 4070 1810 4132 οῦς

1915 4075 2149 4121 mentum
2195 4066 2527 4131 contineant,
2565 4080 2631 4120 ex
2667 4066 2850 4121 animo
2878 4065 3226 4134 complector,
3277 4065 3493 4119 dcnmm

228 4165 580 4234 ἀποτρέπεται
615 4165 1019 4239 ἀποστρέφομαι.
1057 4158 1427 4229 ’Δποϐεἱλλομαι
1465 4159 1519 4216 δέ
1557 4164 1643 4216 καί
1681 4182 1810 4217 παν-

1915 4171 2258 4227 quoscunque
2285 4156 2523 4213 Ecclesia
2550 4157 2813 4212 catholica
2844 4156 3055 4225 recipit,
3079 4155 3198 4222 illos
3232 4170 3331 4225 ego
3354 4171 3497 4225 quo-

229 4256 386 4317 τύῶς
413 4257 770 4331 ἀπαιτρέπομαι
806 4256 929 4315 τοὺς
964 4253 1068 4309 ἀπὸ
1109 4257 1327 4325 Σίμωνος
1365 4259 1458 4308 τοῦ
1495 4251 1689 4327 Μάγου.
1726 4257 1810 4309 καί

1915 4264 2015 4320 que
2036 4248 2259 4319 recipio,
2283 4258 2338 4303 et
2360 4262 2710 4319 quoscunque
2732 4248 2835 4304 ista
2859 4257 3162 4313 aversatur,
3189 4248 3309 4303 illos
3347 4249 3493 4319 ipsos

229 4346 396 4420 μέχρι
430 4351 522 4401 τοῦ
580 4344 731 4423 δεῦρο
767 4354 857 4407 τῆς
908 4345 1170 4406 εὐσεϐείας
1224 4346 1553 4399 παντάπασιν
1608 4346 1805 4400 ἀποπε-

1915 4346 1967 4393 et
2008 4352 2110 4409 ego
2156 4338 2343 4393 itidem
2378 4352 2638 4394 eversor.
2694 4338 2962 4394 Exsecror
2996 4338 3161 4392 etiam
3204 4338 3488 4408 modisque

228 4436 520 4500 πτωκότας,
556 4440 641 4492 καί
692 4435 864 4500 δόξαις
908 4442 1139 4511 πονηρῶν
1183 4434 1451 4508 δογμάτων
1494 4436 1577 4489 καί
1624 4436 1804 4509 φθορο-

1915 4430 2159 4486 omnibus
2180 4429 2439 4495 detestor,
2464 4430 2558 4500 qui
2582 4446 2613 4484 a
2645 4428 2866 4486 Simone
2899 4429 3050 4502 Mago
3078 4429 3490 4501 appellationem

229 4529 390 4580 ποιῶν
425 4526 752 4600 έμφυρίντας.
778 4527 861 4579 καί
901 4530 990 4584 τήν
1027 4531 1129 4581 τῶν
1176 4524 1332 4596 ἁγίων
1366 4526 1650 4602 παράδοσιν
1690 4527 1810 4581 ἀθε-

1915 4521 2086 4577 sortiti
2105 4529 2161 4576 et
2187 4521 2257 4575 ab
2280 4521 2427 4577 omni
2460 4537 2683 4593 prorsus
2717 4523 2919 4593 pietate
2947 4523 3113 4588 exuti,
3154 4523 3220 4577 ad
3248 4538 3487 4593 prmsen-

228 4620 505 4682 τείσαντας,
549 4620 632 4672 καὶ
676 4618 761 4673 τόν
796 4621 975 4692 πικρ“ν
1008 4624 1110 4673 τῶν
1146 4621 1373 4682 ζιζανίων
1407 4619 1602 4695 σπόρον
1649 4641 1806 4675 συνα-

1915 4620 2015 4666 tem
2046 4625 2216 4681 usque
2230 4611 2374 4667 diem
2415 4626 2701 4682 pravorum
2746 4613 3153 4684 exitialiumque
3177 4617 3487 4685 dogmatum

228 4706 431 4776 ναμέξαι
463 4716 527 4780 τῇ
553 4718 645 4768 τῆς
679 4707 969 4786 ὁρθοδοξίας
997 4709 1192 4783 ἀρούρᾳ
1228 4709 1578 4779 τολμήσιντας
1614 4709 1806 4772 αὐτούς

227 4815 284 4850 τε
335 4797 702 4869 ἀναθεματίζω,
748 4802 831 4854 καί
888 4801 1082 4859 πάντας
1127 4802 1245 4860 τοῦς
1296 4794 1571 4869 έπομέιο·;ς
1612 4800 1801 4865 αὐτοῖς,

227 4890 311 4941 καὶ
347 4889 417 4947 ὥς
452 4888 612 4959 λύμην
664 4899 756 4951 τῆς
807 4892 935 4946 κατά
972 4890 1193 4964 Χριστόν
1239 4890 1534 4951 Ἐκκλησίας
1571 4889 1804 4947 διαπτύω

228 4981 310 5033 καί
343 4988 418 5054 τῷ
444 4982 714 5055 ἀναθέματε
742 4982 1127 5037 καὼποόἀλλω.
1157 4987 1322 5055 Ἢμῖῖῖ
1359 4984 1451 5052 μέν
1478 4977 1564 5035 οὖν
1589 4983 1646 5037 τό
1685 4982 1806 5050 ἦγέ·

227 5090 372 5143 τερον
407 5073 631 5148 ορόνημα
664 5082 779 5135 τοῖς
826 5074 1235 5146 μακαριωτάτοις
1281 5073 1401 5144 ὑμῖν
1447 5075 1529 5126 καί
1565 5070 1806 5128 6:08:30}-

226 5180 361 5221 κτοις
413 5164 543 5219 κατά
595 5170 763 5220 ταῦτα
799 5162 1150 5232 δεδηλωμένων
1197 5166 1694 5236 προσπεφωνηκαμεν
1730 5169 1804 5234 τῷ

228 5245 414 5304 ἄνωθεν
466 5253 787 5326 κεκρατηκότι
847 5253 1245 5323 έκκλησιαστικῷ
1311 5253 1487 5321 θεσμῷ
1550 5250 1803 5322 ἑπόμενοι,

226 5334 330 5394 οἷὸν
367 5362 464 5396 τινι
495 5343 719 5414 έμψύχιη
762 5347 959 5417 κήρυκι,
986 5350 1059 5413 τῷ
1085 5340 1140 5397 δέ
1178 5344 1319 5413 ἡμῶν
1346 5342 1806 5417 προσχρησάμενα

224 5437 299 5504 τῷ
337 5431 633 5507 γράμματι,
664 5443 756 5494 τῆς
783 5435 832 5486 ἓν
861 5442 1059 5510 Χριστῷ
1105 5437 1309 5507 ἀγάπης
1360 5436 1446 5488 καί
1484 5435 1614 5507 πρὸς
1656 5433 1806 5491 ἀλλή-

226 5518 341 5581 λους
379 5527 665 5595 συμπνοίας
710 5525 791 5577 καί
829 5521 1061 5594 ὁμονοίας
1116 5524 1210 5582 τὰς
1252 5521 1437 5596 ἐγγύας
1487 5524 1800 5594 ἐπαγομένῳ.

227 5617 279 5664 Ἦ
308 5609 362 5664 δέ
402 5612 621 5685 ὑμετέρα
668 5613 984 5684 ποθςνοτὲρα
1032 5614 1080 5667 ἓν
1132 5618 1291 5691 κυρίῳ
1338 5612 1618 5692 5:63)?qu
1656 5616 1800 5684 ἀμείο

1906 4703 2248 4774 opinionibus
2302 4712 2612 4759 sanctorum
2653 4704 2997 4760 traditionem
3029 4704 3306 4760 infirmare
3342 4705 3489 4761 viru-

1909 4795 2220 4864 leutumque
2251 4794 2583 4850 zizaniorum
2620 4810 2805 4851 semen
2846 4796 3159 4852 orthodoxae
3199 4795 3321 4852 fidei
3353 4814 3483 4870 agro

1910 4885 2218 4942 immiscere
2264 4902 2368 4942 non
2412 4895 2666 4952 cessant;
2725 4889 2845 4951 hos,
2899 4887 3141 4956 inquam,
3186 4901 3485 4959 omnesque

1908 4975 2219 5031 earumdem
2244 4991 2501 5047 sequaces
2536 4992 2808 5041 exsecror,
2836 4987 2890 5032 et
2914 4977 3076 5033 veluti
3120 4978 3486 5035 Ecclesiarum

1910 5064 2112 5120 Christi
2147 5077 2325 5137 pestes
2362 5082 2557 5138 respuo
2577 5079 2633 5123 et
2667 5069 3083 5125 anathematizo.
3125 5067 3235 5125 Nos
3262 5071 3488 5143 proinde

1911 5157 2275 5213 Ecciesiarum
2301 5160 2656 5226 sanctionem,
2691 5158 2937 5229 quatiam
2966 5161 3088 5217 inde
3109 5162 3177 5218 ab
3205 5162 3359 5218 initio
3390 5163 3487 5217 ob-

1912 5250 2095 5316 tinuit,
2133 5252 2325 5317 secuti,
2376 5252 2525 5306 hisce
2569 5252 2772 5308 nostris
2813 5253 3010 5309 litteris
3034 5254 3200 5309 veluti
3245 5256 3484 5308 animato

1911 5343 2142 5410 quodam
2169 5356 2438 5412 pratcone,
2473 5350 2530 5396 et
2556 5342 2837 5398 charitatis
2862 5344 2914 5399 in
2942 5343 3158 5399 Christo
3182 5352 3485 5411 mutumque

1912 5431 2056 5487 inter
2084 5446 2180 5487 nos
2204 5432 2506 5488 concordia:
2530 5442 2585 5488 et
2612 5434 2860 5490 amicitia:
2883 5434 3107 5489 vadibus
3131 5431 3235 5497 usi,
3265 5447 3374 5487 -vos
3398 5449 3485 5487 sa-

1908 5520 2156 5575 lutandos
2203 5529 2551 5593 nostramque
2598 5523 2919 5577 sententiam
2966 5520 3116 5574 vobis
3151 5520 3480 5576 beatissimis

1911 5612 2125 5681 Dcoque
2172 5614 2376 5670 edoctis
2419 5615 2561 5683 hunc
2598 5616 2650 5669 in
2701 5613 2914 5667 modum
2946 5610 3245 5667 faciendam
3268 5614 3486 5688 putavi-
