3970 6202
395 330 530 388 mus

1133 429 1196 503 ti.

390 577 576 634 Leonis
606 576 700 632 111
729 575 792 632 Ρ.
822 575 896 650 Μ.
930 578 1090 650 bulla,
1130 597 1232 650 qua
1261 579 1534 650 conﬁrmat
1566 575 1960 650 translationem

456 649 594 703 sedis
631 647 936 719 episwpalis
959 646 1168 719 rliatisb'.
1203 665 1275 719 ea:
1303 646 1613 719 monasterio
1649 647 1710 702 S.
1751 646 1963 719 Emme-

457 717 745 772 ταπειναί-’σά
784 717 1053 772 ecclesiam
1085 717 1143 773 S.
1187 718 1468 787 Stephani,
1503 718 1747 787 illiusque
1788 718 1959 769 orarii-

451 787 1058 858 condemnandam
1086 787 1404 858 promulgat.
1434 788 1608 860 (Antio
1634 787 1785 856 795.)

970 941 1186 1009 [Mansi,
1216 938 1370 1011 ibid]

455 1073 514 1130 in
549 1075 765 1131 notitiae
809 1072 1020 1130 Domini
1065 1074 1235 1129 nostri
1253 1070 1391 1130 Jesu
1427 1073 1630 1129 Christi
1663 1074 1755 1128 Dei
1782 1075 1961 1129 omni-

381 1167 638 1237 potentis.
672 1166 782 1220 Leo
809 1175 966 1236 papa.

450 1255 702 1327 Agnitum
727 1269 850 1310 esse
885 1255 1132 1310 volumus
1160 1252 1723 1311 cunctisﬂhristiame
1746 1255 1960 1326 religio-

382 1344 466 1397 nis
493 1341 762 1407 ﬁdelibus,
793 1351 904 1398 tam
924 1341 1284 1412 praesentibus
1303 1357 1467 1413 qttaut
1488 1343 1704 1409 ﬂuuiis,
1725 1345 1960 1414 qualiter

378 1433 871 1488 Christianissimus
899 1434 1208 1503 imperator,
1241 1442 1296 1489 et
1323 1442 1584 1504 augustos
1609 1437 1827 1490 nomine
1855 1435 1959 1490 Ca-

379 1525 546 1589 rolus,
595 1523 705 1578 Deo
733 1525 1027 1593 aspir-ante,
1068 1524 1342 1580 Christum:
1368 1527 1697 1583 haereditatis
1725 1543 1836 1583 suae
1865 1529 1958 1583 dc-

376 1616 624 1670 siderans
647 1614 768 1670 Ieri
796 1629 1195 1685 possessorem,
1244 1619 1515 1687 quoddam
1568 1621 1955 1675 monasterium

377 1707 525 1777 iuxta
553 1719 735 1762 muros
763 1708 999 1762 civitatis
1026 1708 1335 1780 Tyburnire,
1379 1721 1500 1778 quae
1540 1719 1570 1764 a
1599 1710 1820 1765 Tiberio
1841 1711 1959 1765 Cae-

1797 324 2206 385 PRWILEGIA.

1991 458 2040 515 A

3509 329 3644 385 {070

2812 438 2896 498 ill.

2064 533 2402 605 Prieilegium
2435 533 2618 606 Leonis
2659 546 2809 605 pupis
2853 549 2950 606 pro
2987 537 3298 591 monasterio
3334 537 3505 593 sancti
3545 538 3644 594 Be-

2341 605 2529 659 nedicti
2572 604 2972 674 Cupersmtemi.
3013 606 3186 676 (Anno
3206 606 3358 680 8l5.)

2215 691 2468 766 [Ughelli,
2497 694 2645 748 italia
2681 710 2859 760 sacra,
2889 705 3018 750 tom.
3049 692 3159 760 VII,
3180 711 3302 767 pag.
3333 697 3484 770 τοι]

2132 803 2240 860 Leo
2262 805 2549 874 episcopus
2591 818 2781 860 servm
2815 818 3096 861 servorum
3141 806 3234 862 Del
3257 847 3272 872 ,
3301 809 3501 866 diaeta
3549 809 3644 867 Dei

2063 895 2172 948 tilio
2203 894 2454 949 Eustasio
2494 895 2675 950 abbati
2715 896 2887 951 electo
2915 897 3226 954 monasterii
3259 901 3430 956 sancti
3475 902 3648 958 Bene-

2057 983 2189 1038 dicti
2215 985 2285 1039 de
2328 984 2642 1054 Capersana
2671 988 2737 1040 ad
2766 997 3009 1042 sanctam
3055 989 3238 1044 sedent
3273 991 3419 1046 nullo
3468 995 3654 1049 medio

2058 1072 2380 1140 pertinentis
2401 1073 2651 1139 salutem,
2677 1076 2802 1130 etin
2833 1077 3061 1149 regulari
3096 1079 3205 1133 vita
3230 1079 3641 1149 perfectionem.

2127 1160 2450 1231 Apostolicte
2498 1164 2642 1219 sedis
2677 1165 3094 1231 administratio,
3135 1169 3226 1223 cui
3261 1168 3389 1225 licet
3427 1172 3646 1244 indigne

2059 1249 2414 1316 deservimus,
2459 1254 2811 1322 omniumque
2835 1254 3202 1312 Ecclesiarum
3229 1273 3361 1313 cura
3390 1259 3549 1317 nobis
3590 1271 3647 1316 et

2058 1341 2362 1396 soliicitndo
2390 1342 2552 1413 viget,
2584 1352 2646 1398 ut
2674 1345 2889 1400 illarum
2917 1347 3210 1415 provisioui
3249 1350 3522 1420 praecipua
3546 1365 3666 1406 nos-

2059 1434 2316 1488 convenit
2361 1432 2646 1489 affectione
2698 1435 3012 1501 intendere,
3070 1453 3196 1508 qua:
3234 1439 3301 1494 ad
3344 1440 3646 1496 Romanam

2057 1532 2306 1592 spectare
2349 1524 2649 1580 Ecclesium
2692 1527 3100 1595 dignoscantur.
3149 1529 3330 1600 Nuper
3352 1543 3450 1601 per
3473 1531 3646 1587 Durae

2060 1616 2242 1669 theam
2259 1616 2659 1672 subdiaconum
2685 1627 2740 1672 et
2775 1622 3100 1676 monachum
3143 1637 3244 1678 nos
3271 1625 3460 1679 humili
3484 1637 3646 1695 prece

2059 1703 2370 1772 supplicasti
2399 1705 2545 1759 istud
2577 1709 2970 1762 monasterium
2993 1747 3008 1774 ,
3041 1711 3108 1764 in-
3123 1725 3233 1780 quo
3255 1712 3381 1767 olim
3413 1714 3650 1784 quadra-

377 1813 502 1852 εει-ε
524 1797 766 1868 Angusto
785 1797 1050 1853 gniﬁcat;
1081 1806 1198 1862 cu,
1241 1800 1364 1870 qua
1401 1799 1565 1854 modo
1587 1801 1748 1872 vulgo
1775 1801 1957 1871 appet-
1984 1810 2031 1868 Β
2057 1794 2205 1870 ginta
2253 1795 2502 1850 monachi
2548 1795 2658 1851 Deo
2690 1796 3110 1867 famulabantur,
3147 1803 3218 1856 ob
3252 1803 3648 1861 Saracenorum

377 1887 482 1942 lata
511 1897 594 1942 est
617 1887 1045 1958 Reganispurch,
1091 1889 1236 1959 quod
1260 1899 1347 1946 est
1370 1898 1741 1947 constructum
1782 1893 1836 1947 in
1863 1903 1949 1948 no-

2061 1885 2396 1954 itnpictatem
2417 1887 2474 1941 in
2505 1887 2656 1942 ltaiia
2683 1888 3068 1945 conﬂuentium
3093 1900 3152 1947 et
3181 1895 3483 1965 principum
3504 1897 3652 1953 Grie-

373 1994 510 2035 nore
537 1988 736 2034 sancta
771 1979 953 2034 uariat
985 1977 1174 2035 matris
1201 1981 1412 2035 Domini
1444 1983 1615 2035 nostri
1643 1981 1960 2038 lesu'Chri-

372 2073 465 2137 sti,
494 2083 552 2129 et
567 2075 830 2145 principis
855 2077 1224 2145 apostolorum
1251 2077 1420 2142 Petri,
1454 2085 1508 2131 et
1535 2077 1711 2132 sancti
1736 2078 1953 2151 Georgii

374 2167 658 2238 martyris,
698 2168 789 2223 ubi
834 2167 1281 2239 maturissimos
1326 2178 1538 2240 martyr
1577 2179 1634 2224 et
1671 2172 1956 2241 episcopus

345 2255 623 2313 ~Bictavise
659 2271 889 2331 corpore
932 2261 1224 2336 requiescit
1264 2261 1715 2325 Euuneramnms,
1766 2261 1816 2315 in
1854 2279 1951 2315 no-

372 2359 539 2406 stram
561 2349 976 2418 immunitatem,
999 2357 1484 2422 successorunique
1505 2359 1812 2407 nostrorum
1835 2359 1955 2423 gra-

371 2445 448 2498 tia
459 2443 788 2501 defensionis
815 2442 1124 2501 transfodit.
1150 2444 1220 2500 Et
1237 2459 1336 2500 nos
1361 2445 1619 2500 continuo
1640 2459 1738 2514 pro
1751 2444 1952 2500 Christi

371 2551 555 2591 amore
589 2537 829 2607 gratuita
868 2545 1048 2592 mente
1090 2535 1336 2608 petitioni
1373 2533 1494 2604 ejus
1537 2538 1628 2606 pie
1654 2545 1952 2592 annuentes

371 2629 708 2684 decrevimus
737 2631 810 2683 ita
836 2627 974 2694 fieri,
1012 2638 1066 2683 et
1081 2628 1345 2695 iussimus
1373 2628 1512 2682 hanc
1533 2637 1740 2683 certam
1771 2635 1954 2682 aucto-

371 2718 549 2773 ritatis
579 2728 776 2774 nostrze
807 2721 929 2775 inde
957 2720 1226 2775 censeribi
1249 2761 1262 2781 ,
1305 2728 1361 2774 et
1391 2721 1682 2789 episcopus
1707 2719 1949 2788 ejusdem

369 2810 604 2866 civitatis
636 2811 851 2876 tertius,
897 2812 1112 2866 nomine
1137 2805 1450 2864 Adalwinus
1483 2808 1640 2878 juxta
1669 2809 1949 2865 decretum

369 2909 424 2954 et
445 2916 567 2955 cum
600 2903 920 2956 auctoritate
952 2910 1155 2964 nostra.
1190 2901 1242 2954 in
1275 2901 1562 2970 praesentia
1590 2901 1820 2969 piissimi
1851 2893 1952 2954 im-

369 2991 634 3059 peratoris
663 2989 865 3054 Caroli,
907 3000 1051 3044 recta
1089 2991 1302 3044 ratione
1335 2990 1390 3043 in
1433 2989 1678 3060 synodali
1716 2987 1948 3046 concilio

367 3095 490 3133 cum
524 3079 730 3149 judicio
761 3082 1157 3150 episcoporum,
1201 3079 1544 3144 clericorum,
1589 3095 1690 3136 nec
1713 3096 1822 3136 non
1851 3097 1948 3136 no-

2059 1992 2250 2032 corum
2278 1978 2537 2042 schisma,
2570 1984 2696 2047 post
2713 1979 2896 2035 dilecti
2926 1981 3021 2035 lilii
3043 2025 3045 2028 ‹
3064 1982 3418 2056 Teopbylacti
3441 1988 3650 2056 praede.

2057 2069 2295 2123 cessuris
2339 2071 2417 2124 tui
2445 2071 2498 2124 in
2541 2071 2767 2141 praefato
2797 2076 3130 2130 monasterio
3173 2068 3386 2132 abbatis
3413 2077 3643 2144 obitum,

2057 2159 2192 2213 adeo
2221 2161 2535 2216 destiwtum
2573 2164 2947 2234 reperiebatur
2969 2207 2984 2232 ,
3036 2175 3097 2222 ut
3121 2170 3513 2226 monachorum
3551 2175 3646 2241 qui

2058 2249 2111 2303 in
2155 2265 2222 2304 eo
2265 2261 2393 2322 post
2436 2253 2593 2309 istius
2643 2254 2883 2326 regionis
2912 2258 3337 2316 devastatiouem
3369 2264 3649 2333 superfue-

2057 2342 2198 2407 rint,
2247 2357 2424 2414 neque
2452 2345 2646 2415 maior,
2674 2361 2850 2418 neque
2871 2351 3058 2405 sanior
3081 2359 3224 2407 esset
3253 2363 3381 2424 pars
3403 2367 3501 2425 pro
3528 2365 3650 2411 sua

2055 2447 2271 2489 cessore
2322 2436 2588 2506 eligendo.
2656 2439 2895 2494 Consilio
2929 2442 3146 2497 tandem
3181 2443 3424 2500 Cau’fridi
3458 2446 3648 2503 dilecti

2053 2522 2108 2578 in
2137 2524 2356 2581 Christo
2394 2525 2518 2592 lilii,
2563 2527 2777 2585 abbatis
2817 2533 2958 2586 sacri
3001 2531 3237 2590 cmnobii
3266 2537 3440 2591 sancti
3471 2536 3645 2593 lene-

2051 2613 2184 2670 dicti
2223 2618 2292 2671 de
2318 2618 2496 2683 nario,
2529 2632 2652 2674 eum
2679 2621 2745 2674 ad
2780 2622 2977 2677 Urbem
3003 2631 3134 2679 tunc
3175 2633 3455 2681 non-esset
3497 2631 3647 2683 tutus

2052 2719 2323 2769 accessus,
2360 2706 2524 2776 aliqui
2550 2709 2634 2763 sui
2660 2713 2996 2776 monasterii,
3025 2715 3278 2769 monachi
3328 2724 3492 2785 atque
3516 2729 3646 2787 pars

2051 2795 2441 2850 monachorum
2459 2799 2731 2866 prioratus
2935 2801 3002 2855 de
3023 2800 3190 2856 Porta
3215 2813 3411 2872 aspero
3439 2815 3648 2859 nuncu-

2049 2887 2162 2955 pati
2178 2886 2246 2941 de
2259 2885 2547 2961 Metropoli,
2577 2903 2714 2959 quos
2731 2891 2796 2946 de
2817 2899 3002 2946 vestro
3023 2893 3231 2963 gremio
3257 2895 3641 2964 reputemusin

2048 2974 2287 3046 Spiritus
2323 2978 2587 3034 Paracleti
2627 2983 2956 3037 charismate
3001 2986 3315 3057 congregati
3347 2999 3421 3041 xu
3449 2985 3640 3042 llalcn.
3725 2981 3746 2994 ”

2048 3068 2173 3124 Maii
2220 3078 2274 3123 te
2322 3071 2574 3126 dilectum
2609 3071 2779 3127 ﬁlium
2825 3073 3133 3130 Eustas‘ium
3179 3075 3412 3147 elegere.
3463 3077 3645 3145 Quare

369 3169 554 3222 binum
591 3170 852 3224 [uicorum
881 3171 948 3225 de
975 3171 1162 3225 om,”
1195 3171 1316 3239 ,πο
1356 3171 1673 3226 cameram
1723 3171 1943 3241 pomi“-
1970 3159 2014 3221 C
2047 3170 2146 3211 nos
2174 3167 2231 3212 et
2268 3159 2405 3214 hanc
2436 3169 2682 3215 sanctam
2715 3160 2898 3216 sedem
2924 3163 3189 3219 certiores
3217 3164 3418 3231 fecisti,-
3466 3165 3646 3222 hamis

366 3258 538 3314 calcm
588 3262 850 3326 mutavit,
883 3272 937 3316 et
979 3263 1241 3318 canonica
1277 3264 1600 3318 auctoritate
1634 3264 1688 3318 in
1729 3265 1949 3321 civitate

2054 3250 2172 3305 liter
2216 3260 2407 3320 petens
2445 3261 2506 3306 ut
2546 3254 2793 3309 eamdem
2837 3255 3160 3311 electionem
3201 3256 3268 3312 de
3313 3257 3644 3328 benignitate

366 3349 432 3402 ad
462 3350 744 3405 ecclesiam
785 3351 842 3406 S.
874 3352 1136 3421 Stephani
1175 3353 1594 3423 protomartyris
1635 3354 1861 3419 statuit,
1892 3364 1949 3410 et

2054 3344 2342 3413 apostolica
2373 3344 2697 3400 conﬁrmare
2720 3345 3088 3416 dignaremur.
3119 3347 3228 3404 Nos
3255 3348 3508 3418 precibus
3535 3350 3645 3405 tuis

365 3453 476 3504 sum
504 3453 831 3508 suorumque
855 3455 1233 3495 successorum
1259 3441 1576 3511 pmprietati
1605 3456 1672 3496 ac
1689 3443 1944 3510 potestati
2046 3435 2280 3504 benigne
2330 3445 2651 3499 annllt'MBS.
2704 3445 2755 3491 ιο
2791 3437 3080 3505 Ρτωΐεδιηηὶ
3127 3439 3438 3502 Εειειειεὶιηη
3477 3451 3643 3496 C100-

364 3528 615 3600 dcinocps
642 3530 694 3586 in
724 3531 962 3595 futurum
984 3531 1328 3605 abalienavit.
1357 3533 1401 3587 E
1429 3544 1619 3588 contra
1644 3535 1948 3590 antedictus

363 3619 854 3676 Christianissimus
879 3623 1174 3691 imperator
1194 3625 1340 3678 dedit
1367 3626 1436 3679 ad
1462 3625 1608 3678 illum
1629 3625 1829 3689 locum,
1855 3627 1945 3680 ubi

365 3713 523 3767 modo
547 3712 704 3767 sedes
731 3713 1052 3782 episwpalis
1073 3723 1176 3780 est,
1213 3730 1244 3768 a
1270 3724 1425 3784 parte
1451 3717 1748 3771 meridiana
1776 3718 1947 3787 ipsius

366 3801 676 3855 monasterii
707 3803 942 3871 perticas
966 3803 1321 3874 dcccmpedas
1362 3822 1449 3870 IL,
1491 3815 1546 3860 et
1578 3805 1633 3862 in
1665 3807 1768 3862 alia
1793 3817 1946 3878 parte

363 3907 416 3955 c,
447 3893 499 3945 in
530 3891 866 3963 longitudine
893 3893 1155 3951 ducentas
1182 3911 1278 3962 vn,
1301 3905 1355 3952 et
1375 3897 1662 3954 ecclesiam
1689 3898 1746 3954 S.
1775 3900 1944 3967 Petri,

364 3992 420 4037 et
447 3984 729 4039 ecclesiam
757 3983 815 4039 S.
831 3984 989 4040 Pauli
1011 3983 1167 4053 juxta
1192 3988 1662 4059 murosprmdicta‘.
1685 3987 1942 4056 civitatis,

364 4085 418 4126 et
438 4073 849 4144 Wimintingen,
880 4083 936 4129 et;
956 4073 1385 4146 Egilolfeslteim,
1409 4085 1464 4132 et
1485 4078 1767 4135 ecclesiam
1789 4073 1942 4150 juxta

365 4163 670 4234 Nappurch,
700 4181 821 4233 quae
844 4174 1069 4220 vocatur
1095 4165 1352 4231 Bcrsana,
1392 4177 1448 4223 et
1470 4169 1818 4226 continuavit
1831 4186 1945 4227 mo-

366 4259 660 4312 nasterium
697 4260 916 4327 pretiosi
948 4260 1040 4315 Dei
1068 4263 1321 4333 martyris
1351 4263 1734 4320 Emmerammi
1763 4265 1814 4320 in
1846 4283 1943 4336 po-

367 4357 560 4403 testate
616 4349 998 4419 imperatorum
1049 4352 1164 4408 sive
1208 4369 1394 4424 regum
1448 4370 1620 4424 usque
1668 4357 1723 4410 in
1770 4373 1944 4415 rerum

363 4456 680 4510 permanere
700 4481 714 4506 ,
759 4449 816 4496 et
846 4441 919 4497 ita
958 4441 1344 4510 conﬁrmavit;
1387 4452 1448 4498 ut
1481 4453 1661 4502 rector
1685 4434 1742 4501 et
1773 4448 1942 4504 abbas

2048 3525 2168 3578 nicc
2195 3524 2424 3578 electum
2471 3525 2524 3578 in
2571 3526 2822 3578 abbatem
2861 3525 3071 3595 prmfati
3101 3530 3453 3598 monasterii,
3496 3532 3648 3601 quod

2047 3616 2343 3686 Cupcrsani
2391 3617 2554 3670 situm
2600 3625 2701 3680 est,
2755 3616 3079 3674 auctoritate
3107 3619 3400 3689 apostolica
3441 3623 3640 3677 contir-

2044 3723 2256 3762 mamus
2283 3715 2340 3763 et
2367 3708 2671 3762 stabilimus
2703 3723 2826 3764 cum
2863 3709 3120 3765 omnibus
3145 3710 3472 3778 honoribus,
3515 3714 3640 3768 red-

2046 3801 2247 3854 ditibus
2295 3800 2464 3870 ipsius
2504 3800 2839 3865 monasterii,
2888 3809 2946 3856 et
2982 3801 3454 3869 iurisdictionibus
3498 3807 3633 3867 suis,

2044 3891 2646 3962 prmdecessoribusque
2688 3892 2796 3946 tuis
2837 3894 3100 3948 hactenus
3128 3909 3226 3965 per
3267 3895 3410 3952 banc
3448 3898 3636 3952 sedem

2043 3989 2290 4040 sanctam
2314 3983 2573 4050 indultis,
2617 3990 2895 4040 monentes
2929 3993 2991 4039 ut
3015 3986 3142 4040 dum
3173 3987 3226 4041 in
3261 4001 3328 4043 eo
3353 3991 3638 4060 praefueris

2044 4071 2341 4145 vigilantia,
2374 4073 2620 4129 doctrina
2643 4115 2659 4141 ,
2708 4091 3030 4146 morumque
3057 4079 3360 4148 probitate,
3391 4082 3636 4140 subditos

2044 4175 2376 4236 ceterosque
2401 4166 2701 4222 antecellas
2719 4207 2734 4234 ,
2779 4181 2980 4239 eosque
3010 4167 3064 4223 in
3097 4170 3362 4228 charitate
3387 4188 3635 4245 moneas,

2042 4257 2304 4326 corrigas,
2332 4265 2388 4312 et
2412 4258 2660 4329 exemplo
2685 4259 2941 4316 aediﬁces.
2972 4259 3127 4318 Scire
3147 4265 3293 4320 enim
3320 4265 3483 4324 debes
3505 4269 3634 4324 reli-

2043 4347 2208 4419 giosis
2244 4349 2377 4404 viris
2418 4350 2471 4404 in
2511 4351 2615 4405 hoc
2656 4361 2851 4408 sancto
2888 4351 3150 4410 famulatu
3191 4358 3318 4413 dum
3367 4372 3626 4435 praesunt,

2043 4452 2149 4494 non
2181 4440 2234 4493 in
2263 4455 2324 4496 se
2355 4441 2562 4496 ordinis
2589 4450 2938 4513 potestatem,
2970 4455 3066 4501 aut
3093 4447 3371 4520 dignitatis
3397 4468 3508 4509 sua:
3534 4471 3631 4526 pa-

363 4505 599 4598 ejusdem
628 4505 860 4587 connubii
887 4548 1210 4604 unoquoque
1229 4505 1372 4589 anno
1400 4549 1471 4589 vn
1494 4552 1689 4592 aureos
1713 4537 1940 4594 Romam
1967 4505 2020 4566 D
2045 4532 2289 4597 storitiaz,
2320 4534 2414 4588 sed
2436 4534 2798 4604 mqualitatem
2821 4538 3145 4597 conditionis
3178 4542 3486 4611 ostendere,
3502 4505 3631 4602 con-

363 4625 430 4677 ad
457 4624 625 4679 altare
667 4625 839 4679 sancti
885 4625 1030 4679 Petri
1075 4627 1428 4696 persolveret.
1480 4628 1606 4683 llaec
1631 4632 1860 4686 mutatio
1888 4641 1944 4687 et

2054 4622 2270 4676 venire:
2305 4637 2405 4677 nec
2434 4622 2598 4677 talem
2641 4631 2692 4679 te
2729 4635 3004 4682 ostentare
3037 4628 3455 4702 hominibusque
3490 4650 3629 4705 pra:-

362 4715 703 4770 ronllrmatio
749 4705 850 4770 fuit
893 4731 1036 4770 anno
1081 4715 1149 4770 ab
1191 4717 1558 4774 incarnatione
1582 4719 1794 4776 Domini
1840 4722 1941 4779 798

2054 4726 2181 4777 esse,
2223 4721 2279 4767 et
2320 4715 2603 4768 recordare
2639 4716 2780 4784 quod
2822 4717 3030 4787 antiqui
3070 4718 3259 4776 Patres
3284 4723 3487 4790 nostri,
3520 4743 3626 4782 non

365 4807 700 4861 auctoritatis
733 4814 964 4869 nostra);
1005 4807 1078 4860 ita
1113 4815 1169 4859 ut
1192 4808 1237 4862 si
1264 4809 1387 4877 quis
1417 4809 1708 4878 imperator
1727 4821 1820 4866 aut
1845 4829 1938 4868 rex
2043 4812 2152 4858 tam
2182 4819 2332 4874 rcges
2362 4805 2641 4860 hominum
2677 4822 2840 4876 quam
2869 4819 3116 4878 pastores
3140 4813 3407 4881 pecudum
3449 4814 3621 4874 tuere.

362 4900 608 4954 eamdem
636 4899 918 4954 ecclesiam
949 4907 1057 4952 tam
1086 4907 1327 4953 sanctam
1350 4899 1510 4955 alicui
1537 4912 1774 4971 pmtet,
1811 4921 1940 4960 ana-

365 4991 543 5044 thema
592 4991 680 5046 sit.
732 4991 1088 5062 Congrcgatio
1137 5000 1316 5045 autem
1355 4993 1668 5048 monasterii
1714 4994 1935 5050 liberam

363 5082 560 5137 habeat
593 5092 938 5153 potestatem,
978 5093 1032 5138 et
1061 5083 1378 5138 electionem
1422 5085 1632 5139 abbatis
1661 5085 1813 5155 juxta
1841 5087 1935 5141 de-

2043 4893 2272 4962 Specnla
2299 4893 2629 4950 lucidissima
2656 4897 2910 4953 Ecclesia:
2931 4909 3059 4954 sunt
3084 4901 3137 4955 bi
3165 4903 3256 4971 qui
3287 4903 3342 4959 in
3369 4904 3507 4962 locis
3535 4924 3622 4963 re-
3686 4912 3697 4943 ί

2041 4983 2257 5052 giminis
2283 4983 2443 5053 positi
2484 4993 2745 5054 apparent
2771 4986 2931 5057 primi
2959 4987 3014 5041 in
3050 4989 3623 5051 subeundisccclesia-

2038 5071 2191 5126 sticis
2218 5073 2552 5138 muneribus,
2604 5083 2658 5127 ut
2688 5090 2876 5130 eorum
2921 5078 3169 5148 exemplo
3200 5079 3449 5139 [tutantes
3488 5083 3619 5139 sub-

360 5183 567 5229 cretum
591 5175 762 5230 sancti
793 5174 1066 5229 Bcnedicﬁ
1107 5176 1223 5228 sine
1248 5175 1488 5229 omnimu
1515 5178 1938 5233 contradictione

2054 5164 2134 5219 liti
2178 5166 2410 5220 subeant
2444 5167 2681 5236 ipsorum
2727 5167 2964 5236 iniuncta
2996 5172 3332 5242 ministeria,
3369 5184 3427 5232 et
3462 5175 3622 5231 obse-

361 5263 735 5330 substituendi,
765 5273 815 5318 et
847 5262 1125 5335 pnefatum
1164 5265 1548 5319 monasterium
1593 5277 1717 5320 cum
1750 5281 1935 5322 mona-

2036 5256 2222 5323 quium
2289 5266 2544 5326 pnestent
2609 5259 2894 5317 dilectione
2949 5262 3268 5333 jucundum.
3332 5265 3660 5346 Subiunxit-

360 5355 478 5412 citis
499 5365 554 5412 et
579 5356 828 5412 omnibus
871 5355 1066 5410 ibidem
1097 5355 1150 5409 in
1196 5371 1433 5426 prmscns
1473 5355 1708 5423 collatis,
1749 5359 1833 5412 vel
1877 5359 1930 5414 in
2034 5347 2196 5402 etiam
2235 5348 2548 5411 Dorothcus
2577 5352 2654 5406 tui
2707 5355 2940 5410 caanobii
2987 5371 3053 5412 ac
3100 5359 3264 5414 totius
3319 5355 3646 5415 conventus

359 5454 634 5517 posterum
681 5445 1041 5511 conferendis,
1089 5446 1141 5500 in
1171 5456 1409 5501 nostram
1455 5462 1934 5518 successurumque
2037 5436 2254 5491 nomine
2277 5477 2294 5502 ,
2326 5439 2469 5507 quod
2498 5456 2603 5496 non
2649 5443 2766 5500 sine
2794 5444 2953 5515 binus
2986 5456 3190 5501 saneta
3226 5445 3404 5511 aedis,
3434 5455 3494 5501 et
3519 5463 3617 5504 uo—

362 5547 668 5594 nostrorum
697 5539 1088 5593 imumnitatem
1119 5538 1434 5608 recepimus,
1464 5539 1710 5594 feliciter.
1741 5539 1930 5595 Anien.

2035 5527 2155 5583 stri.
2182 5565 2197 5578 .
2225 5565 2240 5580 .
2267 5567 2281 5580 .
2308 5567 2323 5580 .
2361 5539 2482 5599 post
2510 5542 2730 5588 exactos
2777 5533 3160 5604 Langobardos
3179 5571 3196 5599 ,
3239 5535 3616 5592 contentiones

2039 5631 2144 5670 non
2170 5629 2349 5686 parva:
2369 5629 2502 5673 orae
2529 5621 2636 5675 sint
2669 5631 2888 5691 propter
2911 5624 3216 5692 patrimonii
3251 5623 3612 5683 Ecclesiarnm

2040 5705 2368 5762 invasionem
2406 5724 2434 5763 a
2467 5711 2960 5780 potentiozilmsqnc
2992 5712 3245 5781 regionis,
3271 5723 3325 5768 et
3354 5715 3614 5772 militibus
