1985 3101
173 150 238 178 1071

652 145 856 174 STEPHANUS
876 146 920 180 IV,
939 145 1114 174 PONTIFEX
1135 147 1310 174 ROMANES.

1731 150 1800 176 N573

171 209 275 237 Iacinus
294 209 487 241 perpetratum,
512 208 539 231 ct
559 204 629 238 quod
648 203 819 230 inclementia
842 203 955 231 Sarace—
970 205 994 234 Α
1008 207 1060 230 tur.
1076 203 1211 231 Prmlerea
1225 211 1319 231 omnes
1341 202 1480 231 libertates
1503 203 1721 233 immunitatesvc
1734 213 1800 241 prat-

170 261 268 281 norum
281 257 308 279 et
321 251 477 279 Graecorum
496 249 634 288 impietate
650 249 677 275 in
694 256 754 276 esse
777 254 966 281 remanserat,.

169 298 292 326 relictum
315 299 552 323 contermneorum
566 294 636 321 [teda
656 294 786 326 avaritia,
806 295 957 328 injustaquc

169 343 302 372 hostilitas
319 340 469 375 usurpavit,
483 339 554 373 juris
565 343 593 367 et
606 339 713 373 pictatis
728 339 836 366 tramite
848 344 958 373 prater-

170 388 270 421 misso;
293 393 409 422 namque
427 385 474 420 jus
487 385 560 417 belli,
579 385 651 419 quod
671 385 802 417 vocitant,
829 388 956 419 tanquam

169 433 312 469 profanum
328 431 362 459 ab
376 431 496 458 Ecclesia
508 430 661 458 Christiana
678 430 830 465 depellitur.
853 429 958 456 Idcirco

170 479 257 507 studio
272 482 317 505 tuo
331 477 365 505 ad
381 476 520 511 antiquam
534 476 732 510 possessionem
753 474 856 509 placide
871 478 957 501 retra-

169 525 236 552 here
247 523 370 555 coneris,
392 523 492 558 istique
506 529 585 549 sacro
606 521 731 549 ρωποι)ίο
751 521 860 548 restitui
879 528 958 547 cura—

168 569 222 602 bis,
243 569 351 605 vigente
366 569 395 596 in
415 568 541 595 munibus
552 568 674 602 partibus
687 567 769 594 Italia:
784 565 900 601 piissimi
917 565 957 592 di-

169 614 231 643 lecti
248 615 294 641 lilii
314 614 443 649 principis
464 614 537 648 regis
560 613 726 640 Francorum
748 613 904 644 sanctione,
928 616 958 638 ut

168 660 290 692 comites,
300 660 404 695 iudices
413 666 521 694 quoque
530 659 612 685 isthic
622 658 752 693 Strati-go,
765 661 793 685 et
814 656 956 691 cathapani

169 707 271 741 absque
296 706 381 740 ﬁgura
400 704 494 739 judicii
509 704 542 731 ad
563 704 698 731 Ecclesias
718 711 760 731 res
776 702 956 730 leesiarnm

170 754 351 778 revertantur.
368 750 560 785 Praecipiean
570 758 623 777 nos
641 749 722 777 modo
733 750 804 784 quod
819 756 894 775 arma
910 748 958 775 ho-

168 795 239 822 stilia
256 795 462 829 conquiescunt,
483 802 521 822 ne
532 795 658 822 machi
672 795 706 822 ad
714 794 804 829 jurgia
817 789 957 821 s'ecularia

167 840 308 872 accedant,
333 847 383 868 nec
404 839 567 874 quaestiones
579 839 732 867 inconsulto
754 844 896 871 moveant,
913 843 959 866 aut

1006 248 1070 275 dicti
1085 248 1252 280 monasterii,
1268 255 1317 275 nec
1333 255 1385 274 non
1399 247 1539 276 libertates
1553 249 1756 284 episcoporum,
1773 258 1800 278 et

1006 293 1190 328 exemptioncs
1206 292 1375 319 s:ccularium
1390 293 1423 319 ah
1436 292 1543 320 dilectis
1558 293 1620 321 [iliis
1631 293 1801 329 imperatori-

1006 338 1056 366 bus
1069 344 1095 366 et
1111 338 1172 365 aliis
1197 338 1320 366 ﬁdelibus
1340 340 1555 373 pmemoratis
1573 348 1652 368 sacro
1675 342 1800 369 ccenobio

1007 384 1109 417 totique
1121 383 1264 410 conventui
1280 383 1352 410 illius
1362 383 1482 416 indultis,
1494 391 1612 419 quorum
1623 385 1800 420 diplomatmn

1007 435 1021 453 a
1036 434 1135 454 vesana
1158 428 1275 454 hostium
1298 428 1372 454 rabie
1394 432 1494 455 sanctae
1518 428 1646 456 Ecclesiae
1672 430 1801 458 Romanae

1006 471 1181 505 perduellium
1208 477 1327 499 cremata
1353 472 1439 506 major
1462 480 1525 507 pars
1550 473 1634 501 fuisse
1660 475 1801 505 subdictus

1007 517 1160 545 Dorothcus
1176 517 1254 544 nobis
1267 517 1361 544 retulit
1372 538 1379 549 ,
1402 518 1565 546 auctoritate
1577 520 1725 553 apostolica
1739 529 1801 549 con-

1007 560 1147 588 ﬁrmamus
1162 565 1189 587 et
1203 561 1372 595 indulgemus
1383 582 1390 594 ,
1416 563 1605 598 praecipientes
1629 569 1659 591 ut
1680 573 1799 599 praesen-

1007 607 1074 634 tium
1086 606 1184 634 seriem
1198 614 1213 633 a
1228 608 1326 633 dilecto
1341 608 1368 633 in
1381 608 1488 634 Christo
1500 608 1584 635 fratre
1601 615 1695 638 nostro
1706 611 1802 639 biblio-

1008 651 1128 679 thecario
1146 652 1172 678 in
1186 652 1314 686 regestris
1328 652 1423 679 referri
1440 663 1446 679 :
1470 661 1502 680 ea
1514 655 1605 681 omnia
1619 656 1803 684 conﬁrmatio—

1008 704 1123 731 nemque
1142 697 1227 732 ipsam
1236 699 1379 732 pmsentis
1392 700 1486 734 scripti
1510 700 1664 734 patrocinio
1674 709 1801 730 commu-

1007 742 1109 769 nimus.
1132 742 1160 769 Si
1172 750 1232 777 quae
1248 751 1314 778 ergo
1336 744 1363 770 in
1384 744 1504 772 futurum
1518 746 1703 774 ecclesiastica
1715 755 1802 776 saecu-

1008 787 1107 815 larisve
1136 795 1251 822 persona
1279 788 1351 816 hanc
1383 794 1503 817 nostram
1532 791 1748 820 conﬁrmationis
1771 798 1802 821 et

1008 834 1209 861 constitutionis
1218 835 1343 870 paginam
1358 836 1448 864 sciens
1460 841 1554 864 contra
1569 845 1630 865 eam
1642 842 1746 866 temere
1754 847 1801 866 vc—

167 885 201 912 ω
227 885 312 913 insul-
335 885 455 912 ηηάπίω
478 885 603 912 militaris
627 885 655 912 in
678 885 822 912 elationem
846 889 957 920 propter
972 879 994 908 Β
1008 879 1066 906 nire
1080 880 1245 912 tentaverit,
1267 881 1386 909 secundo
1407 883 1521 910 tertiove
1543 884 1720 916 commonita,
1745 886 1801 912 nisi

166 930 318 958 libertatem
335 930 461 958 incidant.
481 931 633 958 Absurdum
646 931 753 958 videtur
765 931 836 965 apud
850 930 957 964 religio-

167 983 212 1003 sos
236 976 323 1003 sancti
348 976 485 1003 Benedicti
515 976 727 1003 ecclesiasticam
753 976 905 1003 libertatem
928 976 955 1002 in

166 1020 302 1048 licentiam
318 1021 490 1048 temerariam
505 1020 664 1053 diiI'ormari,
686 1028 720 1048 ne
734 1020 885 1048 ministeria
900 1028 957 1047 mo-

167 1065 316 1093 nachorum
337 1066 473 1093 contemni
488 1073 503 1092 a
520 1066 613 1100 pravis
634 1066 789 1093 hominibus
801 1065 954 1093 videantur.

167 1109 222 1137 Sed
233 1111 363 1145 quidquid
374 1110 549 1147 quaerendum
562 1130 571 1143 ,
595 1111 639 1138 vel
657 1110 873 1146 respondendum
888 1119 958 1146 prm-

168 1156 223 1184 i'ato
235 1160 329 1183 vestro
344 1157 511 1184 monasterio
520 1157 566 1188 sit,
588 1164 637 1191 per
650 1156 840 1184 advocatorem
852 1157 904 1184 hoc
917 1157 957 1183 fa-

167 1207 231 1228 cere
243 1208 277 1228 ne
290 1200 460 1233 obliviscare,
482 1206 509 1229 et
521 1201 543 1229 si
563 1209 608 1228 res
621 1201 804 1229 Ecclesiarum
820 1209 833 1228 a
855 1201 959 1229 Graacis

167 1245 332 1280 principibus
344 1245 370 1272 in
381 1245 506 1279 Oriente,
522 1249 549 1273 et
561 1246 590 1273 in
607 1246 741 1281 aliquibus
752 1245 779 1272 in
792 1246 867 1273 Italia
878 1246 956 1273 ditio.

167 1290 248 1318 nibus
257 1290 405 1319 (ἧι-ποειήὶρὶ
419 1292 525 1327 imperii
538 1291 734 1319 Saracenorum
750 1292 860 1327 appulsu
875 1292 956 1326 impie

167 1334 306 1362 devastata
320 1334 463 1370 reperitur,
486 1336 649 1364 Iactamurin
669 1336 783 1364 Domino
793 1356 803 1368 ,
815 1337 887 1371 quod
902 1337 956 1364 cito

167 1378 202 1406 ad
214 1379 304 1406 omnia
316 1380 541 1415 redintegrentur.
563 1380 592 1408 Si
609 1381 670 1415 qu‘s
683 1385 773 1408 autem
785 1385 847 1416 post
858 1381 957 1416 prmia-

168 1428 223 1451 tatn
238 1425 308 1461 regis
320 1425 487 1454 Francorum
510 1427 625 1462 piissimi
646 1427 815 1455 sanctionem
827 1428 957 1455 adversus

168 1470 239 1498 istud
256 1472 448 1500 monasterium
470 1472 672 1507 Cupersanensc
689 1478 766 1509 putet
779 1473 879 1501 habere
890 1481 957 1508 que-

167 1514 263 1549 relam,
286 1520 313 1543 et
329 1517 399 1552 apud
415 1522 441 1544 te
464 1522 591 1553 tanquam
606 1518 731 1554 abbatem
746 1519 788 1546 vel
809 1519 956 1546 monachos

167 1561 242 1589 litem
256 1569 334 1590 suam
347 1551 471 1591 decidere
494 1551 541 1591 aut
563 1564 669 1591 deferre
683 1552 812 1596 noluerit,
832 1564 955 1591 volumus
969 1551 991 1581 C

167 1610 195 1634 et
208 1607 351 1634 statuimus
373 1611 402 1634 ut
419 1612 482 1635 ante
496 1616 548 1635 nos
560 1613 607 1635 aut
628 1608 730 1642 legatos
744 1613 853 1635 nostros
867 1609 956 1643 queri-

167 1652 258 1680 monia
282 1651 419 1679 det'eratur
443 1660 515 1687 quo.
530 1672 536 1679 .
550 1673 557 1680 .
580 1653 673 1688 iudicii
698 1654 758 1692 sine
779 1662 954 1689 personarum

167 1696 324 1732 acceptione
347 1705 409 1731 sua,
432 1698 530 1735 cuique
541 1697 647 1732 iustitia
670 1699 725 1726 Deo
740 1704 851 1727 auctore
865 1707 956 1727 serve-

1008 924 1089 951 rcbus
1101 925 1158 952 suis
1179 932 1294 960 congrua
1320 925 1505 955 satisfactione
1520 930 1698 963 prospexerit,
1719 934 1800 964 pote-

1007 970 1086 997 statis
1096 970 1260 1006 honorisque
1267 972 1309 998 sui
1317 975 1410 999 careat
1420 972 1558 1007 dignitate,
1570 981 1698 1009 namque
1706 975 1804 1004 divino

1003 1014 1106 1049 judicio
1131 1024 1161 1043 se
1177 1017 1294 1045 existere
1315 1018 1348 1045 de
1367 1023 1521 1053 perpetrata
1535 1019 1677 1054 iniquitate
1699 1027 1802 1055 cogito-

1008 1065 1077 1094 scat,
1091 1066 1118 1089 et
1132 1070 1148 1089 a
1162 1063 1334 1091 sanctissimo
1348 1071 1474 1099 corpore,
1499 1069 1527 1092 et
1547 1065 1678 1101 sanguine
1692 1065 1804 1095 Domini

1007 1108 1092 1134 nostri
1105 1107 1170 1135 Jesu
1184 1107 1284 1136 Christi
1304 1109 1459 1143 repellatur.
1477 1109 1573 1138 Arnen.
1587 1110 1682 1138 Amen.
1699 1110 1819 1138 Αιιιειι..

1044 1154 1104 1182 Dat.
1130 1154 1233 1188 Romae,
1253 1155 1280 1182 in
1307 1156 1473 1188 monasterio
1500 1157 1588 1184 sancti
1603 1156 1739 1184 Anastasii
1752 1164 1803 1191 per

1009 1209 1105 1228 manus
1128 1200 1240 1229 Joannis
1254 1202 1465 1234 bibliothecarii,
1489 1206 1516 1229 ct
1530 1202 1604 1230 card.
1627 1208 1728 1230 nostra:
1747 1203 1805 1230 Ro-

1007 1254 1094 1274 mana:
1106 1247 1235 1274 Ecclesiae
1252 1255 1289 1274 vn
1304 1247 1364 1275 Kal.
1376 1248 1503 1275 Decemb.
1529 1255 1602 1275 anno
1615 1248 1721 1275 Dtomini
1735 1248 1805 1280 815.

1007 1294 1100 1321 indict.
1116 1294 1145 1326 9,
1158 1293 1236 1321 Pent.
1253 1301 1318 1322 vero
1331 1294 1422 1322 domui
1436 1294 1536 1321 Leonis
1546 1294 1635 1322 divina
1656 1294 1803 1329 providen-

1008 1340 1045 1367 tia
1054 1347 1129 1375 νίψω
1142 1339 1185 1373 III,
1198 1347 1270 1377 anno
1282 1340 1330 1367 20.

1041 1387 1167 1414 Nicotaus
1180 1386 1300 1422 presbyt.
1315 1385 1345 1413 ὃ.
1363 1386 1434 1413 ΚΕ.
1447 1386 1524 1414 card.
1538 1386 1578 1414 tit.
1592 1390 1694 1413 sancte
1710 1386 1804 1414 antris

1007 1433 1035 1459 in
1047 1432 1228 1459 Hierusalem.

1041 1478 1203 1505 Eustathius
1220 1478 1262 1505 tit.
1277 1482 1378 1505 sancta:
1389 1478 1520 1505 Praxedis
1530 1477 1623 1513 presb.
1636 1477 1711 1504 card.
1725 1477 1780 1504 8...

1043 1522 1240 1557 Teopltylactus
1255 1522 1284 1550 S.
1300 1522 1332 1549 R.
1346 1522 1453 1550 Ecard.
1694 1539 1696 1542 ν

1042 1568 1196 1603 Stephanus
1210 1568 1242 1596 ὃ.
1256 1569 1288 1596 R.
1302 1569 1332 1596 Β.
1347 1570 1388 1597 tit.
1401 1570 1490 1597 sancti
1505 1570 1598 1597 Marci.

1042 1614 1197 1641 Bonifacius
1211 1615 1286 1642 card.
1303 1614 1345 1642 tit.
1362 1615 1416 1643 ὃ...

1043 1659 1165 1687 Joannes
1180 1660 1210 1687 S.
1228 1660 1259 1687 It.
1275 1661 1307 1688 E.
1324 1661 1561 1690 bibliothecarius.

171 1774 1804 1802 mm

771 1851 857 1872 ANNO
877 1850 990 1872 DOMINI
1014 1851 1181 1873 DCCCXVIII.

572 1939 1210 2032 STEPHANUS
1288 1946 1405 2031 IV
1476 1894 1479 1897 ’

798 2089 969 2117 PONTIFEX
987 2088 1164 2118 ROMANUS.

441 2207 658 2247 NOTITIA
698 2208 969 2248 HISTORICA
1007 2210 1061 2249 IN
1102 2210 1415 2249 STEPHANUM
1456 2212 1523 2251 IV.

751 2296 850 2326 (Manu,
861 2296 932 2321 Cone.
946 2295 1057 2327 Collcrt.,
1069 2300 1127 2321 tom.
1141 2296 1215 2328 λιν]

203 2403 356 2466 Stephanus
375 2403 414 2438 (a)
425 2402 536 2430 natione
546 2401 684 2428 Romanus
696 2410 728 2429 cx
746 2406 823 2436 patre
838 2402 951 2436 Marino,
965 2406 991 2435 D
1005 2404 1054 2432 Hic
1069 2413 1084 2431 ιι
1096 2405 1225 2440 primmva
1246 2410 1324 2432 Moto
1336 2405 1361 2432 in
1378 2406 1545 2440 patriarchio
1555 2405 1733 2434 Laterancusi
1745 2407 1801 2434 sub

167 2439 241 2476 (ωδε
261 2439 281 2465 it
292 2446 377 2466 annos
384 2443 497 2473 septem,
505 2444 614 2465 menses
622 2437 862 2472 scptem[mens.7,
874 2438 899 2464 d.
912 2438 951 2474 5]-
1005 2444 1106 2467 saneta:
1136 2441 1273 2467 memoria:
1294 2440 1404 2467 domino
1429 2441 1547 2467 Adriano
1574 2448 1643 2475 papa
1674 2443 1800 2468 nutritus

212 2446 270 2467 seu:

271 2443 281 2465 t
292 2446 377 2466 annos
384 2443 497 2473 septem,
505 2444 614 2465 menses
622 2441 725 2472 septem
733 2437 862 2472 [mens.7,
874 2438 899 2464 d.
912 2438 951 2474 δῖ.

215 2506 242 2543 α)
258 2506 413 2543 Stephanus.
438 2507 514 2543 Anno
541 2505 646 2543 Domini
662 2504 833 2543 nostri_.lcsu
853 2506 952 2543 (_1hristi

166 2539 368 2573 816,'vige'sima
380 2542 496 2568 secunda
511 2541 610 2567 mensis
618 2539 701 2572 Junii,
711 2540 737 2567 in
754 2540 840 2567 locum
856 2541 953 2568 Leonis

168 2550 228 2573 ⁸16.
238 2550 263 2569 Vl
283 2550 368 2570 cstma
380 2550 496 2568 δεειιιιίιίι
511 2550 701 2572 IIICI'ISISJIIIIII,
711 2550 737 2567 III
755 2550 840 2567 IOCUII'I
856 2550 953 2568 IJCOIIIS

168 2579 239 2606 tertii
254 2550 420 2611 Sstephanum
437 2576 469 2602 IV
482 2576 508 2611 in
531 2576 615 2611 sacris
631 2576 778 2602 canonihus
793 2580 821 2603 et
835 2576 953 2611 discipli-

168 2614 211 2643 nis
219 2610 322 2648 optime
337 2615 472 2648 versatum
488 2610 577 2648 clerus
597 2610 864 2648 Romanusnuauimi
887 2610 952 2648 con-

168 2645 248 2676 sensu
262 2646 426 2682 subrogavit.
439 2645 505 2672 Cum
521 2645 594 2679 pacis
607 2650 633 2671 ct
655 2646 761 2682 unionis
777 2645 952 2682 impetranda:

186 2684 253 2711 ratia
277 2680 396 2710 secundo
427 2686 519 2707 mense
543 2687 597 2706 suae
627 2681 790 2712 crcationis,
818 2685 848 2707 ut
868 2680 952 2708 refert

192 2719 322 2748 hnoinus,
347 2716 381 2743 ad
406 2714 569 2743 Ludovicum
591 2715 778 2748 imperatorem
801 2716 827 2742 in
851 2716 952 2743 Gallias

189 2752 305 2789 rol'ectns
331 2756 426 2789 emt,
451 2753 549 2784 prater
574 2756 693 2789 ea_quc
722 2757 803 2789 supra
829 2756 954 2789 recenset

189 2760 305 2781 reiectus
331 2760 422 2783 θωεις
451 2760 549 2784 pluitur
574 2760 608 2776 tu:
634 2760 693 2783 ιιιιυ
722 2760 803 2784 supra
831 2760 952 2778 recenset

168 2760 345 2820 Rnastasius,
363 2786 474 2821 quidam
494 2788 588 2812 auctor
617 2784 735 2812 incertus
753 2786 777 2818 ',
790 2786 837 2813 sed
862 2789 952 2814 tamen

201 2858 210 2868 '
222 2859 366 2884 Ademrum
375 2858 489 2889 plerique
501 2857 580 2883 scient
592 2855 724 2888 appclttre.

1005 2444 1106 2467 saneta:
1136 2441 1273 2467 memoria:
1294 2440 1404 2467 domino
1429 2441 1547 2467 Adriano
1574 2448 1643 2475 papa
1674 2443 1800 2468 nutritus

1004 2513 1094 2537 verus,
1111 2505 1136 2532 in
1159 2505 1219 2532 Vita
1237 2505 1363 2533 Ludovici
1379 2514 1437 2540 cap.
1461 2506 1495 2533 58
1522 2506 1607 2537 9139,
1629 2505 1687 2534 hmc
1706 2508 1798 2534 conti-

1004 2541 1074 2574 gisse
1095 2540 1211 2567 scribit:
1237 2541 1414 2575 «Imperator
1440 2545 1530 2567 autem
1558 2540 1615 2574 ejus
1641 2541 1797 2575 (Stephani

1002 2575 1096 2610 papae)
1113 2575 1228 2602 adventu
1255 2576 1427 2610 pnucognito,
1441 2575 1603 2611 Beruhardo
1617 2577 1725 2611 qnidcm
1748 2584 1798 2603 ne-

1002 2611 1057 2646 poti
1083 2618 1144 2646 eum
1174 2611 1299 2638 comitari
1320 2611 1410 2645 jussit.
1437 2610 1490 2646 Sed
1514 2616 1542 2637 et
1564 2610 1796 2646 appropinquanti

1003 2644 1069 2672 alios
1092 2645 1199 2678 missos,
1223 2645 1268 2679 qui
1282 2644 1343 2672 eum
1358 2653 1419 2672 cum
1436 2645 1527 2672 debito
1541 2644 1794 2680 honore—perduce-

1005 2684 1075 2712 rent,
1091 2680 1198 2707 direxit.
1227 2680 1284 2714 Ipse
1311 2685 1400 2707 autem
1424 2680 1568 2707 adventum
1594 2680 1653 2714 cjus
1680 2680 1796 2707 Rhcmis

1004 2716 1136 2742 sustinere
1148 2716 1253 2742 statuit.‘
1267 2714 1315 2742 Cui
1330 2716 1409 2742 etiam
1427 2715 1536 2742 obviam
1549 2715 1733 2743 Hildchaldum
1747 2722 1797 2741 ar-

1040 2782 1077 2816 (b)
1092 2781 1162 2809 Sedit
1188 2791 1274 2809 annos
1291 2787 1399 2818 famem,
1427 2792 1525 2810 menses
1549 2788 1654 2818 septem.
1678 2782 1795 2818 Stepha-

1006 2825 1083 2848 num,
1098 2821 1239 2851 postquam
1253 2825 1268 2844 e
1285 2816 1369 2844 Gallia
1386 2817 1498 2845 Romam
1511 2816 1683 2849 revertisset,
1703 2816 1796 2844 tribus

1007 2852 1136 2880 duntaxat
1147 2852 1287 2893 mensibus
1300 2853 1470 2887 superstitem
1483 2852 1580 2892 fuisse,
1594 2857 1655 2888 post
1672 2852 1794 2881 auctari-
