1985 3101
180 190 249 219 1085

680 189 871 235 PASCIIALIS
890 190 912 224 I,
931 188 1106 218 PONTIF“
1125 189 1299 219 IIOHANUS.
1332 195 1348 203 ‘

1720 190 1804 218 -ωα

178 257 222 276 ma
256 248 334 279 eritis
344 249 480 275 ornatam.
496 246 597 288 Ibidem
611 247 619 274 i
639 255 669 275 se
686 247 844 276 fecit‘aliam
859 251 965 288 vestem
976 248 1002 277 Α
1013 247 1184 274 intemerata:
1196 247 1310 281 virginis
1323 247 1417 274 Maris
1438 247 1557 288 domina
1568 251 1668 274 nostra
1684 248 1719 274 ad
1732 248 1802 275 Pre-

178 284 213 310 dc
224 255 345 310 IIsimdato
366 283 510 309 habentem
524 290 550 309 In
573 255 664 310 inegit)
675 290 783 309 erucem
810 282 843 309 de
855 283 961 309 hlattm.
1018 288 1092 310 sene.
1120 288 1236 309 cernens
1260 281 1463 310 nuondanrtah
1478 289 1554 309 more
1569 287 1766 310 constructam.
1777 288 1802 310 ut

198 291 261 310 ctu

264 283 345 310 ndato
366 283 510 309 habentem
524 282 550 309 in
573 282 664 310 medio
675 290 783 309 erucem
810 282 843 309 de
855 283 961 309 blattin.

181 318 255 345 Fecit
277 318 358 344 etiam
383 317 416 344 ad
428 323 553 344 ornatum
581 316 703 352 praedicti
721 317 834 344 oratorii
854 318 911 344 vi-la
933 319 966 344 de

179 353 300 388 alythino
312 360 372 388 cum
384 352 516 388 periclysi
528 353 562 379 de
573 351 671 388 blattin
697 352 830 387 Byzantea
854 360 966 379 numero

178 386 305 421 qu'atuor.
323 386 536 448 Simulque‘vela
550 386 698 414 holoserica
715 386 776 414 cum
794 388 918 422 periclysi
933 387 966 413 de

181 422 358 448 uuadraoulo.
372 426 400 448 et
430 430 445 448 e
455 421 564 448 olovero
576 429 689 448 numero
700 427 826 448 quatuor.

181 422 358 456 quadrapulo,
372 426 400 448 et
411 421 445 451 de
455 421 564 449 olovero
576 429 689 448 numero
700 421 826 456 quatuor.

215 456 264 483 llic
279 456 490 491 benignissimus
511 457 609 491 praesul
626 457 689 484 fecit
703 457 730 483 in
751 457 864 484 ecclesia
878 457 966 483 beato-

164 515 166 517 .
179 499 239 518 rum
257 497 405 527 martyrum
429 491 535 519 Cosmaa
546 496 575 518 et
588 492 710 518 Damiani
723 492 750 518 in
764 492 807 518 via
825 493 906 518 Sacra
921 499 966 518 vc-

179 529 246 553 Stem
261 526 293 553 de
307 527 397 561 Tyrio,
418 527 559 554 habentem
574 527 600 553 in
613 527 704 561 medio
716 527 833 553 tabulam
846 527 878 552 de
891 528 967 561 chry-

179 561 287 588 soclavo
298 560 358 588 cum
367 561 448 588 ‘vultu
466 562 571 588 Domini
583 562 668 588 nostri
681 560 744 588 Jesu
758 561 871 592 Christi,
885 567 965 595 atque

179 597 322 623 beatorum
349 602 500 631 martyrum
524 596 630 624 Cosma:
644 600 671 623 et
685 596 807 623 Damiani
831 604 891 622 cum
907 597 966 623 aliis

178 631 264 658 tribus
279 630 418 663 fratribus,
443 639 504 658 cum
518 639 599 658 cruce
612 633 644 658 de
655 639 722 658 auro
744 634 828 662 testo,
852 636 879 657 et
899 632 967 665 peri-

177 666 264 701 t-Iysin
278 666 312 693 de
326 666 435 693 olovcro
447 666 628 701 pulcherrime
645 670 781 700 comptam
793 670 873 699 atque
887 667 966 692 deco-

178 705 276 728 ratam.
297 701 384 735 Super
398 700 493 728 eorum
517 701 633 735 denique
656 705 751 728 sancto
774 700 853 727 altari
868 701 966 727 obtulit

176 736 377 770 coopertorium
401 736 434 764 de
458 736 539 771 Tyrio
571 736 684 763 mirifice
709 736 878 771 decoratum.
913 736 966 762 luto

176 778 242 798 vero
260 775 324 798 ante
333 770 495 800 vestibulum
512 771 596 805 ipsius
621 771 715 799 altaris
734 770 797 798 fecit
815 771 874 797 tela
887 771 967 805 Tyria

176 813 238 833 cum
253 806 379 841 periclysi
393 806 426 833 de
437 806 534 833 blattiu
552 806 688 841 Byzantea
700 813 813 833 numero
826 806 887 832 tria.

216 841 385 868 Venerabilis
411 841 494 868 etiam
516 840 637 875 pontifex
664 840 729 867 fecit
749 841 776 867 in
803 842 967 867 monasterio

178 875 326 902 Salvatoris
352 876 458 902 Domini
483 874 569 903 nostri
582 874 644 903 Jesu
659 875 761 902 Chriin
775 876 828 902 sito
843 876 868 902 in
894 876 967 901 terri-

178 911 247 938 torio
262 910 376 938 Reatino
388 915 489 938 vestem
502 911 535 937 de
560 910 737 945 chrysoelavo
749 918 811 937 cum
840 911 966 943 historia,

176 945 294 980 qualiter
307 945 377 972 idem
393 945 523 972 Dominus
542 944 634 972 noster
656 944 736 972 Iesus
753 945 879 973 Christus
903 953 965 972 cum

176 980 348 1014 urchangelis
361 985 388 1007 et
397 980 527 1015 apostolis
540 981 566 1007 in
593 980 663 1008 coelo
674 984 812 1011 coruscat,
830 980 899 1007 mira
911 980 968 1013 pul-

176 1015 332 1043 chritutline
344 1016 459 1042 diversis
470 1020 594 1042 ornatam
608 1015 771 1050 margaritis.
793 1015 858 1042 Item
870 1015 898 1041 in
910 1015 967 1049 jam

175 1051 248 1078 dicto
261 1051 425 1077 monasterio
440 1051 472 1076 ad
493 1055 618 1077 oruatmn
634 1051 703 1076 sacri
720 1050 813 1076 altaris
827 1050 909 1077 aliam
919 1050 968 1077 ob-

176 1085 239 1112 tulit
264 1090 366 1112 vestem
379 1086 412 1112 dc
434 1085 557 1116 fundam.
579 1086 722 1112 habentem
739 1092 835 1112 cruces
851 1085 885 1112 de
900 1084 967 1111 blat-

176 1121 215 1147 tin
233 1120 387 1156 ByzanteaL
398 1124 425 1147 et
438 1120 583 1156 perielysiu
601 1120 635 1147 dc
660 1120 838 1156 chrysoclavo
852 1119 967 1156 mit-ilice

176 1154 344 1182 exornatam.
373 1154 446 1182 Pari’
461 1154 540 1183 modo
566 1156 594 1182 in
620 1154 735 1182 ecclesia
761 1155 832 1182 beati
865 1154 968 1181 Menum

176 1190 305 1225 martyris
320 1190 385 1217 fecit
407 1195 511 1217 vestem
537 1191 569 1218 de
583 1190 751 1225 quadrapulo
766 1197 828 1217 cum
840 1189 966 1224 periclysi

176 1224 320 1265 de_blattin
334 1225 479 1265 Byzantea.
495 1264 498 1265 ν
626 1259 642 1265 __
759 1234 769 1238 '

212 1259 262 1295 Hic
277 1258 464 1287 sanctissimus
474 1264 502 1288 et
522 1259 694 1295 coangelicus
708 1258 820 1295 pnesurl”
830 1258 928 1295 obtulit
939 1259 967 1286 in

175 1294 290 1321 ecclesia
302 1294 373 1321 beati
389 1295 461 1321 Petri
477 1293 633 1329 apostoliin
646 1293 839 1321 Centumcellis
854 1293 967 1322 calicem

174 1334 203 1355 et
216 1334 341 1364 patenam
360 1338 392 1357 ex
406 1328 519 1365 argento
542 1331 695 1362 deam-atas,
722 1333 870 1363 pensantes
883 1328 967 1356 libras

176 1368 303 1398 quatuor,
321 1369 349 1391 ct
361 1365 456 1392 uncias
475 1369 540 1392 tres.
826 1384 828 1387 ι

212 1399 357 1427 Enimvero
367 1404 394 1426 et
408 1400 434 1426 in
448 1400 561 1427 ecclesia
576 1399 647 1426 beati
660 1398 734 1426 Petri
751 1398 867 1433 apostoli
879 1398 968 1426 fauto-

178 1442 217 1460 ris
231 1434 351 1471 suiAft-cit
364 1435 532 1471 evangelium
548 1442 610 1462 cum
623 1434 719 1471 blattin
732 1441 766 1471 ex
779 1437 892 1471 argento
905 1441 969 1468 pen-

176 1478 240 1496 sans
255 1469 339 1496 libras
355 1475 429 1502 octo,
439 1469 470 1497 ct
484 1470 578 1497 uncias
594 1474 665 1496 octo.
679 1469 894 1503 Beuignissimus
904 1476 969 1502 quo-

175 1512 228 1538 que
240 1505 338 1539 przcsul
351 1505 417 1532 fecit
429 1505 455 1532 in
472 1505 637 1533 monasterio
652 1504 722 1531 beati
737 1503 968 1539 Stephaniproto—

176 1538 304 1574 martyris
317 1540 350 1566 ad
364 1545 488 1567 sanctum
514 1540 623 1567 Petrum
639 1543 729 1566 vestes
749 1538 824 1565 albas
841 1538 968 1565 holoscri-

175 1582 222 1601 cas
247 1578 371 1608 quatuor.
400 1575 531 1602 habentes
548 1575 575 1602 in
606 1574 695 1601 meIio
722 1581 833 1601 crucem
853 1574 886 1600 de
899 1581 966 1601 auro

176 1613 250 1635 texto
268 1617 329 1635 cum
352 1610 467 1637 diversis
480 1610 689 1644 margaritispet
702 1608 830 1644 periclysi
847 1608 879 1644 de
898 1608 965 1635 blat-

176 1644 215 1670 tin
232 1643 345 1670 mirifice
357 1644 509 1671 decoratas.
523 1642 600 1674 Item,
614 1643 658 1669 ubi
676 1651 767 1678 supra,
781 1642 879 1678 obtulit
894 1650 965 1676 prm-

177 1678 332 1705 nominatus
355 1678 474 1713 pontifex
500 1682 603 1706 vestem
629 1678 662 1705 de
679 1677 801 1709 fundato,
819 1677 964 1713 habentem

174 1713 203 1739 in
230 1713 320 1739 medio
335 1711 443 1741 crucem
458 1722 492 1741 ex
514 1721 581 1740 auro
594 1717 707 1744 textam,
724 1716 752 1739 et
770 1711 917 1746 periclysin
931 1712 966 1739 de

175 1747 359 1784 chrysoclavo.
382 1740 548 1783 Siepedictus
575 1740 706 1784 denique,
721 1740 825 1784 przesul
849 1740 915 1784 fecit
937 1747 965 1774 in

176 1782 229 1815 tam
244 1783 316 1810 dicto
331 1784 496 1811 monasterio
511 1787 613 1811 vestem
633 1783 665 1810 de
680 1782 803 1813 fundato,
819 1782 964 1809 habentem

176 1819 203 1844 in
217 1818 308 1854 medio
319 1819 436 1845 tabulam
459 1819 492 1846 dc
509 1818 686 1854 chrysoclavo
699 1825 762 1854 cum
778 1817 965 1854 vultu_sancta:

178 1853 223 1879 hei
236 1853 386 1887 genitricis,
402 1858 429 1881 et
451 1852 608 1881 sanctorum
640 1852 825 1887 apostolorum
849 1852 922 1879 Petri
938 1857 966 1880 et

178 1888 263 1923 Pauli,
277 1892 305 1923 et
319 1888 463 1923 perielysin
476 1889 509 1916 de
521 1889 626 1915 blattin.

211 1921 428 1958 Obtulit’ibideiu
441 1924 498 1958 ipse
516 1928 613 1950 vestes
627 1924 660 1949 dc
682 1927 807 1949 staurace
821 1923 902 1958 duas?
914 1923 965 1949 ha-

177 1958 272 1993 bentes
283 1957 309 1985 in
323 1958 410 1993 medio
424 1957 519 1986 cruces
532 1959 566 1986 de
577 1958 764 1993 chrysoclavo,
779 1961 808 1984 ct
819 1957 965 1992 periclysin

176 1993 210 2019 de
224 1992 330 2019 blattin.
347 1992 422 2020 Fecit
441 1994 523 2020 etiam
550 1994 582 2020 ad
601 1992 727 2020 ornatum
744 1992 827 2027 ipsius
854 1992 965 2019 oratorii

176 2028 265 2064 velum
280 2028 367 2062 majus
381 2028 416 2056 de
436 2029 615 2064 qnadrapulo,
640 2029 744 2064 habens
762 2028 789 2064 in
805 2027 895 2064 medio
908 2035 966 2064 er_u-

175 2070 222 2099 czfs
236 2063 350 2099 deauro
362 2062 452 2099 textas
462 2069 531 2095 tres,
542 2062 580 2090 'et
593 2062 738 2099 periclysin
752 2063 793 2099 de
812 2062 919 2089 blattin.
937 2062 965 2099 In

176 2098 300 2125 «liaconia
321 2098 565 2132 beatiArchangeli
589 2097 686 2125 obtulit
696 2098 753 2133 jam
769 2097 858 2133 dictus
882 2098 967 2133 ponti-

178 2133 221 2159 fax
232 2137 337 2160 vestem
352 2134 385 2160 de
398 2134 491 2160 blattin
514 2134 668 2169 Byzautea,
676 2134 819 2169 habentem
835 2132 862 2159 in
878 2132 966 2169 medio

176 2175 284 2204 crucem
302 2169 336 2204 de
349 2167 573 2204 chrysoclavofet
586 2167 732 2204 periclysin
746 2168 779 2195 de
789 2167 966 2203 cbrysoclavo

158 2227 162 2230 .
178 2203 359 2239 pulcherrime
376 2208 521 2239 comptam.

213 2238 358 2277 Enimvero
372 2243 399 2265 et
424 2238 450 2266 in
465 2239 578 2266 ecclesia
602 2239 688 2277 beata:
706 2238 822 2277 Caeciliae
836 2238 965 2277 martyris

179 2272 242 2301 fecit
268 2274 400 2300 concham
422 2282 456 2301 ex
482 2278 605 2309 argento,
631 2274 676 2300 tibi
692 2277 718 2300 et
731 2272 966 2309 pretiosum-ejus-

178 2308 239 2334 dem
254 2309 366 2344 virginis
379 2314 460 2343 caput
477 2308 598 2336 condidit
623 2312 782 2344 pensantem
808 2308 895 2344 libras
905 2312 966 2344 octo

180 2348 207 2372 ct
221 2344 311 2371 semis.
330 2344 416 2371 Simili
436 2345 515 2371 modo
531 2349 559 2371 et
573 2344 601 2370 in
612 2344 725 2371 ecclesia
750 2344 822 2370 beati
847 2343 967 2376 Quiriaci

179 2379 307 2413 Iitartyris
325 2380 352 2406 in
367 2379 493 2406 Thermis
504 2379 602 2407 obtulit
627 2379 773 2413 praedictus
785 2378 885 2412 praesul
907 2378 966 2405 vela

179 2412 212 2439 de
227 2412 338 2441 fundato
353 2422 464 2442 numero
486 2420 557 2442 octo.
576 2412 652 2442 Hic’a
663 2414 719 2441 Deo
741 2413 824 2441 fultus
847 2412 903 2446 jam
917 2420 966 2439 no-

180 2448 297 2483 minatus
312 2450 431 2483 pontifex
459 2449 523 2478 fecit
546 2450 574 2477 in
591 2449 712 2476 oratorio
735 2449 822 2475 sancti
844 2448 967 2475 Archan-

180 2482 243 2517 geli,
267 2482 337 2516 quod
346 2485 484 2520 quondam
507 2485 691 2520 praedecessor
702 2483 762 2518 ejus
775 2483 891 2520 domnus
912 2483 966 2520 beo

179 2517 404 2579 papa_coustitfuit
416 2524 497 2554 atque
508 2517 673 2561 consumsit,
689 2517 791 2546 vestem
818 2517 907 2545 albam
923 2518 969 2545 ho-

191 2559 333 2579 usertcam.
359 2553 502 2579 habentem
518 2563 545 2579 m
570 2555 658 2579 nimbo
671 2554 790 2579 tabulam
805 2553 839 2579 de
853 2553 967 2579 cbrvso-

191 2552 333 2585 "sericam,
359 2552 502 2581 habentem
518 2555 545 2582 in
570 2555 658 2582 medio
671 2554 790 2581 tabulam
805 2553 839 2580 de
853 2553 967 2588 chryso-

180 2587 259 2615 rlavo
271 2594 333 2614 cum
346 2588 457 2615 historia
474 2590 622 2617 Dominicre
640 2588 848 2617 resurrectionis
861 2587 967 2614 Domini

180 2623 264 2659 nostri
277 2621 341 2659 {esu
359 2623 471 2659 Christi,
487 2629 513 2650 et
528 2625 674 2659 periclysin
686 2625 719 2651 de
734 2623 909 2659 cbrysoclavo
921 2623 968 2659 mi-

181 2658 256 2685 riﬁce
281 2657 448 2686 deeoratam.
464 2657 536 2685 Item’
555 2659 590 2686 ibi
607 2657 706 2686 obtulit
719 2657 800 2686 aliam
818 2662 922 2686 vestem
934 2658 968 2685 de

179 2691 291 2729 fundato
305 2701 366 2721 cum
380 2693 503 2729 periclysi
517 2693 550 2729 de
563 2693 658 2721 blattin
673 2694 817 2729 Byzantea.

215 2728 291 2756 Fecit
313 2727 394 2757 etiam
417 2727 473 2762 jani
503 2727 591 2755 dictus
615 2727 734 2763 pontifex
766 2729 792 2755 in
811 2727 967 2763 supradicto

178 2764 301 2791 cratmio
315 2769 415 2791 vestem
429 2764 510 2791 aliam
528 2764 561 2790 de
583 2763 751 2798 quadrapulo
774 2764 965 2791 circomsutam

179 2805 242 2825 cum
253 2798 366 2836 historia
386 2799 433 2827 Dei
456 2797 599 2836 genitricis
621 2797 803 2833 pulcherrime
830 2802 967 2832 comptam

181 2837 264 2862 atque
276 2834 440 2862 decoratam.

239 2873 351 2896 neterea
368 2869 445 2904 idem
473 2877 597 2897 summus
613 2866 733 2904 pontifex
750 2872 777 2904 et
788 2867 966 2899 orthodoxus,

183 2901 272 2928 divina
304 2903 494 2937 inspiratione
508 2901 638 2938 pulsatus,
662 2903 805 2931 ecclesiam
824 2906 923 2930 sant-ta:
941 2907 968 2930 ct

1018 288 1092 316 sepe,
1120 288 1236 309 cernens
1260 281 1463 316 quondam~tali
1478 289 1554 309 more
1569 287 1766 312 constructam.
1777 288 1808 310 ut

1017 315 1079 350 post
1096 316 1187 344 sedem
1199 315 1336 351 pontificis
1353 316 1482 344 mulieres
1496 317 1531 344 ad
1553 324 1631 344 sacra
1659 318 1804 345 missarum

1018 351 1147 378 solemnia
1174 356 1286 381 stantes.
1314 358 1397 385 prope
1420 352 1551 386 assistere
1559 351 1637 385 juxta
1650 352 1806 386 pontiﬁcem

1018 386 1184 418 videretttur,
1210 386 1246 413 ita
1263 386 1326 413 utsi
1338 386 1439 421 aliquid
1466 386 1582 421 colloqui
1609 386 1730 421 pontifex
1744 395 1808 414 cum

1017 421 1068 448 sibi
1085 421 1274 456 assistentibus
1289 422 1430 453 voluisset,
1447 428 1480 448 ex
1493 422 1739 456 propinquacvalde
1750 430 1809 449 mu.

1018 456 1112 483 Iicrum
1132 455 1349 490 frequentatione
1371 455 1549 490 nequaquam
1566 455 1605 483 ei’
1616 457 1675 483 sine
1693 457 1805 483 uillarum

1018 491 1214 517 interventione
1229 491 1338 523 liceret;
1356 491 1463 525 largum
1485 491 1585 519 ibidem
1599 491 1688 518 locum
1706 492 1807 524 inesse,

1037 525 1134 553 ualiter
1160 526 1223 553 inde
1238 526 1330 553 sedem
1346 530 1453 553 mutare
1478 525 1590 558 valeret.
1618 531 1808 558 concerneret,

1036 565 1080 596 ato
1093 561 1183 595 operis
1201 561 1290 587 studio
1306 562 1388 596 carpit
1409 561 1594 588 indesinenter
1615 569 1696 596 agerc
1717 561 1808 588 sedem

1019 595 1132 622 inferius
1157 596 1272 630 positam
1297 595 1404 623 sttrSum
1427 603 1541 630 ponere,
1552 600 1581 623 ut
1599 595 1810 624 eo’l'amiliarius

1019 630 1131 666 Domino
1142 637 1239 666 preces
1262 630 1374 666 fundere
1389 635 1492 665 posset,
1504 638 1558 665 quo
1570 634 1708 658 consortia
1723 639 1808 666 popu-

1019 665 1107 692 lorum
1124 665 1246 701 modeste
1261 664 1398 701 declinare
1419 664 1562 701 potuisSet.
1582 666 1704 700 Denique
1714 664 1806 693 sedem

1018 700 1119 734 optime
1132 707 1213 734 quam
1229 700 1330 727 dudum
1353 700 1442 728 fuerat
1454 700 1645 735 pulcherrimis
1665 701 1808 728 marmori-

1020 735 1070 761 bus
1083 735 1237 770 decoratam
1256 735 1385 768 condidit,
1404 740 1431 762 ct
1455 736 1573 769 undique
1597 743 1738 767 ascensus,
1752 736 1808 770 qui-

1019 770 1071 805 bus
1083 769 1117 796 ad
1131 777 1192 797 eam
1218 770 1365 805 gradiatur,
1387 771 1547 801 construxit,
1572 769 1809 805 pavimentumque

1020 804 1114 832 altaris
1127 804 1236 839 erigens
1261 805 1466 839 pretiosissimis
1491 806 1673 833 marmoribus
1702 804 1807 832 stravit.

1021 839 1113 866 Erexit
1125 847 1191 867 sane
1200 847 1247 866 sex
1258 840 1323 866 inibi
1339 844 1403 867 ante
1416 839 1613 868 confessionem
1632 841 1703 868 sacri
1716 841 1809 868 altaris

1022 881 1158 909 purpureo
1186 875 1276 910 colore
1303 875 1451 907 columnas;
1482 883 1549 909 (luas
1564 882 1647 910 super
1662 879 1689 903 et
1702 875 1808 903 candidi

980 918 1005 946 Β
1019 910 1163 946 marmoris
1181 909 1283 936 trabem
1297 911 1404 946 posuit.”
1420 911 1562 944 purpureis
1577 911 1671 937 dextra
1687 911 1807 944 Irct’aque

1019 944 1200 977 marmoribus
1231 950 1342 972 nectens
1381 945 1439 972 illas
1472 945 1585 976 scilicet,
1618 946 1805 979 celatnrisque

1018 986 1153 1007 exornans
1170 979 1237 1006 satis
1262 981 1403 1007 commode
1432 980 1577 1007 decoravit.
1602 980 1802 1008 Prcsbvterium

1017 1022 1126 1049 quoque
1138 1015 1221 1047 ipsius
1243 1015 1363 1041 ecclesiae
1389 1016 1505 1041 diversis
1531 1011 1711 1042 marmoribus
1724 1023 1804 1050 quant

1018 1050 1122 1084 pridem
1141 1050 1227 1075 literal
1244 1050 1268 1075 in
1292 1050 1386 1076 melius
1414 1051 1559 1083 reparavit.
1586 1050 1811 1084 Propitiatorium

1018 1092 1084 1111 vero
1099 1085 1171 1111 sacri
1188 1084 1289 1116 altaris,
1312 1093 1358 1111 seu
1386 1084 1582 1112 confessionem
1605 1086 1718 1112 interius
1735 1089 1807 1112 exte-

1017 1119 1128 1153 riusque
1142 1127 1204 1146 cum
1221 1120 1322 1154 rugulis
1340 1121 1395 1146 suis
1411 1128 1441 1147 ex
1457 1128 1523 1146 auro
1534 1120 1678 1154 purissimo
1693 1121 1806 1147 mirilice

1017 1154 1167 1186 decoravit,
1186 1161 1303 1190 pensans
1329 1154 1412 1190 libras
1425 1161 1535 1182 centum
1550 1156 1719 1190 septuaginta
1738 1162 1803 1189 qua-

1019 1193 1082 1230 tnor
1091 1194 1120 1216 et
1133 1189 1227 1216 uncias
1325 1189 1472 1230 _Sintiliter
1496 1194 1525 1218 et
1535 1191 1620 1230 altare
1636 1189 1722 1230 ipsius
1735 1190 1804 1230 basi-

1018 1223 1082 1251 licrc
1103 1232 1137 1251 ex
1164 1225 1302 1258 argenteis
1325 1224 1433 1252 laminis
1460 1232 1522 1252 cura
1548 1223 1668 1252 historiis
1692 1225 1806 1251 diversis

1017 1259 1200 1321 pulcherrime
1226 1260 1341 1293 compsit
1354 1264 1435 1300 atque
1458 1260 1609 1299 dealtravit,
1630 1260 1806 1299 pensantibus

1030 1293 1103 1321 ibt-as
1132 1298 1267 1321 trecentas
1287 1299 1428 1321 octoamta
1438 1299 1465 1321 et
1484 1303 1612 1321 nutuque.
1642 1295 1806 1321 Benttmtssn-

1030 1293 1103 1321 ibt-as
1132 1298 1267 1321 trecentas
1287 1293 1428 1329 octoginta
1438 1299 1465 1322 et
1484 1295 1612 1329 quinque.
1631 1293 1806 1329 'Benignissi-

1018 1337 1079 1356 ntus
1093 1329 1175 1356 etiam
1193 1329 1394 1369 praeclarusque
1411 1330 1508 1369 praesul
1535 1330 1632 1369 obtolit
1648 1330 1683 1356 ibi
1697 1329 1807 1364 gabatas

1018 1371 1051 1391 ex
1063 1371 1129 1391 auro
1139 1364 1285 1398 purissimo
1297 1372 1358 1391 cum
1370 1365 1484 1392 divorsis
1496 1365 1608 1399 gemmis
1621 1371 1733 1391 numero
1747 1372 1805 1395 sex,

1018 1404 1164 1433 pensantes
1191 1398 1273 1426 libras
1297 1399 1393 1433 viginti
1404 1404 1432 1426 et
1454 1398 1547 1426 uncias
1559 1407 1616 1426 sex.
1631 1399 1664 1426 Et
1679 1400 1731 1426 hoc
1745 1407 1807 1425 con-

1019 1434 1107 1461 stituit
1123 1439 1152 1461 ut
1169 1441 1277 1468 semper
1289 1434 1384 1461 diebus
1400 1442 1433 1462 ac
1454 1435 1578 1461 noctibus
1592 1439 1654 1460 ante
1668 1441 1806 1460 sacrosan-

1019 1473 1092 1496 ctum
1107 1469 1192 1495 altare
1216 1468 1334 1496 lucerna:
1348 1470 1443 1496 ardere
1455 1469 1579 1496 debeant.
1600 1469 1651 1496 Hic
1667 1469 1757 1495 divina
1770 1469 1806 1494 in-

1019 1504 1167 1538 spiratione
1180 1503 1264 1531 fultus
1284 1504 1382 1530 obtulit
1396 1504 1423 1531 in
1443 1504 1499 1537 jam
1515 1505 1585 1530 dicta
1602 1504 1714 1530 basilica
1730 1511 1806 1530 arcus

1018 1547 1052 1566 cx
1066 1543 1178 1573 argento
1197 1546 1309 1565 numero
1334 1544 1405 1571 octo,
1422 1547 1483 1566 cum
1510 1539 1643 1566 columnis
1659 1539 1804 1569 sexdecim,

980 1589 1002 1620 C
1018 1573 1804 1620 Βῗῗῗῖίῖ¹ιῗὶῖ¹¹⁵ίὲ¹ἷὲ,ίίῖἶῖῗῖἮθεῖῗῖἓΨ,ἒῗὲἓῖῗῖιῗᾈὛὯιέἒξ

1019 1609 1115 1635 uncias
1127 1612 1198 1635 octo.
1225 1608 1300 1635 Fecit
1313 1609 1395 1635 etiam
1408 1613 1435 1635 et
1460 1614 1522 1635 ante
1535 1609 1698 1635 vestibulum
1713 1608 1806 1635 altaris

1018 1650 1099 1678 rugas
1111 1641 1227 1677 majores
1240 1651 1274 1670 ex
1297 1649 1418 1677 argento,
1437 1647 1582 1677 pensantes
1595 1644 1679 1670 libras
1701 1648 1808 1677 septua-

1017 1678 1092 1712 ginta
1107 1682 1135 1704 et
1158 1683 1231 1705 octo.
1248 1678 1352 1704 Obtulit
1373 1679 1455 1705 etiam
1471 1683 1498 1704 et
1513 1679 1644 1705 eanthara
1667 1678 1711 1705 ubi
1724 1685 1806 1712 supra

1016 1720 1049 1739 ex
1073 1717 1185 1747 argento
1211 1720 1325 1739 numero
1346 1721 1406 1746 sex,
1419 1714 1562 1748 pensanlia
1589 1713 1697 1743 insimul
1723 1713 1808 1748 libras

1017 1748 1158 1781 sexaginta
1172 1752 1200 1774 et
1320 1748 1384 1775 Pari
1405 1747 1485 1775 modo
1495 1753 1524 1775 et
1534 1755 1583 1783 per
1601 1755 1677 1775 arcus
1689 1747 1806 1781 majOres

1018 1784 1167 1817 smpedictzc
1182 1783 1303 1810 ρουῐοείω
1327 1784 1390 1810 fecit
1406 1784 1504 1810 calices
1518 1784 1634 1817 majores
1647 1791 1680 1811 ex
1695 1786 1810 1817 argento

1018 1819 1165 1852 pendentes
1178 1826 1289 1844 munero
1302 1819 1480 1853 quadraginta
1497 1824 1524 1846 et
1544 1819 1622 1850 duos,
1640 1819 1687 1853 qui
1712 1824 1809 1845 omnes

1018 1853 1127 1879 insimul
1143 1858 1256 1887 pensant
1269 1853 1351 1880 libras
1373 1854 1503 1881 ducentas
1521 1854 1657 1887 Octoginta
1669 1857 1697 1880 et
1712 1859 1805 1879 unam.

1019 1887 1186 1914 Venerabilis
1199 1889 1299 1914 etenim
1316 1889 1411 1922 [nt‘iesul
1425 1890 1459 1915 ob
1473 1896 1594 1915 amorem
1616 1888 1739 1922 ejusdem
1754 1887 1806 1914 vir-

1017 1923 1088 1957 ginis
1102 1923 1217 1950 dominae
1233 1927 1333 1951 nostra
1344 1924 1440 1950 obtulit
1459 1924 1559 1951 ibidem
1587 1930 1704 1950 coronas
1715 1930 1749 1949 ex
1763 1930 1809 1949 ar-

1017 1963 1099 1992 gemo
1112 1965 1224 1984 numero
1235 1963 1361 1991 quatuor,
1383 1964 1529 1992 pensantes
1555 1959 1640 1984 libras
1667 1958 1810 1992 sexaginta

1016 1997 1045 2019 et
1071 1993 1139 2020 duas
1154 1998 1184 2019 et
1208 1993 1300 2025 semis,
1316 1997 1345 2020 et
1357 1995 1453 2020 uncias
1471 1999 1535 2020 tres.
1551 1994 1628 2024 Item,
1645 1993 1690 2020 ubi
1713 2000 1809 2026 supra.

1017 2028 1135 2063 canistra
1151 2035 1192 2063 ex,
1208 2032 1322 2062 argento
1351 2036 1465 2056 numero
1480 2030 1545 2059 duo,
1559 2028 1706 2063 pensanti:
1719 2027 1808 2055 libras

1018 2062 1159 2098 tredecim.
1173 2062 1249 2090 Fecit
1260 2063 1341 2090 etiam
1356 2063 1456 2091 ibidem
1469 2062 1614 2098 imaginem
1637 2070 1671 2089 ex
1695 2066 1812 2098 argento

1017 2097 1176 2124 deauratam
1191 2105 1256 2133 cum
1280 2099 1356 2125 vultu
1369 2098 1455 2126 beata:
1479 2097 1535 2126 ῡεί
1551 2098 1694 2133 genitricis
1704 2097 1809 2128 Maris.

1017 2137 1176 2168 pensantem
1189 2132 1271 2159 libras
1287 2133 1381 2160 decem
1407 2139 1434 2161 et
1449 2132 1564 2168 septem,
1581 2137 1611 2168 et
1632 2133 1729 2160 uncias
1741 2137 1809 2168 tres.

1017 2167 1118 2194 Christi
1132 2175 1240 2202 quoque
1256 2169 1449 2202 omnipotentis
1462 2167 1567 2195 Domini
1581 2167 1699 2194 famulus
1711 2167 1812 2194 obtulit

1018 2201 1045 2229 in
1063 2201 1237 2230 sacrosancto
1254 2201 1339 2229 altari
1361 2204 1511 2237 saepedicto
1533 2203 1652 2230 basilicae
1672 2206 1761 2229 vestes
1775 2202 1812 2229 de

1018 2238 1197 2273 chrysoclavo
1211 2238 1290 2269 duas,
1308 2238 1438 2265 habentes
1450 2238 1591 2265 historiam
1606 2238 1643 2265 Do
1655 2247 1661 2263 ι
1671 2238 1815 2273 inifatua-

980 2271 1006 2299 D
1020 2271 1256 2300 tiritatis.Domiui
1272 2273 1357 2300 nostri
1380 2273 1444 2300 Iesu
1467 2273 1582 2304 Christi,
1596 2280 1658 2300 cum
1680 2272 1812 2307 periclysi

1020 2308 1138 2335 diversis
1151 2312 1262 2335 ornatas
1272 2308 1396 2342 gemmis,
1421 2312 1503 2342 atque
1526 2308 1681 2342 margaritis
1694 2307 1815 2334 mirifice

1021 2343 1173 2370 decoratas.

1055 2377 1159 2405 Obtulit
1168 2378 1250 2404 etiam
1263 2377 1298 2405 ibi
1310 2378 1368 2412 ipse
1374 2377 1454 2404 aliam
1465 2383 1568 2406 vestem
1580 2379 1613 2405 de
1621 2377 1812 2412 ehrysoclavo.

1019 2413 1164 2440 habentem
1185 2411 1327 2440 historiam
1349 2412 1466 2447 qualiter
1479 2413 1609 2441 Dominus
1624 2416 1717 2439 noster
1728 2411 1815 2439 Iesus

1019 2448 1147 2475 Christus
1168 2455 1183 2483 a
1202 2447 1307 2474 Joanne
1325 2446 1489 2475 in’Jordaue
1513 2448 1667 2483 baptizatus
1678 2451 1730 2478 est,
1744 2454 1816 2483 cum

1018 2483 1145 2518 periclysi
1167 2482 1201 2509 de
1222 2482 1399 2517 chrysoclavo
1419 2483 1535 2510 miriﬁce
1550 2481 1723 2518 exornatam.
1743 2481 1818 2509 Item

1079 2517 1159 2558 supra
1174 2518 1292 2558 compsit
1303 2522 1408 2544 vestem
1420 2518 1453 2545 de
1464 2517 1817 2558 ch_rysoclavo,_lta_benten_1

1019 2552 1162 2580 historiam
1189 2552 1335 2580 Dominica:
1359 2552 1568 2580 resurrectionis
1590 2552 1698 2580 Domini
1722 2552 1815 2578 nostri

1018 2587 1083 2615 Iesu
1105 2587 1206 2615 Christi
1221 2595 1283 2624 eum
1297 2587 1431 2624 rperielysi
1444 2587 1477 2615 dc
1490 2587 1679 2624 chrysoclavo,
1695 2586 1819 2615 divenis

1019 2627 1144 2650 ornatam
1161 2622 1328 2657 margaritis.

1055 2658 1232 2686 Beatissimus
1244 2661 1272 2684 et
1281 2657 1444 2685 venerabilis
1455 2658 1667 2692 prmmnninatus

1020 2693 1112 2720 divino
1134 2700 1227 2720 amore
1249 2692 1356 2724 ductus.
1373 2692 1438 2720 fecit
1456 2693 1556 2721 ibidem
1571 2693 1599 2720 in
1614 2692 1673 2726 jam

1021 2728 1100 2764 altari
1111 2728 1371 2764 rvestemusimiliter
1397 2728 1430 2764 de
1442 2728 1640 2764 rchrysoclavo,
1657 2727 1701 2764 Aha

1021 2763 1162 2791 historiam
1175 2762 1292 2798 qualiter
1303 2762 1384 2790 beata
1401 2763 1448 2790 Dei
1464 2761 1582 2798 genitrix
1598 2761 1682 2798 Maria
1698 2769 1818 2798 corpore
1847 2762 1853 2765 '

1020 2802 1064 2824 cst
1078 2795 1226 2833 assumpta,
1241 2806 1303 2825 cum
1320 2798 1448 2833 periclysi
1462 2795 1495 2825 de
1506 2797 1693 2833 chrysoclavo,
1709 2795 1759 2833 seti
1773 2795 1817 2833 di-

1020 2833 1107 2860 versis
1123 2831 1278 2868 margaritis
1292 2831 1427 2867 comptam
1447 2838 1528 2867 atque
1547 2831 1714 2868 decoratam.
1738 2831 1816 2858 Fecit

1020 2868 1092 2895 enim
1117 2867 1327 2903 benignissimus
1352 2868 1451 2902 prmsul
1477 2868 1512 2895 ibi
1532 2868 1590 2902 ipse
1612 2867 1693 2894 aliam
1708 2870 1816 2893 vestem

1022 2903 1053 2930 de
1065 2902 1241 2938 chrysorlaro
1253 2903 1394 2931 habentem
1408 2903 1548 2931 historiam
1560 2902 1706 2932 Dominictc
1717 2909 1814 2929 ascen-

1676 2656 1815 2692 pontifex.

1739 2696 1818 2718 erato

1739 2731 1816 2754 ntem
