3970 6202
368 359 501 420 108?

1381 353 1756 411 PASCHALIS
1796 353 1838 420 l,
1881 350 2126 407 PONTIF
2133 353 2226 408 EX
2263 354 2617 411 ROMANUS.

3504 350 3637 406 i083

365 473 495 526 dum
522 470 830 526 famaiuter
856 469 1114 538 quosdam
1145 467 1479 535 vulgaverat,
1531 464 1675 535 quod
1703 464 1943 533 ejusdem
1974 469 2023 526 Α
2048 467 2330 544 beatorum
2378 467 2606 522 Andreae
2639 463 2864 535 apostoli
2901 473 2956 518 et
3001 464 3251 534 Gregorii
3281 463 3641 529 confessoris,

365 561 536 615 beata:
582 559 809 614 Caecilia:
833 569 1030 626 corpus
1059 559 1126 612 ab
1155 556 1440 628 Aistulpbo
1471 555 1948 627 Longobardorum

365 665 496 723 rege
520 649 703 704 furtim
726 649 916 704 fuisset
944 649 1202 713 ablatum,
1248 649 1449 703 idcirco
1485 664 1621 718 pene
1664 646 1950 702 oblivionis

364 745 585 798 obtentu
613 750 937 812 postponere
982 743 1352 796 credebamus.
1410 741 1560 796 Unde
1607 748 1807 801 tamen,
1849 737 1952 792 Do-

365 832 497 887 mini
518 842 790 886 annuente
811 831 1120 893 elementia,
1147 831 1379 901 quadam
1398 830 1484 883 die
1520 829 1646 882 dum
1670 834 1794 881 ante
1819 842 1951 880 con-

364 923 657 980 fessionem
687 924 832 978 beati
866 923 1009 976 Petri
1051 921 1276 992 apostoli
1323 921 1700 990 psallentium,
1739 917 1955 971 matuti-

365 1015 472 1070 nali
516 1014 829 1070 lucesccnte
866 1013 1162 1076 Dominica,
1199 1011 1502 1065 residentes
1541 1008 1954 1063 observaremus

365 1107 733 1170 harmoniam,
784 1121 979 1173 sopore
1009 1105 1062 1158 in
1110 1103 1290 1172 aliquo
1335 1100 1578 1170 corporis
1608 1098 1953 1168 fragilitatem

364 1207 710 1270 aggravante,
739 1198 910 1252 astitit
956 1196 1112 1250 nobis
1143 1195 1316 1265 puella
1349 1192 1734 1263 pulcherrima,
1767 1199 1823 1244 et
1848 1189 1958 1242 vir-

364 1288 530 1361 ginali
561 1299 782 1360 aspectu
815 1298 871 1343 et
920 1286 1106 1342 habitu
1157 1286 1376 1340 decora.
1425 1284 1491 1338 Et
1522 1282 1648 1336 talia
1689 1281 1958 1335 nobis-iu-

366 1396 524 1441 tuens
551 1385 666 1438 ait:
715 1383 906 1438 Multas
937 1383 1030 1440 tibi
1071 1381 1271 1452 gratias
1320 1377 1609 1434 referimus
1637 1377 1782 1442 quod
1823 1390 1957 1429 cun-

366 1485 580 1530 ctamen
627 1472 992 1548 [certamen],
1047 1473 1192 1542 quod
1222 1472 1274 1524 in
1321 1468 1555 1524 medium
1605 1481 1954 1538 apposueras,

365 1564 726 1620 frustratoriis
752 1562 1103 1617 relationibus
1125 1561 1472 1632 pel-vulgatus
1499 1559 1615 1612 sine
1639 1573 1828 1618 causa,
1869 1573 1957 1610 re-

365 1654 592 1724 liquisti,
625 1654 749 1722 quia
781 1661 929 1706 tanto
973 1666 1139 1720 penes
1165 1667 1252 1704 me
1280 1648 1723 1719 appropinquasti
1751 1688 1765 1711 ,
1812 1646 1957 1701 (υοιι

366 1761 462 1801 ore
489 1745 710 1816 proprio
744 1744 890 1814 loqui
922 1743 1282 1796 communiter
1305 1740 1629 1794 valet-emus.

2053 574 2286 613 necnon
2320 559 2372 614 iu
2407 561 2668 614 honorem
2711 567 3022 613 sanctarum
3057 558 3327 628 virginum
3355 565 3410 612 et
3435 569 3642 630 marty-

2053 664 2174 703 rum
2206 650 2426 720 Agathte
2453 659 2508 704 et
2531 649 2761 705 Caecilia:
2788 648 2928 703 infra
2967 649 3254 704 ecclesiam
3292 649 3346 703 in
3399 649 3518 704 loco
3545 653 3642 718 qui

2052 739 2253 793 dicitur
2291 739 2458 793 Collis
2483 739 2724 794 Jacentis
2749 751 2798 791 ι.
2847 738 2905 792 ln
2934 753 3044 808 quo
3086 738 3486 793 monachorum
3526 739 3644 794 Deo

2055 828 2402 882 servientium
2440 829 2842 898 congregationi
2872 829 3112 882 unanimi
3145 829 3514 901 consuluimns
3542 847 3645 898 pro

2053 919 2383 988 quotidianis
2421 919 2668 974 laudibus
2699 927 2755 972 et
2790 934 2891 987 pro
2917 918 3182 982 subsidio,
3209 928 3265 973 et
3291 919 3646 974 luminat-ium

2055 1009 2458 1063 continuatione
2480 1049 2495 1074 ,
2543 1024 2639 1064 seu
2669 1009 2908 1063 utilitate
2942 1018 2996 1063 et
3026 1009 3300 1080 stipendio
3348 1010 3643 1064 monacho-

2056 1115 2176 1154 rum
2202 1099 2293 1154 diu
2321 1107 2591 1169 noctuque
2617 1101 2846 1155 Domino
2884 1100 2993 1156 Deo
3024 1109 3210 1156 nostro
3237 1102 3518 1158 devotione
3552 1102 3650 1159 de-

2056 1188 2168 1244 bita
2195 1189 2579 1258 persolvendis,
2611 1196 2718 1244 etc.

2633 1277 2966 1334 EPISTULA
3003 1279 3065 1332 ll.

2214 1386 2279 1425 ΑΙ)
2311 1387 2631 1426 ΒΑΒΝΛΒΙὶυΜ
2660 1386 2987 1425 V'll-INNESSEM
3016 1387 3482 1428 ARCIIIEPISCOPUII.

2126 1463 2402 1519 Paschalis
2443 1465 2728 1534 cpiscopus
2771 1480 2960 1518 servus
2998 1479 3278 1519 servorum
3325 1465 3446 1531 Dei,
3494 1483 3652 1526 leve-

2058 1555 2380 1610 rendissimo
2427 1563 2483 1608 et
2521 1555 2862 1609 sanctissimo
2919 1553 3072 1608 fratri
3121 1555 3400 1610 Barnardo
3445 1570 3648 1612 sanetae

2059 1645 2384 1698 Viennensis
2411 1644 2667 1699 Ecclesia:
2702 1644 3106 1715 archiepiscolio

2129 1734 2264 1800 Quia
2295 1735 2640 1789 sanctitatem
2671 1744 2819 1788 tuam
2848 1735 2900 1788 in
2948 1734 3188 1790 Ecclesia
3219 1737 3501 1792 Viennensi
3546 1756 3641 1808 gu-

439 1811 507 1889 Εί
531 1811 656 1889 dum
687 1850 716 1887 a
758 1811 912 1887 nobis
936 1831 1218 1902 diligenter
1256 1831 1584 1900 interrogata
1610 1827 1801 1883 fuisset
1827 1844 1840 1881 :
1871 1826 1950 1881 Tu
1980 1811 2026 1869 Β
2053 1826 2428 1880 bernationem
2461 1827 2763 1895 suscepisse
2789 1825 3246 1896 cognovimus,iu
3275 1827 3495 1884 Domino
3525 1827 3641 1882 Deo

366 1926 488 1995 quis
526 1940 604 1988 es,
659 1933 714 1979 et
759 1923 900 1993 quod
931 1932 1257 1978 est-nomen
1289 1923 1487 1976 tuum?
1539 1937 1660 1990 quin
1698 1921 1827 1974 talia
1866 1935 1954 1974 me

367 2014 748 2084 prtemonendo
773 2011 1219 2084 [prmsumendo],
1259 2012 1516 2065 conaris?
1545 2011 1600 2065 Si
1636 2011 1701 2065 de
1739 2011 1958 2064 nomine

366 2105 586 2172 quieris,
633 2103 869 2166 Czecilia,
904 2103 1107 2172 inquit,
1149 2101 1346 2155 famula
1389 2101 1591 2156 Christi
1622 2115 1804 2154 vocor.
1857 2093 1954 2155 Cui

369 2193 700 2263 subjungens
740 2193 889 2246 dixi:
939 2193 1217 2259 Quomodo
1258 2191 1360 2246 hoc
1393 2193 1614 2247 credere
1652 2208 1954 2261 possumus,

369 2300 496 2339 cum-
521 2284 647 2338 olim
676 2283 820 2338 fama
860 2283 1089 2340 relatum
1133 2284 1206 2337 sit
1243 2283 1384 2352 quod
1411 2283 1550 2337 idem
1579 2283 1960 2337 sacratissima:

369 2375 625 2444 martyris
659 2390 857 2443 corpus
900 2390 930 2428 a
982 2373 1354 2445 Longobardis
1395 2374 1534 2448 inde
1587 2373 1780 2427 fuisset
1813 2373 1962 2427 abla-

371 2465 529 2519 tum?
560 2463 688 2532 Qua:
732 2465 806 2518 ita
851 2467 1184 2533 respondens
1224 2465 1398 2518 dixit:
1443 2465 1660 2520 Veritas
1702 2475 1786 2518 est
1813 2464 1958 2533 quod

371 2570 460 2610 me
495 2554 724 2610 multum
761 2555 1205 2611 desideraverunt
1239 2566 1292 2611 et
1331 2539 1683 2624 quaesierunt,
1716 2557 1810 2610 sed
1839 2573 1962 2626 gra-

373 2647 445 2700 tia
478 2645 709 2700 dominae
754 2661 887 2700 mete
927 2661 1246 2715 semperque
1294 2646 1519 2716 virginis
1552 2647 1644 2701 Dei
1683 2645 1962 2718 genitricis

372 2735 556 2790 Marim
584 2735 775 2800 adfuit,
803 2737 947 2805 quod
975 2751 1074 2790 nec
1105 2752 1192 2790 me
1221 2735 1484 2801 invenire,
1517 2752 1618 2791 nec
1663 2752 1748 2791 ine
1769 2736 1965 2806 depor-

374 2838 510 2892 tare,
565 2829 706 2884 sicut
751 2829 1056 2895 voluerant,
1101 2830 1227 2884 hinc
1257 2829 1467 2900 longius
1509 2839 1817 2901 potuerunt.
1857 2829 1964 2884 Sed

373 2921 513 2975 sicut
533 2921 745 2990 cmpisti
775 2937 936 2990 perge
967 2919 1231 2992 [perage],
1279 2930 1335 2976 et
1359 2921 1501 2976 sicut
1540 2922 1785 2992 operaris
1813 2920 1966 2975 inde-

373 3013 614 3067 sinenter
651 3029 896 3081 operare,
931 3015 1056 3082 quia
1085 3013 1441 3084 omnipotenti
1482 3015 1593 3068 Deo
1617 3029 1701 3068 me
1729 3015 1825 3077 tibi
1853 3013 1966 3083 pla-

374 3103 486 3156 cuit
512 3103 769 3156 revelare.
803 3103 870 3156 Et
900 3119 1097 3172 corpus
1137 3119 1313 3156 meum
1344 3119 1465 3158 cum
1499 3103 1620 3159 aliis
1647 3103 1968 3172 corporibus

2055 1925 2246 1969 nostro
2283 1915 2577 1984 plurimum
2631 1917 2752 1970 inde
2786 1917 3103 1986 gaudemus.
3154 1917 3303 1971 Unde
3347 1917 3636 1986 apostolica

2058 2006 2175 2059 vice
2223 2020 2529 2071 monemus,
2581 1991 2736 2060 utin
2771 2006 3015 2061 custodia
3062 2006 3240 2077 gregis
3270 2006 3362 2060 Dei
3404 2005 3639 2062 studium

2060 2107 2165 2150 ture
2188 2095 2491 2150 dilectionis
2511 2096 2803 2166 prudenter
2831 2094 3088 2166 invigilat.
3111 2095 3262 2149 Pallii
3288 2110 3460 2157 usum,
3484 2109 3642 2165 quem

2059 2184 2126 2239 ad
2151 2183 2507 2240 sacerdotalis
2551 2184 2711 2240 ollieii
2743 2186 3029 2246 honorem,
3069 2191 3126 2238 et
3153 2183 3221 2237 ad
3263 2183 3642 2240 ostendendam

2059 2275 2477 2328 unanimitatem
2529 2289 2652 2327 cum
2680 2275 2840 2328 beato
2881 2274 3042 2328 Petro
3065 2273 3332 2344 apostolo,
3366 2274 3652 2329 universus

2061 2382 2188 2437 grex
2244 2364 2647 2419 Dominicarum
2698 2364 2880 2418 ovium
2926 2379 3045 2434 quae
3073 2364 3123 2418 ei
3170 2366 3472 2419 commissa:
3501 2374 3647 2430 sunt,

2062 2459 2169 2511 vim
2208 2457 2408 2511 habere
2459 2471 2566 2510 non
2597 2455 2819 2510 dubiqu
2857 2464 2980 2520 est,
3027 2454 3096 2509 ab
3139 2455 3463 2524 apostolica,
3509 2455 3655 2510 sicut

2063 2546 2262 2610 decuit,
2297 2545 2423 2600 sede
2455 2544 2768 2613 poposcisti.
2813 2543 2988 2613 Ipsum
3019 2544 3184 2613 igitur
3213 2545 3309 2598 tibi
3341 2545 3657 2598 Viennensi—

2063 2651 2168 2706 que
2194 2645 2298 2689 tute
2337 2634 2592 2690 Ecclesia:
2641 2643 2700 2690 ut
2738 2643 2860 2704 pote
2904 2635 2972 2688 ab
3011 2634 3214 2689 eisdem
3246 2631 3505 2702 apostolis
3528 2632 3653 2688 fun—

2065 2727 2224 2790 datae,
2253 2723 2533 2802 majorum
2568 2739 2718 2778 more
2740 2722 2968 2778 libenter
3004 2722 3345 2786 indulsimus,
3376 2722 3447 2776 ad
3475 2732 3658 2779 osten—

2063 2816 2293 2871 dendam
2353 2816 2408 2870 in
2460 2824 2518 2870 te
2562 2823 2818 2883 tuamque
2872 2813 3169 2868 Ecclesiam
3221 2813 3464 2883 ejusdem
3512 2814 3660 2868 sedis

2066 2903 2378 2975 apostolica:
2409 2903 2729 2958 charitatem
2757 2920 2772 2955 :
2821 2910 2984 2970 utque
3007 2898 3302 2955 sccundmn
3331 2913 3534 2954 morem
3557 2899 3660 2955 Ec-

2068 2995 2246 3051 clesia:
2271 3010 2335 3050 eo
2362 2993 2554 3058 utaris,
2583 2993 2815 3064 benigne
2839 2991 3199 3062 designamus.
3235 2987 3660 3044 Fraternitatem

2071 3094 2217 3141 tuam
2250 3084 2555 3140 necessario
2603 3090 3029 3145 commonentcs,
3077 3088 3136 3133 ut
3158 3078 3379 3133 credits:
3409 3079 3504 3132 tibi
3546 3079 3628 3134 Ec

377 3191 583 3246 sanctis
625 3207 745 3259 quae
779 3200 907 3244 sunt
948 3190 1103 3258 juxta
1145 3206 1230 3244 me
1270 3193 1566 3246 recondere
1616 3191 1771 3244 stude
1822 3191 1962 3244 intra

2071 3181 2252 3236 clesiae.
2293 3195 2428 3249 opus
2475 3178 2570 3241 ita,
2620 3176 2731 3230 Deo
2763 3174 2996 3239 favente,
3046 3172 3269 3242 exsequi
3307 3173 3549 3234 studeas,
3602 3178 3668 3224 ut

375 3296 564 3336 muros
591 3281 764 3333 urbis.
800 3282 867 3334 Et
893 3281 1008 3334 haec
1037 3281 1224 3336 dicens
1256 3282 1539 3336 abscessit.

445 3372 596 3426 Tunc
618 3374 818 3427 etenim
839 3388 938 3444 pro
959 3371 1116 3441 hujus
1139 3372 1484 3428 revelationis
1506 3371 1964 3439 manifestatione,

372 3464 519 3519 omni
547 3463 844 3533 postposita
873 3461 1206 3529 difﬁcultate,
1237 3455 1616 3518 incunctanter
1657 3471 1714 3518 et
1757 3464 1963 3533 absque

374 3557 724 3627 ambiguitate
751 3557 918 3627 ipsius
942 3557 1270 3612 venerabilis
1307 3557 1532 3628 virginis
1562 3573 1761 3629 corpus
1792 3558 1969 3628 inqui-

375 3648 604 3702 rendum
652 3648 1010 3702 decrevimus.
1046 3648 1146 3715 Qui
1202 3658 1256 3707 et
1285 3657 1557 3704 annuente
1585 3649 1700 3704 Deo
1745 3651 1968 3721 ejusque

375 3738 535 3793 solito
564 3736 901 3804 adjuvamine
929 3747 1284 3806 properantes
1310 3739 1364 3792 in
1394 3740 1766 3796 cmmeterium
1795 3739 1968 3795 sancti

379 3827 518 3882 Sixti
544 3842 635 3881 seu
666 3827 974 3882 Praetextati
1001 3829 1162 3882 situm
1189 3827 1320 3883 foris
1350 3838 1560 3899 portam
1585 3831 1810 3900 Appiam
1840 3832 1970 3902 (sic-

378 3926 437 3971 ut
481 3917 534 3970 in
563 3918 928 3971 sacratissima
967 3918 1109 3973 illius
1154 3921 1404 3988 passione
1453 3919 1742 3975 manifeste
1781 3935 1970 3975 narra-

381 4004 513 4075 tur),
537 4007 678 4060 inter
719 4006 952 4078 collegas
997 4009 1280 4077 episcopos
1315 4009 1382 4063 in‘
1417 4011 1597 4064 aureis
1638 4011 1971 4068 indumentis

381 4111 504 4150 cum
554 4095 845 4158 venerabili
893 4113 1090 4165 sponso
1150 4097 1470 4167 reperimus.
1529 4097 1632 4153 Ubi
1681 4108 1736 4153 et
1774 4099 1968 4154 lintea-

382 4189 548 4252 mina,
591 4204 714 4242 cum
745 4189 939 4256 quibus
977 4190 1376 4244 sacratissimus
1427 4191 1647 4259 sanguis
1694 4192 1972 4246 abstersus

383 4289 467 4335 est
487 4281 553 4334 de
583 4281 774 4350 plagis,
806 4281 858 4333 in
889 4283 1083 4351 quibus
1113 4283 1406 4350 spiculator
1455 4284 1595 4336 trina
1625 4283 1972 4353 percussione

381 4371 672 4426 crudeliter
710 4386 766 4425 sc
794 4380 1034 4438 gesserat
1071 4371 1434 4444 [incesserat],
1476 4374 1544 4428 ad
1573 4374 1736 4441 pedes
1773 4373 1971 4428 beatis.

383 4462 536 4516 sima:
570 4459 792 4529 virginis
823 4462 875 4515 in
905 4477 1069 4516 unum
1101 4463 1336 4516 revoluta
1355 4463 1628 4532 plenaque
1665 4480 1862 4518 cruore
1889 4464 1969 4517 in-
1993 4497 2047 4556 Ι)

370 4551 650 4606 venimus.
703 4551 832 4617 Qua:
867 4553 1047 4605 omnia
1102 4553 1304 4606 nostris
1334 4554 1584 4608 manibus
1614 4562 1972 4610 attrectantes

333 4679 336 4682 λ
387 4639 849 4712 [pet-tractantes].
901 4655 1023 4694 cum
1048 4642 1342 4696 venerabili
1371 4656 1595 4710 corpore
1637 4643 1862 4698 honeste
1891 4641 1974 4696 in-

388 4739 472 4782 tra
506 4742 689 4786 muros
715 4731 873 4801 hujus
913 4732 1168 4787 Romanae
1195 4732 1346 4787 urbis
1373 4733 1698 4789 induximus.

459 4823 564 4877 Pro
608 4825 760 4893 cujus
794 4825 1134 4894 desiderabili
1193 4823 1472 4880 lilectione
1507 4819 1762 4889 titulum,
1810 4838 1969 4894 quem

386 4912 492 4982 pia:
528 4912 825 4968 devotionis
857 4913 1048 4968 aﬂ‘eetu
1077 4909 1310 4968 sanctus
1331 4929 1466 4983 papa
1497 4913 1518 4966 l
1549 4897 1842 4982 Gregorius
1871 4913 1968 4967 do-

386 5011 505 5055 ctor
531 5002 762 5058 eximius
791 5004 1082 5069 dicaverat,
1110 5003 1346 5057 laxatum
1375 5003 1716 5065 cxistentem,
1753 5001 1844 5055 Dei
1871 5018 1969 5056 an-

388 5102 586 5146 nuente
613 5092 918 5156 clementia,
968 5093 1022 5146 in
1049 5093 1328 5148 meliorem
1368 5100 1566 5146 statum
1605 5106 1635 5144 a
1662 5091 1815 5145 novis
1841 5089 1964 5146 fun-

387 5183 656 5239 damentis
685 5181 781 5236 Dei
827 5181 1071 5249 ejusdem
1112 5183 1339 5254 virginis
1364 5197 1560 5252 corpus
1597 5197 1720 5236 cum
1753 5180 1967 5235 charis-

385 5274 524 5332 simo
561 5288 775 5345 sponso,
828 5280 989 5340 atque
1010 5271 1254 5328 Tiburtio
1277 5282 1334 5328 et
1359 5273 1589 5326 Maximo
1614 5269 1966 5341 martyribus,

385 5380 487 5422 nec
510 5381 616 5421 non
651 5365 870 5423 Urbano
895 5369 951 5418 et
987 5361 1178 5428 Lucio,
1210 5363 1451 5432 utrisque
1478 5361 1839 5432 pontiﬁcibus,
1870 5361 1972 5414 sub

383 5471 544 5513 sacro
587 5457 742 5514 altari
793 5458 1076 5512 beatorum
1115 5453 1343 5509 Andreae
1370 5455 1597 5522 apostoli
1633 5462 1690 5508 et
1723 5452 1969 5523 Gregorii

382 5548 714 5603 confessoris
750 5548 1064 5603 dedicantes
1093 5544 1494 5601 collocavimus.

457 5637 638 5707 Ibique
678 5641 747 5694 ad
775 5639 984 5694 laudem
1011 5637 1272 5694 creatoris
1298 5637 1600 5690 instaurate
1637 5633 1968 5690 monasterio

2068 3273 2260 3341 adepta
2296 3269 2450 3338 cujus
2488 3267 2703 3323 ornaris
2743 3265 2922 3320 studio
2953 3263 3212 3334 dignitate
3236 3303 3251 3327 ,
3302 3270 3357 3316 et
3392 3261 3668 3331 probitate

2074 3378 2287 3418 morum
2334 3369 2388 3415 et
2426 3357 2716 3412 vivacitate
2763 3353 3141 3411 sollicitudinis
3183 3359 3240 3406 et
3265 3352 3528 3406 custodita
3575 3351 3667 3406 in-

2069 3453 2322 3526 tegritate
2383 3449 2506 3505 fidei
2571 3447 2803 3517 amplius
2853 3445 3076 3501 studeas
3129 3442 3392 3498 adornari.
3453 3439 3663 3495 Omnia

2069 3546 2238 3612 etiam.
2267 3540 2547 3612 privilegia
2595 3554 2715 3608 qua:
2759 3547 2864 3591 tua:
2898 3536 3109 3607 pridem
3161 3548 3411 3589 concessa
3452 3539 3585 3586 sunt
3630 3547 3671 3586 ι

2069 3631 2560 3707 ρτιριιθοιεεεοτὼυδ
2607 3629 2807 3684 nostris
2852 3626 3140 3694 Ecclesiae,
3185 3625 3433 3681 volumus
3471 3623 3668 3678 incon-

2072 3742 2228 3781 versa
2256 3724 2356 3778 tibi
2385 3730 2441 3777 et
2470 3720 2874 3776 successoribus
2901 3719 3009 3774 tuis
3038 3729 3383 3788 permanere.

2141 3816 2412 3885 Scriptum
2441 3827 2538 3884 per
2564 3827 2786 3866 manum
2812 3808 3198 3880 Theophylacti
3226 3805 3420 3862 notarii
3445 3813 3500 3859 et
3523 3805 3669 3859 scri-

2071 3908 2253 3973 niarii,
2283 3907 2336 3961 in
2361 3921 2548 3961 mense
2574 3902 2904 3967 Decembris,
2951 3900 3242 3958 indictione
3277 3897 3361 3952 10.
3390 3897 3534 3952 Bene
3569 3912 3666 3950 va-

2072 3994 2195 4057 lete.
2247 4000 2380 4054 Data
2407 4013 2504 4068 per
2538 4012 2758 4052 manum
2781 3995 2996 4065 Georgii
3023 3991 3420 4048 bibliothecarii
3453 3998 3670 4044 sancte

2073 4095 2217 4149 sedis
2256 4092 2599 4164 apostolicus,
2645 4089 2814 4144 Nonis
2849 4085 3161 4141 Decembris
3183 4125 3196 4148 ,
3229 4085 3529 4152 imperante
3555 4082 3664 4135 (lo-

2071 4185 2220 4239 mino
2245 4160 2502 4255 piissimo.
2524 4181 2765 4250 Augusto
2789 4218 2803 4244 ,
2849 4175 3120 4230 Ludovico
3169 4190 3200 4228 a
3228 4174 3340 4229 Deo
3368 4179 3663 4236 coronato,

2074 4289 2290 4344 magno,
2318 4271 2562 4343 pacifico,
2599 4269 2942 4338 imperatore,
2985 4264 3102 4334 ejus
3123 4262 3334 4332 imperii
3370 4261 3574 4320 auuol
3606 4268 3672 4316 et

2072 4365 2381 4435 patritiatus
2414 4361 2530 4431 ejus
2564 4362 2618 4415 3.

2632 4451 2782 4506 ΕΡιὸ
2796 4447 2975 4505 TDLA
3019 4447 3102 4502 Ill.

2448 4561 2514 4598 AD
2541 4558 2839 4599 LUDO\’ICU.\I
2869 4553 3268 4596 HIPERATOREIL

2147 4637 2330 4693 llonor
2355 4635 2568 4705 quidem
2601 4641 2913 4688 sanctorum
2939 4631 2991 4684 in
3022 4630 3122 4684 hoc
3158 4627 3357 4696 mundo
3382 4625 3662 4696 principa-

2071 4727 2198 4783 liter
2227 4734 2310 4781 est
2349 4724 2600 4794 quaelibet
2634 4723 2782 4787 loca,
2834 4719 3141 4774 nominibus
3191 4733 3377 4772 eorum
3417 4726 3666 4779 sacrata,

2074 4796 2329 4876 divinitus
2370 4816 2617 4872 vmerari
2661 4812 2876 4868 assidue
2899 4828 2928 4878 ;.
2963 4811 3056 4866 sed
3083 4805 3138 4864 id
3169 4809 3282 4863 fieri
3312 4808 3540 4878 pleniter
3568 4825 3670 4863 ne-

2075 4912 2213 4981 quit,
2251 4908 2354 4963 nisi
2386 4925 2416 4961 a
2459 4905 2727 4976 deputatis
2765 4903 3064 4958 cultoribus
3096 4899 3190 4964 ibi,
3239 4901 3365 4969 quia
3412 4915 3518 4954 non
3563 4900 3668 4954 ho-

2073 5003 2250 5057 mines
2272 5015 2370 5068 pro
2399 4998 2551 5061 locis,
2580 4995 2673 5050 sed
2703 5009 2804 5064 pro
2832 4993 2987 5046 bonis
3013 4991 3320 5044 hominibus
3343 4990 3461 5044 loca
3494 5003 3668 5044 vene-

2073 5098 2286 5146 rantut.
2335 5086 2654 5155 Quicunque
2705 5083 2884 5153 itaque
2931 5080 3177 5134 localiter
3213 5079 3466 5148 cuiquam
3506 5075 3670 5145 iurat

2074 5182 2194 5254 (sic)
2222 5187 2552 5240 sanctorum,
2579 5184 2790 5231 constat
2815 5173 3002 5243 procul
3033 5170 3199 5225 dubio
3221 5168 3432 5238 iurasse
3445 5167 3668 5222 illorum

2073 5273 2414 5327 honestatem
2444 5268 2537 5337 qui
2576 5264 2792 5336 preprie
2829 5263 2902 5316 ibi
2941 5263 3265 5331 deputantur
3303 5257 3370 5313 ad
3413 5257 3668 5311 divinum

2073 5359 2275 5414 cultum
2301 5357 2583 5421 utendum,
2639 5368 2740 5408 nec
2785 5352 3090 5406 inlirmasse
3140 5350 3392 5404 videntur
3419 5362 3521 5417 pro
3564 5361 3672 5402 suo

2070 5463 2228 5519 posse
2273 5447 2494 5502 tutelam
2527 5446 2581 5500 iu
2625 5445 2705 5499 eis
2751 5442 3001 5497 videlicet
3038 5439 3195 5494 rebus
3240 5439 3377 5493 bene
3423 5436 3666 5504 adeptis,

2068 5539 2195 5608 quia
2219 5539 2457 5592 locorum
2490 5537 2745 5598 cultores,
2781 5534 2975 5598 honor,
3008 5540 3055 5585 ct
3092 5530 3285 5598 religio
3331 5545 3394 5583 et
3421 5527 3666 5582 hiscen-

2070 5629 2332 5682 tincntur.
2375 5627 2606 5698 Ideoque
2636 5625 2861 5696 quilibet
2895 5630 3049 5679 vetor
3077 5622 3290 5677 curiose
3325 5619 3482 5675 debet
3524 5614 3670 5672 eniti

459 5756 481 5783 ³
514 5745 658 5801 Proti
709 5761 752 5802 ct
797 5748 1056 5811 lar-inihi,
1111 5749 1258 5805 locus
1301 5746 1449 5802 titulo
1491 5745 1766 5814 proximus
1814 5743 1904 5798 ubi
1945 5749 2098 5797 erant
2136 5753 2361 5806 corpora
2387 5737 2650 5791 dictorum
2680 5744 3000 5806 martyrum.
