3970 6202
1943 161 1967 188 1

356 325 491 383 1089

1797 323 2172 384 ΕΡΙΞΤῡΕᾹΖ.

3485 329 3621 386 1090

352 463 619 524 quatenus
647 451 882 508 cultores
919 453 1068 507 sacri
1115 451 1216 506 loci
1245 451 1388 506 illius
1406 493 1422 517 ,
1471 451 1560 506 ubi
1599 451 1701 506 sibi
1726 460 1812 506 est
1837 466 1930 506 vo.
1958 453 2009 514 Α
2034 453 2174 508 dona
2201 466 2414 524 regum,
2443 433 2588 508 anta
2628 453 2953 511 Christianis
2981 457 3292 512 hominibus
3319 473 3417 529 per
3449 461 3620 516 dona.

355 553 489 606 tum,
523 549 781 611 quantum
808 541 860 595 in
891 555 950 595 se
989 548 1103 605 est,
1134 541 1316 610 quiete
1359 542 1477 595 sine
1504 540 1748 596 molestia
1783 541 1934 610 quie-

2036 541 2272 605 tionibus
2303 541 2384 597 vel
2437 544 2839 600 venditionibus
2885 560 2978 600 seu
3032 549 3370 602 testamentis
3416 548 3622 614 oblata,

352 649 506 691 scere
548 642 766 702 queant.
835 633 1010 702 Atque
1055 649 1144 688 res
1190 634 1264 687 ibi
1315 633 1552 703 legitime
1601 633 1936 702 pertinentes
2027 633 2177 703 justo
2213 633 2404 690 ordine
2425 635 2752 704 generaliter
2777 644 2836 688 et
2871 636 3176 706 specialiter
3222 637 3462 692 omnium
3492 654 3622 692 san-

351 727 614 780 damnose
665 737 768 776 nec
805 731 1031 791 pereant
1073 735 1173 776 nec
1221 721 1555 776 auferantur.
1616 722 1930 791 Propterea,

352 815 652 870 reverende
679 816 732 868 in
769 813 986 870 Christo
1011 816 1326 871 cbarissime
1361 815 1437 869 fili
1478 813 1771 880 Ludovico,
1821 829 1955 894 me-l

351 917 538 962 mento
565 908 841 961 rationum
871 917 1175 962 sanctarum
1211 923 1348 978 quas
1377 907 1444 962 ad
1471 907 1732 963 honorem
1761 905 1932 960 sancti

353 999 498 1053 Petri
552 1013 737 1052 coram
765 999 968 1054 sanctis
1015 999 1260 1068 reliquis,
1313 1013 1416 1054 nec
1463 1014 1572 1054 non
1614 998 1827 1053 clericis
1872 1012 1936 1052 ac

355 1089 604 1146 fidelibus
633 1092 742 1145 tuis
768 1100 896 1146 ante
921 1101 1160 1162 tempora
1184 1107 1355 1161 pauca
1375 1091 1674 1162 promisisti
1699 1107 1714 1155 ;
1759 1099 1814 1144 et
1835 1090 1938 1144 hu-

347 1181 438 1251 jus
467 1183 542 1237 rei
569 1183 742 1252 gratia
771 1199 966 1238 causas
1011 1184 1146 1240 sitas
1187 1185 1240 1238 in
1273 1193 1455 1239 vestra
1495 1185 1697 1239 ditione
1723 1225 1736 1247 ,
1789 1184 1938 1238 velut

351 1275 602 1346 proprias
644 1275 885 1331 defende.
935 1277 1114 1346 Atque
1153 1285 1396 1332 nostrum
1432 1277 1667 1345 legatum
1702 1277 1935 1331 Leonem

353 1365 676 1420 exorcistam
705 1365 901 1421 ibidem
923 1376 1347 1423 common-autem
1373 1369 1452 1424 sic
1489 1368 1558 1423 ab
1588 1368 1784 1438 injuria
1809 1383 1938 1423 con-

355 1471 510 1512 serva
559 1457 818 1522 ilizesum,
869 1467 928 1511 ut
978 1459 1117 1529 apud
1148 1460 1395 1515 homines
1446 1459 1667 1530 periurii
1715 1458 1933 1523 famam,

357 1548 502 1616 quod
526 1547 689 1611 absit,
713 1563 819 1602 non
846 1548 1112 1613 incurras,
1137 1549 1229 1603 sed
1269 1551 1408 1619 apud
1447 1548 1735 1603 Dominum
1769 1547 1940 1601 facto-

359 1655 478 1696 rum
503 1641 846 1695 sanctitatem
874 1641 1138 1695 obtinens.

888 1785 913 1812 ι
946 1748 1274 1830 EPISTOLA
1316 1772 1406 1827 Iv.

463 1902 529 1941 AD
561 1899 934 1950 PETRONACJUH
975 1898 1422 1939 Αιιειιῐειιιεαοῐιωι
1454 1897 1828 1936 ΒᾹἚἜΝΝᾹΤΕΜ.

334 1997 435 2057 De
458 1983 849 2067 conﬁrmatione
887 1995 1274 2068 privilegiorum
1312 1993 1626 2048 Ravennatis
1666 1992 1934 2046 Ecclesia.

429 2089 704 2146 Paschalis
746 2089 1052 2159 episcopus,
1100 2102 1288 2142 servus
1325 2101 1604 2140 servorum
1638 2084 1754 2148 Dei,
1785 2098 1938 2138 reve—

359 2183 527 2238 rendo
555 2190 610 2237 et
639 2182 982 2236 sanctissimo
1009 2179 1165 2234 fratri
1191 2179 1509 2233 Petronacio
1532 2177 1938 2246 archiepiscopo

357 2278 555 2327 sancta:
577 2270 905 2324 Ravennatis
935 2268 1212 2332 Ecclesize,
1243 2276 1297 2321 et
1329 2284 1426 2337 per
1457 2268 1586 2323 tein
1625 2266 1810 2321 eadem
1840 2265 1937 2318 Ec-

357 2362 520 2417 clesia
549 2363 602 2418 in
637 2371 978 2432 perpetuum.

427 2455 562 2510 Cum
595 2456 696 2526 pia:
724 2454 1006 2510 desideriis
1025 2453 1301 2508 voluntate
1324 2461 1378 2507 et
1403 2451 1666 2506 laudande
1701 2447 1938 2504 devotio-

359 2546 444 2601 nis
475 2546 703 2602 intentio
732 2545 1041 2615 apostolicis
1060 2546 1133 2600 sit
1155 2559 1371 2614 semper
1391 2543 1586 2600 studiis
1615 2540 1934 2611 adjuvanda.

359 2652 488 2690 cura
518 2643 601 2691 cst
627 2635 1006 2690 sollicitudints
1025 2635 1348 2699 adhibenda,
1373 2643 1433 2688 ut
1457 2649 1522 2687 ea
1550 2647 1670 2702 quae
1697 2631 1941 2701 legaliter

357 2739 622 2799 geruntur
641 2739 697 2784 et
715 2729 954 2799 tequitati
975 2743 1216 2798 persona:
1228 2729 1571 2789 conveniunt,
1597 2725 1740 2780 nulla
1769 2725 1942 2778 valeat

360 2819 720 2891 refragatione
757 2829 1106 2892 pcrturvare;
1157 2819 1254 2873 sed
1279 2817 1647 2888 irrefragavile
1677 2814 1801 2884 jure
1829 2814 1940 2868 Deo

360 2910 532 2965 valeat
561 2926 878 2982 permanere
898 2951 912 2975 ,
945 2919 999 2965 et
1022 2911 1092 2964 ob
1130 2911 1231 2964 hoc
1255 2909 1564 2978 apostolicis
1587 2905 1941 2976 promulgatis

360 3000 733 3055 sanctionibus
755 2999 992 3069 propria,
1019 3013 1138 3067 qua:
1161 2997 1388 3050 rationis
1416 3003 1706 3068 suppetunt
1729 2993 1807 3050 fas
1828 2995 1941 3048 exi-

362 3098 449 3159 get
476 3091 796 3158 possidenda
835 3088 1165 3144 confirmari.
1217 3085 1527 3157 (ﬂuensque
1569 3085 1724 3140 Liber
1775 3081 1938 3138 Diur-

361 3179 503 3250 nus.)
534 3168 702 3250 igitur
731 3180 983 3248 quoniam
1028 3178 1245 3248 quidem
1271 3177 1508 3231 fraterna
1549 3177 1807 3230 sanctitas
1849 3183 1936 3227 tua
1967 3164 2010 3223 C

361 3271 562 3325 direxit
584 3271 738 3326 nobis
763 3287 861 3340 per
894 3269 1140 3341 Sergium
1172 3270 1475 3340 religiosum
1500 3267 1778 3324 diaconem
1809 3282 1936 3320 san-

360 3368 462 3414 cta:
519 3369 622 3416 tua:
678 3360 1006 3416 Ravennatis
1051 3357 1304 3415 Ecclesia:
1357 3357 1696 3428 privilegium
1736 3355 1937 3424 domini

359 3449 580 3503 Adriani
610 3451 881 3518 quondam
915 3465 1065 3520 papa:
1089 3445 1500 3519 prtedcccssoris
1529 3447 1721 3509 nostri,
1755 3446 1806 3499 in
1832 3461 1939 3515 quo

360 3539 702 3595 confirmabit
724 3540 1000 3609 privilegia
1030 3539 1224 3594 Leonis
1265 3536 1534 3607 quondam
1577 3536 1936 3603 imperatoris,

362 3629 500 3682 facta
554 3630 621 3682 ab
659 3619 957 3700 Epiphanio
1000 3628 1268 3696 quondam
1323 3625 1571 3694 religioso
1600 3625 1835 3687 notario,
1885 3633 1940 3679 et

359 3719 642 3783 scrinario,
661 3717 1074 3792 ctapocrisiario
1093 3725 1290 3771 sancta:
1322 3715 1646 3769 Ravennatis
1667 3716 1937 3780 Ecclesim,

361 3812 452 3880 qui
477 3809 711 3864 directus
748 3818 831 3863 est
861 3825 889 3861 a
916 3823 1152 3862 veneran
1176 3808 1237 3860 Ire
1272 3809 1544 3860 memoriae
1569 3805 1830 3858 Damiano
1854 3821 1940 3858 ar-

363 3899 724 3970 chiepiscopo,
765 3907 823 3952 ut
851 3897 1182 3951 confirmatae
1217 3911 1384 3950 sacra:
1420 3905 1597 3950 essent
1627 3897 1937 3964 prmeedcn-

366 4001 444 4044 tes
471 3989 725 4044 formulas
747 3991 814 4044 ab
838 3973 950 4058 ipso
976 3987 1155 4042 Leone
1184 3988 1507 4056 imperatore
1541 3996 1648 4040 tam
1675 3987 1809 4040 divzr
1831 4001 1941 4039 Ine-

366 4081 558 4135 morim’
571 4081 733 4151 prisci
763 4079 1074 4140 Justiniani,
1103 4093 1427 4146 quamquam
1454 4076 1650 4131 ceteris
1685 4075 1942 4145 piissimis

365 4172 778 4240 imperatoribus
800 4169 1074 4240 privilegia
1105 4177 1306 4222 sancta:
1324 4179 1516 4222 vcstr.e
1539 4167 1789 4222 Ecclesia:
1808 4181 1942 4237 pra:-

365 4265 584 4334 largita,
628 4265 679 4317 in
721 4264 915 4334 quibus
940 4271 993 4317 et
1034 4262 1152 4315 aliis
1179 4263 1283 4331 piis
1322 4261 1593 4329 capitulis,
1643 4269 1784 4316 etut
1823 4260 1942 4321 sine

362 4358 645 4428 sacrilegio
689 4357 773 4410 vel
817 4355 993 4410 feritis
1041 4353 1246 4425 rapina:
1281 4353 1398 4423 ejus
1447 4355 1584 4408 fines
1618 4353 1940 4424 pnelargita:

364 4457 520 4511 sunt,
571 4456 625 4502 et
651 4447 1126 4516 promulgationes.
1179 4446 1477 4500 Postulahit
1520 4458 1733 4515 quoque
1783 4445 1938 4502 nobis

365 4549 452 4593 tua
485 4539 697 4593 almitas
724 4539 910 4594 eadem
956 4537 1067 4608 ipsa
1107 4554 1201 4609 per
1237 4547 1450 4594 nostros
1476 4537 1798 4607 apostolicos
1826 4535 1970 4608 api?

361 4645 452 4684 ces
487 4629 793 4683 firmitatem
824 4629 1088 4699 accipere.
1135 4629 1288 4685 Unde
1327 4637 1627 4683 annnentes
1663 4644 1938 4699 praepara-

363 4720 469 4773 tius
507 4720 799 4781 sancimus,
843 4727 897 4772 et
922 4719 1304 4773 confirmamus
1353 4719 1532 4773 omnia
1585 4733 1938 4788 qumcumque

360 4819 483 4866 sunt
512 4809 788 4880 privilegia
818 4810 960 4864 edita
991 4809 1044 4864 in
1071 4819 1254 4866 sancta
1284 4819 1463 4865 vestra
1483 4809 1813 4866 Ravennatis
1840 4812 1938 4867 Ee-

358 4901 520 4957 clesia
573 4911 680 4956 tam
731 4902 1186 4972 przcdccessorum
1236 4910 1575 4967 nostrorum,
1622 4904 1936 4972 pontificum

358 4992 564 5048 scilicet
592 5001 793 5046 sancta:
813 4992 1201 5048 recordationis
1226 4993 1481 5047 Hadriani
1510 5002 1566 5048 et
1591 4993 1807 5057 Leonis,
1841 5011 1936 5049 seu

358 5085 814 5152 pmdecessorum
844 5083 1080 5148 illorum,
1125 5099 1390 5153 (tuamque
1418 5084 1820 5154 imperatorum,
1852 5085 1938 5141 vel

428 5245 452 5273 ι
489 5234 639 5307 lianc
667 5235 945 5307 epistolam
972 5250 1036 5288 ex
1067 5235 1312 5307 ligbellio
1343 5245 1617 5305 acceptam
1650 5237 1794 5292 dedit
1823 5238 1939 5307 qui-

358 5305 479 5359 dem
509 5305 778 5367 Labheus,
818 5306 912 5361 sed
959 5305 1199 5358 mutilam
1231 5306 1364 5360 adeo
1407 5314 1461 5360 et
1499 5307 1774 5362 erroribus
1816 5305 1936 5364 sca-

359 5383 581 5433 tentem.
622 5384 682 5429 ut
706 5376 793 5448 vis
827 5375 1096 5448 inierdum
1133 5376 1254 5431 elici
1300 5392 1365 5430 ex
1405 5391 1467 5429 ea
1511 5391 1701 5432 sensus
1739 5377 1933 5448 aliquis

355 5460 629 5526 congruas
652 5445 839 5526 possit.
873 5443 1235 5526 Sinceriorem
1273 5461 1335 5526 ei
1380 5449 1714 5526 autograpiio
1760 5443 1932 5502 in‘ar-

356 5515 504 5589 heris
529 5517 752 5589 cortice,
784 5515 895 5570 sive
924 5523 981 5568 ut
1009 5516 1184 5589 aptius
1210 5515 1620 5589 arbitraremur
1645 5518 1696 5589 in
1728 5533 1932 5589 papyro

356 5583 608 5656 {Egyptia
653 5601 929 5654 expresso,
976 5583 1123 5640 et'in
1153 5585 1508 5656 Ambrosiana
1553 5583 1934 5643 Mediolanénsi

353 5654 680 5729 bibliotheca
719 5668 932 5729 servato
977 5656 1244 5729 exhibent
1258 5655 1490 5729 Palatini
1530 5657 1698 5729 socii,
1731 5659 1822 5729 qui
1850 5675 1932 5714 re-

357 5740 474 5780 rum
501 5726 804 5782 ltalicarum
831 5727 1124 5796 scriptores
1153 5742 1182 5780 a
1229 5725 1520 5784 Muratorio
1565 5725 1817 5786 collect—os
1843 5731 1933 5787 de-

1964 1791 2012 1850 B

2038 733 2142 782 ctu:
2173 735 2282 780 tute
2308 725 2564 782 Ecclesia:
2618 726 2920 794 largitatem
2959 728 3422 782 conrovorationis
3461 729 3626 784 firmi-

2037 825 2201 873 tatem
2235 819 2291 872 in
2339 827 2662 888 perpetuum
2701 821 2904 875 habere
2933 821 3294 889 praecipimus,
3341 829 3398 874 et
3425 821 3626 876 contir-

2037 923 2268 975 ma-mns,
2318 918 2378 965 ut
2413 910 2618 964 nullum
2662 911 2844 966 locum
2867 919 2962 965 aut
3001 910 3092 978 jus
3131 909 3495 977 subiacentem
3525 913 3626 966 sub

2036 1000 2246 1056 dicione
2287 1009 2488 1056 sancta:
2515 1009 2622 1055 tua:
2663 1001 2920 1056 Ecclesiae
2964 1017 3064 1070 per
3090 1000 3332 1069 quolibet
3368 1000 3628 1055 adiuven—

2036 1092 2202 1148 tionis
2232 1102 2567 1164 argumento,
2621 1093 2861 1162 potentia
2909 1108 3126 1162 quoquo
3175 1093 3338 1147 modo
3368 1094 3620 1157 audente,

2030 1183 2262 1254 judicari
2299 1182 2576 1238 sullnltum
2606 1184 2750 1239 civili
2785 1193 2879 1239 aut
2911 1184 3131 1238 militari
3157 1184 3442 1256 praccinto,
3471 1200 3628 1238 usur-

2035 1275 2154 1343 pari
2187 1275 2270 1329 vel
2290 1276 2609 1331 subtrahere
2641 1283 2735 1328 aut
2767 1274 2987 1336 violare,
3039 1273 3122 1327 vel
3149 1274 3438 1329 novaiione
3462 1273 3628 1330 :odift-

2036 1365 2266 1420 cationis
2294 1366 2586 1430 inducere;
2628 1365 2723 1418 sed
2765 1365 2808 1418 si
2851 1365 2976 1433 quis
3002 1373 3251 1418 corutum
3297 1371 3389 1418 aut
3428 1363 3624 1419 caden-

2040 1464 2148 1512 tem
2185 1455 2444 1526 templnm
2493 1471 2755 1511 renovare
2801 1463 2896 1508 aut
2945 1455 3212 1508 :cdificare
3256 1453 3625 1522 temptaverit,

2039 1560 2147 1600 non
2175 1544 2377 1599 habere
2403 1544 2676 1599 licentiam
2703 1551 2830 1598 ante
2863 1543 2967 1597 hoc
2995 1559 3175 1613 agere,
3209 1544 3311 1597 nisi
3351 1543 3501 1612 prius
3534 1557 3629 1612 per

2040 1637 2254 1692 solitam
2287 1638 2715 1692 benedictionem
2745 1645 2968 1707 paterna
2993 1639 3268 1693 sanctitati
3293 1646 3484 1692 vestra:
3509 1654 3630 1693 san-

2042 1736 2127 1782 cta
2161 1735 2217 1782 et
2239 1728 2561 1784 venerabilis
2587 1744 2716 1782 crux
2747 1727 2820 1782 ibi
2849 1727 3047 1798 figatur
3070 1745 3084 1792 ;
3112 1743 3288 1798 neque
3310 1729 3403 1798 qui
3432 1743 3498 1784 ex
3524 1727 3631 1782 alio

2041 1822 2354 1892 episcopato
2387 1821 2602 1876 dicione
2638 1829 2731 1875 aut
2773 1821 3010 1875 civitatis
3040 1822 3236 1876 ibit-tem
3268 1824 3551 1878 venientes
3575 1830 3632 1876 et

2040 1919 2440 1967 commorantes
2468 1910 2578 1964 Deo
2623 1910 2884 1965 amabiles
2924 1911 3153 1966 clericos
3196 1925 3526 1980 praesumere
3571 1911 3627 1966 in

2040 2001 2442 2070 subiacentibus
2470 2001 2622 2056 vobis
2648 2000 2894 2056 ecclesiis
2928 2002 3043 2056 sine
3075 2002 3497 2071 praeceptionem
3539 2015 3630 2054 ve-

2039 2103 2208 2148 stram
2238 2091 2628 2146 sacerdotalem
2654 2107 2817 2160 agere
2845 2092 3224 2156 ministerium,
3249 2092 3422 2162 magis
3447 2100 3629 2146 autem

2039 2191 2096 2238 et
2116 2196 2305 2238 omnes
2327 2181 2660 2236 advenarum
2697 2180 3136 2250 religiosissimos
3174 2181 3403 2235 clericos
3429 2180 3631 2235 limites

2039 2281 2204 2342 atque
2228 2271 2473 2326 actiones
2494 2277 2732 2325 vestram
2760 2270 3106 2324 sanctitatem
3137 2271 3394 2324 obaudire
3413 2277 3469 2324 et
3499 2270 3632 2324 deli-

2040 2364 2160 2419 nire
2203 2371 2258 2416 et
2295 2363 2593 2418 secundum
2617 2362 2922 2416 divinarum
2954 2361 3130 2432 legum
3157 2370 3213 2416 et
3238 2362 3632 2416 sacratissima-

2041 2471 2161 2509 rum
2195 2455 2501 2523 regularum
2536 2461 2718 2507 tenore
2749 2452 2997 2507 ell'ectum
3025 2453 3077 2506 in
3106 2454 3186 2506 eis
3213 2451 3415 2507 inferre
3446 2467 3632 2506 mona-

2043 2546 2209 2600 sterio
2253 2552 2435 2598 vestro
2488 2543 2660 2597 sancti
2692 2543 2850 2612 primi
2901 2544 3155 2613 martyris
3193 2542 3486 2612 Stephani,
3533 2543 3630 2612 qui

2043 2639 2124 2692 sic
2168 2637 2496 2698 nominatur,
2551 2635 2897 2689 fundamenta
2922 2675 2938 2700 ,
2976 2644 3032 2689 et
3064 2633 3260 2701 rrjncet
3289 2633 3443 2702 juxta
3481 2633 3629 2702 palao

2045 2729 2200 2793 tium,
2251 2743 2375 2781 cum
2415 2727 2663 2781 omnibus
2695 2726 2874 2781 cidem
2920 2727 3316 2794 pertinentibus
3367 2725 3635 2796 religiosis

2044 2819 2344 2884 monachis,
2375 2818 2556 2872 omnia
2580 2817 2886 2872 veneranda
2915 2816 3162 2882 oracula,
3192 2833 3254 2871 ac
3278 2817 3629 2880 monasteria,

2043 2917 2098 2965 et
2126 2919 2337 2964 ceteros
2364 2907 2704 2962 venerandos
2727 2907 2874 2960 locos
2900 2906 2999 2960 sub
3029 2907 3312 2976 parrochia
3337 2907 3634 2961 existentes

2045 3000 2317 3057 sanctitati
2353 3006 2565 3059 vestrae,
2604 2998 2703 3052 sub
2735 2998 2945 3053 dicione
2969 3004 3024 3051 et
3064 3005 3330 3067 potestate
3359 2997 3634 3051 sanctitati

2045 3099 2239 3146 vestra:
2269 3088 2603 3159 subiaceant,
2639 3098 2694 3142 ct
2723 3103 2821 3157 per
2847 3095 2898 3142 te
2927 3096 3127 3142 sancta:
3159 3096 3264 3141 tum
3288 3085 3543 3140 Ecclesia:
3580 3096 3634 3140 et

2042 3197 2383 3253 quocumque
2433 3180 2608 3236 sacris
2657 3181 2738 3234 eis
2772 3179 3072 3249 privilegiis
3101 3181 3153 3234 in
3205 3180 3416 3247 integro
3449 3178 3633 3234 obser-

2043 3271 2234 3326 vandis
2261 3286 2424 3340 super
2447 3270 2565 3336 his;
2613 3285 2714 3324 nec
2742 3269 2946 3324 nullum
2981 3270 3230 3324 molestia
3257 3279 3350 3324 aut
3385 3269 3636 3340 angarias

2043 3372 2137 3420 aut
2179 3362 2516 3434 gravamina,
2553 3369 2646 3414 aut
2687 3361 2940 3415 excuvias
2966 3362 3196 3429 quilibet
3237 3360 3438 3414 inferre
3490 3360 3634 3428 parti

2042 3462 2247 3507 sanctae
2273 3459 2376 3504 tua:
2405 3450 2680 3513 Ecclesiae,
2712 3464 2938 3504 necnon
2975 3449 3196 3504 colonos
3224 3457 3318 3502 aut
3341 3449 3633 3517 partiarios

2042 3551 2098 3596 et
2127 3554 2313 3595 servos
2356 3537 2698 3606 subjacentes
2733 3537 2876 3607 parti
2901 3549 3106 3592 sanetzc
3131 3546 3326 3592 vestra:
3372 3537 3629 3592 Ecclesia:

2041 3628 2334 3700 aquolibet
2368 3628 2610 3682 omnium
2652 3627 2720 3681 ad
2764 3628 3493 3690 militandum.subtrahere;
3534 3628 3629 3683 sed

2041 3723 2086 3777 si
2123 3719 2336 3774 militati
2383 3717 2585 3772 fuerint
2610 3733 2705 3772 eos
2743 3718 2968 3786 discingi
3011 3725 3067 3773 et
3111 3718 3428 3772 desmilitari
3467 3717 3628 3786 juve-

2043 3827 2180 3876 mus,
2215 3817 2410 3863 vestra:
2437 3809 2757 3862 veneranda:
2808 3809 3078 3862 redituros
3105 3809 3285 3878 parti;
3330 3816 3388 3861 ut
3427 3809 3470 3862 si
3505 3809 3629 3877 quis

2043 3902 2169 3957 talia
2200 3909 2525 3956 temeranter
2546 3900 2890 3969 przevarieari
2921 3899 3287 3968 temptaverit,
3313 3899 3379 3952 de
3403 3899 3490 3952 his
3511 3915 3630 3967 qua:

2041 4009 2071 4046 a
2105 3992 2258 4046 nobis
2283 3990 2369 4059 pie
2399 3990 2605 4043 sancita
2638 3997 2792 4052 sunt,
2828 3998 2880 4042 et
2900 3987 3046 4056 justc
3076 4004 3106 4042 a
3134 3988 3290 4042 nobis
3315 3987 3544 4056 petistis,
3575 3997 3630 4042 et

2041 4097 2138 4152 per
2162 4088 2483 4150 przcscntem
2515 4086 2753 4132 nostram
2793 4078 3142 4148 apostolicam
3175 4077 3484 4132 continetur
3521 4077 3630 4130 for-

2042 4151 2216 4238 mula,‘
2252 4187 2357 4226 non
2385 4172 2557 4225 solum
2589 4171 2720 4224 nihil
2743 4171 3054 4240 praevaleat,
3093 4171 3188 4226 sed
3217 4171 3379 4226 etiam
3419 4186 3516 4240 pro
3549 4179 3629 4224 ta-

2041 4267 2146 4320 lem
2179 4273 2416 4319 atroccm
2441 4263 2742 4324 audaciam,
2772 4271 2827 4316 et
2851 4263 3095 4316 omnium
3126 4277 3347 4316 suarum
3399 4259 3630 4315 faculta-

2042 4367 2153 4412 tum
2201 4357 2490 4410 amissione
2539 4354 2838 4418 faciantur,
2901 4368 3000 4408 nec
3056 4371 3160 4407 non
3199 4363 3254 4408 et
3313 4352 3618 4406 animarum

2041 4445 2373 4501 adversionis
2387 4444 2681 4514 periculum
2702 4445 2920 4497 minime
2945 4444 3216 4498 declinare
3238 4443 3498 4514 poterint,
3521 4439 3628 4498 suf-

2046 4537 2350 4594 ficientibus
2376 4535 2628 4591 omnibus
2651 4535 2705 4588 in
2735 4535 3047 4590 ostensione
3085 4535 3198 4590 sola
3225 4535 3384 4603 hujus
3407 4543 3624 4604 aposto-

2046 4628 2162 4682 lica:
2192 4635 2392 4682 nostra:
2435 4627 2818 4680 exaracionis.’
2850 4625 2906 4679 Si
2938 4627 3062 4695 quis
3107 4641 3234 4680 vero
3287 4635 3476 4681 contra
3522 4628 3626 4684 hoc

2043 4728 2286 4774 nostrum
2333 4717 2684 4790 apostolicum
2728 4726 3053 4788 praeceptum
3084 4719 3288 4788 egerit,
3338 4730 3623 4790 componat

2043 4812 2161 4866 auri
2188 4812 2349 4868 obriti
2395 4811 2561 4866 libras
2586 4811 2864 4880 quinque;
2913 4810 3133 4880 insuper
3159 4823 3212 4866 et
3255 4812 3624 4866 anathematis

2042 4906 2274 4960 vinculis
2298 4907 2368 4960 sit
2398 4903 2704 4968 innodatus,
2751 4913 2806 4959 et
2832 4913 3107 4975 perpetua:
3149 4907 3622 4973 condemuationis
3692 4979 3696 4983 λ

2020 4997 2358 5051 submissus.
2392 4996 2542 5062 Quod
2579 5003 2904 5066 prmceptum
2951 4995 3375 5052 confirmationis
3403 5013 3433 5052 a
3465 4997 3620 5051 nobis

2040 5087 2243 5144 factum
2274 5089 2611 5144 scrivendum
2645 5088 2998 5158 percepimus
3029 5086 3310 5144 Timotheo
3335 5088 3544 5144 notario
3564 5095 3620 5141 et

2039 5243 2252 5297 derunt.
2285 5239 2427 5312 Ejus
2463 5240 2975 5312 pariteriexordium
3014 5241 3212 5312 legitur
3251 5244 3469 5298 totidem
3496 5257 3623 5312 ver-

2038 5313 2124 5367 bis
2142 5313 2204 5383 in
2236 5311 2402 5383 Libro
2428 5309 2632 5383 Diurno
2671 5311 3034 5383 Romanorum
3070 5309 3380 5383 pontificum
3407 5327 3445 5383 Wa
3482 5309 3624 5365 Gar-

2037 5382 2189 5452 nerio
2208 5382 2352 5437 edito
2377 5397 2499 5452 cap.
2532 5380 2759 5452 7,7num.
2789 5382 2856 5446 9;
2882 5398 2947 5438 ex
2981 5380 3082 5438 illo
3095 5397 3223 5437 vero
3258 5382 3454 5452 menda
3477 5395 3615 5438 non-

2036 5451 2200 5514 nulla,
2255 5465 2376 5520 qua:
2407 5450 2459 5507 in
2504 5451 2703 5507 bullam
2746 5452 2887 5507 hanc
2931 5452 3208 5508 Paschalis
3254 5450 3612 5520 irrepserunt.

2035 5521 2312 5577 emendari
2339 5538 2520 5592 posse
2581 5523 2720 5577 idem
2770 5521 3304 5592 Garneriusmonet.
3332 5591 3338 5592 γ
3369 5521 3443 5574 Ea
3486 5533 3616 5574 vero

2037 5607 2168 5646 cura
2211 5590 2417 5661 quod'a
2463 5593 2678 5648 nemine
2730 5593 3004 5660 hucusque
3035 5590 3482 5661 isitgrprzstitum,
3516 5605 3615 5643 nos

2039 5677 2146 5716 non
2173 5659 2393 5786 inanet,
2438 5663 2666 5724 daturos.
2687 5661 2886 5717 bullam
2916 5675 2981 5716 ex
3029 5659 3413 5717 Mediolanensi
3461 5661 3628 5721 aulo-‘

2039 5748 2263 5786 aranio.

2039 5748 2263 5802 grapno.
