3970 6202
325 328 348 382 l
360 325 464 386 093

840 314 843 317 ’
924 321 1182 379 REMIGII
1221 319 1586 378 CURIENSIS
1623 320 1932 378 EPISCOPI
1970 321 2287 381 CANONES
2325 324 2464 381 PRO
2502 324 2638 382 SUA
2683 325 3002 384 DltECESl.

3456 332 3590 388 100i

319 437 606 493 secundam
625 438 995 492 correctionem
1023 437 1193 490 devita
1223 435 1350 506 (Tit.
1383 452 1464 500 ιιι,
1499 435 1606 504 10).
1630 433 1909 501 Quomodo
1937 440 1984 499 Α
2006 429 2248 492 surrexit
2280 458 2297 491 ι
2329 439 2484 508 quasi
2513 439 2684 508 prima
2715 449 2768 493 et
2799 441 3036 494 maxima
3078 440 3331 496 Ecclesim
3369 446 3593 500 castita-

318 543 452 598 ergo
503 529 635 583 tales
683 527 997 598 episcopos,
1043 527 1265 582 abbates
1304 526 1386 580 vel
1433 525 1714 596 religiosos
1756 523 1904 598 [reli-

299 618 478 690 ‘quos]
504 619 728 674 clericos
762 620 1098 684 devitamus,
1129 618 1173 673 si
1197 633 1385 672 eorum
1407 618 1602 672 missas
1629 618 1899 682 audimus,

316 725 442 767 cum
469 711 688 780 quibus,
720 711 764 766 si
803 711 888 766 vel
918 711 1076 766 simul
1101 725 1342 774 oramus,
1384 709 1903 763 excommunicatio-

318 813 442 856 n‘em
470 801 759 856 subimus?
800 802 945 868 Quos
974 800 1188 871 quidem
1217 797 1530 853 sacerdotes
1555 811 1674 851 esse
1705 796 1898 851 saltem

315 893 540 948 credere
581 892 804 946 omnino
853 905 1039 946 errare
1090 897 1212 954 est,
1269 903 1392 942 cum
1438 886 1634 942 Petrus
1693 886 1902 941 Simoni

315 985 463 1039 dicat
507 999 522 1037 :
563 981 799 1037 Pecunia
829 993 922 1037 tua
963 993 1132 1037 tecum
1165 982 1232 1036 sit
1268 982 1323 1034 in
1361 980 1740 1051 perditionem;
1777 978 1901 1049 quia

314 1074 625 1128 existimasti
641 1073 836 1127 donum
861 1073 956 1127 Dei
966 1074 1198 1144 pecuniis
1212 1072 1476 1143 possidere
1497 1071 1634 1144 (Act.
1650 1085 1746 1124 vm
1759 1117 1770 1135 ,
1781 1069 1897 1139 20).

318 1162 420 1218 Ubi
448 1177 572 1216 eum
611 1163 922 1216 existimasti
951 1161 1177 1225 dicitur,
1225 1170 1375 1232 patet
1400 1163 1526 1232 quia
1559 1177 1666 1217 non
1705 1176 1804 1231 pro
1831 1175 1899 1214 eo

316 1254 460 1325 quod
501 1252 724 1318 fecerit,
772 1254 866 1307 sed
913 1256 1037 1325 quia
1085 1253 1264 1309 facere
1302 1269 1360 1308 se
1406 1266 1565 1323 posse
1613 1252 1903 1307 crediderit

318 1345 733 1408 condemnatur,
785 1357 810 1385 α
857 1361 979 1400 cum
1029 1354 1208 1401 tamen
1250 1346 1427 1400 minus
1468 1345 1540 1398 sit
1587 1343 1902 1398 existimare

317 1449 480 1503 quam
525 1434 767 1489 credere.
822 1433 957 1488 Cum
997 1434 1180 1505 itaque
1213 1434 1528 1489 baereticum
1559 1427 1904 1501 qualemcun-

312 1537 418 1594 que
442 1538 583 1588 esse,
608 1523 680 1578 sit
707 1531 856 1578 certa
883 1532 938 1580 et
957 1523 1255 1579 indubitata
1281 1522 1574 1585 damnatio,
1601 1521 1730 1591 quid
1758 1520 1901 1573 valet

311 1615 565 1679 Arianos,
593 1615 949 1681 Sabellianos,
973 1615 1344 1681 Photinianos,
1384 1614 1684 1684 impiosque
1725 1612 1898 1666 Mani-

311 1706 492 1761 chzeos
527 1720 664 1774 pene
693 1706 825 1760 orbe
853 1706 1145 1777 pepulisse,
1177 1707 1224 1762 si
1258 1706 1554 1760 simoniaea
1583 1713 1639 1758 et
1666 1703 1900 1772 ueophy-

2008 537 2115 582 tem
2146 529 2286 584 fmda
2313 530 2537 584 nimium
2564 530 2856 600 pollutione
2885 533 3319 588 contaminetur?
3343 533 3513 606 Igitur
3539 537 3593 592 in

2007 617 2292 675 Dominum
2321 625 2620 692 et’pmpter
2646 621 2931 676 Dominum
2956 631 3190 678 vestram
3211 625 3589 682 excellentiam

2006 720 2058 764 et
2083 725 2270 766 omnes
2312 711 2496 766 ﬁdeles
2531 711 2733 768 Christi
2767 728 3019 783 rogamus
3054 723 3111 767 et
3155 715 3510 779 obtestamur,
3545 715 3593 774 si

2006 797 2204 853 habere
2244 808 2456 871 partem
2512 801 2566 854 in
2621 800 2835 856 Christo
2876 802 3094 872 cupitis,
3125 817 3467 874 summepere
3509 806 3594 860 in-

2005 896 2143 943 state
2163 930 2176 952 ,
2208 897 2267 943 ut
2297 897 2406 944 tam
2440 906 2579 945 sceva
2608 892 2809 961 pestis,
2837 909 2955 962 qum
2980 893 3033 948 in
3063 894 3472 963 universosjam
3496 911 3592 966 po-

2003 978 2157 1048 pulos
2176 993 2558 1050 usquequaque
2588 982 2859 1037 szcviendo
2881 992 3084 1037 {eterna
3112 992 3287 1038 morte
3314 985 3585 1049 multavit,

2007 1078 2181 1124 vestra
2213 1071 2533 1125 auctoritate
2558 1080 2612 1124 et
2633 1073 2880 1143 exemplo
2905 1071 3120 1143 penitus
3157 1074 3489 1140 destruatur,
3520 1089 3590 1131 ne

2003 1158 2248 1222 ulterius,
2280 1159 2422 1229 quod
2445 1159 2605 1223 absit,
2639 1160 2690 1213 in
2717 1159 2977 1230 Spiritum
3004 1176 3251 1230 peccare,
3277 1179 3451 1232 neque
3473 1164 3580 1227 hic,

2005 1267 2176 1322 neque
2207 1253 2259 1306 in
2289 1250 2470 1305 futuro
2503 1253 2698 1307 sarculo
2721 1255 3048 1307 remittatur.

2129 1359 2435 1398 ΔὨΝΟΤΔΤῘΟ
2474 1358 2834 1398 εοιιπετοιιιε
2874 1360 2926 1398 ΙΝ
2966 1359 3101 1398 ΠᾹΝΕ
3138 1360 3452 1400 ιεῐιιδτοιυι.

2071 1432 2366 1503 Epistulam
2417 1434 2557 1487 hanc
2589 1433 2819 1504 primum
2861 1435 3075 1503 quidem
3131 1449 3160 1487 a
3214 1449 3300 1490 me
3345 1433 3588 1504 evulgari

2001 1525 2128 1580 olim
2173 1525 2396 1596 putavi;
2434 1523 2556 1578 dein
2591 1524 2703 1578 fere
2731 1525 2994 1594 integram
3036 1533 3228 1579 nactus
3259 1541 3376 1579 sum
3401 1525 3454 1578 in
3481 1523 3587 1579 Gc-

2004 1617 2169 1679 roho;
2217 1615 2430 1668 tandem
2475 1630 2597 1668 cum
2638 1615 2750 1684 jam
2784 1613 2948 1683 prmio
2995 1613 3382 1680 subjiciendam
3412 1615 3591 1668 dedi5¢

2001 1722 2138 1769 sem,
2169 1705 2430 1774 integram
2473 1705 2648 1774 reperi
2690 1705 2829 1772 apud
2867 1705 3078 1757 lvonem
3113 1705 3326 1758 Decrct.
3366 1720 3484 1774 par.
3525 1720 3586 1765 ιι.

313 1805 490 1850 torum
533 1796 758 1851 haeresis
782 1837 796 1859 ,
831 1812 975 1874 qua:
1031 1805 1090 1850 ut
1145 1797 1340 1850 beatus
1383 1794 1677 1864 Gregorius
1730 1793 1897 1856 dicit,
1926 1813 1972 1872 Β
2001 1813 2050 1852 c.
2088 1796 2188 1860 ει,
2216 1797 2307 1865 qui
2337 1796 2482 1850 illam
2520 1796 2718 1849 recitat
2747 1797 2847 1848 sub
2873 1793 3095 1863 praeﬁxo
3125 1794 3282 1848 titulo
3321 1813 3333 1846 :
3378 1795 3462 1848 Ea:
3490 1795 3585 1848 de-

317 1904 337 1935 ‹
371 1894 498 1940 ante
546 1901 736 1941 omnes
784 1887 838 1942 in
888 1895 1078 1944 sancta
1119 1887 1358 1942 Ecclesia
1401 1883 1895 1940 diabolica.fraude

384 2028 410 2055 ι
452 2015 568 2088 Huc
608 2033 778 2088 usque
803 2017 1109 2082 Gerohous,
1148 2017 1290 2088 apud
1321 2032 1501 2088 quem,
1523 2017 1638 2072 lucc
1660 2014 1897 2088 subdun-

314 2094 438 2140 tur:
479 2104 498 2136 ‹
531 2086 597 2140 Et
622 2085 720 2141 nos
752 2091 850 2142 sub
881 2085 1228 2144 anathemate
1259 2085 1633 2141 interdicimus
1659 2085 1894 2153 idipsum

311 2156 379 2210 de
426 2157 616 2211 hzcresi
662 2158 925 2224 simonize,
954 2159 1092 2214 sicut
1115 2167 1304 2211 saneta
1347 2157 1590 2211 decrevit
1632 2157 1888 2225 synodus,

311 2225 518 2280 nullum
559 2235 653 2280 aut
695 2229 1046 2283 ecclesiarum
1069 2227 1556 2289 consecrationem,
1594 2234 1687 2278 aut
1713 2225 1892 2279 archi-

315 2298 746 2367 presbyteratum
768 2338 784 2364 ,
829 2308 924 2354 aut
958 2299 1459 2356 commendationes
1485 2296 1773 2358 altarium,
1807 2301 1902 2348 aut

1996 1888 2150 1944 cretis
2179 1885 2455 1942 Paschalis
2488 1902 2658 1957 papte.

1979 2020 2316 2074 traditiones
2347 2017 2700 2074 ecclesiarum
2727 2015 2978 2069 vendere.
3025 2013 3280 2082 Quisquis
3305 2013 3582 2068 conduxe-

1995 2085 2066 2146 i'it
2093 2131 2107 2154 ,
2151 2098 2245 2143 aut
2305 2088 2648 2149 vendiderit,
2703 2094 2796 2139 aut
2838 2083 3031 2138 emerit
3058 2124 3074 2145 ,
3132 2085 3416 2154 anathema
3462 2083 3579 2154 sit__,

1995 2151 2173 2214 amen.
2209 2159 2273 2212 Et
2302 2158 2694 2228 reSpnndemnt
2724 2169 2911 2228 omnes
2926 2155 3095 2228 tertio
3125 2169 3137 2206 :
3170 2152 3287 2206 Fiat
3319 2152 3432 2205 tiat.
3465 2172 3480 2203 ι
3514 2151 3582 2204 Et

2007 2231 2079 2284 ita
2108 2224 2411 2284 absolvitur
2428 2226 2655 2296 epistola
2687 2226 2758 2280 ad
2779 2224 3050 2279 eumdem.

321 2411 3567 2479 Μ

1568 2551 1733 2594 ANNO
1779 2548 2009 2592 DOMINI
2055 2548 2330 2590 DCCCXX.

1156 2727 2706 2962 REMIGIUS

1559 3096 1926 3157 CUNENSIS
1963 3091 2365 3151 EPISCOPUS.

1031 3312 1474 3397 NOTITIA
1532 3304 2091 3388 HISTORICA
2150 3305 2259 3383 IN
2339 3300 2893 3380 REMIGIUM.

1482 3459 1808 3529 Lilartzheim,
1827 3471 1964 3510 conc.
1993 3457 2183 3515 Germ.,
2210 3461 2326 3505 tom.
2354 3453 2441 3516 ll.]

381 3669 704 3741 Remigium,
729 3669 838 3749 alii!

310 3745 514 3802 cimum
539 3754 762 3796 nonum.
793 3745 910 3808 ejus

306 3798 462 3885 iuxta
489 3809 806 3885 Bucelinum
821 3798 1148 3885 Episcopum
1174 3798 1498 3885 vigesimum

593 3683 704 3732 nm.
729 3666 856 3722 ams
885 3661 1231 3724 Remedium.
1261 3658 1576 3732 Curiam"!
1621 3653 1674 3708 in
1703 3651 1899 3732 Raetia
1925 3650 2258 3732 εῑρῖεεοιξιξφν
2289 3644 2491 3732 risisse
2527 3643 2668 3732 ints!
2696 3637 3471 3732 ⁸.ξ⁵ῖὲἓ9;θξεέυίὲεἱὶιὲπτεξῖ
3498 3635 3592 3732 δοῖ

941 3707 1713 3800 ’ρῖςιξὲίιῙέῶςηίιιξιξι
1742 3707 2089 3800 Stnmpliium
2110 3707 2330 3772 'liistor.
2361 3714 2700 3800 Gernianigc
2723 3709 2976 3800 llelvetilz‘e
3006 3708 3178 3800 lib},
3209 3722 3334 3778 pag.
3367 3707 3507 3770 584;
3535 3715 3593 3761 at

1528 3779 1749 3848 tértium
1781 3779 2086 3846 Germania!
2111 3803 2280 3842 sacrae
2316 3793 2471 3856 parte
2497 3785 2604 3839 ima
2636 3781 2884 3852 legimus.
2913 3779 3159 3856 Capitula
3179 3793 3461 3856 ξιιχ-ῳεῳ
3503 3793 3591 3830 se-

314 3863 657 3954 Edidit,”
685 3863 881 3954 Isidori
903 3863 1098 3954 litteris
1125 3863 2186 3954 διξρῇρείιίξξξξχειςςιξιξι-εβξίξφηεξριςςξιῗ.

315 3929 966 4016 iééii's'iﬁiili'téfséiim,
993 3945 1104 4016 imo
1133 3929 1376 4016 ejusdem
1395 3936 1575 4016 jussu,
1596 3942 1664 4016 ut_
1685 3933 1877 4016 scribit
1898 3929 2208 4016 (qudasths,

314 4000 896 4092 c3'rBiS'iih'gﬁo'inia
930 4000 1324 4092 minime'iuitz.
1340 4000 1421 4064 uti
1447 4000 2270 4092 Diony‘siana‘ab‘édrianonpap

2279 3846 2520 3911 niiﬁcum
2546 3846 2802 3918 excerpta
2851 3859 2976 3904 sunt
2995 3846 3016 3901 κε
3034 3849 3152 3918 sub
3174 3846 3371 3902 Carolo
3394 3846 3591 3918 Magno

2234 3928 2300 3982 de
2317 3941 2431 3996 quo
2447 3924 2604 3996 valde
2630 3915 2817 3976 dubito
2826 3935 2850 3996 _:
2879 3933 3001 3996 nam
3024 3917 3319 3972 lsidoriana
3345 3915 3596 3996 collectio

2273 4013 2303 4050 a
2335 3985 2548 4050 'eidem'
2576 3993 2795 4047 donata.
2826 3989 3022 4044 luserit
3051 4003 3192 4058 saepe
3239 3985 3593 4041 auctoritates

315 4062 1358 4164 'éii‘c'm'eﬁmiéﬁiiﬁ'eiiiiis
1383 4062 1744 4149 supposititiis
1779 4072 1978 4126 litteris
2007 4085 2104 4124 sua
2131 4062 2367 4138 capitula
2394 4062 2646 4120 confecit.

323 4192 3583 4256 _______________________________——————-.——

762 4342 1232 4503 manu]
1338 4335 1856 4496 CAN‘iNES
1960 4330 2188 4489 uo
2301 4328 2526 4484 SUA

1705 4579 2035 4644 (Haruhelm,
2064 4575 2208 4634 ibid.)

2633 4322 3136 4478 DllEGESl.

1825 4701 2108 4724 ﬂ

1089 4798 1130 4852 1.

699 4894 775 4949 De
793 4893 1004 4947 licentia
1031 4887 1263 4959 corporis
1297 4885 1524 4940 Domini.

315 4993 415 5065 (Ex
444 4987 670 5060 epistola
696 4981 1084 5064 Clementisad
1105 4978 1366 5065 Iacobum
1395 4972 1898 5044 Hierosolymorum

925 5049 1287 5124 episcopum.)

385 5176 543 5230 Certe
572 5179 721 5228 tanta
745 5169 800 5224 in
827 5165 986 5222 altari
1017 5165 1335 5219 holocausta
1357 5159 1670 5222 offerantur,
1696 5162 1900 5227 quanta

315 5265 512 5338 populo
566 5261 815 5318 suiiicere
841 5257 1101 5321 debeant;
1131 5253 1275 5324 quod
1320 5251 1364 5307 si
1411 5248 1793 5310 remanserint,
1845 5245 1898 5300 in

314 5356 613 5414 crastinum
654 5368 761 5408 non
790 5357 1158 5412 reserventur,
1196 5347 1288 5401 sed
1313 5359 1438 5400 cum
1465 5343 1657 5397 timore
1687 5352 1744 5396 et
1792 5346 1902 5393 tre-

316 5465 508 5514 more,
567 5446 890 5504 clericorum
945 5437 1223 5511 diligentia
1275 5438 1740 5490 consummentur.
1797 5427 1925 5496 Qui-

319 5550 498 5594 autem
542 5537 761 5594 residua
815 5531 1063 5602 corporis
1110 5527 1347 5591 Domini,
1393 5539 1513 5596 quae
1560 5524 1616 5578 in
1660 5520 1906 5576 sacrario

319 5632 507 5688 relicta
559 5638 717 5694 sunt,
762 5613 1105 5685 consumunt,
1155 5636 1261 5675 non
1287 5618 1470 5674 statim
1496 5615 1562 5670 ad
1592 5627 1906 5670 communes

320 5721 661 5792 accipiendos
713 5718 864 5774 cibos
911 5712 1277 5776 conveniant,
1328 5722 1426 5764 nec
1465 5712 1656 5776 putent
1706 5709 1906 5757 sancta:

1933 4791 1978 4853 C
2009 4784 2243 4857 portioni
2270 4782 2625 4838 commiscere
2669 4779 2845 4835 cibum
2890 4775 2981 4846 qui
3011 4789 3107 4845 per
3141 4770 3468 4842 aqualiculos
3507 4769 3593 4828 di-

2005 4887 2188 4950 gestus
2214 4879 2265 4932 in
2290 4889 2562 4931 secessum
2606 4871 2865 4926 funditur.
2915 4867 2973 4923 Si
3029 4867 3194 4936 igitur
3219 4878 3374 4918 mane
3407 4863 3594 4920 Domi-

2005 4971 2128 5025 nica
2174 4967 2490 5040 porrigitur,
2515 4979 2687 5034 usque
2725 4961 2792 5015 ad
2817 4967 3024 5015 sextam
3073 4956 3319 5026 jejunent
3353 4953 3588 5011 ministri

2005 5061 2095 5131 qui
2117 5076 2238 5115 eam
2261 5055 2726 5126 consumpserint;
2754 5059 2809 5106 et
2851 5050 2896 5106 si
2925 5049 3105 5112 tertia,
3128 5045 3212 5101 vel
3236 5055 3429 5118 quarta
3453 5047 3589 5100 hora

2004 5153 2332 5222 acceperint,
2385 5162 2556 5216 usque
2599 5144 2664 5198 ad
2710 5156 3016 5213 vesperam.
3061 5139 3153 5194 Sic
3199 5146 3408 5194 secreta
3455 5151 3587 5189 san-

2005 5241 2332 5299 ctilieatione
2352 5245 2551 5292 acterna
2582 5231 2936 5288 custodienda
2965 5237 3092 5286 sunt
3115 5236 3481 5284 sacramenta.

2574 5419 2652 5473 De
2678 5415 2816 5473 rasis
2833 5415 3019 5470 sacris.

2468 5509 2578 5579 (Ex
2618 5506 2808 5563 eadem
2852 5493 3130 5570 epistola.)

2082 5607 2158 5660 De
2209 5603 2358 5659 vasis
2401 5576 2534 5658 sane
2577 5595 2750 5654 sacris
2790 5591 2864 5644 ita
2893 5583 3189 5657 gerendum
3213 5589 3346 5637 est:
3381 5576 3591 5636 Altari!

2012 5697 2173 5767 palla,
2226 5693 2484 5751 cathedra
2534 5682 2942 5745 candelabrm,
2973 5683 3030 5729 et
3056 5671 3255 5737 velum,
3301 5675 3347 5730 si
3383 5671 3587 5729 iuerint
