3970 6202
385 298 521 357 10υῦ

1512 283 1766 356 neuneu
1805 275 2165 339 CURIENSIS
2202 272 2502 341 EPJSL'OPI

3483 267 3623 323 {090

381 415 652 466 vetustate
675 410 1013 473 consumpta,
1040 400 1286 457 incendio
1308 400 1503 459 dentur
1529 416 1542 452 :
1568 395 1818 467 quoniam
1841 405 1963 447 non~
1978 394 2029 450 Λ
2054 384 2320 440 Similiter
2343 391 2399 437 et
2432 380 2622 451 reliqui
2646 378 2845 473 pzpnli,
2872 376 3105 473 majores
3132 376 3341 473 scilicet
3366 384 3422 432 et
3449 376 3630 433 mino—

384 499 509 559 licet
534 515 598 555 ea
627 512 745 565 qua:
785 496 837 550 in
859 492 1103 549 sacrario
1132 491 1357 555 fuerint,
1393 489 1535 547 male
1564 485 1805 549 tractari,
1854 480 1953 541 sed

381 590 632 657 incendio
660 588 912 641 universa
933 583 1231 638 tradantur.
1260 579 1485 638 Cineres
1507 591 1721 648 quoque
1762 586 1949 631 eorum

384 679 438 736 in
473 677 850 751 baptisterium
893 673 1214 737 inferantur,
1244 671 1337 727 ubi
1362 667 1542 724 nullus
1568 666 1825 723 transitus
1856 663 1950 718 ba-

383 769 593 831 beatur,
627 766 799 840 autin
843 764 1068 835 pariete.
1106 771 1200 816 aut
1240 761 1296 816 iu
1334 759 1494 816 fossis
1518 758 1959 830 pavimentorum.

375 855 677 925 iactentur,
733 869 801 909 ne
852 852 1236 909 introeuntium
1296 849 1521 921 pedibus
1583 842 1947 919 inquinentur.

380 947 559 1003 Pallas
581 962 709 1002 vero
735 954 790 1003 et
812 944 930 1007 vela
971 960 1091 1014 qua:
1118 945 1171 998 in
1216 942 1507 999 sanctuarii
1535 939 1809 1003 sordidata
1835 935 1934 992 lue

304 1044 309 1047 ‘
379 1037 492 1092 rint
540 1034 861 1099 ministerio,
908 1033 1119 1090 diaconi
1168 1049 1291 1089 cum
1344 1031 1649 1107 humilibus
1686 1028 1950 1088 ministris

381 1125 522 1179 intra
550 1123 846 1179 sacrarium
876 1122 1075 1189 lavent,
1106 1137 1210 1176 non
1233 1122 1512 1193 ejicientes
1541 1119 1686 1175 foras
1712 1135 1741 1172 a
1770 1132 1950 1174 sacra-

379 1215 462 1269 rio
483 1212 746 1268 velamina
777 1212 1067 1269 Dominica:
1091 1227 1311 1274 mensae,
1345 1226 1413 1266 ne
1459 1209 1598 1264 forte
1623 1208 1795 1279 pulvis
1842 1207 1947 1261 Do-

380 1308 566 1363 minici
594 1306 837 1378 corporis
864 1305 1002 1360 male
1025 1302 1534 1382 decidat,syndone
1577 1300 1710 1355 foris
1748 1298 1945 1362 delata,

379 1405 435 1453 et
468 1396 574 1454 erit
601 1397 703 1451 hoc
727 1395 971 1465 operanti
1001 1403 1277 1466 peccatum
1309 1411 1323 1446 :
1354 1391 1557 1448 idcirco
1603 1390 1657 1444 in
1710 1387 1950 1447 sacrario

379 1486 641 1555 ministris
663 1484 1001 1554 pracipimus
1028 1499 1149 1541 cum
1177 1483 1451 1553 diligentia
1474 1480 1761 1536 custodire.
1787 1477 1949 1535 Palla:

381 1578 436 1632 in
466 1577 568 1631 alia
597 1576 749 1646 pelve
774 1575 1043 1640 laventur,
1061 1582 1117 1629 et
1140 1574 1193 1628 in
1221 1574 1324 1627 alia
1351 1572 1488 1627 vela.

720 1774 837 1840 Quo
865 1774 978 1829 loco
1002 1684 1311 1829 “(eiii-tudo
1333 1773 1400 1826 sit
1421 1773 1602 1826 missa.

823 1936 929 1998 ris,
958 1935 1271 1989 diaconilsus
1299 1933 1505 2005 missa.)

452 2025 547 2082 Hic
582 2042 730 2099 ergo,
756 2026 858 2081 hoc
880 2035 985 2089 est,
1016 2020 1069 2079 in
1095 2023 1347 2095 praesenti
1374 2024 1482 2076 vita
1514 2024 1722 2092 positos
1740 2025 1955 2091 oportet

377 2133 474 2189 vos
503 2131 796 2190 agnoscere
833 2114 1162 2171 voluntatem
1203 2113 1434 2176 Domini,
1469 2112 1557 2167 ubi
1585 2119 1639 2167 et
1682 2110 1873 2182 agendi
1901 2115 1957 2165 et

382 2207 719 2262 sacriﬁcandi
767 2214 853 2261 est
874 2206 1023 2262 locus
1052 2223 1069 2259 :
1103 2205 1356 2275 quoniam
1404 2205 1458 2259 in
1488 2203 1608 2259 aliis
1631 2201 1953 2283 locissacrio

383 2296 545 2351 ﬁcare
564 2305 618 2351 et
640 2297 834 2351 mis¢as
856 2296 1132 2352 celebrare
1156 2310 1260 2350 non
1285 2296 1428 2359 licet,
1446 2295 1545 2350 nisi
1563 2296 1616 2349 in
1642 2294 1726 2349 bis
1749 2294 1803 2348 in
1832 2292 1953 2361 qui-

381 2385 484 2440 bus
532 2386 831 2456 eviscerat
868 2385 1122 2457 proprius
1162 2385 1405 2456 iusserit.
1454 2384 1657 2441 anno
1698 2384 1955 2453 episeopo

379 2475 702 2546 regulariter
748 2476 1015 2540 ordinato,
1073 2483 1290 2530 tenente.
1337 2474 1587 2529 videlicet
1646 2473 1952 2536 civitatem,

379 2577 726 2624 consecratus
748 2568 930 2624 fuerit.
960 2568 1132 2623 Aliter
1151 2569 1293 2624 enim
1321 2584 1426 2623 non
1453 2575 1579 2623 sunt
1596 2566 1712 2622 haec
1728 2566 1952 2638 agenda,

379 2669 481 2715 nec
505 2659 606 2714 rite
642 2659 984 2716 celebranda.

1119 2748 1205 2804 IV.
1312 2814 1323 2819 1
1580 2800 1583 2809 ί

665 2840 741 2895 De
765 2840 1054 2895 obedientia
1086 2840 1372 2921 exhibenda
1403 2840 1674 2921 episcopis.
1696 2888 1717 2917 ._
1822 2908 1831 2921 ι

564 2928 663 3002 (Ex
701 2930 889 2985 eadem
914 2929 1137 3000 epistola
1168 2930 1227 2983 Β.
1265 2912 1780 3001 εἷ’ριιιὲιιιίελῂςιρέιε.)
1822 2912 1831 2921 ν
1915 2990 1922 2998 .

463 3018 624 3075 Vobis
651 3021 742 3090 qui
768 3016 1071 3089 sacerdotio
1100 3021 1312 3075 Domini
1353 3020 1636 3093 fungimini
1665 3030 1721 3076 et
1754 3021 1807 3075 in
1836 3037 1956 3091 spe—

382 3109 503 3166 culo
544 3110 676 3164 estis
698 3109 877 3180 positi,
906 3109 1025 3180 plus
1051 3110 1189 3166 scire
1207 3119 1441 3181 oportet,
1481 3121 1540 3166 ut
1574 3112 1818 3168 subditos
1862 3098 1957 3168 vo-

382 3201 467 3255 bis
494 3200 720 3271 populos
757 3200 987 3270 pleniter
1028 3202 1223 3257 docere
1263 3202 1504 3272 possitis,
1551 3204 1738 3272 eisque
1767 3201 1834 3257 ad
1878 3220 1959 3259 re-

384 3306 490 3362 gna
535 3291 797 3347 cmlorum
846 3291 1095 3348 ducatum
1115 3293 1356 3365 praebere
1406 3293 1638 3359 Domino
1685 3294 1958 3361 annuente

386 3380 610 3437 valeatis
664 3399 677 3436 :
723 3382 866 3437 unde
903 3390 958 3437 et
1000 3382 1115 3452 ipsa
1148 3400 1246 3454 per
1282 3399 1341 3439 se
1376 3385 1588 3441 Veritas
1631 3386 1709 3441 ait
1741 3404 1754 3439 :
1804 3385 1958 3442 Vobis

385 3471 570 3526 datum
616 3481 691 3527 est
719 3489 867 3527 nosse
893 3474 1194 3543 mysterium
1224 3475 1369 3546 regni
1390 3476 1507 3542 Dei,
1534 3477 1735 3532 crrteris
1783 3488 1957 3533 autem

384 3565 439 3618 in
467 3562 755 3635 parabolis,
784 3574 840 3618 ct
862 3565 1088 3636 reliqua.
1126 3565 1378 3621 Vestrum
1404 3584 1451 3622 ei
1474 3567 1550 3622 im
1576 3571 1668 3643 qui
1695 3558 1959 3641 legatione

390 3654 601 3709 Domini
637 3651 940 3725 fungimini,
968 3664 1051 3709 est
1097 3655 1292 3710 docere
1340 3658 1586 3727 populos,
1615 3675 1801 3713 eorum
1830 3674 1961 3714 vero

385 3753 470 3801 est
488 3745 639 3800 vobis
667 3742 887 3800 obedire
912 3752 970 3799 ut
997 3746 1127 3800 Deo.
1178 3745 1235 3800 Si
1271 3756 1450 3801 autem
1502 3750 1658 3805 nobis
1685 3751 1959 3821 episcopis

387 3850 493 3888 non
511 3833 813 3889 obedierint
832 3849 1019 3890 omnes
1044 3836 1366 3906 presbyteri,
1406 3838 1640 3903 diaconi,
1666 3855 1732 3894 ac
1750 3840 1962 3895 subdia-

386 3923 529 3987 coni,
584 3931 642 3977 et
694 3922 887 3993 reliqui
937 3924 1144 3989 clerici,
1192 3941 1488 3996 omnesque
1535 3927 1806 3998 principes
1852 3938 1960 3984 tam

390 4008 610 4081 majoris
654 4010 859 4068 ordinis
888 4026 1049 4082 quam
1108 4020 1163 4068 et
1216 4013 1507 4081 inferioris,
1557 4026 1720 4086 atque
1769 4016 1960 4088 reliqui
2005 4026 2020 4038 '

388 4103 593 4173 populi,
621 4104 817 4179 tribus,
847 4115 901 4158 et
939 4105 1135 4174 lingua:
1164 4121 1269 4160 non
1300 4094 1816 4179 obtemperaverint,
1854 4124 1963 4163 non

389 4191 562 4250 solum
586 4191 836 4260 infames,
864 4196 956 4250 Sed
987 4205 1041 4251 et
1068 4198 1360 4253 extorresa
1389 4216 1553 4271 regno
1582 4200 1702 4265 Dei,
1736 4208 1790 4254 et
1830 4215 1962 4255 con—

1976 1726 2026 1788 Β

379 1869 479 1942 (Ex
511 1866 735 1938 epistola
761 1865 1052 1942 Clementis
1076 1865 1325 1942 omnibus
1355 1865 1644 1942 irpiscopls,
1673 1862 1954 1934 presbyte-
2041 1902 2051 1910 .

2054 491 2141 533 res
2167 492 2265 547 per
2290 474 2407 542 ejus
2426 473 2695 529 licentiam
2716 471 2975 540 quidquid
3006 469 3274 541 agendum
3311 475 3400 522 est
3434 476 3621 538 agant,

2051 581 2152 627 nec
2175 566 2293 622 sine
2331 564 2447 633 ejus
2479 563 2742 635 permisso
2789 577 2820 615 a
2864 577 2962 617 sua
3007 560 3263 631 parocbia
3305 559 3627 625 abscedant,

2050 670 2149 712 nec
2184 656 2236 710 io
2268 671 2329 710 ea
2358 653 2711 711 adventantes
2757 651 2962 709 morari
3014 660 3368 722 praesumant.
3415 650 3631 706 Animae

2049 762 2189 817 vero‘
2232 761 2419 801 eorum
2472 744 2522 800 ei
2574 744 2795 800 credita:
2845 750 2971 801 sunt
3020 760 3039 815 :_
3088 740 3209 798 ideo
3263 741 3449 797 omnia
3505 739 3632 811 ejus

2050 836 2277 895 consilio
2298 852 2459 907 agere
2485 836 2705 900 debent,
2735 842 2790 888 et
2820 849 2885 890 eo
2914 830 3216 888 inconsulto
3251 831 3409 887 nihil.

2786 945 2862 1001 ,γι

2052 1036 2205 1102 Quod
2253 1036 2491 1091 omnibus
2508 1034 2830 1111 baptismum
2872 1035 3135 1105 percipere
3162 1035 3230 1088 sit
3251 1035 3628 1091 necessarius.

2050 1128 2151 1201 (Ex
2182 1126 2408 1201 epistola
2438 1125 2499 1183 Β.
2529 1124 3026 1201 Clementispapre,
3050 1125 3250 1201 scripta
3271 1122 3416 1181 Julio
3435 1139 3502 1180 ac
3521 1123 3626 1181 Ju-

2360 1196 2526 1261 liano,
2558 1204 2610 1250 et
2651 1193 2875 1264 reliquis
2895 1193 3271 1261 consedalibus
3316 1220 3325 1233 ι

2121 1288 2248 1342 Sive
2282 1288 2427 1342 enim
2472 1286 2655 1357 justus
2683 1285 2775 1351 sit,
2823 1285 2937 1340 sive
2984 1281 3246 1351 injustus,
3280 1278 3629 1352 baptismum

2046 1394 2145 1451 per
2165 1372 2345 1433 omnia
2374 1378 2740 1433 necessarium
2757 1385 2863 1432 est.
2901 1371 3056 1431 Justo
3091 1374 3335 1444 quidem,
3364 1382 3424 1428 ut
3449 1375 3628 1429 adim-
3654 1442 3661 1447 _

2046 1469 2328 1539 pleaturin
2353 1486 2417 1535 eo
2440 1464 2726 1540 perfectio,
2758 1474 2811 1521 et
2844 1473 3199 1538 regcncretur
3229 1464 3339 1519 Deo
3370 1482 3384 1519 :
3424 1463 3629 1532 iujusto

2050 1570 2250 1624 autem,
2300 1566 2359 1614 ut
2403 1566 2748 1629 peccatorum
2778 1572 2897 1627 quae
2937 1554 3103 1627 gessit
3130 1554 3384 1612 remissio
3428 1570 3626 1612 conce-

2052 1649 2231 1704 datur.

2774 1713 2883 1771 VH.

2223 1806 2528 1879 Baptizatos
2556 1807 2620 1862 ab
2649 1808 2883 1879 episcopo
2930 1806 3231 1879 consignari
3253 1804 3446 1863 debere.

2461 1897 2615 1969 (Item
2639 1912 2706 1954 ex
2728 1899 2915 1953 eadem
2936 1898 3212 1967 epistola.)

2123 2012 2386 2072 Omnibus
2413 2028 2545 2087 ergo
2572 2012 2932 2069 festinandum
2960 2021 3045 2068 est
3071 2013 3187 2067 sine
3213 2026 3361 2067 mora
3404 2012 3619 2069 renasci

2054 2104 2186 2169 Deo,
2235 2112 2291 2159 et
2345 2104 2560 2160 demum
2609 2102 2914 2174 consignari
2965 2099 3032 2156 ab
3089 2102 3363 2174 episcopo,
3409 2103 3465 2157 id
3512 2112 3623 2167 est,

2054 2194 2423 2266 septiformcm
2451 2194 2680 2265 gratiam
2708 2192 2879 2249 sancti
2901 2190 3134 2261 Spiritus
3153 2194 3456 2263 percipere,
3486 2194 3619 2263 quia

2054 2286 2297 2340 incertus
2320 2293 2406 2338 est
2425 2281 2851 2361 uniuscujusque
2868 2283 3049 2337 exitus
3072 2282 3214 2337 vitae.
3262 2283 3399 2338 Cum
3445 2291 3629 2338 autem

2056 2382 2410 2447 regeneratus
2432 2374 2596 2432 fuerit
2616 2389 2727 2444 per.
2758 2382 3064 2444 aquam..et
3082 2374 3429 2443 postmodum
3468 2374 3641 2445 septi-

2055 2468 2246 2524 formis
2273 2465 2508 2539 Spiritus
2541 2466 2715 2538 gratia
2762 2466 2830 2519 ab
2857 2466 3129 2536 episcopo,
3167 2472 3227 2519 ut
3264 2471 3632 2520 memoratum

2052 2544 2157 2625 est,
2190 2557 2559 2621 conﬁrmatus,
2589 2557 2714 2627 quia
2741 2555 2900 2610 aliter
2929 2555 3336 2625 periectusessc
3367 2542 3636 2610 Cbriitia-

2056 2665 2159 2705 nus
2214 2664 2554 2720 nequaquam
2601 2647 2824 2718 poterit,
2852 2662 2972 2721 qnec
3016 2644 3199 2703 sedem
3246 2646 3447 2702 habere
3494 2647 3640 2705 inter

1964 2754 1969 2759 '
2050 2738 2325 2823 perfectos
2368 2739 2485 2795 sine
2526 2740 2882 2812 necessitate,
2923 2740 3018 2795 sed
3058 2740 3264 2794 incuria
3300 2748 3394 2794 aut
3446 2739 3641 2795 volnu-

1946 2868 1951 2873 ι
2056 2837 2167 2885 tate
2190 2828 2537 2895 remanserit,
2567 2837 2625 2883 ιιι
2646 2829 2846 2883 habeat
2869 2828 3012 2897 quod
3040 2843 3073 2883 a
3102 2827 3266 2882 Petro
3301 2828 3635 2899 accepimus,

2055 2924 2110 2978 et
2139 2921 2322 2979 caeteri
2348 2922 2521 2978 Sancti
2547 2914 2774 2992 apostoli
2792 2924 2799 2929 ’
2818 2920 3161 2991 praecipiente
3184 2918 3412 2974 Domino
3435 2919 3636 2974 docue-

2053 3017 2217 3082 'runt;
2254 3023 2310 3071 et
2344 3007 2558 3071 demum
2585 3029 2651 3068 ex
2671 3013 2926 3083 operibus
2964 3012 3123 3067 bonis
3172 3011 3427 3067 ostendat
3477 3012 3535 3066 in
3575 3023 3639 3067 se

2063 3104 2473 3162 Similitudine'm
2504 3104 2620 3173 ejus
2644 3104 2737 3175 qui
2761 3118 2881 3158 eum
2910 3103 3094 3173 genuit
3114 3104 3305 3172 patris.
3353 3103 3483 3159 Post
3520 3104 3638 3159 hac

2058 3214 2190 3254 vero
2216 3207 2477 3269 agnoscat
2515 3197 2683 3254 Deum
2731 3197 3001 3252 honorare
3037 3212 3052 3249 :
3085 3197 3261 3251 honor
3298 3204 3478 3251 autem
3524 3193 3645 3265 eius

2040 3298 2164 3358 .cst,
2192 3298 2253 3347 ot
2277 3291 2353 3346 ita
2394 3290 2565 3359 vivat.
2591 3290 2735 3367 sicut
2758 3289 2850 3371 ille
2871 3288 3015 3357 vult;
3068 3289 3183 3343 vult
3208 3298 3387 3347 autem
3439 3305 3642 3346 unum-

2059 3397 2329 3453 quemque
2387 3382 2461 3436 ita
2522 3382 2705 3436 vivere
2732 3421 2746 3445 ,
2801 3390 2859 3435 ut
2906 3380 3255 3436 homicidium
3309 3390 3364 3437 et
3425 3381 3645 3437 adunco

2061 3472 2201 3528 rium
2245 3474 2471 3539 nesciat,
2495 3472 2679 3528 odium
2733 3480 2791 3526 et
2837 3472 3121 3526 avaritiam
3148 3471 3335 3542 fugiat;
3361 3472 3516 3534 iram,
3542 3486 3641 3525 su-

2059 3560 2319 3635 perbiam,
2349 3562 2667 3631 iactantiam
2694 3570 2937 3632 respuat,
2967 3570 3022 3617 et
3047 3576 3354 3627 execretur,
3376 3559 3643 3616 invidiam

2060 3669 2277 3726 quoque
2324 3644 2380 3711 et
2422 3659 2618 3710 cetera
2659 3651 2745 3709 bis
2792 3653 2990 3709 similia
3032 3655 3251 3725 penitus
3290 3670 3325 3708 ει
3374 3669 3435 3709 se
3480 3653 3650 3709 (hicat

2060 3746 2256 3802 aliena.

2794 3812 2926 3870 Vill.
3014 3874 3015 3877 η

2173 3908 2312 3974 Quid
2337 3907 2569 3977 conferat
2597 3924 2748 3978 aqum
2786 3908 3071 3977 baptismus
3097 3907 3167 3961 ad
3192 3904 3291 3961 Dei
3317 3906 3538 3961 cultum.

2155 3990 2166 4002 ’
2388 4020 2394 4027 ν
2462 3998 2616 4070 (item
2647 4015 2711 4073 ex
2734 3999 2925 4054 cadere
2955 3998 3235 4068 epistola.)

2137 4115 2318 4171 Primo
2344 4115 2584 4183 quidem,
2616 4115 2744 4185 quia
2775 4114 2917 4186 quod
2960 4113 3072 4169 Deo
3108 4111 3331 4183 placuit,
3357 4112 3645 4185 impletur;

2069 4205 2332 4269 secundo,
2353 4205 2483 4274 quia
2513 4215 2830 4276 regenerata
2855 4218 2922 4261 ex
2953 4204 3110 4274 aquis
3152 4214 3227 4259 et‘
3248 4203 3359 4260 Deo
3387 4204 3653 4260 renovata

390 4286 564 4383 sortio
612 4284 870 4383 ﬁdelium,
918 4301 956 4341 ιι
1009 4287 1286 4363 liminibus
1324 4299 1526 4347 sancta:
1570 4291 1669 4351 Dei,
1711 4292 1967 4383 Ecqlesia:
2002 4328 2009 4335 ι
2066 4294 2549 4383 fragilitasprioris
2569 4294 3224 4383 nqtivitatis,qum,vobis
3252 4309 3349 4364 per
3373 4296 3650 4350 hominem

389 4377 551 4432 alieni
573 4377 913 4483 erunt...Nat‘n
945 4384 1302 4483 testrumnest
1338 4398 1443 4437 eos
1466 4383 1751 4459 instruere,
1775 4372 1963 4441 eorum
1988 4420 2043 4483 Β
2068 4372 2209 4443 facta
2239 4393 2344 4452 est,
2366 4372 2698 4457 amputatur,
2729 4388 2877 4473 etita
2914 4378 3132 4455 demum
3168 4376 3454 4479 pprvenire
3489 4397 3649 4457 pote-

392 4481 520 4521 vero
558 4476 640 4521 est
659 4467 812 4521 vobis
831 4468 1049 4523 obedire
1098 4469 1167 4522 ιη’
1190 4468 1330 4535 Deo,
1374 4469 1524 4538 cujus
1556 4470 1819 4543 legatione
1847 4472 1966 4527 fun—

2068 4476 2189 4531 ritis
2234 4476 2301 4530 ad
2332 4472 2615 4541 salutcmi
2643 4464 2804 4531 aliter
2834 4472 3167 4546 impossibile
3200 4464 3312 4531 "est.
3364 4475 3458 4531 Sic
3499 4477 3649 4532 enim

393 4558 597 4628 gimini,
625 4558 836 4613 dicente
859 4557 1118 4614 Domino:
1148 4559 1250 4625 Qui
1278 4577 1367 4613 vos
1397 4562 1564 4626 audit,
1593 4579 1674 4617 me
1703 4563 1871 4629 audit,
1917 4573 1967 4618 et
2066 4566 2222 4621 vobis
2248 4581 2373 4620 cum
2419 4568 2760 4621 sacramento
2798 4580 2958 4618 verus
2986 4564 3251 4635 propheta
3294 4573 3521 4621 testatus
3566 4575 3654 4621 est

393 4649 482 4717 qui
507 4664 594 4702 vos
623 4649 835 4719 spernit,
864 4665 943 4702 me
962 4651 1175 4720 spernit,
1200 4660 1247 4703 et
1272 4651 1361 4720 qui
1381 4667 1466 4704 ros
1496 4652 1694 4722 recipit,
1726 4669 1807 4706 me
1832 4654 1966 4707 reci-

356 4724 360 4734 ’
394 4737 504 4806 pit;
529 4746 583 4795 et
608 4738 710 4804 Qui
739 4755 819 4793 me
841 4739 1042 4810 recipit,
1073 4739 1254 4811 recipit
1280 4755 1395 4794 eum
1420 4741 1509 4811 qui
1546 4757 1626 4795 me
1651 4741 1789 4795 misit
1812 4740 1964 4813 (Luc.

390 4841 456 4893 ι,
489 4825 583 4894 l6;
616 4844 692 4892 ιχ,
724 4828 837 4900 48).

1148 4918 1212 4975 Υ.

610 5006 760 5063 Nihil
785 5009 974 5082 absque
1005 5010 1216 5066 licentia
1231 5012 1453 5082 episcopi
1475 5010 1752 5083 agendum.

685 5098 786 5171 (Ex
817 5102 1004 5156 eadem
1031 5103 1257 5173 epistola
1283 5104 1424 5159 inter
1448 5086 1688 5176 caetera.)

471 5210 811 5282 Quapropter
882 5214 1093 5268 cunctis
1167 5208 1417 5271 ﬁdelibus
1439 5254 1455 5279 ,
1516 5222 1573 5273 et
1629 5231 1972 5284 summopere

398 5303 652 5359 omnibus
672 5301 1022 5375 presbyteris,
1047 5312 1101 5358 et
1131 5303 1469 5371 diaeonibus,
1501 5321 1565 5362 ac
1595 5307 1820 5378 reliquis
1859 5307 1970 5363 ele-

403 5392 533 5447 rieis
550 5393 933 5449 attendendum
954 5400 1058 5458 est,
1090 5400 1151 5448 ut
1170 5393 1309 5450 nibil
1338 5397 1541 5465 absque
1587 5399 1821 5469 episcopi
1850 5414 1975 5470 pro-

2068 4656 2254 4711 dicens
2286 4674 2299 4710 :
2326 4655 2512 4718 Amen,
2540 4673 2690 4710 auten
2713 4653 2831 4709 dico
2855 4653 3021 4719 vobis,
3064 4652 3175 4713 nisi
3195 4657 3314 4725 quis
3351 4656 3522 4710 denuo
3569 4673 3654 4709 re-

2070 4755 2225 4800 natus
2246 4746 2404 4816 fuerit
2440 4762 2505 4800 ea:
2532 4763 2671 4817 aqua
2714 4754 2762 4799 et
2818 4743 3037 4814 Spiritu,
3081 4762 3184 4800 non
3232 4744 3446 4803 intrabit
3474 4746 3531 4799 in
3571 4762 3655 4799 re-

2072 4852 2227 4908 gnum
2250 4836 2496 4891 calorum
2521 4836 2699 4909 (Joan.
2725 4853 2813 4898 ut.
2849 4837 2926 4908 5).

2812 4949 2903 5003 IX.

2193 5037 2345 5103 Quod
2369 5055 2472 5092 non
2495 5039 2683 5109 ubique
2713 5048 2762 5093 et
2791 5055 2823 5093 a
2858 5040 2972 5095 solo
3002 5041 3407 5110 sacriﬁcandum
3439 5042 3527 5095 sit.

2074 5129 2177 5201 (Ex
2198 5128 2426 5200 epistola
2439 5128 2684 5202 Anacleti
2708 5145 2859 5199 papae
2885 5131 3088 5202 scripta
3113 5132 3365 5202 ominibus
3385 5132 3661 5202 episcopis

2230 5243 2237 5251 .
2270 5204 2271 5209 ‘
2426 5200 2746 5270 creterisque
2768 5201 2981 5255 cunctis
3007 5200 3297 5269 lidelibus.)

2095 5355 2103 5362 .
2146 5312 2258 5367 Deo
2272 5312 2415 5367 enim
2440 5311 2679 5382 perfecte
2704 5312 3079 5369 sacriﬁcantes
3100 5328 3205 5369 non
3227 5314 3427 5369 debent
3446 5316 3664 5377 vexari.

2075 5402 2170 5459 sed
2201 5402 2431 5473 portari,
2464 5402 2760 5466 consolari,
2805 5410 2969 5472 atque
2995 5402 3062 5457 ab
3090 5403 3341 5458 omnibus
3385 5402 3662 5457 venerari.

403 5484 507 5554 prii
532 5485 749 5542 licentia
771 5493 950 5558 agant.
980 5485 1099 5543 Non
1114 5484 1300 5556 utique
1324 5487 1521 5544 missas
1545 5492 1659 5546 sine
1683 5493 1801 5563 ejus
1820 5491 1974 5561 jussu
2077 5492 2179 5562 Ipsi
2204 5501 2385 5546 autem
2407 5493 2624 5562 quando
2649 5492 2878 5547 Domino
2902 5491 3238 5556 sacriﬁcaret,
3272 5506 3382 5559 non
3422 5490 3525 5546 soli
3557 5492 3665 5547 hoc

408 5575 695 5646 quisquam
729 5578 1172 5649 presbyterorum
1193 5576 1249 5633 in
1271 5592 1369 5633 sua
1388 5582 1649 5648 parochia
1676 5592 1820 5652 agat,
1869 5599 1974 5638 nun

406 5662 662 5733 baptiset,
688 5680 789 5722 nec
806 5669 1095 5739 quidquam
1120 5668 1325 5739 absque
1349 5666 1466 5736 ejus
1507 5671 1771 5738 pet-inisse
1824 5681 1968 5743 agat.

2080 5598 2240 5653 agere
2264 5583 2483 5646 delmnt,
2526 5583 2620 5638 sed
2664 5591 2833 5639 testes
2864 5598 3047 5638 secum
3084 5584 3399 5645 adhibeant,
3442 5590 3499 5635 ut
3553 5581 3667 5636 Deo

2080 5671 2318 5740 perferte
2372 5673 2425 5730 in
2456 5672 2686 5728 sacratis
2716 5673 2944 5733 Domino
2992 5672 3124 5728 locis
3174 5672 3485 5727 sacriﬁcare
3533 5684 3664 5740 pro-
