3970 6202
343 304 478 361 1097

1469 299 1787 360 CANONES
1823 300 1962 357 PRO
2002 298 2138 358 SUA
2175 296 2496 357 DltECESl.

3464 305 3600 361 1098

337 426 554 480 bentur.
579 417 671 475 Ait
687 430 922 488 namque
955 415 1256 473 auctoritas
1285 416 1420 488 legis
1463 417 1666 473 Divina:
1699 434 1713 474 :
1753 415 1906 482 Vide,
1936 415 1986 475 A
2012 419 2300 484 peccantes
2344 412 2654 468 sacerdotes
2695 426 2727 466 a
2778 412 2981 484 templo
3023 411 3184 486 eiecit
3207 427 3226 472 ε
3253 417 3397 473 unde
3430 413 3604 488 liquet

337 530 398 568 ue
427 511 622 582 oﬂ'eras
645 507 953 564 holocausta
973 519 1064 562 tua
1087 509 1143 562 in
1168 507 1310 562 omni
1339 506 1471 571 loco,
1501 522 1652 578 quem
1689 504 1879 560 videris
1901 522 1922 572 ;

332 603 424 659 sed
453 603 510 656 in
545 600 680 665 loco,
711 615 862 671 quem
909 598 1061 670 elegit
1087 597 1344 652 Dominus
1394 597 1536 652 Deus
1575 607 1696 650 tuus
1739 595 1920 668 (Deut.

333 710 430 759 xu,
459 690 568 762 l5).
595 690 897 762 Episcopus
938 689 1052 744 Deo
1090 688 1427 749 sacriﬁcans,
1463 694 1650 751 testes,
1698 693 1760 740 ut
1786 699 1925 755 prte-

333 783 500 837 iixum
523 787 608 836 est
635 793 821 834 secum
852 778 1064 840 habeat,
1098 785 1153 832 et
1176 777 1359 846 plures
1387 790 1552 846 quam
1573 775 1710 829 alius
1739 787 1924 829 sacer-

335 873 434 926 dos
486 885 500 924 :
558 869 701 925 sicut
749 867 1047 937 majoribus
1090 867 1311 922 honoris
1348 866 1605 937 gradibus
1645 864 1920 937 fungitur,

334 959 417 1014 sic
445 956 671 1026 majoris
717 956 1011 1011 testimonii
1055 955 1541 1010 incrementatione
1589 955 1813 1026 indiget.
1859 954 1920 1009 In

333 1047 753 1104 solemnioribus
777 1046 975 1116 quippe
997 1044 1207 1109 diebus,
1239 1052 1332 1098 aut
1353 1053 1583 1114 septem,
1617 1053 1713 1099 aut
1762 1043 1924 1114 quin-

333 1154 462 1209 que,
498 1145 591 1192 aut
622 1143 735 1191 tres
769 1136 1044 1198 diaconos,
1090 1134 1184 1203 qui
1224 1131 1341 1201 ejus
1384 1134 1524 1190 oculi
1548 1135 1819 1200 dicuntur,
1865 1143 1922 1190 et

335 1227 715 1291 subdiaconos,
746 1233 908 1294 atque
930 1223 1166 1294 reliquos
1185 1224 1464 1279 ministros
1493 1239 1678 1279 secum
1702 1224 1917 1291 habeat,

336 1318 428 1389 qui
464 1316 634 1372 sacris
660 1315 834 1370 induti
856 1314 1193 1370 vestimentis
1221 1314 1276 1368 in
1306 1313 1484 1370 fronte
1502 1323 1558 1370 et
1580 1330 1610 1369 a
1650 1324 1824 1386 tergo,
1865 1323 1922 1370 et

335 1407 639 1479 presbyteri
661 1421 693 1461 e
720 1405 938 1476 regione
959 1404 1181 1459 dextera
1210 1403 1452 1475 lmvaque
1473 1409 1709 1461 contrito
1731 1407 1917 1471 corde,

337 1506 393 1554 et
425 1497 707 1553 humiliato
729 1511 793 1551 ac
810 1510 982 1567 prono
1004 1503 1148 1550 stent
1187 1495 1358 1561 vultu,
1390 1495 1757 1552 custodientes
1793 1511 1916 1551 eum

337 1601 368 1641 a
391 1585 668 1642 malevolis
697 1585 1024 1650 hominibus,
1051 1592 1106 1639 et
1139 1599 1463 1640 consensum
1492 1583 1609 1654 ejus
1635 1586 1918 1658 praebeant

339 1677 631 1735 Sacrificio.

733 1856 855 1913 Non
883 1857 1143 1914 tollendas
1175 1874 1255 1914 res
1277 1847 1536 1916 ecclesiw:

589 1949 690 2024 (Ex
711 1953 898 2007 eadem
928 1952 1152 2023 epistola
1197 1952 1443 2009 Anacleti
1469 1955 1667 2027 papae.)

410 2039 552 2112 Ergo
575 2042 666 2112 qui
687 2041 888 2098 Christi
912 2045 1172 2113 pecunias
1198 2053 1252 2098 et
1271 2044 1512 2099 ecclesiae
1532 2045 1696 2116 rapit,
1719 2046 1920 2114 aufert,

342 2128 427 2187 vel
453 2129 684 2198 fraudat,
708 2132 972 2188 homicida
998 2143 1102 2199 est,
1136 2142 1298 2204 atque
1321 2135 1594 2190 homicida
1624 2143 1752 2192 ante
1795 2153 1918 2192 con-

342 2232 582 2294 spectum
596 2223 794 2292 judicis
819 2241 939 2282 esse
965 2227 1327 2296 deputabitur.
1361 2225 1462 2294 Qui
1480 2228 1621 2297 rapit
1641 2229 1924 2297 pecuniam

341 2314 571 2382 proximi
601 2315 703 2379 sui,
747 2315 1088 2386 iniquitatem
1145 2325 1444 2387 operatur:
1497 2318 1588 2388 qui
1620 2328 1800 2374 autem
1830 2335 1928 2390 pe-

342 2406 559 2461 cuniam
611 2405 700 2462 veI
752 2421 842 2462 res
899 2407 1141 2463 ecclesias
1199 2407 1526 2475 abstulerit,
1581 2410 1926 2482 sacrilegium

343 2499 496 2558 facit.

1084 2595 1176 2652 XI.

705 2686 788 2744 De
807 2687 1140 2744 ordinatione
1169 2690 1552 2760 episcoporum.

347 2773 452 2848 (Ex
493 2775 720 2850 epistola
746 2775 990 2834 Anacleti
1021 2793 1175 2851 papa;
1199 2779 1400 2851 scripta
1429 2778 1682 2836 omnibus
1721 2780 1928 2851 episco-

980 2849 1063 2919 pis
1083 2849 1294 2919 Italiae.)

417 2959 794 3018 Ordinationes
838 2961 1213 3031 episcoporum
1261 2961 1586 3016 auctoritate
1627 2959 1924 3030 apostolica

347 3051 420 3108 ab
468 3053 718 3108 omnibus
744 3053 836 3122 qui
879 3053 935 3106 in
984 3053 1172 3106 eadem
1225 3052 1428 3107 fuerint
1469 3053 1750 3122 provincia
1802 3059 1927 3108 sunt

347 3143 685 3200 celebrandae
731 3163 745 3198 :

349 3234 636 3304 diligenter
674 3241 856 3304 agant,
893 3233 1268 3305 jejuninmque
1304 3251 1425 3290 cum
1456 3237 1708 3290 omnibus
1750 3238 1926 3306 preci-

350 3324 452 3380 bus
476 3324 766 3391 celebrent,
790 3333 845 3380 et
863 3340 1053 3380 manus
1083 3342 1205 3382 cum
1237 3327 1439 3382 sanctis
1468 3326 1777 3397 Evangeliis
1806 3342 1926 3396 qum

349 3415 688 3486 praedicaturi
743 3423 868 3470 sunt
922 3416 1260 3486 imponentes
1316 3416 1595 3471 Dominica
1653 3416 1739 3469 die
1793 3415 1926 3468 hora

348 3509 508 3564 tertia
528 3517 768 3576 orantes,
792 3523 1053 3578 sacraque
1075 3509 1334 3563 unctione
1364 3506 1612 3575 exemplo
1634 3507 1926 3574 propheta-

350 3614 471 3652 rum
496 3608 551 3651 et
597 3613 783 3668 regum
824 3598 1000 3664 capita
1041 3611 1232 3650 eorum
1279 3610 1433 3649 more
1459 3593 1824 3664 apostolorum
1874 3602 1928 3648 et

352 3686 520 3756 Moysi
549 3695 826 3757 ungentes,
855 3685 980 3754 quia
1015 3685 1191 3740 omnis
1221 3684 1578 3740 sanctificatio
1617 3691 1830 3738 constat
1875 3683 1930 3737 in

352 3779 557 3848 Spiritu
597 3787 803 3844 sancto,
850 3777 1006 3846 cujus
1048 3777 1220 3832 virtus
1269 3775 1555 3832 invisibilis
1600 3785 1792 3831 sancto
1844 3783 1930 3832 cst

354 3871 657 3926 chrismate
673 3871 1031 3942 promulgata,
1061 3879 1116 3925 et
1162 3871 1267 3926 hoc
1312 3871 1420 3925 ritu
1445 3871 1738 3926 solemnem
1791 3870 1933 3926 cele-

353 3961 515 4018 brent
539 3961 954 4017 ordinationem.
979 3960 1131 4028 Quod
1155 3962 1200 4016 si
1228 3977 1417 4016 omnes
1436 3961 1598 4016 simul
1642 3961 1932 4018 convenire

355 4052 578 4108 minime
624 4053 919 4122 potuerint,
956 4068 1238 4107 assensum
1297 4061 1478 4107 tamen
1523 4052 1636 4107 suis
1680 4052 1930 4123 precibus

351 4146 650 4214 pmbeant,
672 4151 734 4198 ut
763 4144 831 4199 ab
857 4144 971 4214 ipsa
1009 4144 1349 4199 ordinatione
1379 4144 1561 4198 animo
1588 4159 1696 4198 non
1732 4144 1930 4198 desint.

354 4233 525 4292 Porro
567 4244 624 4290 et
654 4235 1195 4307 Hierosolymitarum
1245 4235 1455 4304 primus
1489 4234 1933 4305 archiepiscopus

354 4326 543 4383 beatus
566 4323 816 4393 Iacobus,
854 4327 946 4398 qui
997 4326 1183 4382 Justus
1223 4328 1505 4383 dicebatur
1525 4369 1538 4391 ,
1560 4336 1619 4381 et
1638 4328 1933 4382 secundum

354 4432 574 4474 carnem
604 4419 814 4474 Domini
842 4427 1180 4488 nuncupatus
1206 4427 1290 4472 est
1327 4417 1514 4484 frater,
1545 4434 1575 4472 a
1615 4417 1795 4483 Petro,
1836 4415 1930 4472 Ja-

353 4510 508 4575 cobo,
544 4517 600 4564 et
637 4508 843 4564 Joanne
881 4509 1140 4576 apostolis
1168 4517 1254 4563 est
1285 4509 1567 4563 ordinatus
1602 4527 1614 4561 :
1653 4523 1933 4562 successo-

355 4603 504 4657 ribus
525 4601 772 4657 videlicet
791 4601 983 4655 dantes
1004 4598 1232 4653 formam
1254 4614 1462 4663 eorum,
1486 4607 1547 4652 ut
1569 4599 1746 4653 minus
1768 4613 1930 4668 quam

353 4707 384 4745 a
434 4691 605 4745 tribus
653 4691 938 4760 episcopis,
988 4689 1316 4759 reliquisque
1355 4688 1605 4743 omnibus
1648 4702 1930 4742 assensum

352 4781 735 4850 prebeutibus,
759 4780 1063 4836 nullatenus
1088 4779 1395 4845 ordinetur,
1421 4791 1476 4834 et
1505 4779 1775 4835 communi
1804 4788 1930 4836 voto

353 4870 624 4926 ordinatio
645 4871 970 4926 celebretur.

1088 4963 1202 5018 XII.

745 5053 822 5108 De
839 5057 1170 5111 accusatione
1189 5056 1537 5111 sacerdotum.

830 5142 931 5216 (Ex
968 5145 1158 5200 eadem
1203 5144 1450 5214 epistola.

423 5230 715 5287 Aceusatio
739 5247 952 5303 quoque
979 5249 1165 5289 eorum
1195 5250 1359 5305 super
1391 5251 1496 5304 qua
1527 5250 1626 5290 nos
1653 5235 1936 5291 consulere

353 5325 618 5391 voluistis,
651 5327 864 5382 nonnisi
908 5328 974 5382 ab
1003 5328 1211 5383 idoneis
1240 5337 1296 5383 et
1339 5328 1736 5398 probatissimis
1778 5329 1931 5395 viris,

353 5419 442 5487 qni
462 5418 921 5487 etsuspicionibus
947 5426 1000 5473 et
1019 5417 1314 5473 sceleribus
1326 5426 1568 5482 careant,
1594 5417 1709 5473 ﬁeri
1733 5419 1891 5474 debet
1916 5436 1932 5472 :

355 5508 480 5576 quia
502 5507 761 5563 Dominus
790 5508 928 5563 sacri
951 5507 1034 5562 sui
1056 5507 1302 5577 corporis
1316 5515 1640 5562 tractatores
1661 5523 1690 5561 a
1716 5507 1930 5571 vilibus,

355 5607 412 5652 ct
445 5600 709 5670 rcprobis,
737 5615 800 5654 ac
822 5615 929 5653 non
959 5599 1166 5654 idoneis
1186 5598 1433 5668 personis
1461 5596 1713 5652 infamari
1741 5597 1934 5664 noluit,

357 5703 457 5744 nec
506 5688 825 5744 calumniari
872 5689 1150 5759 permisit,
1183 5688 1277 5744 sed
1317 5688 1432 5759 ipse
1473 5688 1692 5758 proprio
1729 5687 1936 5760 ﬂagello

606 5780 875 5841 Pnaon.
924 5781 1051 5842 CII.

2025 505 2170 576 quod
2189 505 2388 560 summi
2423 505 2754 570 sacerdotes,
2781 505 2836 560 id
2861 513 2964 572 est,
2996 504 3236 577 episcopi
3275 523 3306 562 a
3336 507 3447 563 Deo
3478 493 3608 564 sunt

2017 594 2318 665 judicandi,
2341 611 2449 651 non
2471 595 2540 650 ab
2555 595 2806 652 humanis
2833 603 2926 650 aut
2945 611 3127 666 pravae
3149 599 3274 653 vita:
3297 599 3611 654 hominibus

2023 685 2298 742 lacerandi
2329 725 2345 753 ,
2411 687 2505 742 sed
2554 686 2733 756 potius
2772 686 2842 742 ab
2887 689 3140 744 omnibus
3185 688 3434 745 fidelibus
3481 705 3610 761 por-

2023 777 2194 832 tandi.

2745 866 2881 922 XIII.

2305 959 2385 1014 De
2420 959 2755 1030 querimonia
2787 969 2971 1014 contra
3001 961 3319 1017 sacerdotes.

2512 1047 2611 1120 (Ex
2639 1049 2828 1102 eadem
2852 1047 3125 1120 epistola.)

2094 1137 2152 1193 Si
2180 1138 2302 1209 quis
2337 1139 2596 1195 adversus
2636 1139 2944 1194 sacerdotes
2973 1140 3058 1194 vel
3096 1141 3356 1197 ecclesias
3413 1157 3602 1199 eorum

2023 1239 2329 1286 commotus
2366 1229 2532 1285 fuerit
2561 1241 2870 1286 autcausas
2907 1232 3175 1297 habuerit,
3227 1234 3378 1302 prius
3403 1234 3471 1288 ad
3515 1249 3610 1290 eos

2022 1329 2272 1376 recurrat
2334 1321 2618 1376 charitatis
2679 1322 2891 1387 studio,
2941 1330 3000 1375 ut
3037 1321 3290 1378 familiari
3339 1324 3610 1394 colloquio

2021 1413 2337 1468 commoniti
2363 1427 2426 1465 ea
2455 1420 2647 1466 sanent
2677 1428 2796 1482 qua:
2824 1413 3061 1467 sananda
3084 1422 3232 1479 sunt,
3261 1421 3316 1469 et
3342 1415 3612 1471 cbaritato

2019 1503 2442 1572 emendeutqure
2461 1503 2606 1572 juste
2621 1502 2958 1557 emendanda
2983 1505 3321 1574 agnoverint.
3347 1504 3405 1560 Si
3427 1511 3609 1558 autem

2021 1593 2186 1662 aliqui
2217 1608 2310 1648 eos
2337 1593 2653 1662 priusquam
2687 1593 2803 1647 haec
2840 1594 3068 1663 egerint,
3118 1593 3380 1659 lacerare,
3438 1610 3602 1649 accu-

1917 1701 1920 1704 ’
2021 1697 2164 1747 sare,
2196 1693 2290 1736 aut
2337 1681 2600 1736 infestare
2627 1682 3095 1752 prmsumpserint,
3137 1683 3614 1737 excommunicau-

1949 1760 1998 1819 Β
2028 1782 2138 1839 tur,
2195 1783 2250 1829 et
2281 1774 2502 1829 minime
2541 1773 2892 1828 absolvantur
2939 1782 3231 1844 antequam
3261 1789 3360 1844 per
3387 1772 3609 1828 satisfa-

2027 1865 2263 1918 ctionem
2313 1863 2632 1934 condignam
2662 1863 2873 1934 egerint
2903 1863 3299 1932 paenitentiam,
3353 1863 3613 1934 quoniam

2027 1951 2223 2020 injuria
2251 1968 2438 2007 eorum
2468 1953 2536 2009 ad
2565 1951 2841 2008 Christum
2868 1952 3128 2022 pertinet,
3165 1950 3319 2023 cujus
3342 1950 3614 2025 legatione

2027 2043 2346 2117 funguntur.

2735 2136 2872 2194 XIV.

2340 2229 2419 2284 De
2450 2229 2687 2300 bipertito
2725 2228 2908 2283 ordine
2942 2228 3290 2283 sacerdotum.

2029 2323 2130 2396 (Ex
2159 2321 2383 2392 epistola
2416 2320 2891 2402 anacletniscripta
2940 2320 3192 2402 omnibus
3240 2318 3510 2402 epierpis
3556 2326 3616 2374 et

2354 2338 2383 2375 a
2418 2335 2660 2402 anacteu
2688 2335 2891 2402 scripta
2940 2335 3192 2402 omnibus
3240 2335 3269 2374 e

2353 2391 2577 2460 reliquis
2619 2390 2819 2446 Christi
2871 2335 3306 2460 SﬂCCI‘dOllbllS.§)

2100 2503 2456 2559 Sacerdotum
2509 2501 2694 2556 fratris
2722 2501 2857 2557 ordo
2901 2501 3194 2572 bipertitus
3237 2508 3342 2568 est,
3373 2508 3429 2556 et
3473 2500 3618 2556 sicut

2028 2598 2290 2653 Dominus
2317 2597 2469 2652 illum
2495 2597 2806 2662 constituit,
2831 2611 2863 2650 a
2899 2595 3046 2650 nullo
3082 2596 3243 2650 debet
3287 2593 3610 2664 perturbari.

2031 2687 2195 2743 Scitis
2219 2697 2400 2742 autem
2429 2701 2459 2741 a
2490 2688 2721 2742 Domino
2741 2686 3011 2756 apostolos
3039 2701 3161 2740 esse
3187 2686 3388 2742 electos
3408 2693 3463 2740 et
3489 2702 3618 2740 con.

2029 2777 2270 2843 stitutos,
2295 2785 2350 2832 et
2373 2784 2560 2847 postea
2588 2791 2686 2847 per
2731 2777 2975 2831 diversas
3020 2777 3329 2846 provincias
3374 2777 3442 2832 ad
3482 2791 3622 2847 prte-

2031 2868 2318 2922 dicandum
2340 2867 2633 2937 dispersos.
2648 2865 2785 2923 Cum
2802 2881 2932 2922 vero
2955 2867 3150 2923 messis
3170 2868 3613 2938 cmpitcrescerc,

2029 2957 2220 3013 videns
2245 2973 2446 3028 paucos
2473 2974 2592 3014 esse
2613 2959 2912 3030 operarios,
2938 2958 3005 3013 ad
3029 2975 3218 3015 eorum
3243 2958 3616 3029 adjumentum

2032 3047 2374 3118 septuaginta
2417 3047 2540 3118 eligi
2569 3048 2824 3118 praecepit
2863 3047 3176 3118 discipulos.
3207 3049 3459 3120 Episcopi
3486 3065 3620 3106 vero

798 3145 890 3214 qui
940 3144 1098 3198 simul
1155 3105 1540 3200 convenientes
1604 3144 1924 3199 scrutinium
1953 3105 2000 3170 ο
2033 3139 2419 3209 apostolorum,
2452 3139 2758 3209 presbyteri
2799 3155 3014 3210 quoque
3057 3143 3398 3212 septuaginta
3454 3143 3620 3198 disci-

2029 3231 2278 3300 pulcrum
2300 3230 2478 3284 locum
2516 3240 2718 3285 tenent.
2753 3230 3000 3301 EpiscOpi
3032 3240 3212 3286 autem
3255 3249 3365 3287 non
3418 3233 3473 3289 in
3523 3248 3618 3288 ca-

2031 3319 2223 3384 stellis,
2257 3327 2349 3374 aut
2377 3320 2606 3375 modicis
2639 3320 2954 3377 civitatibus
2983 3322 3180 3377 debent
3207 3324 3483 3391 constitui,
3521 3327 3618 3381 sed

2029 3410 2334 3479 presbyteri
2361 3424 2460 3476 per
2482 3409 2732 3474 castella,
2758 3417 2814 3462 et
2853 3410 3100 3465 modicas
3152 3412 3424 3478 civitates,
3459 3423 3623 3484 atque

2031 3497 2186 3552 villas
2217 3499 2416 3552 debent
2446 3497 2515 3550 ab
2545 3498 2817 3568 episcOpis
2857 3497 3102 3553 ordinari
3139 3509 3194 3554 et
3220 3501 3345 3570 poni
3374 3520 3386 3556 :
3423 3503 3620 3573 singuli

2033 3596 2214 3640 tamen
2239 3601 2338 3655 per
2367 3585 2608 3656 singulos
2650 3586 2836 3642 titulos
2873 3602 3018 3641 suos.
3062 3586 3306 3658 Amplius
3333 3606 3496 3661 quam
3530 3593 3620 3649 isti

2033 3681 2138 3737 duo
2166 3680 2384 3736 ordines
2404 3681 2768 3746 sacerdotum,
2797 3695 2900 3736 nec
2940 3681 3098 3737 nobis
3128 3681 3309 3738 collati
3341 3692 3490 3750 sunt,
3514 3699 3616 3742 nec

2032 3772 2260 3843 apostoli
2298 3773 2596 3828 docuerunt

2323 3971 2398 4026 De
2433 3971 2514 4026 his
2563 3972 2654 4042 qui
2697 3881 2942 4042 milites
2964 3983 3321 4031 contemnunt.

2527 4063 2626 4134 (Ex
2656 4064 2842 4118 eadem
2867 4064 3136 4136 epistola.)

2106 4179 2340 4234 Necesse
2364 4178 2510 4233 enim
2538 4185 2622 4234 est
2648 4185 2709 4233 ut
2731 4186 2972 4235 rectores
2998 4195 3032 4233 a
3068 4179 3297 4235 subditis
3327 4181 3617 4237 timeantur

2035 4273 2104 4326 ab
2130 4272 2366 4342 ipsisque
2387 4271 2748 4342 corrigantur,
2782 4280 2842 4325 ut
2883 4272 3118 4327 humana
3163 4272 3450 4328 formidine
3492 4288 3613 4344 pec.

2036 4379 2161 4420 care
2188 4371 2432 4418 metuant
2453 4363 2547 4434 qui
2575 4364 2753 4418 divina
2774 4363 2980 4434 judicia
3020 4381 3126 4420 non
3173 4365 3485 4421 formidant.
3518 4367 3618 4421 De-

1959 4461 2014 4520 D
2041 4457 2266 4512 teriores
2295 4457 2492 4526 quippe
2516 4457 2760 4526 suntqui
2796 4457 3080 4513 doctorum
3117 4459 3285 4514 vitam
3330 4475 3617 4529 moresque

2035 4558 2389 4620 corrumpunt
2429 4551 2514 4606 his
2557 4551 2649 4622 qui
2692 4553 3019 4608 substantias
3056 4554 3282 4609 aliorum
3311 4556 3620 4627 prtediaque

2036 4645 2314 4713 diripiunt.
2343 4645 2450 4715 Ipsi
2482 4654 2664 4700 autem
2707 4660 2770 4699 ca
2798 4661 2918 4714 qua:
2947 4653 3099 4700 extra
3131 4661 3250 4711 nos,
3275 4645 3400 4702 licet
3431 4657 3616 4704 nostra

2036 4735 2163 4799 sint,
2196 4735 2452 4790 auferunt
2476 4753 2488 4789 :
2520 4739 2690 4791 nostri
2718 4751 2936 4806 quoque
2959 4735 3292 4791 detractores
3321 4745 3374 4792 et
3404 4753 3615 4794 morum

2033 4835 2381 4896 corruptores
2422 4833 2764 4891 nostrorum,
2795 4827 2908 4882 sive
2939 4828 3028 4895 qui
3059 4827 3348 4883 adversum
3392 4844 3491 4884 nos
3528 4844 3620 4883 ar-

2034 4925 2268 4981 mantur,
2299 4916 2516 4986 proprie
2542 4932 2642 4970 nos
2681 4916 2783 4985 ipsi
2823 4916 3117 4986 decipiunt,
3143 4925 3199 4971 et
3224 4915 3505 4985 ideojuste
3534 4917 3618 4973 in-

2035 5007 2204 5063 fames
2227 5015 2370 5072 sunt,
2393 5017 2448 5061 et
2476 5008 2670 5062 merito
2699 5007 2767 5061 ab
2791 5007 3028 5062 Ecclesia
3057 5017 3308 5064 extorres
3347 5009 3504 5066 fiunt.

2754 5116 2891 5174 ΧΠ.

2246 5207 2324 5262 De
2360 5207 2441 5260 Itis
2475 5206 2562 5276 qui
2601 5205 2872 5261 doctorum
2916 5209 3094 5280 culpas
3144 5209 3393 5281 produnt.

2500 5296 2596 5368 (Ex
2631 5298 2818 5353 eadem
2855 5300 3126 5373 epistola.)

2107 5410 2328 5464 Multum
2354 5424 2481 5463 vero
2504 5409 2705 5465 distant
2741 5411 2934 5466 damna
2974 5427 3184 5467 morum
3225 5426 3257 5464 a
3285 5411 3500 5467 damnis
3521 5425 3615 5468 re-

2037 5517 2155 5555 rum
2186 5499 2580 5570 temporalium,
2612 5515 2735 5554 cum
2767 5501 2868 5555 ista
2902 5509 3057 5555 extra
3081 5515 3180 5554 uos
3205 5499 3335 5563 sint,
3363 5499 3452 5554 illa
3480 5516 3616 5557 vero

2037 5593 2091 5648 in
2120 5594 2291 5648 nobis.
2331 5591 2608 5649 Sententia
2645 5608 2858 5663 quoque
2888 5591 3057 5647 Cham
3087 5590 3178 5646 lilii
3209 5589 3319 5647 Noe
3345 5591 3615 5649 damnan-

2039 5696 2128 5742 tur
2157 5687 2247 5756 qui
2272 5701 2492 5742 suorum
2521 5686 2800 5743 doctorum
2843 5683 2927 5736 vel
2973 5682 3381 5752 praepositorum
3428 5682 3616 5754 culpas

3175 5774 3252 5835 35
