3954 6204
314 259 455 323 ρους)

314 464 407 521 sed
430 458 650 521 ridenda
681 458 1016 517 monstravit.

1011 564 1173 625 XVII.

522 685 599 740 De
623 681 855 755 mprobis
878 678 1110 735 moribus
1137 677 1362 750 pastoris
1386 674 1693 732 tolerandis.

796 794 896 869 (Ex
925 792 1112 849 eadem
1141 789 1413 865 epistola.)

385 911 586 968 Doctor
614 917 817 975 autem,
839 905 925 962 vel
947 914 1135 978 pastor
1162 903 1437 968 Ecclesiae,
1468 902 1513 959 si
1542 917 1574 956 a
1604 901 1709 957 ﬁde
1738 917 1894 956 osor.

314 1000 588 1066 bitaverit,
617 998 722 1053 erit
744 1012 778 1051 a
820 995 1067 1050 ﬁdelibus
1101 993 1454 1064 corrigendus
1492 1010 1504 1045 :
1546 991 1639 1046 sed
1674 1006 1774 1062 pro
1805 1003 1895 1044 re-

315 1090 501 1161 probis
528 1088 770 1144 moribus
800 1086 972 1155 magis
1001 1092 1085 1141 est
1129 1083 1443 1139 tolerandus
1474 1098 1637 1153 quam
1672 1080 1894 1139 distrin-

314 1182 539 1253 gendus,
564 1178 687 1249 quia
718 1185 958 1233 rectores
986 1173 1237 1231 Ecclesia:
1280 1189 1309 1227 a
1351 1172 1579 1228 Domino
1617 1180 1741 1228 sunt
1753 1169 1897 1239 judi-

316 1273 497 1339 candi,
529 1271 668 1327 sicut
715 1269 792 1324 ait
835 1267 1103 1338 Propheta
1147 1284 1161 1320 :
1200 1265 1348 1320 Deus
1375 1265 1513 1319 stetit
1549 1265 1603 1317 in
1630 1277 1896 1334 synagoga

317 1364 556 1429 deorum,
587 1363 641 1415 in
665 1360 835 1414 medio
865 1367 1039 1412 autem
1065 1356 1190 1410 deos
1215 1354 1461 1410 discernit
1490 1352 1662 1426 (Psal.
1688 1350 1893 1423 um).

318 1453 472 1508 Unde
493 1458 707 1523 Oportet
736 1463 1175 1519 unumquemque
1205 1445 1440 1512 ﬁdelem,
1479 1445 1525 1501 si
1571 1444 1767 1500 viderit
1809 1450 1900 1497 aut

318 1542 633 1615 cognoverit
660 1540 845 1612 plebes
873 1554 999 1595 suas
1029 1540 1290 1594 adversus
1314 1546 1588 1607 pastorem
1613 1550 1769 1591 suum
1810 1543 1899 1589 tu-

320 1648 582 1699 mescere,
608 1638 701 1686 aut
726 1630 933 1687 clerum
960 1628 1390 1685 detractionibus
1422 1642 1619 1683 vacare
1635 1667 1657 1691 ,
1676 1627 1784 1681 hoc
1821 1624 1901 1677 vi-

1449 243 1708 302 REMlGll
1748 242 2118 301 CURIENSlS
2157 242 2463 304 EHSCOPI

311 374 564 449 produnt,
581 372 720 437 sicut
737 370 905 426 Citam
920 368 1013 441 qui
1039 364 1212 439 patris
1236 359 1495 439 pudenda
1516 374 1629 421 non
1652 358 1883 433 operuit,
1915 367 1967 429 Α

3442 241 3590 296 aloe

2707 356 2848 415 XIX.

1994 451 2121 507 Non
2170 451 2570 521 infamandam,
2601 449 2685 521 uel
2727 450 3047 521 ejiciendum,
3095 464 3438 521 spissam,
3490 460 3590 505 aut

2237 520 2459 576 alterum
2508 522 2563 575 in
2597 520 2711 574 loco
2744 520 2863 591 ejus
2885 519 3331 575 constituendum.

2453 613 2557 686 (Ex
2599 613 2788 683 eadem
2839 609 3113 683 epistola.)

2060 727 2383 785 Audivimas
2404 726 2548 783 enim
2575 726 2839 797 quosdam
2885 739 2920 779 α
2966 723 3126 780 vobis
3171 724 3473 783 inamatus
3526 736 3594 783 et

1992 817 2323 875 dilaceratos
2343 818 2631 887 episcopos
2669 832 2713 873 a.
2744 815 3058 872 civitatibus
3094 815 3380 887 propulsae
3433 818 3594 889 (quia

1994 910 2120 969 sibi
2160 911 2403 983 episcopi
2430 908 2688 967 constitui
2710 923 2820 964 nea
2845 915 3096 977 poem,
3121 907 3226 963 nisi
3254 908 3309 963 la
3348 910 3594 964 civitati-

1994 1004 2099 1061 bus
2141 1019 2249 1058 non
2296 1001 2561 1072 minimis)
2595 1010 2660 1056 et
2687 1002 2829 1057 alios
2869 1000 2922 1055 in
2958 1000 3064 1066 eis,
3088 1000 3230 1069 ipsis
3249 1001 3586 1067 vive-cibus,

1995 1098 2367 1155 constitutos:
2401 1097 2533 1152 ideo
2574 1095 2728 1152 vobis
2774 1095 3091 1160 scribilita,
3137 1104 3202 1150 ut
3240 1097 3430 1155 sciatis
3478 1098 3591 1153 hec

1997 1186 2117 1243 ﬁeri
2142 1202 2255 1243 non
2280 1187 2467 1254 licere,
2496 1186 2591 1242 sed
2616 1186 2871 1257 proprios
2892 1186 3140 1243 reuocari
3161 1194 3223 1241 et.
3239 1187 3597 1259 integerrime

1997 1279 2214 1339 restitui
2224 1279 2439 1335 debere.
2460 1278 2591 1334 litus
2600 1292 2728 1332 vero
2742 1277 2836 1347 qui
2862 1276 3170 1332 aduiterina
3187 1275 3441 1332 formate
3453 1293 3595 1334 snas

1997 1384 2245 1441 sponsas,
2272 1385 2415 1441 quas
2444 1378 2501 1425 et
2524 1383 2724 1425 uxores
2745 1382 2941 1423 esum
2966 1364 3204 1437 praise
3224 1376 3415 1423 εειοω
3456 1381 3593 1423 esse

1998 1460 2366 1532 intelligimus,
2396 1467 2605 1525 tenent,
2628 1458 2749 1528 eiici
2781 1467 2847 1513 ut
2871 1458 3155 1516 adulteros
3167 1466 3328 1530 atque
3355 1458 3595 1518 infames

1998 1556 2141 1621 ﬁeri,
2168 1569 2371 1626 eosque
2391 1555 2459 1611 ab
2489 1553 2873 1611 ecclesiasticis
2900 1554 3207 1611 honoribus
3231 1556 3404 1612 arceri
3417 1555 3587 1625 jube—

2002 1664 2143 1704 mus.
2175 1647 2234 1702 Si
2260 1654 2439 1701 autem
2483 1647 2745 1701 adversus
2771 1660 2866 1701 eos
2896 1645 3139 1715 aliquam
3164 1646 3437 1717 querelam
3469 1647 3576 1701 ba—

320 1724 456 1779 ῑίυιιι
489 1738 588 1794 Pl")
610 1721 818 1776 Viribus
846 1719 1146 1789 θιδῑίηὶπθ
1164 1760 1178 1785 ν
1198 1718 1601 1788 Prudentem“
1626 1717 1902 1786 θοπίεθνθ
1929 1717 1979 1776 Β
2005 1739 2243 1804 buerint,
2263 1738 2349 1792 bis
2369 1737 2604 1806 peractis
2629 1736 3014 1807 inquirendum
3034 1736 3158 1803 erit,
3181 1744 3233 1793 et
3258 1738 3586 1793 auctoritate

322 1821 552 1886 satagat,
576 1826 678 1868 nec
706 1811 786 1868 eis
823 1811 877 1866 in
910 1809 1322 1880 quibuscunque
1352 1809 1584 1880 negotiis
1611 1808 1826 1863 misceri
1856 1808 1903 1865 si

323 1902 725 1975 incorrigibiles
737 1900 1109 1971 apparuerint,
1123 1909 1411 1971 antequam
1436 1915 1533 1955 suo
1554 1897 1906 1955 reconcilien-

321 2003 412 2048 tur
445 1993 689 2058 doctori,
719 1998 1014 2062 praesumat
1061 2008 1075 2043 :
1129 1990 1383 2059 quoniam
1429 1992 1541 2044 tam
1596 1990 1907 2045 sacerdotes

318 2099 485 2155 quam
514 2083 712 2155 reliqui
736 2082 923 2138 ﬁdeles
946 2096 1146 2137 omnes
1177 2066 1444 2136 summam
1476 2080 1677 2136 debent
1705 2079 1906 2135 habere

318 2189 510 2230 curam
543 2176 610 2232 de
638 2174 724 2230 his
751 2173 845 2244 qui
873 2179 1127 2243 pereunt,
1166 2180 1447 2242 quatenus
1483 2185 1676 2225 eorum
1720 2167 1906 2224 redar-

320 2265 559 2340 gutione,
587 2273 678 2320 aut
700 2264 1044 2335 corrigantur
1071 2260 1101 2316 a
1127 2262 1398 2332 peccatis,
1426 2269 1519 2315 aut
1542 2260 1590 2316 si
1618 2258 1902 2333 incorrigi-

315 2357 458 2413 biles
479 2355 855 2428 apparuerint,
876 2352 944 2409 ab
970 2350 1215 2411 Ecclesia
1240 2365 1467 2424 separen
1477 2359 1584 2406 tur.

1026 2482 1211 2539 XVIH.

329 2597 484 2666 Quod
537 2598 822 2669 episcopus
858 2596 971 2669 sine
1023 2593 1265 2669 regulari
1291 2594 1590 2669 matutinus
1612 2591 1909 2647 Ecclesium

461 2663 617 2724 suain
638 2663 743 2722 non
768 2666 1018 2731 dimittat,
1037 2663 1131 2722 nec
1152 2666 1262 2736 ipse
1287 2663 1353 2719 ab
1379 2680 1447 2719 ea
1461 2663 1775 2718 diduntur.

553 2781 708 2837 istela
752 2779 989 2837 Evaristi
1033 2792 1206 2850 papae,
1253 2776 1475 2850 scripta
1508 2777 1758 2850 omnibus
1809 2793 1908 2848 per

572 2860 759 2923 yptum
784 2846 1426 2917 Dominobohghtindta
1451 2846 1758 2921 fratribus.)

396 2964 722 3021 Sacerdotes
747 2975 883 3019 vero
908 2962 1029 3018 vice
1069 2960 1277 3017 Christi
1310 2960 1581 3032 legatione
1612 2958 1907 3031 funguntur

325 2781 429 2854 (Ex

2005 1830 2163 1901 hujus
2183 1836 2385 1887 sanctae
2409 1830 2557 1885 sedis
2576 1828 3003 1885 terminandum.

2727 1939 2850 1995 XX.

2443 2048 2565 2106 Non
2589 2060 2779 2106 temere
2794 2032 3166 2122 ju‘dfcanduut.

2498 2140 2599 2214 (Ex
2617 2141 2805 2196 eadem
2828 2141 3100 2215 epistola.)

2086 2256 2240 2313 Deus.
2253 2253 2597 2325 omnipotens
2620 2261 2683 2309 ut
2706 2269 2806 2311 nos
2824 2270 2864 2310 a
2880 2255 3275 2325 praecipitantia
3310 2255 3591 2312 οωωιὶη

2006 2345 2310 2416 prolatione
2366 2350 2772 2415 compesceret,
2818 2352 2878 2402 et
2920 2361 3047 2402 cum
3096 2347 3279 2401 mia
3323 2345 3506 2414 unde,
3539 2355 3598 2401 et

2007 2446 2189 2508 aperta
2220 2437 2324 2491 sint
2358 2435 2525 2490 oculis
2550 2434 2664 2507 ejus
2687 2475 2706 2503 ,
2734 2437 2875 2492 mala
2903 2446 3083 2493 tamen
3118 2438 3372 2494 Sodoma
3412 2439 3595 2497 ndoil

2007 2525 2190 2580 audita
2203 2522 2470 2594 judicare,
2484 2525 2803 2596 priusquam
2824 2527 3112 2585 manifeste
3135 2537 3455 2601 agnosceret
3474 2546 3601 2601 qua:

2008 2616 2349 2672 dicebantur.
2399 2616 2553 2673 Unde
2602 2616 2717 2687 ipse
2762 2618 2838 2672 ait
2871 2636 2882 2674 :
2911 2617 3241 2675 Descendunt
3291 2630 3341 2675 et
3390 2618 3594 2685 uidebo,

2007 2718 2187 2762 utrum
2237 2705 2519 2763 clamorem
2556 2710 2653 2781 qui
2676 2712 2811 2765 venit
2846 2711 2919 2765 ad
2946 2728 3062 2777 me,
3092 2710 3461 2783 conpleverint
3482 2753 3501 2778 ,
3524 2730 3599 2767 an

2009 2816 2113 2854 non
2133 2808 2208 2855 est
2240 2799 2338 2864 ita,
2367 2809 2421 2853 ut
2447 2799 2633 2855 sciant.
2660 2801 2804 2857 Dem
2829 2803 3173 2873 armipotens
3199 2803 3289 2859 cui
3320 2802 3455 2858 nihil
3473 2804 3597 2858 abs-

2011 2893 2287 2970 conditum
2324 2904 2433 2961 est,
2480 2894 2579 2952 sed
2612 2897 2795 2951 omnia
2833 2896 2883 2952 ei
2929 2895 3220 2951 manifesta
3255 2903 3409 2963 sunt,
3433 2895 3595 2952 etiam

2011 2994 2303 3054 antequam
2333 2984 2481 3052 ﬁant,
2505 3000 2615 3041 non
2644 2985 2718 3041 ob
2742 2984 2887 3041 aliud
2910 2982 3029 3042 haec
3058 2994 3117 3040 et
3143 2986 3255 3043 alia
3279 2986 3448 3041 multa
3471 3001 3593 3056 qua

322 3056 378 3110 in
410 3053 674 3120 Ecclesia,
701 3060 757 3108 et
804 3051 948 3107 sicut
985 3051 1045 3106 ei
1080 3065 1181 3106 sua
1220 3057 1306 3106 est
1348 3049 1634 3120 conjuncta
1681 3062 1899 3120 sponse,

2012 3073 2101 3131 hic
2135 3049 2501 3145 prolixitatem
2526 3077 2763 3133 vitantes
2795 3093 2904 3132 non
2934 3077 3295 3147 inseruimus,
3312 3094 3414 3149 per
3433 3049 3597 3135 se-in-

324 3143 380 3197 id
414 3150 522 3207 est,
544 3140 832 3206 Ecclesia,
868 3140 951 3195 sic
992 3139 1263 3209 episcopis
1304 3138 1607 3210 junguntur
1652 3136 1907 3193 Ecclesia:

323 3234 619 3304 unicuique
641 3248 751 3303 pro!
766 3233 1021 3302 portione
1044 3248 1161 3287 sua.
1192 3232 1261 3286 Et
1284 3233 1426 3287 sicut
1465 3233 1557 3287 vir
1595 3247 1703 3288 non
1750 3233 1919 3291 debet.

325 3323 605 3395 negligere
621 3337 849 3378 uxorem
872 3336 1046 3387 suam,
1072 3323 1168 3378 sed
1193 3321 1425 3395 diligere
1444 3329 1501 3377 et
1534 3331 1687 3379 caste
1721 3333 1911 3381 custo-

330 3416 470 3484 dire,
497 3424 554 3471 et
591 3430 813 3483 amare,
847 3422 1010 3484 atque
1052 3413 1350 3485 prudenter
1371 3430 1580 3485 regere,
1605 3415 1680 3470 ita
1716 3425 1771 3471 et
1807 3417 1913 3487 epi-

324 3523 525 3579 seopus
552 3508 713 3563 debet
738 3504 1035 3562 Ecclesium
1064 3520 1236 3560 suam.
1263 3502 1335 3560 Et
1353 3505 1502 3560 velut
1526 3521 1662 3561 uxor
1676 3521 1796 3577 quae
1812 3507 1913 3563 sub

325 3612 491 3655 manu
514 3607 603 3652 est;
623 3597 746 3663 viri,
769 3596 989 3652 obedire
1015 3594 1174 3651 debet
1198 3594 1319 3650 viro
1340 3610 1703 3665 suo,eumque
1728 3610 1914 3652 amare

321 3687 652 3759 etdiligere,
679 3687 860 3756 potius
895 3684 1063 3739 etiam
1107 3684 1349 3739 Ecclesia
1403 3684 1660 3757 episcopo
1709 3702 1810 3742 suo
1854 3687 1911 3742 in

323 3779 577 3836 omnibus
599 3777 845 3842 obedire,
874 3790 1106 3846 eumque
1135 3790 1321 3830 amare
1345 3784 1400 3831 et
1427 3776 1670 3845 diligere,
1695 3786 1753 3831 ut
1791 3778 1911 3833 ani-

325 3882 471 3922 mam
493 3882 648 3922 suam
678 3867 860 3933 debet,
887 3864 1016 3936 quia
1047 3864 1183 3920 illud
1207 3864 1264 3921 ﬁt
1295 3866 1609 3931 carnaliter,
1635 3867 1777 3922 istud
1804 3868 1908 3937 spi-

326 3956 577 4014 ritaliter.
609 3956 678 4013 Et
709 3956 855 4013 sicut
874 3956 959 4013 vir
983 3970 1097 4012 non
1131 3955 1294 4013 debet
1333 3956 1643 4013 adulterare
1686 3972 1911 4012 uxorem

326 4062 506 4115 suam,
547 4047 623 4102 ita
672 4062 778 4103 nec
825 4048 1113 4118 episcopus
1158 4046 1453 4103 Ecclesium
1503 4062 1680 4113 suam,
1727 4046 1779 4102 id
1799 4056 1909 4114 ’est,

324 4144 389 4192 ut
417 4136 565 4193 illam
603 4136 843 4192 dimittat
869 4136 938 4191 ad
965 4152 1133 4208 quam
1161 4146 1417 4195 sacratus
1438 4146 1543 4204 est,
1567 4136 1771 4209 absque
1800 4137 1915 4193 ine-

324 4226 534 4282 vitabili
557 4227 903 4295 necessitate,
933 4236 1027 4283 aut
1054 4227 1377 4297 apostolica,
1399 4226 1485 4282 vel
1513 4226 1751 4300 regulari
1790 4244 1910 4284 mu-

326 4320 551 4387 tatione,
581 4327 638 4375 et
660 4317 816 4376 alteri
849 4335 909 4376 se
943 4319 1254 4392 coniungat.
1305 4320 1375 4376 Et
1413 4320 1557 4378 sicut
1593 4323 1753 4379 uxori
1803 4337 1911 4378 non

322 4409 453 4465 licet
478 4409 753 4465 dimittere
777 4410 955 4466 virum
986 4426 1166 4476 suum.
1193 4419 1256 4471 ut
1276 4411 1541 4486 alteri‘se,
1568 4412 1786 4469 vivente
1821 4429 1906 4478 eo,
1935 4433 1992 4493 Β

325 4500 673 4557 matrimonio
692 4500 881 4568 societ,
905 4511 967 4557 ut
996 4517 1121 4559 eum
1147 4502 1435 4569 adulteret,
1459 4502 1588 4559 licet
1611 4502 1913 4560 fornicatus

326 4592 397 4646 sit
425 4593 511 4648 vir
533 4593 671 4664 ejus,
697 4594 791 4650 sed
814 4593 970 4663 juxta
1000 4591 1339 4666 Apostolum,
1362 4603 1458 4651 aut
1484 4595 1602 4650 viro
1628 4610 1726 4650 suo
1748 4595 1912 4651 debet

327 4688 685 4759 reconciliari,
718 4696 812 4743 aut
840 4704 1062 4746 manere
1092 4689 1319 4761 innupta
1350 4707 1363 4743 :
1397 4689 1472 4745 ita
1502 4689 1762 4746 Ecclesia:
1802 4707 1909 4747 non

326 4777 453 4832 licet
474 4778 764 4845 dimittere,
790 4788 886 4835 aut
911 4781 979 4837 ab
997 4796 1060 4836 ea
1089 4795 1375 4852 segregare
1396 4780 1708 4851 episcopum
1729 4796 1905 4845 suum,

327 4874 388 4921 ut
421 4866 651 4923 alterum
671 4885 736 4925 eo
757 4871 970 4927 vivente
992 4872 1245 4943 accipiat,
1262 4873 1356 4928 sed
1377 4879 1473 4927 aut
1494 4872 1669 4943 ipsum
1688 4873 1905 4939 habeat,

326 4966 425 5016 aut
453 4959 677 5030 innupta
700 4974 940 5031 maneat,
970 4965 1023 5021 id
1063 4973 1164 5029 est,
1194 4981 1263 5021 ne
1297 4964 1525 5021 alterum
1570 4965 1905 5034 episcopum,

327 5066 430 5106 suo
462 5048 695 5117 vivente,
728 5052 978 5122 accipiat,
1009 5064 1070 5110 ut
1100 5055 1474 5111 fornicationis
1525 5062 1619 5109 aut
1656 5054 1907 5110 adulterii

329 5143 541 5200 crimen
590 5140 852 5196 incurrat.
883 5142 1020 5199 Nam
1070 5146 1115 5200 si
1158 5147 1460 5202 adulterata
1503 5145 1685 5207 fuerit,
1718 5145 1770 5200 id
1798 5153 1906 5212 est,

327 5235 373 5291 si
395 5251 454 5291 se
489 5231 649 5289 alteri
670 5232 925 5304 episcopo
961 5232 1224 5303 iunxerit,
1257 5248 1352 5292 aut
1395 5254 1560 5310 super
1584 5254 1642 5294 se
1671 5238 1903 5294 alterum

324 5325 639 5396 episcopum
665 5323 974 5390 adduxerit,
999 5334 1091 5380 aut
1124 5343 1245 5383 esse
1286 5331 1500 5396 fecerit,
1530 5331 1616 5386 vel
1637 5330 1915 5388 desidera-A

325 5419 489 5486 verit,
518 5432 617 5490 per
644 5420 971 5477 acerrimam
999 5420 1372 5493 pcenitentiam
1402 5434 1497 5481 aut
1525 5440 1624 5480 suo
1666 5426 1911 5481 reconci—

244 5565 253 5571 .
328 5513 490 5566 lictor
510 5512 782 5583 episcopo,
808 5520 901 5569 aut
920 5511 1146 5585 innupta
1174 5524 1504 5585 permaneat.

2012 3164 2232 3236 quirere
2253 3165 2504 3236 dignatus
2529 3174 2636 3234 est,
2657 3167 2761 3222 nisi
2786 3175 2848 3222 ut
2881 3168 3043 3224 nobis
3079 3169 3400 3240 exemplum
3446 3169 3605 3226 daret

2012 3270 2082 3310 ne
2109 3256 2417 3328 praecipites
2448 3258 2504 3313 in
2536 3258 2891 3316 discutiendis
2915 3267 2971 3315 et
3014 3258 3327 3330 indicandis
3367 3262 3606 3331 negotiis

2013 3360 2278 3412 essemus,
2300 3355 2356 3402 et
2377 3362 2444 3403 ne
2480 3347 2678 3403 malum
2708 3365 3109 3421 quorumquam
3130 3351 3281 3420 prius
3302 3364 3600 3420 przesuma-

2012 3451 2135 3492 mus
2178 3436 2402 3492 credere
2427 3452 2591 3508 quam
2616 3439 2869 3509 probare.
2911 3439 3079 3511 Cuius
3118 3438 3359 3509 exemplo
3398 3455 3599 3495 mone-

2014 3542 2152 3593 mur,
2182 3542 2249 3583 ne
2273 3533 2341 3584 ad
2365 3528 2746 3599 proierendam
2786 3533 3113 3587 sententiam
3138 3546 3371 3601 unquam
3392 3533 3595 3601 praci-

2011 3618 2153 3688 pites
2177 3619 2366 3685 simus,
2409 3629 2503 3676 aut
2545 3629 2749 3677 temere
2797 3621 3247 3692 indiﬁgenterque
3293 3622 3597 3678 indiscussa

2012 3725 2243 3780 quaeque
2289 3714 2668 3782 quoquomodo
2708 3712 3035 3783 iudicemus,
3066 3716 3282 3771 dicente
3335 3714 3601 3771 Veritatis

2013 3814 2146 3855 voce
2188 3814 2203 3854 :
2249 3796 2427 3856 Nolite
2458 3803 2724 3874 judicare,
2773 3814 2828 3859 ut
2865 3822 2971 3861 non
3001 3805 3320 3876 judiceutiui
3353 3825 3368 3860 :
3398 3808 3456 3861 in
3495 3824 3599 3878 quo

2013 3891 2152 3945 enim
2172 3890 2377 3962 judicio
2409 3888 3225 3968 judicaveritis,'judicabimini,
3268 3906 3328 3954 et
3370 3898 3597 3970 reliqua.

2014 3981 2149 4037 Nam
2175 3982 2317 4038 mala
2348 3982 2533 4040 audita
2571 3986 2779 4044 nullum
2808 3997 3083 4057 moveant,
3106 4003 3212 4046 nec
3228 3989 3435 4060 passim
3455 3990 3605 4046 dicta

2014 4073 2218 4144 absque
2254 4081 2404 4129 certa
2446 4076 2763 4146 probatione
2789 4079 3077 4149 quisquam
3113 4093 3360 4150 unquam
3391 4079 3598 4143 credat,

2014 4166 2111 4223 sed
2134 4174 2260 4224 ante
2288 4168 2473 4224 audita
2502 4169 2788 4241 diligenter
2824 4172 3085 4243 inquirat,
3111 4186 3183 4229 ne
3206 4172 3609 4245 prade

2014 4260 2272 4333 quiddam
2304 4260 2500 4333 aliquis
2521 4271 2665 4334 agat.

2732 4377 2874 4434 XXI.

2475 4468 2557 4525 De
2577 4470 2805 4541 scriptis,
2833 4470 3143 4527 riextortis.

2014 4560 2117 4629 (Ex
2135 4560 2362 4634 epistola
2380 4561 2675 4634 Alexandri
2683 4558 3445 4634 papaeomnibusortbodoais
3463 4558 3599 4615 seri-

2399 4641 2491 4705 pta
2518 4646 2615 4704 per
2641 4629 2884 4690 diversas
2910 4629 3209 4704 regiones.)

2084 4742 2175 4799 Ait
2197 4743 2344 4800 enim
2368 4744 2448 4800 sic
2469 4743 2614 4800 inter
2633 4754 2833 4800 «mater:
2862 4761 2877 4797 :
2910 4742 3196 4809 Similiter,
3221 4741 3268 4798 si
3292 4739 3599 4810 hujusmodi

2011 4836 2265 4907 personis
2282 4836 2527 4906 quaedam
2550 4836 2833 4908 scriptura:
2856 4835 3236 4907 quoquomodo
3252 4848 3353 4906 per
3366 4841 3599 4899 metum,

2016 4934 2110 4980 aut
2144 4923 2387 4981 fraudem
2407 4965 2423 4991 ,
2451 4932 2545 4979 aut
2569 4940 2667 4996 per
2694 4925 2808 4981 vim
2835 4933 3062 4982 extortae.
3104 4924 3324 4989 fuerint,
3354 4923 3501 4978 velut
3539 4936 3602 4978 se

2013 5015 2248 5105 libcrpre
2280 5016 2512 5087 possint,
2539 5031 2863 5088 quocunque
2904 5018 2976 5073 ab
3024 5016 3106 5073 eis
3145 5016 3468 5086 conscripta
3512 5011 3603 5071 vel

2014 5109 2284 5164 roboratus
2302 5106 2505 5164 fuerint
2527 5108 2761 5179 ingenio,
2778 5109 2849 5165 ad
2874 5108 3082 5164 nullam
3102 5109 3181 5163 eis
3206 5106 3601 5179 Medicinam,

2015 5208 2111 5256 aut
2134 5208 2518 5256 nocumentum
2553 5200 2843 5270 provenire
2866 5214 3171 5266 censemus,
3211 5212 3391 5269 neque
3435 5197 3605 5252 ullam

2015 5290 2099 5345 eis
2137 5288 2440 5356 infamiam,
2465 5289 2553 5346 vel
2585 5290 2948 5358 calumniam,
2972 5299 3069 5346 aut
3091 5306 3125 5346 a
3146 5291 3264 5347 suis
3285 5298 3604 5361 sequestra-

2019 5383 2224 5441 tionem
2252 5381 2430 5449 bonis,
2460 5398 2701 5454 unquam
2746 5390 2970 5440 auctore
3011 5383 3268 5450 Domine,
3294 5390 3356 5440 et
3395 5383 3609 5437 sanctis

2016 5472 2300 5544 apostolis,
2317 5488 2619 5544 eorumque
2630 5474 3061 5542 successoribus,
3086 5474 3360 5530 sustinere
3377 5472 3609 5545 pennit-

2015 5562 2182 5621 timus
2214 5582 2229 5619 :
2258 5562 2529 5622 confessio
2554 5578 2685 5621 vero
2709 5565 2765 5620 in
2806 5565 3004 5623 talibus
3032 5579 3156 5622 non
3175 5563 3479 5635 eorum,
3506 5562 3605 5621 sed

2014 5661 2311 5724 spontanea
2345 5654 2463 5719 ﬁeri
2491 5654 2701 5712 debeat.
3103 5668 3109 5675 ‘
