3954 6204
310 316 443 373 Ηοι

1017 450 1180 507 XXII.

308 565 385 621 De
425 564 633 637 querela
669 575 855 622 contra
894 563 1299 638 episcopum‘vel
1335 576 1604 623 auctorem
1642 566 1894 624 ecclesia.

779 659 881 732 (Ex
910 661 1098 715 eadem
1125 657 1400 731 epistola.)

391 774 451 830 Si
498 774 621 844 quis
676 788 807 846 erga
857 773 1168 845 episcopum
1224 773 1310 828 vel
1357 780 1608 838 auctores
1657 774 1901 832 ecclesia:

310 865 608 936 quamlibet
642 864 918 934 querelam
964 865 1167 919 habere
1202 863 1408 933 justam
1453 865 1763 932 crediderit,
1793 883 1902 924 non

307 959 458 1030 prius
495 958 758 1028 primates
787 965 880 1012 aut
914 957 1050 1013 alios
1074 957 1232 1011 adeat
1251 955 1467 1027 judices
1493 973 1656 1028 quam
1685 959 1832 1029 ipsos
1869 975 1901 1016 a

314 1048 514 1120 quibus
584 1064 644 1102 se
689 1047 878 1103 laesum
927 1048 1162 1103 aestimat
1224 1049 1512 1105 conveniat
1562 1049 1904 1107 familiariter

312 1155 421 1196 non
447 1138 637 1204 semel,
663 1139 759 1195 sed
786 1139 1102 1209 sepissime,
1134 1147 1197 1194 ut
1237 1140 1307 1196 ab
1333 1141 1415 1196 eis
1443 1147 1538 1199 aut
1566 1156 1721 1198 suam
1741 1140 1904 1211 justi-

312 1230 448 1287 tiam
507 1229 742 1301 accipiat
790 1237 888 1285 aut
922 1230 1356 1286 excusationem.
1407 1231 1465 1286 Si
1515 1239 1699 1288 autem
1746 1248 1906 1291 secus

313 1322 505 1394 egerit,
550 1322 620 1376 ab
666 1321 799 1392 ipsis
830 1329 886 1376 et
932 1323 1000 1378 ab
1047 1322 1170 1378 aliis
1217 1324 1595 1382 communione
1640 1326 1902 1396 privetur,

315 1426 574 1486 tanquam
637 1413 1007 1484 apostolorum
1079 1414 1416 1485 aliorumque
1477 1415 1700 1474 Patrum
1770 1433 1902 1474 con-

314 1515 566 1577 temptor.

995 1634 1008 1645 .
1024 1598 1212 1654 XXIII.

318 1708 472 1763 Nihil
498 1719 692 1781 prwter
713 1727 903 1782 panem
942 1711 1194 1784 ethoinurn
1221 1728 1359 1784 aqua
1382 1713 1604 1768 mixtum
1643 1713 1712 1768 ad
1736 1714 1906 1768 altare

937 1782 1282 1851 offerendum.

318 1889 420 1959 (Ex
442 1888 633 1945 eadem
673 1890 903 1960 epistola
947 1891 1262 2032 Alexandqi,
1310 1894 1642 1948 successoris
1671 1894 1906 1951 Evaristi

1024 1976 1194 2032 papae.

1024 1976 1194 2032 papm.

389 2069 508 2124 Non
556 2069 717 2125 debet
769 2070 934 2136 enim,
990 2077 1113 2125 uta
1165 2071 1419 2127 Panibus
1474 2074 1802 2143 accepimus,
1854 2085 1912 2133 et

320 2161 434 2229 ipsa
460 2160 604 2215 ratio
630 2160 816 2225 docet,
845 2160 901 2214 in
929 2160 1097 2216 calice
1139 2162 1353 2218 Domini
1383 2171 1476 2218 aut
1495 2164 1684 2221 vinum
1709 2166 1904 2234 solum,

321 2260 416 2307 aut
463 2268 605 2322 aqua
652 2253 767 2308 sola
815 2251 1024 2320 otl‘erri,
1066 2254 1162 2309 sed
1211 2264 1503 2325 utrumque
1538 2258 1906 2328 permixtum:

321 2347 452 2415 quia
478 2354 772 2416 utrumque
797 2361 867 2402 ex
915 2347 1088 2403 latere
1123 2347 1240 2417 ejus
1265 2349 1322 2403 in
1369 2366 1468 2407 sua
1492 2353 1745 2422 passione
1783 2369 1913 2425 pro-

321 2435 545 2492 fluxisse
573 2436 792 2492 dicitur.
824 2436 944 2507 Ipsa
989 2453 1120 2493 vero
1154 2438 1369 2495 Veritas
1397 2456 1497 2497 nos
1533 2442 1774 2511 instruit,
1821 2460 1913 2500 ca-

321 2523 480 2582 licem
511 2535 566 2582 et
590 2544 786 2598 panem
811 2529 867 2583 in
911 2538 1250 2587 sacramento
1287 2531 1501 2601 oﬁ'erre,
1542 2538 1758 2605 quando
1794 2538 1908 2592 ait:

324 2620 530 2692 Accepit
554 2619 711 2676 Iesus
737 2638 948 2692 panem,
973 2631 1023 2678 et
1055 2623 1338 2690 benedixit,
1379 2625 1620 2698 deditque
1643 2628 1913 2700 discipulis

323 2715 436 2770 suis
463 2714 681 2770 dicens:
727 2715 958 2786 Accipite
1004 2724 1054 2770 et
1096 2718 1434 2785 manducate,
1481 2719 1581 2773 hoc
1606 2730 1682 2774 est
1723 2738 1914 2792 corpus

325 2821 516 2859 meum.
551 2805 808 2861 Similiter
853 2816 1129 2878 postquam
1167 2808 1411 2873 coenavit,
1440 2809 1637 2880 accepit
1676 2809 1912 2877 calicem,

327 2895 470 2950 dedit
491 2895 764 2968 discipulis
790 2898 901 2951 suis
928 2897 1105 2952 dicens
1129 2911 1147 2948 :
1196 2897 1428 2968 Accipite
1457 2909 1504 2952 et
1536 2898 1692 2956 bibite
1742 2917 1808 2955 ea:
1855 2919 1915 2956 eo

328 3002 526 3050 omnes,
547 2987 670 3056 quia
699 2987 783 3041 hic
806 2996 881 3042 est
915 2986 1057 3042 calix
1078 2988 1350 3058 sanguinis
1379 2991 1501 3055 mei,
1536 2990 1627 3060 qui
1653 3008 1748 3062 pro
1776 2993 1916 3048 vobis

327 3076 629 3144 e/fundetur
655 3077 711 3130 in
741 3079 1098 3132 remissionem
1143 3088 1474 3149 peccatorum
1520 3079 1735 3153 (Matth.
1763 3099 1912 3150 xxvx,

326 3168 428 3235 96;
448 3168 477 3221 I
499 3166 622 3223 Cor.
649 3185 729 3235 xi,
751 3169 864 3243 24).
887 3171 1126 3228 Crimina
1153 3171 1297 3227 enim
1325 3179 1490 3242 atque
1519 3181 1742 3243 peccata
1768 3175 1917 3231 obla-

329 3259 401 3315 tis
445 3259 534 3316 his
574 3259 804 3317 Domino
842 3263 1123 3319 sacriﬁciis
1171 3263 1456 3320 delentur:
1487 3263 1691 3324 idcirco
1714 3273 1771 3321 et
1794 3282 1919 3337 pas-

330 3350 415 3406 sio
439 3350 556 3420 ejus
603 3353 660 3407 in
711 3353 798 3410 bis
836 3356 1306 3412 commemoranda
1350 3363 1454 3422 est,
1496 3372 1601 3425 qua
1650 3358 1916 3426 redempti

326 3458 535 3509 sumus,
567 3451 622 3500 et
643 3445 838 3515 saepius
860 3445 1138 3504 recitanda
1161 3455 1325 3514 atque
1363 3446 1481 3500 haec
1514 3446 1745 3502 Domino
1789 3446 1918 3501 oﬁ'e-

329 3533 517 3588 renda.
551 3532 776 3590 Talibus
814 3535 1007 3590 hostiis
1035 3533 1346 3599 delectabit,
1391 3542 1448 3587 et
1479 3534 1784 3604 placabitur
1809 3535 1918 3592 Do-

332 3622 536 3688 minus,
575 3633 632 3678 et
669 3632 890 3694 peccata
936 3625 1173 3679 dimittet
1214 3625 1470 3696 ingentia.
1523 3625 1666 3680 Nihil
1689 3628 1834 3682 enim
1862 3627 1915 3682 in

329 3713 619 3768 sacriﬁciis
653 3711 826 3782 majus
870 3729 989 3770 esse
1034 3723 1214 3786 potest
1269 3732 1432 3786 quam
1477 3732 1675 3788 corpus
1707 3724 1766 3774 et
1794 3734 1918 3776 san-

331 3805 452 3877 guis
475 3804 698 3871 Christi,
748 3819 851 3860 nec
881 3805 991 3862 ulla
1043 3805 1246 3861 oblatio
1297 3808 1401 3861 hac
1449 3807 1632 3877 potior
1677 3817 1781 3874 est,
1823 3811 1916 3865 sed

332 3897 448 3952 haec
477 3911 670 3950 omnes
696 3896 970 3965 praecellit.
1002 3895 1132 3963 Qua:
1159 3913 1293 3967 pura
1319 3899 1646 3955 conscientia
1688 3901 1917 3958 Domino

329 3986 603 4043 offerenda
632 3995 738 4052 est,
776 3995 830 4042 et
867 4002 1005 4057 pura
1047 3996 1230 4044 mente
1262 3993 1707 4058 consummanda,
1753 4002 1916 4064 atque

333 4082 401 4135 ab
427 4080 677 4135 omnibus
702 4081 1008 4136 veneranda
1034 4098 1050 4148 ;
1094 4089 1149 4136 et
1188 4083 1326 4138 sicut
1353 4085 1534 4154 potior
1559 4097 1645 4164 eqt
1679 4089 1912 4155 caeteris,

335 4171 410 4225 ita
445 4170 625 4240 potius
655 4170 848 4237 excoli,
877 4180 933 4228 et
958 4173 1205 4230 venerari
1241 4174 1419 4231 debet.

1038 4308 1224 4366 XXIV.

722 4396 798 4452 De
836 4415 974 4469 aqua
1001 4408 1184 4454 sancta
1207 4405 1521 4473 spargenda.

811 4507 914 4580 (Ex
938 4508 1126 4564 eadem
1158 4511 1427 4585 epistola.)

403 4617 614 4689 Aquam
631 4619 776 4674 enim
797 4620 910 4675 sale
929 4637 1276 4692 conspersum
1295 4628 1506 4696 populis
1520 4629 1911 4700 benedicimus,

334 4719 394 4764 ut
415 4726 480 4765 ea
510 4712 686 4766 cuncti
715 4712 920 4781 aspersi
951 4715 1375 4780 sanctiﬁccntur,
1408 4719 1551 4786 quod
1580 4728 1635 4775 et
1664 4722 1915 4778 omnibus

335 4803 704 4858 sacerdotibus
757 4802 1064 4859 faciendum
1113 4820 1232 4862 esse
1279 4809 1614 4867 mandamus.
1672 4811 1807 4868 Nam
1869 4814 1915 4870 si

335 4889 495 4948 limus
520 4892 701 4948 vitula:
749 4894 1002 4962 aspersus
1048 4894 1300 4966 populum
1346 4901 1723 4959 sanctiﬁcabat
1751 4912 1915 4974 atque

336 4982 650 5048 mundabat,
675 4983 848 5039 multo
878 4985 1050 5052 magis
1078 5001 1236 5055 aqua,
1285 5005 1404 5057 quin
1431 4991 1543 5046 sale
1588 5007 1807 5062 aspersa
1837 4993 1917 5049 di-

334 5069 581 5141 vinisque
620 5073 869 5142 precibus
918 5085 1134 5132 sacrata
1181 5085 1283 5143 est,
1320 5079 1574 5149 populum
1615 5081 1917 5137 sanctiﬁcat

335 5170 499 5230 atque
524 5163 766 5217 mundat.
796 5164 864 5218 Et
887 5164 934 5219 si
968 5165 1082 5220 sale
1122 5182 1344 5237 asperso
1387 5185 1485 5238 per
1516 5170 1767 5225 Elisuaum
1791 5185 1918 5240 pro-

335 5252 558 5321 phetam
578 5254 836 5310 sterilitas
862 5271 1015 5325 aqua:
1053 5268 1245 5314 sanata
1282 5269 1364 5315 est
1411 5260 1518 5333 (IV
1549 5261 1674 5332 Reg.
1707 5279 1768 5328 ιι,
1799 5263 1915 5337 20),

335 5351 540 5412 quanto
567 5346 739 5414 magis
767 5345 964 5403 divinis
1000 5348 1254 5416 precibus
1297 5358 1532 5415 sacrata,
1576 5351 1917 5409 sterilitatem

335 5445 476 5499 aqua
506 5442 693 5488 sancta
738 5449 918 5490 rerum
960 5445 1015 5492 et
1043 5437 1221 5493 aufert
1258 5440 1635 5509 humanarum,
1673 5453 1730 5498 et
1763 5444 1914 5499 coin-

336 5524 588 5594 quinatos
611 5528 920 5584 sanctiﬁcat
940 5537 994 5583 et
1017 5539 1231 5601 purgat,
1263 5540 1318 5586 et
1345 5541 1538 5588 caetera
1564 5535 1701 5590 bona
1729 5535 1914 5591 multi-

335 5612 521 5683 plicat,
557 5624 612 5670 et
654 5616 879 5674 insidias
923 5619 1119 5676 diaboli
1151 5623 1366 5690 avertit,
1399 5633 1452 5680 et
1504 5640 1534 5678 a
1577 5625 1916 5682 fantasmatis

339 5705 596 5763 versutiis
616 5705 887 5764 hominem
916 5708 1155 5778 defendit
1177 5711 1200 5766 ?

1423 310 1738 370 CANONES
1775 307 1912 366 PRO
1953 307 2092 366 SUA
2128 306 2451 366 DKECESI.

1938 4467 1992 4527 D

3445 310 3578 369 “533

2710 419 2870 478 XXV.

2002 513 2127 570 Non
2155 517 2230 569 eis
2256 513 2770 580 communicandum,
2798 513 2891 584 qui
2929 520 3234 585 perturbant
3266 515 3583 572 sacerdotes.

2002 626 2103 697 (Ex
2127 627 2355 698 epistola
2380 643 2544 710 supra
2582 628 2783 710 scripta
2813 626 3064 709 omnibus
3088 627 3358 700 episcopis
3383 631 3588 687 consti-

2379 699 2511 752 tutis
2533 711 2634 768 per
2665 699 2906 752 diversas
2937 699 3204 768 regiones.

2074 787 2132 842 Si
2170 786 2292 859 quis
2320 795 2500 842 autem
2533 787 2854 858 legationem
2900 795 3139 842 vestram
3187 788 3431 859 impedit,
3480 805 3586 846 non

2002 876 2186 942 unius,
2236 876 2331 931 sed
2377 876 2672 931 multorum
2720 884 3035 948 provectum
3084 879 3303 947 avertit,
3355 887 3410 935 et
3451 881 3592 936 sicut

2004 967 2190 1023 multis
2224 975 2406 1034 nocet,
2436 967 2510 1023 ita
2545 984 2576 1023 a
2605 968 2789 1024 multis
2834 971 3146 1042 arguendus
3189 979 3295 1038 est,
3325 979 3382 1026 et
3423 973 3595 1028 bono-

2005 1076 2124 1114 rum
2156 1060 2416 1117 societate
2473 1061 2755 1116 carendus.
2796 1061 2864 1115 Et
2911 1062 3038 1132 quia
3086 1062 3182 1118 Dei
3233 1079 3452 1118 causam
3492 1065 3594 1119 im-

2004 1153 2154 1222 pedit
2182 1162 2236 1209 et
2262 1161 2462 1210 statum
2489 1155 2778 1209 conturbat
2801 1154 3076 1221 Ecclesiae,
3107 1155 3228 1210 ideo
3253 1171 3284 1210 a
3313 1156 3593 1211 liminibus

2005 1241 2122 1312 ejus
2149 1247 2422 1310 arceatur,
2445 1246 2514 1300 ab
2535 1245 2786 1301 omnibus
2813 1245 2936 1301 talis
2963 1254 3046 1301 est
3081 1247 3377 1314 cavendus,
3405 1254 3460 1302 et
3485 1262 3593 1302 non

2008 1335 2062 1390 in
2114 1337 2492 1393 communione
2541 1337 2782 1392 ﬁdelium
2827 1352 2998 1408 usque
3047 1339 3116 1393 ad
3165 1338 3594 1396 satisfactionem

2009 1429 2369 1500 recipiendus.
2401 1429 2500 1485 Est
2517 1429 2662 1485 enim
2690 1437 2956 1486 statutum
2980 1431 3145 1486 olim:
3176 1431 3244 1497 Is,
3271 1431 3366 1508 qui
3391 1441 3594 1487 statum

2009 1521 2301 1575 conturbat
2327 1520 2606 1586 Ecclesiae,
2633 1523 2700 1576 ab
2731 1519 2846 1590 ejus
2882 1522 3161 1578 liminibus
3184 1533 3455 1590 arceatur,
3496 1539 3598 1579 nec

2010 1626 2136 1666 cum
2165 1609 2413 1668 ﬁdelibus
2461 1611 2826 1667 communicet
2854 1612 2947 1683 qui
2981 1627 3170 1668 eorum
3199 1612 3340 1670 bona
3377 1614 3595 1668 avertit.

2708 1724 2898 1780 XXVI.

1936 1775 1986 1838 Β
2016 1811 2172 1880 Quod
2195 1813 2520 1869 schismatici
2563 1775 2912 1885 apmlbzmujr,
2956 1815 3046 1885 qui
3081 1831 3200 1870 cum
3239 1814 3598 1872 sacerdotibus.

2553 1882 2656 1936 non
2694 1882 3046 1938 auxiliantur.

2432 1971 2535 2046 (Ex
2555 1972 2781 2042 epistola
2807 1973 2964 2044 cujus
2990 1971 3198 2048 supra.)

2080 2063 2183 2130 Qui
2209 2072 2390 2119 autem
2423 2079 2493 2119 ex
2517 2071 2703 2122 vestro
2731 2063 2959 2136 collegio
2986 2064 3172 2132 fuerit,
3215 2075 3269 2122 et
3297 2065 3366 2122 ab
3399 2066 3602 2124 auxilio

2008 2164 2191 2210 vestro
2222 2171 2282 2212 se
2306 2154 2660 2222 subtraxerit,
2709 2156 2881 2228 magis
2919 2157 3302 2214 schismaticus
3324 2175 3485 2229 quam
3515 2175 3602 2216 sa-

2008 2247 2201 2302 cerdos
2250 2261 2373 2302 esse
2421 2246 2786 2317 probabitur:
2845 2247 2982 2302 Ecce
3009 2289 3024 2314 ,
3080 2249 3256 2319 inquit
3309 2248 3599 2321 Propheta,

2009 2353 2166 2407 quam
2199 2337 2410 2401 bonum,
2450 2345 2498 2391 et
2523 2353 2683 2408 quam
2720 2337 3044 2408 jucundum,
3071 2338 3308 2394 habitare
3331 2339 3524 2410 fratres
3545 2340 3602 2394 in

2010 2443 2172 2480 unum
2198 2425 2371 2498 (Psal.
2398 2443 2605 2492 cum,
2639 2426 2713 2499 l).
2747 2427 2827 2482 Illi
2855 2443 2984 2484 vero
3010 2444 3118 2483 non
3166 2429 3222 2483 in
3251 2445 3415 2484 unum
3450 2429 3602 2485 habi—

2013 2523 2132 2570 tant
2181 2516 2275 2586 qui
2310 2531 2342 2570 a
2371 2513 2606 2572 fratrum
2644 2531 2704 2572 se
2749 2517 2944 2574 solatio
2988 2519 3330 2585 subtrahunt,
3373 2528 3428 2576 et
3457 2523 3601 2592 quod

2015 2611 2253 2666 deterius
2281 2619 2388 2678 est,
2410 2611 2671 2691 fratribus
2697 2610 2924 2668 insidias
2942 2621 3252 2684 prazparant
3272 2623 3363 2670 aut
3381 2614 3603 2686 laqueos

2012 2713 2240 2777 ponunt.
2282 2705 2417 2762 Item
2443 2713 2568 2778 post
2605 2720 2816 2778 pauca:
2871 2705 2983 2762 Nos
3010 2722 3161 2778 ergo,
3210 2708 3304 2778 qui
3349 2709 3600 2780 discipuli

2018 2799 2231 2854 Domini
2273 2806 2330 2855 et
2375 2799 2483 2854 dici
2529 2807 2585 2855 et
2630 2814 2751 2854 esse
2800 2798 3068 2870 cupimus,
3109 2807 3331 2870 portare
3379 2817 3598 2858 crucem

2016 2889 2219 2946 Christi
2248 2898 2304 2946 et
2327 2891 2563 2960 compati
2605 2891 2867 2946 fratribus
2896 2889 3177 2957 debemus,
3205 2899 3262 2946 et
3303 2907 3412 2946 non
3444 2907 3604 2962 quas-

2019 2995 2236 3051 cunque
2263 2979 2345 3036 eis
2372 2980 2598 3036 insidias
2640 2989 2735 3035 aut
2779 2979 2966 3038 foveas
3009 2995 3336 3050 praeparare,
3368 2983 3494 3053 quia
3522 2992 3605 3038 ta-

2017 3072 2218 3128 lionem
2262 3080 2503 3129 meretur
2525 3073 2619 3144 qui
2647 3070 2911 3128 fratribus
2956 3070 3169 3127 foveam
3212 3082 3386 3143 parat.
3428 3071 3606 3129 Noli:e

2018 3177 2218 3227 errare,
2263 3161 2484 3227 fratres,
2528 3161 2656 3234 quia
2690 3161 2834 3216 Deus
2879 3178 2984 3216 non
3028 3161 3301 3217 irridetur.
3333 3162 3504 3234 Hujus
3528 3166 3606 3220 rei

2015 3254 2189 3324 gratia
2224 3253 2378 3310 vobis
2401 3255 2664 3310 Dominus
2699 3254 2976 3310 commisit
3005 3255 3306 3310 Ecclesiam
3343 3271 3518 3322 suam,
3546 3267 3606 3312 ut

2016 3360 2117 3414 pro
2161 3345 2413 3398 omnibus
2461 3344 2719 3400 laboretis
2767 3352 2824 3398 et
2862 3345 3095 3400 cunctis.
3122 3345 3400 3414 oppressis
3448 3361 3604 3416 opem

2015 3432 2162 3498 ferre
2189 3448 2296 3487 non
2331 3432 2636 3503 negligatis.
2675 3431 2825 3488 Unde
2851 3441 2908 3490 et
2943 3431 3204 3491 Dominus
3246 3448 3345 3502 per
3367 3433 3607 3503 Prophe-

2018 3531 2128 3577 tam
2172 3521 2412 3591 loquitur
2455 3523 2682 3577 dicens:
2733 3521 2981 3578 Judicate
3024 3540 3180 3579 mane
3225 3525 3510 3596 judicium,
3556 3540 3604 3583 et

2017 3613 2180 3668 eruite
2215 3614 2264 3667 vi
2293 3629 2564 3684 oppressos
2593 3613 2659 3668 de
2703 3630 2864 3670 manu
2904 3614 3278 3674 calumniantis
3298 3636 3319 3684 ,°
3365 3635 3430 3674 ne
3471 3620 3606 3690 forte

2016 3703 2339 3772 egrediatur,
2389 3705 2543 3774 quasi
2590 3705 2747 3776 ignis,
2791 3705 3086 3778 indignatio
3127 3725 3263 3775 mea,
3299 3719 3346 3764 et
3387 3726 3606 3766 succen-

2014 3794 2193 3861 datur,
2228 3804 2277 3850 et
2305 3813 2410 3850 non
2434 3796 2523 3864 sit,
2564 3798 2654 3868 qui
2700 3782 2999 3868 exstinguat
3046 3799 3180 3870 (Jer.
3209 3818 3320 3867 xxr,
3353 3801 3463 3874 12).
3495 3804 3606 3859 Vos

2014 3902 2144 3958 ergo
2185 3888 2276 3958 qui
2317 3889 2370 3941 in
2424 3904 2635 3944 summo
2684 3889 2904 3959 speculo
2956 3906 2988 3944 a
3037 3890 3268 3947 Domino
3311 3895 3597 3950 constituti

2015 3977 2168 4042 estis,
2203 3979 2488 4034 attendere
2517 3994 2612 4034 eos
2634 3986 2690 4034 et
2707 3979 3016 4050 Opprimere
3044 3989 3258 4050 oportet
3283 3983 3378 4052 qui
3411 3983 3465 4040 in
3493 3983 3604 4038 fra-

2015 4077 2129 4124 tres
2163 4068 2456 4125 seditiones
2498 4078 2554 4124 ct
2587 4071 2840 4128 scandala
2886 4065 3147 4139 excitant,
3178 4088 3248 4129 ne
3287 4074 3449 4131 simul
3476 4090 3599 4130 eum

2014 4159 2096 4215 eis
2114 4159 2371 4228 pereatis.

2706 4251 2918 4307 XXVII.

2019 4341 2171 4408 Quod
2197 4358 2351 4396 sacra
2382 4359 2507 4414 vasa
2535 4359 2640 4414 non
2674 4342 2740 4396 ab
2761 4341 2907 4414 aliis,
2934 4359 3093 4414 quam
3115 4359 3147 4396 a
3169 4342 3396 4398 Domino
3419 4357 3575 4398 sacra

2303 4414 2372 4466 tis
2396 4412 2710 4478 hominibus,
2745 4412 2963 4467 debeant
2990 4413 3321 4467 contrectari.

2022 4526 2124 4598 (Ex
2151 4526 2377 4597 epistola
2401 4526 2574 4592 Xisti,
2597 4528 3240 4600 successorisAlexandri
3267 4543 3440 4600 papae,
3463 4531 3602 4586 scri-

2464 4606 2553 4667 pta
2579 4599 2830 4654 omnibus
2859 4599 3168 4671 episcopis.)

2091 4709 2396 4780 Cognoscat
2443 4710 2708 4779 sapientis
2753 4718 2932 4765 vestra
2961 4751 2976 4776 ,
3023 4712 3331 4768 charissimi
3377 4712 3600 4778 fratres,

2021 4799 2148 4868 quia
2179 4799 2232 4853 in
2256 4800 2361 4855 hac
2387 4808 2574 4854 sancta
2603 4801 2898 4868 apostolica
2925 4800 3052 4857 sede
3077 4817 3108 4856 a
3127 4802 3282 4858 nobis
3301 4813 3358 4859 et
3380 4804 3602 4874 reliquis

2021 4889 2306 4960 episcopis,
2344 4890 2662 4959 caeterisque
2708 4891 2917 4948 Domini
2950 4893 3318 4950 sacerdotibus
3342 4903 3599 4951 statutum

2018 4991 2124 5049 est,
2159 4991 2218 5036 ut
2245 4998 2398 5037 sacra
2425 4998 2555 5038 vasa
2583 4999 2690 5038 non
2716 4983 2786 5040 ab
2812 4984 2934 5040 aliis
2971 5000 3132 5054 quam
3163 5001 3193 5040 a
3236 4987 3464 5042 sacratis
3491 4986 3596 5040 Do~

2017 5075 2274 5143 minoque
2311 5075 2504 5130 dicatis
2535 5083 2938 5130 contrectenlur
2960 5077 3289 5133 hominibus.
3320 5077 3598 5148 Indignum

2018 5166 2163 5219 enim
2208 5166 2361 5222 valde
2405 5176 2491 5222 est
2534 5175 2595 5222 ut
2638 5183 2796 5222 sacra
2828 5169 3039 5224 Domini
3086 5186 3238 5236 vasa,
3266 5183 3595 5241 quaecunque

2019 5264 2165 5318 sunt,
2197 5257 2448 5311 humanis
2472 5257 2656 5312 usibus
2701 5259 2957 5324 serviant,
3005 5271 3099 5316 aut
3123 5263 3193 5317 ab
3233 5261 3354 5314 aliis
3376 5273 3538 5329 quam
3565 5274 3598 5312 a.

2022 5345 2252 5400 Domino
2281 5344 2668 5416 famulantibus
2694 5349 2850 5418 eique
2873 5351 3063 5408 dicatis
3106 5358 3402 5405 tractentur
3443 5349 3596 5418 viris,

2023 5453 2092 5493 ne
2114 5453 2212 5508 pro
2243 5438 2436 5493 talibus
2461 5443 2965 5510 pmsumptionibus
3005 5442 3175 5494 iratus
3204 5442 3460 5496 Dominus
3477 5441 3598 5512 pla-

2021 5546 2142 5601 gam
2171 5532 2411 5600 imponat
2440 5531 2637 5601 populo
2668 5547 2785 5596 suo,
2829 5540 2886 5587 et
2913 5532 2966 5585 hi
2994 5530 3085 5598 qui
3125 5531 3290 5585 etiam
3330 5546 3437 5587 non
3471 5546 3601 5602 pec-

2021 5634 2304 5687 caverunt,
2341 5623 2478 5676 mala
2505 5625 2800 5692 patiantur,
2849 5630 2944 5676 aut
2991 5630 3250 5692 pereant:
3304 5623 3427 5691 quia
3457 5624 3601 5694 perit

2012 5713 2193 5781 justus
2221 5713 2517 5786 saepissime
2550 5727 2655 5781 pro
2697 5711 2883 5781 impio.
2933 5712 3226 5775 Altendite,
3273 5711 3491 5782 fratres,
3529 5733 3598 5774 ne
