3970 6202
368 343 506 399 1103

1482 338 1742 395 REMIGII
1779 330 2144 393 CURIENSIS
2184 327 2488 385 EPISCOI‘I

3438 295 3641 383 ’μοι

368 460 498 512 talia
529 455 727 511 vestris
756 453 808 509 in
854 452 1099 508 ccclesiis
1137 450 1468 522 permittatis
1512 450 1767 518 deinceps
1812 446 1951 511 fieri,
1983 447 2031 507 Λ
2058 457 2164 497 non
2190 439 2481 493 admittunt
2519 444 2575 493 et
2610 451 2710 492 nos
2736 436 3135 493 subntovemus.
3167 435 3483 492 Accusatori
3517 457 3647 495 om-

364 562 590 619 tte-gres
615 545 856 617 pretioso
880 543 1143 612 sanguine
1169 541 1371 597 Christi
1405 542 1713 609 redemptus
1743 539 1798 594 in
1820 554 1956 608 prae-

368 640 637 710 cipitium,
665 636 811 708 quod
843 635 1007 700 absit,
1036 640 1177 688 ruat.

1056 722 1290 779 XXVIII.

367 821 447 876 Dc
486 819 696 892 jejunio
747 827 940 892 septem
984 815 1455 892 ltebdomadarum,
1500 823 1623 868 ante
1672 809 1881 866 Pascha
1924 826 1957 864 a

868 887 1071 943 clericis
1110 885 1451 940 observando.

370 983 469 1055 (Ex
499 982 724 1052 cpistola
767 979 1080 1050 Tclcsphori
1126 993 1287 1118 papa!)
1315 977 1514 1045 scripta
1553 975 1804 1030 omnibus
1846 973 1960 1044 cpi:

1064 1065 1259 1118 SCOplS.

1064 1065 1259 1118 SCOplS.

441 1149 723 1203 Credimus
753 1154 997 1201 sanctam
1033 1144 1193 1199 ﬁdem
1224 1150 1462 1197 vestram
1488 1141 1540 1195 in
1589 1138 1958 1210 apostolorum

368 1242 672 1295 eruditione
702 1239 1002 1304 fundatam,
1036 1237 1174 1291 hanc
1223 1244 1408 1291 tenere
1437 1242 1493 1289 et
1521 1234 1664 1289 hanc
1691 1231 1961 1286 universis

366 1330 582 1402 populis
628 1344 918 1400 exponere,
969 1328 1060 1397 qui
1107 1325 1359 1381 videlicet
1402 1341 1433 1379 a
1478 1324 1790 1380 constitutis
1833 1336 1964 1391 apo-

367 1421 633 1503 stolorum
669 1435 968 1491 eorumque
1005 1433 1379 1474 successorum
1426 1416 1569 1473 nulla
1600 1416 1808 1470 ratione
1836 1415 1962 1485 .dis-

368 1513 632 1579 sentiunt,
658 1518 919 1586 per'quos
956 1509 1163 1581 justum
1189 1517 1274 1565 est
1298 1518 1527 1565 exteros
1557 1508 1780 1563 erudiri.
1819 1507 1964 1574 Qua-

368 1614 592 1677 propter
635 1604 967 1676 cognoscite,
1005 1618 1039 1658 a
1088 1602 1245 1658 nobis
1284 1609 1340 1656 et
1366 1601 1578 1656 cunctis
1607 1598 1875 1670 episcopis
1906 1599 1963 1653 in

370 1698 515 1754 hanc
554 1697 907 1769 apostolicam
950 1696 1131 1765 sedem
1180 1693 1523 1766 congregatis
1562 1701 1825 1748 statutum
1852 1699 1962 1756 est,

368 1797 431 1842 ut
454 1795 661 1859 septem
701 1785 1073 1844 hebdomadas
1095 1784 1285 1856 plenas
1309 1791 1437 1839 ante
1466 1791 1713 1839 sanctum
1751 1781 1962 1837 Pascha
1990 1805 2039 1866 Β

371 1892 564 1933 omnes
617 1875 800 1933 clerici
847 1876 904 1931 in
960 1882 1107 1931 sorte
1160 1873 1376 1929 Domini
1425 1872 1600 1928 vocati
1629 1888 1661 1927 a
1687 1887 1851 1928 carne
1878 1871 1964 1942 je-

364 1965 577 2036 juncnt.
627 1967 765 2037 Quia
812 1967 954 2023 sicut
1000 1965 1233 2021 discreta
1282 1964 1442 2021 debet
1481 1979 1603 2020 esse
1641 1964 1755 2019 vita
1806 1964 1966 2021 cleri-

370 2077 557 2117 eorum
587 2076 620 2115 a
647 2060 914 2116 laicorum
956 2056 1389 2123 conversatione,
1441 2056 1515 2111 ita
1558 2064 1615 2112 et
1658 2056 1713 2112 in
1758 2055 1966 2126 jejunio

369 2154 530 2208 debet
563 2151 680 2208 fieri
706 2151 988 2218 discretio,
1030 2157 1087 2205 et
1112 2148 1252 2205 sicut
1281 2147 1409 2203 laici
1456 2155 1513 2202 et
1555 2147 1843 2203 saeculares
1868 2147 1968 2205 ho—

316 2314 327 2319 -
371 2246 547 2301 mines
593 2245 782 2300 nolunt
811 2259 906 2300 eos
933 2243 1178 2313 recipere
1224 2241 1279 2295 in
1319 2239 1792 2312 impulsationibus
1829 2242 1962 2307 suis,

373 2337 631 2408 quoniam
675 2337 729 2391 in
760 2335 1013 2389 omnibus
1043 2334 1277 2389 discreta
1307 2332 1469 2388 debet
1514 2348 1730 2403 semper
1769 2347 1890 2390 esse
1915 2341 1970 2389 et

372 2437 658 2500 segregata
708 2426 817 2481 vita
867 2433 923 2482 et
970 2425 1313 2480 conversatio
1360 2422 1685 2478 clericorum
1726 2439 1758 2478 a
1795 2439 1966 2479 saccu-

376 2521 568 2573 larium
595 2517 900 2583 laicorum;
929 2524 985 2571 et
1008 2514 1152 2571 sicut
1190 2514 1247 2569 hi
1292 2513 1522 2585 amplius
1566 2521 1692 2569 sunt
1716 2513 1969 2585 applicati

373 2612 572 2666 divinis
602 2609 834 2666 cultibus
855 2617 910 2664 et
950 2606 1248 2663 familiares
1271 2605 1524 2661 dicuntur
1544 2604 1756 2660 Domini
1786 2605 1973 2662 Salva-

376 2701 534 2767 toris,
566 2700 639 2755 ita
667 2698 909 2754 moribus
934 2704 988 2753 et
1029 2695 1440 2752 conversatione
1471 2702 1637 2765 atque
1680 2695 1973 2751 sanctitate

374 2790 572 2846 debent
610 2802 730 2845 esse
758 2787 1021 2844 distincti.
1052 2784 1161 2841 llas
1189 2800 1320 2856 ergo
1357 2792 1567 2854 septem
1594 2782 1972 2840 hebdomadas

375 2898 566 2939 omnes
597 2882 779 2938 clerici
802 2897 831 2936 a
860 2896 1025 2937 carne
1054 2890 1110 2936 et
1134 2880 1344 2936 deliciis
1365 2879 1630 2951 jejunent,
1658 2886 1713 2937 et
1731 2879 1969 2951 hymnis,

377 2985 432 3032 et
464 2975 684 3049 vigiliis,
736 2984 903 3046 atque
932 2974 1272 3031 orationibus
1318 2973 1551 3030 Domino
1594 2972 1861 3029 inhmrere
1888 2972 1975 3027 die

379 3079 650 3140 noctuque
691 3067 961 3124 studeant.
1091 3122 1270 3140 ___A___.

1012 3148 1017 3153 '
1088 3136 1276 3192 XXIX.

382 3231 458 3285 De
476 3240 703 3300 tempore
727 3229 937 3300 missrr,
956 3236 1004 3281 et
1032 3227 1172 3300 quod
1214 3219 1493 3295 Angelicus
1522 3227 1744 3296 hymnus
1785 3226 1968 3280 dicen-

622 3298 723 3353 dus
749 3306 827 3353 est
856 3296 1185 3351 solummodo
1209 3305 1439 3366 tempore
1466 3310 1719 3367 congruo.

883 3389 985 3462 (Ex
1009 3388 1205 3445 eadem
1234 3386 1507 3459 epistola.)

451 3485 622 3543 Nocte
671 3499 803 3541 vero
844 3491 1033 3539 sancta
1088 3480 1389 3537 nativitatis
1430 3480 1643 3536 Domini
1688 3480 1977 3536 salvatoris

380 3579 580 3634 missas
619 3575 901 3631 celebrent
924 3581 981 3630 et
1010 3574 1271 3645 hymnum
1317 3571 1633 3644 Angelicum
1661 3572 1715 3627 in
1760 3572 1841 3628 eis
1883 3586 1973 3628 so-

381 3668 634 3725 lemniter
681 3666 1010 3721 decantent:
1058 3663 1317 3736 quoniam
1348 3662 1539 3718 eadem
1576 3672 1735 3718 nocte
1777 3662 1846 3718 ab
1874 3676 1975 3717 an-

384 3758 504 3831 gelo
526 3757 833 3829 pas‘.oribus
867 3761 955 3811 est
988 3754 1290 3815 nuntiatus,
1326 3753 1468 3809 sicut
1505 3753 1622 3824 ipsa
1666 3753 1867 3809 veritas
1895 3760 1976 3809 te—

386 3857 566 3906 statur
593 3849 818 3906 dicens:
851 3846 1099 3902 Pastores
1141 3854 1289 3900 erant
1315 3845 1371 3899 in
1403 3845 1611 3916 regione
1635 3845 1817 3899 eadem
1854 3845 1979 3917 vigi-

387 3945 578 4009 lantes,
622 3952 672 3997 et
714 3940 1060 3997 custodientes
1105 3938 1313 4010 vigilias
1362 3939 1529 3993 noctis
1564 3955 1724 4009 supra
1771 3955 1977 4009 gregem

385 4052 563 4102 suum,
610 4044 659 4090 et
701 4050 818 4089 ecce
860 4031 1078 4104 angelus
1124 4030 1335 4085 Domini
1366 4031 1505 4085 stetit
1544 4031 1705 4102 juxta
1734 4030 1879 4097 illos,
1928 4040 1979 4085 et

385 4129 673 4183 timuerant
695 4126 883 4180 timore
901 4138 1128 4193 magno;
1157 4129 1206 4175 et
1227 4120 1362 4175 dixit
1388 4119 1496 4175 illis
1517 4121 1732 4190 angelus
1748 4134 1768 4172 :
1799 4118 1980 4176 Nolite

385 4220 588 4282 timere,
620 4232 735 4271 ecce
763 4215 902 4270 enim
922 4210 1220 4283 evangelise
1247 4211 1390 4266 vobis
1427 4210 1680 4281 gaudium
1706 4227 1974 4282 magnum,

386 4308 525 4379 quod
563 4308 662 4362 erit
709 4305 851 4360 omni
892 4301 1103 4374 populo.
1143 4299 1282 4366 Quia
1325 4310 1481 4355 natus
1527 4311 1601 4355 est
1647 4302 1788 4356 vobis
1824 4301 1980 4356 hodie

389 4399 644 4461 sulcator,
673 4396 762 4467 qui
786 4403 861 4449 est
885 4391 1126 4448 Christus
1153 4389 1432 4455 Dominus,
1469 4391 1523 4444 in
1545 4392 1752 4445 civitate
1772 4390 1941 4445 David
1952 4407 1974 4455 ;

2059 534 2188 587 nino
2214 546 2320 585 non
2343 529 2491 585 credi
2532 527 2906 590 decernimus,
2953 527 3045 580 aui
3080 527 3305 583 absente
3330 527 3651 587 adversario

2058 636 2275 678 causam
2307 619 2637 691 suggesserit
2666 626 2792 673 ante
2812 618 3094 688 utriusque
3121 619 3293 689 partis
3305 617 3511 688 justam
3533 622 3653 676 dis-

2058 715 2403 780 cussionem;
2446 728 2547 768 nec
2567 712 2624 767 hi
2646 710 2739 783 qui
2765 725 2872 766 non
2903 718 3029 766 sunt
3068 711 3249 765 idonei
3278 711 3653 783 suscipiantur

2058 805 2128 863 ad
2150 805 2590 869 accusationem;
2620 809 2676 858 et
2711 817 2904 858 omnes
2926 802 3019 872 qui
3045 802 3305 857 adversus
3338 802 3532 859 Patres
3561 818 3653 858 ar—

2059 906 2298 965 mantur,
2329 896 2562 953 infames
2584 911 2707 951 esse
2734 910 3039 951 censemus.
3061 893 3253 949 Patres
3280 893 3423 949 enim
3454 909 3651 948 omnes

2058 989 2352 1045 venerandi
2378 996 2525 1053 sunt,
2556 1001 2662 1042 non
2685 985 2976 1056 respuendi
3001 998 3068 1038 ac
3091 982 3399 1038 insidiandi.
3424 982 3493 1037 Ili
3515 998 3651 1037 vero

2062 1081 2151 1153 qui
2181 1096 2305 1137 cum
2334 1080 2573 1135 inimicis
2599 1086 2897 1142 morantur,
2929 1089 3021 1131 aut
3048 1076 3141 1146 qui
3170 1076 3407 1146 suspecti
3442 1077 3652 1131 haben-

2061 1182 2171 1241 tur,
2195 1175 2417 1229 minime
2444 1172 2796 1242 recipiantur,
2829 1170 2955 1239 quia
2981 1183 3170 1225 eorum
3197 1167 3468 1222 aemulatio
3506 1166 3654 1222 lace-

2061 1275 2149 1320 rat
2171 1266 2335 1319 etiam
2362 1265 2697 1320 innocentes.
2726 1262 2881 1317 Hunc
2907 1276 3119 1315 murum
3145 1258 3512 1314 ﬁrmissimum
3539 1269 3654 1314 sta-

2062 1363 2284 1411 tuerunt
2311 1355 2503 1410 Patres
2531 1354 2734 1417 nostri,
2763 1362 2817 1407 et
2856 1368 2955 1406 nos
2976 1365 3101 1405 cum
3131 1351 3211 1405 eis
3239 1358 3430 1404 contra
3457 1365 3652 1411 persc-

2062 1458 2280 1504 cutores
2306 1458 2537 1503 vestros.
2566 1447 2681 1502 Hoc
2711 1445 2953 1500 remedio
3001 1458 3189 1499 eorum
3232 1442 3504 1511 pellantur
3528 1457 3671 1499 ma-.

2063 1542 2433 1605 chlnamenta,
2462 1546 2520 1594 ct
2544 1553 2642 1593 vos
2668 1536 2969 1592 sanctiores
2991 1543 3045 1589 et
3070 1533 3376 1589 securiores
3399 1531 3654 1586 famulari

2062 1632 2382 1689 mereamini
2410 1638 2593 1687 vestro
2617 1627 2903 1684 Salvatori.
2961 1642 2971 1653 '

2758 1742 2952 1797 XXXI.

2065 1837 2145 1894 De
2169 1837 2607 1908 metropolitanis,
2636 1842 2693 1887 ut
2727 1831 2903 1908 nullus
2925 1831 3119 1900 absque
3138 1827 3655 1908 comprovincialium

2135 1899 2496 1979 episcoporum
2532 1905 2788 1960 instantia
2814 1899 3113 1972 aliquorum
3134 1899 3317 1953 audiat
3344 1915 3553 1953 causas.

2067 2000 2182 2073 (Ex
2228 1998 2455 2073 epistola
2500 1996 2657 2073 Ygini
2688 2008 2839 2073 papa:
2878 1992 3093 2073 cunctis
3118 1990 3427 2073 apostolica
3466 1990 3572 2046 title
3604 2000 3659 2045 et

2421 2060 2667 2122 doctrina
2688 2060 2997 2136 vigentibus
3025 2060 3277 2133 scripta.)

2135 2186 2431 2248 Cancrum,
2470 2183 2702 2240 fratres.
2732 2178 2875 2234 salvo
2912 2179 2968 2231 in
2998 2176 3235 2231 omnibus
3263 2175 3516 2229 Romana:
3545 2173 3656 2227 Ec-

2068 2274 2241 2331 clesiae
2261 2271 2556 2345 privilegio,
2583 2269 2762 2325 nullus
2791 2266 3241 2336 metropolitanus
3269 2264 3474 2335 absque
3498 2273 3660 2319 crete-

2069 2381 2254 2421 rorum
2291 2363 2535 2420 omnium
2582 2358 3121 2431 comprovincialium
3159 2359 3537 2427 episcoporum
3576 2358 3660 2411 in-

2070 2460 2271 2516 stantia
2298 2459 2603 2530 aliquorum
2646 2456 2830 2512 audiat
2872 2469 3097 2520 causas;
3127 2455 3252 2524 quia
3296 2452 3464 2508 irritae
3497 2460 3662 2506 erunt

2071 2552 2228 2607 aliter
2267 2560 2403 2607 acta:
2433 2564 2598 2621 quam
2625 2548 2681 2603 in
2708 2554 3001 2618 conspectu
3028 2561 3216 2601 eorum
3260 2544 3504 2599 omnium
3528 2556 3661 2597 ven-

2071 2646 2259 2713 tilatte,
2282 2653 2338 2701 et
2358 2645 2472 2717 ipse
2500 2641 2548 2700 si
2570 2641 2781 2707 fecerit,
2813 2646 3191 2695 coerceatur-a
3215 2636 3495 2692 fratribus.

2758 2754 2975 2811 XXXII.

2465 2851 2582 2919 Quo
2610 2851 2696 2905 die
2724 2847 2932 2903 Pascha
2960 2844 3263 2900 celebretur.

2075 2947 2175 3019 (Ex
2206 2945 2432 3019 epistola
2462 2945 2542 3019 Pii
2570 2958 2724 3015 papa:
2747 2942 2947 3019 scripta
2973 2940 3228 3019 omnibus
3257 2936 3449 3019 inﬁde
3485 2945 3542 2992 et
3563 2939 3663 3019 do-

2406 3008 2588 3071 ctrina
2607 3008 2901 3083 apostolica
2935 3008 3335 3081 manentibus.)
3568 3011 3586 3023 '

2133 3107 2412 3163 .Czeterum
2442 3119 2604 3160 nosse
2630 3119 2730 3161 vos
2759 3102 3029 3164 volumus,
3053 3099 3196 3170 quod
3220 3097 3429 3155 Pascha
3451 3097 3661 3153 Domini

1998 3175 2043 3237 (ἶ
2075 3200 2162 3255 die
2205 3198 2491 3254 Dominico
2537 3196 2735 3252 annuis
2779 3192 3116 3265 temporibus
3154 3191 3227 3247 sit
3258 3190 3664 3246 celebrandum.

2073 3294 2196 3350 Istis
2224 3308 2357 3364 ergo
2389 3292 2730 3363 temporibus
2758 3289 2989 3345 Hermes
3026 3287 3220 3341 doctor
3251 3283 3374 3340 ﬁdei
3419 3291 3475 3338 et
3518 3281 3672 3337 Scri-

2073 3393 2358 3456 pturarum
2390 3382 2541 3439 fulsit
2562 3383 2708 3438 inter
2733 3394 2853 3436 nos.
2893 3379 2961 3434 Et
2989 3377 3121 3451 licet.
3150 3390 3251 3430 nos
3280 3374 3419 3429 idem
3450 3372 3670 3428 Pascha

2074 3476 2335 3548 praedicta
2369 3476 2456 3532 die
2485 3475 2916 3537 celebraremus,
2951 3477 3011 3526 et
3046 3467 3253 3539 quidam
3291 3464 3414 3519 inde
3440 3463 3673 3519 dubita-

2075 3572 2200 3622 rent
2227 3566 2297 3622 ad
2324 3563 2759 3622 corroborandas
2788 3569 2969 3617 tamen
3008 3558 3220 3614 animas
3257 3567 3446 3610 eorum
3483 3551 3673 3607 eidem

2076 3654 2319 3712 Hermeti
2348 3654 2572 3727 angelus
2598 3651 2812 3707 Domini
2839 3653 2893 3705 in
2916 3648 3104 3705 habitu
3124 3644 3369 3702 Pastoris
3389 3641 3671 3712 apparuit,

2076 3754 2134 3801 et
2154 3746 2414 3816 praecepit
2455 3745 2508 3800 ei
2551 3750 2612 3798 ut
2659 3741 2866 3797 Pascha
2895 3740 2983 3794 die
3012 3736 3287 3794 dominico
3315 3733 3387 3789 ab
3417 3732 3675 3788 omnibus

2078 3837 2449 3893 celebraretur
2493 3843 2738 3902 tempore
2777 3846 2896 3887 suo.
2948 3828 3102 3886 Unde
3142 3834 3198 3881 et
3234 3841 3333 3882 vos
3375 3823 3675 3894 apostolica

2079 3928 2405 3984 auctoritate
2426 3924 2765 3987 instruimus,
2782 3934 2974 3978 omnes
2995 3918 3189 3974 eadem
3212 3929 3433 3972 servare
3450 3913 3675 3976 debere,

2054 4024 2207 4094 ~quia
2236 4030 2295 4078 et
2323 4037 2423 4077 nos
2449 4020 2638 4076 eadem
2685 4029 2987 4074 servamus.
3017 4011 3128 4069 Nec
3171 4008 3382 4066 debetis
3423 4021 3455 4062 ι
3497 4004 3682 4077 capita

2079 4127 2298 4184 quoquo
2317 4111 2478 4196 mpdo
2498 4108 2786 4166 dissidere.

2754 4216 2990 4274 XXXIII.

2084 4323 2167 4377 Ne
2204 4321 2407 4393 pra-dia
2440 4316 2796 4374 ecclesiastica
2839 4312 3031 4436 qliqtttis
3071 4307 3222 4364 tollat
3262 4317 3310 4362 et
3349 4305 3459 4361 suis
3489 4302 3679 4357 usibus

2748 4401 2851 4436 ann
2875 4400 2951 4436 ice
2980 4422 2993 4435 .

2748 4400 2993 4456 appucet.

389 4501 437 4545 et
464 4490 562 4544 hoc
591 4450 731 4576 nobis
771 4487 1015 4556 signum:
1050 4482 1326 4537 invenietis
1367 4481 1639 4552 infantem,
1669 4482 1858 4553 pannis
1894 4450 1975 4534 in;
2004 4523 2055 4583 Β
2109 4484 2209 4555 (Ex
2238 4481 2465 4553 epistola
2493 4478 2648 4547 cujus
2674 4450 2834 4546 supra
2872 4473 3072 4529 Italicis
3100 4450 3362 4525 fratribus
3388 4465 3646 4535 scripta.)

464 4580 473 4583 -
859 4577 871 4583 -
1020 4574 1032 4583 .
1320 4573 1332 4583 .
1428 4571 1486 4583 η,
1737 4572 1757 4583 -
1828 4582 1833 4583 ,
2168 4571 2183 4583 .
2222 4572 2235 4583 .
2343 4571 2356 4583 .
2554 4575 2567 4583 ,
2626 4581 2649 4583 η
2708 4563 3051 4583 ,ηψπ-,μ
3086 4559 3351 4583 nmmum
3394 4564 3469 4583 η,
3531 4571 3643 4583 mm

390 4571 645 4644 volutum,
676 4587 726 4633 et
757 4577 982 4649 positum
1014 4574 1068 4628 in
1110 4573 1386 4644 pra’sepio.
1421 4571 1486 4625 Et
1528 4572 1700 4627 subito
1728 4572 1872 4642 facta
1901 4583 1976 4627 est

392 4685 511 4723 cum
554 4667 738 4739 angelo
789 4664 1072 4721 multitudo
1117 4662 1318 4718 militia:
1364 4661 1598 4724 ctelestis,
1646 4662 1978 4716 laudantium

392 4759 586 4824 Deum,
611 4769 660 4814 et
707 4758 1034 4813 dicentium:
1082 4752 1265 4809 Gloria
1304 4755 1361 4809 in
1396 4752 1664 4808 altissimis
1707 4752 1818 4807 Deo
1848 4754 1980 4808 etin

394 4861 539 4906 terra
558 4868 665 4923 pax
679 4852 973 4907 hominibus
995 4850 1142 4906 bona:
1153 4850 1437 4905 voluntatis
1465 4847 1618 4921 (Luc.
1650 4865 1710 4914 tt,
1738 4849 1772 4904 8
1790 4847 1977 4920 seqq.).

402 4942 648 5012 Reliquis
675 4951 855 5000 autem
886 4944 1218 5014 temporibus
1256 4942 1548 4997 missarum
1586 4940 1981 4996 celebrationes

397 5043 529 5090 ante
556 5033 748 5089 horam
792 5034 901 5090 diei
932 5036 1148 5090 tertiam
1187 5034 1414 5089 minime
1453 5040 1579 5087 sunt
1618 5030 1979 5096 celebrandas,

397 5125 526 5198 quia
569 5124 760 5180 eadem
803 5126 938 5180 bora
987 5134 1041 5179 et
1070 5125 1328 5181 Dominus
1360 5122 1674 5185 cruciﬁxus,
1717 5129 1773 5175 et
1823 5135 1985 5191 super

401 5217 678 5291 apostolos
715 5215 954 5288 Spiritus
993 5226 1215 5272 sanctus
1257 5216 1603 5273 descendisse
1647 5213 1862 5285 legitur.
1903 5212 1985 5268 Ab

401 5290 670 5385 episcopis
712 5320 894 5367 autem
934 5308 1075 5363 idem
1105 5308 1392 5378 Angelicus
1436 5309 1673 5379 hymnus
1712 5290 1812 5377 pro
1852 5314 1988 5361 tem—

404 5420 555 5478 pore,
572 5413 628 5461 et
656 5405 710 5460 in
731 5403 857 5459 ioco
873 5402 935 5457 in
957 5399 1241 5455 missarum
1262 5399 1540 5454 solemniis
1555 5398 1864 5454 recitandus
1882 5404 1983 5452 est.

1095 5490 1267 5547 XXX.

477 5595 556 5651 Nc
581 5589 766 5645 absens
796 5596 1092 5651 accusetur,
1119 5594 1167 5639 et
1197 5583 1286 5655 qui
1308 5599 1559 5636 accusare
1594 5599 1696 5637 non
1721 5583 1939 5652 possint.

889 5678 989 5746 (Ex
1016 5676 1206 5732 eadem
1234 5672 1507 5744 epistola.)

490 5773 848 5826 Accusatores
870 5783 1000 5826 vero
1017 5777 1073 5823 et
1092 5766 1466 5825 accusationes
1486 5777 1623 5835 quas
1644 5764 1787 5833 leges
1811 5763 1990 5819 saeculi

2155 4571 2236 4626 Ad
2265 4571 2449 4625 sedem
2479 4575 2662 4623 autem
2702 4563 3054 4634 apostolicam
3084 4559 3353 4630 perlatum
3392 4564 3498 4619 est,
3530 4555 3681 4624 quod

2087 4665 2196 4720 sint
2225 4663 2364 4716 inter
2392 4658 2490 4717 vos
2518 4658 2914 4721 contentiones,
2941 4664 2997 4709 et
3024 4651 3417 4711 temulationes,
3449 4656 3509 4701 et
3532 4661 3687 4714 pras-

2087 4755 2174 4809 dia
2201 4753 2398 4808 divinis
2421 4751 2608 4805 usibus
2636 4747 2851 4810 tradita,
2884 4744 3102 4815 quidam
3126 4740 3381 4796 humanis
3401 4736 3685 4805 applicent

2087 4847 2300 4912 usibus,
2327 4854 2385 4901 et
2409 4843 2638 4899 Domino
2657 4840 2770 4896 Deo
2788 4838 2875 4895 cui
2897 4836 3095 4891 tradita
3115 4842 3244 4888 sunt
3266 4847 3329 4887 ea
3351 4829 3688 4885 subtrahunt

2086 4947 2150 4993 ut
2187 4937 2300 4993 suis
2342 4935 2531 4990 usibus
2576 4930 2901 4988 inserviant.
2931 4925 3271 4995 QuaprOpter
3314 4921 3383 4975 ab
3421 4916 3687 4973 omnibus

2090 5012 2234 5084 illius
2277 5024 2647 5097 usurpationis
2698 5018 3028 5077 contnmeba
3076 5011 3390 5084 depellenda
3434 5018 3559 5073 est,
3610 5023 3687 5063 ne

2090 5120 2291 5190 praedia
2321 5118 2425 5173 sibi
2460 5122 2795 5172 secretorum
2837 5108 3142 5167 caelestium
3172 5105 3411 5175 iudicata
3435 5142 3451 5166 ,
3486 5116 3520 5155 a
3558 5101 3687 5170 qni-

2091 5212 2318 5267 busdam
2348 5207 2679 5264 irruentibus
2703 5210 2988 5261 vexentur.
3013 5196 3168 5266 Quod
3196 5197 3242 5251 si
3271 5195 3394 5265 quis
3415 5205 3690 5264 praesum-

2092 5304 2279 5376 pserit,
2311 5300 2605 5371 sacrilegus
2632 5297 2919 5360 habeatur,
2961 5298 3018 5347 et
3045 5285 3511 5376 sicut’sacrilegns
3530 5281 3689 5350 judi-

2093 5374 2266 5455 ectur.
2295 5396 2445 5467 Ipsos
2471 5401 2648 5448 autem
2672 5390 2768 5460 qui
2786 5389 2890 5443 hoc
2914 5392 3083 5456 agunt
3103 5380 3356 5443 clericos,
3384 5385 3440 5432 et
3460 5374 3689 5431 Domini

2093 5489 2403 5545 sacerdotes
2428 5483 2682 5556 persequi
2709 5494 2914 5551 eosque
2943 5475 3209 5533 infamare
3241 5470 3587 5531 audivimus.
3626 5473 3695 5523 nt

2094 5583 2297 5636 malum
2324 5594 2488 5649 super
2508 5575 2711 5631 malum
2741 5571 3003 5629 addentes
3040 5565 3343 5624 deteriores
3373 5561 3540 5626 (iant,
3576 5574 3690 5617 non

2095 5671 2478 5741 iutelligentes,
2505 5665 2649 5736 quod
2668 5661 2912 5719 Ecclesia
2951 5658 3046 5715 Dei
3074 5658 3128 5712 in
3154 5652 3536 5710 sacerdotibus
3557 5665 3693 5707 con-

2096 5762 2255 5817 sistat
2281 5768 2337 5814 et
2358 5765 2571 5813 crescat
2593 5756 2649 5810 in
2676 5749 2939 5825 templum
2965 5747 3084 5806 Del.
3105 5747 3174 5803 Et
3202 5745 3346 5802 sicut
3376 5744 3467 5814 qui
3501 5742 3696 5798 Eccle-
