3970 6202
442 336 581 394 ιιοε

436 451 572 507 siam
599 446 696 503 Dei
723 448 901 500 vastat
922 442 1147 511 ejusque
1173 438 1375 509 praedia
1411 445 1468 492 et
1500 435 1723 492 donaria
1751 432 2018 503 exspoliat
2045 435 2097 493 Α

433 556 490 603 et
516 544 741 606 invadit,
774 541 836 594 ﬁt
865 537 1183 607 sacrilegus,
1232 533 1313 590 sic
1342 541 1397 589 et
1443 532 1533 586 ille
1565 530 1658 600 qui
1689 527 1806 597 ejus
1833 542 2015 583 sacer-

431 635 588 693 dotes
613 630 940 701 insequitur,
965 624 1237 697 sacrilegii
1258 638 1387 680 reus
1408 620 1612 686 existit,
1639 627 1697 675 et
1718 617 2016 685 sacrilegus

432 723 721 801 iudicatur.

1104 808 1338 865 XXXIV.

434 904 591 975 Quod
629 923 733 963 non
761 906 827 961 sit
863 903 1074 977 gravius
1112 913 1380 1025 primatum
1420 900 1700 970 [ornicatio
1726 916 1885 970 quam
1927 916 2018 955 sa-

1076 991 1152 1025 cn
1175 989 1369 1025 eorum.

1076 989 1369 1044 cruegzum.

898 1069 1017 1141 (Ex
1044 1069 1232 1123 eadem
1259 1065 1506 1137 epistola.
1534 1064 1553 1134 )

504 1183 621 1238 Non
648 1197 778 1253 ergo
803 1182 1024 1253 gravius
1062 1189 1348 1251 peccatum
1386 1188 1472 1235 est
1501 1177 1808 1241 l‘oruicatio,
1852 1190 2014 1244 quam

432 1275 814 1345 sacrilegium:
854 1285 910 1331 et
937 1276 1079 1333 sicut
1121 1272 1296 1343 majus
1332 1281 1416 1329 est
1455 1281 1739 1344 peccatum
1777 1271 1922 1343 quod
1960 1272 2015 1327 in

433 1364 604 1419 Deum
632 1366 991 1421 committitur
1014 1381 1177 1436 quam
1200 1365 1345 1435 quod
1386 1364 1440 1418 in
1466 1363 1765 1427 hominem,
1797 1362 1876 1417 sic
1896 1377 2017 1445 gra-

434 1459 553 1515 vius
577 1457 921 1530 sacrilegium
951 1473 1133 1539 agere,
1160 1472 1323 1529 quam
1350 1455 1628 1511 fornicari.
1697 1517 1712 1532 θ

1124 1569 1338 1625 XXXV.

432 1660 589 1730 Quod
616 1661 751 1717 nulli
796 1661 1171 1732 archiepiscopi
1199 1661 1448 1732 primates
1479 1668 1759 1723 vocentur,
1798 1658 1900 1712 nisi
1936 1655 2016 1710 illi

820 1734 908 1805 qui
935 1730 1133 1803 primas
1158 1730 1331 1786 tenent
1362 1730 1614 1784 civitates.

433 1821 536 1894 (Ex
556 1823 790 1906 epistola
817 1796 1024 1906 A’l‘llliﬁl
1058 1820 1243 1904 [Forte
1269 1818 1508 1902 dniceti]
1535 1834 1706 1906 papa},
1746 1818 2016 1906 universis
2043 1796 2091 1856 Β

459 1888 703 1949 ecclesiis
731 1909 829 1964 per
850 1891 1038 1948 Galliae
1058 1888 1369 1962 provincias
1397 1888 1709 1946 consumtis
1742 1888 1990 1961 scripta.)

501 1983 644 2038 Nulli
672 1981 1063 2053 archiepiscopi
1102 1981 1364 2050 primates
1384 1987 1665 2045 vocentur,
1696 1979 1800 2033 nisi
1827 1979 1903 2033 illi
1922 1979 2016 2047 qui

428 2076 636 2147 primas
662 2082 843 2130 tenent
873 2075 1157 2140 civitates,
1188 2088 1417 2143 quarum
1460 2072 1743 2143 episcopos
1789 2071 2017 2141 apostoli

429 2175 486 2221 et
506 2180 850 2221 successores
878 2179 1066 2220 eorum
1092 2163 1418 2236 regulariter
1438 2162 1781 2234 patriarchas
1804 2163 1886 2217 vel
1905 2162 2018 2233 pri~

431 2265 607 2310 mutes
638 2271 761 2312 esse
792 2256 1213 2311 constituerunt.
1243 2255 1358 2312 Nisi
1388 2255 1568 2327 aliqua
1599 2270 1735 2326 gens
1763 2254 2019 2326 deinceps

333 2388 337 2393 τ
432 2346 498 2401 ad
529 2345 688 2401 ﬁdem
715 2354 1088 2412 convertatur,
1118 2346 1206 2427 cui
1233 2361 1459 2403 necesse
1491 2346 1562 2402 sit
1588 2352 1806 2417 propter
1830 2345 2016 2401 multi-

432 2437 678 2492 tudinem
729 2438 1108 2508 episcoporum
1157 2439 1417 2508 primates
1472 2438 1750 2494 constitui.
1802 2437 2017 2509 Reliqui

430 2543 561 2583 vero
584 2530 677 2599 qui
703 2529 838 2585 alias
873 2529 1318 2600 metropolitanas
1344 2530 1501 2585 sedes
1525 2530 1701 2599 adepti
1729 2537 1874 2597 sunt,
1907 2544 2017 2586 non

430 2622 713 2693 primates,
741 2623 836 2678 sed
862 2623 1263 2692 metropolitani
1292 2623 1662 2678 nominantur.

1107 2714 1348 2771 XXXVI.

754 2806 834 2861 De
863 2805 1286 2861 ordinationibus
1314 2806 1693 2876 episcoporum.

706 2896 816 2969 (Ex
847 2897 1036 2952 eadem
1067 2895 1318 2967 epistola,
1359 2893 1515 2965 cujus
1544 2894 1753 2968 supra.)

504 2988 584 3044 De
623 2988 1056 3044 ordinationibus
1083 2988 1461 3058 episcoporum
1507 3001 1671 3058 super
1697 2987 1891 3058 quibus
1920 3004 2020 3045 nos

427 3080 714 3136 consulere
742 3078 1010 3147 voluistis,
1030 3079 1169 3135 olim
1204 3080 1258 3134 in
1297 3080 1492 3150 spiritu
1528 3080 1874 3151 pmcessoris
1913 3096 2014 3137 no-

1498 326 1505 332 ’
1544 321 1864 382 CANONI-JS
1902 318 2047 376 PRO.
2078 318 2212 377 SUA
2250 319 2571 377 ιηαίεεει.

3520 312 3537 319 ’
3566 316 3699 377 τιοσ

2780 433 3041 488 XXXVII.

2117 520 2271 587 Quod
2314 533 2539 578 sacram
2560 524 2669 578 Deo
2689 523 2917 592 (emitur,
2952 521 3027 576 uel
3067 522 3359 587 monac-lue,
3397 540 3552 578 sacra
3577 542 3703 579 cura

2189 593 2265 665 uel
2291 605 2530 665 sacratas
2558 594 2730 665 pallas
2765 593 3084 665 contingere,
3119 601 3167 646 et
3194 594 3463 647 incensum
3502 595 3702 649 circum

2185 661 2381 716 altaria
2404 661 2609 734 deferre
2639 679 2744 717 non
2775 661 3015 717 debeant.

2116 775 2220 848 (Ex
2247 775 2474 845 epistola
2505 774 2715 848 Soteris
2744 792 2897 848 papa:
2934 778 3135 845 scripta
3164 775 3435 848 episcopis
3468 791 3568 845 per
3594 775 3702 832 Ita-

2503 846 2589 901 lia:
2614 846 2923 917 provincias
2949 846 3304 920 constitutis.)

2184 959 2442 1016 Sacratas
2464 959 2576 1015 Deo
2603 960 2851 1024 feminas,
2889 957 2978 1013 vel
3018 959 3335 1025 monachus,
3367 974 3522 1015 sacra
3548 975 3701 1026 vasa,

2118 1050 2200 1105 vel
2216 1060 2458 1105 sacratas
2476 1049 2670 1120 pallas,
2694 1065 2863 1121 penes
2877 1065 2974 1105 vos
2987 1050 3325 1119 contingere,
3346 1060 3402 1106 et
3423 1051 3704 1107 incensum

2115 1141 2262 1197 circa
2292 1140 2486 1195 altaria
2531 1140 2780 1206 deferre,
2824 1140 3095 1212 perlatum
3136 1149 3221 1197 est
3249 1142 3318 1196 ad
3349 1142 3703 1212 apostolicam

2117 1232 2339 1288 sedem:
2370 1247 2492 1303 quae
2514 1233 2696 1287 omnia
2736 1231 3161 1302 reprehensione
3206 1240 3264 1287 et
3304 1232 3705 1303 vituperatione

2115 1324 2274 1393 plena
2296 1338 2440 1391 esse,
2476 1322 2608 1378 nulli
2634 1330 2782 1379 recta
2807 1322 3139 1395 sapientium
3169 1322 3393 1379 dubium
3419 1331 3524 1379 est.
3561 1323 3706 1390 Qua-

2116 1427 2341 1490 propter
2364 1417 2524 1488 hujus
2567 1427 2767 1475 sanctaz
2814 1418 2960 1475 sedis
2989 1419 3315 1475 auctoritate
3361 1418 3477 1475 huic
3518 1420 3703 1474 omnia

2122 1512 2270 1566 vobis
2295 1526 2546 1567 resecare
2569 1511 2834 1577 funditus,
2864 1520 3067 1581 quanto
3102 1512 3261 1567 citius
3284 1511 3557 1582 poteritis,
3582 1526 3709 1566 cen-

2118 1617 2300 1658 semus
2324 1620 2338 1669 ;
2376 1612 2433 1658 et
2456 1619 2525 1659 ne
2554 1605 2722 1673 pestis
2748 1604 2867 1659 haec
2893 1603 3059 1659 latius
3089 1604 3419 1675 divulgetur,
3458 1619 3558 1676 per
3589 1620 3707 1660 om-

2118 1708 2217 1748 nes
2243 1693 2552 1763 provincias
2579 1693 2816 1764 abstergi
2841 1692 3144 1749 diutissime
3170 1693 3508 1748 mandamus.

2767 1805 3051 1861 XXXVIII.

2121 1894 2275 1961 Quod
2310 1896 2597 1967 baptismus
2623 1892 3109 2017 ιεηιροῖἰοῗέἕὲεήω
3150 1894 3491 1950 celebrandus
3528 1896 3594 1950 sit
3621 1912 3710 1949 cu-

2797 1974 3028 2019 tltoltcis.

2122 2072 2242 2146 (Ει
2282 2075 2509 2147 epistola
2555 2076 2790 2132 Victoris
2809 2090 2975 2218 ἐξ)ῗὲ
3005 2077 3223 2218 )εοι·ἰρῑίι
3259 2075 3557 2148 Theophila
3593 2077 3713 2148 cpi-

2809 2162 2993 2219 scepo.

2189 2255 2572 2312 Celebritatem
2600 2256 2774 2312 sancti
2792 2255 3017 2312 Paschae
3043 2256 3130 2312 die
3167 2256 3452 2312 Dominica
3491 2256 3575 2327 agi
3613 2257 3710 2313 de-

2117 2349 2282 2415 bere,
2322 2356 2379 2404 et
2423 2350 2854 2419 praedecessores
2882 2349 3056 2405 nostri
3106 2349 3219 2420 jam
3268 2357 3597 2415 statuerunt,
3649 2359 3707 2406 et

2117 2440 2273 2495 vobis
2302 2440 2431 2496 illud
2473 2441 2663 2497 eadem
2687 2441 2774 2497 die
2803 2441 3083 2498 celebrare
3121 2441 3434 2497 solemniter
3481 2443 3705 2496 manda-

2119 2548 2260 2599 mus,
2290 2531 2416 2602 quia
2448 2547 2557 2588 non
2584 2532 2739 2589 decet
2763 2541 2824 2587 ut
2851 2532 3096 2588 membra
3123 2546 3155 2586 a
3180 2532 3358 2603 capite
3376 2530 3707 2600 discrepent,

2119 2636 2222 2678 nec
2248 2623 2521 2679 contraria
2537 2630 2744 2693 gerant.
2772 2621 2817 2676 Δ
2842 2636 2911 2676 xv
2929 2620 3058 2676 Maii
3073 2635 3204 2677 vero
3225 2620 3352 2674 luna
3363 2618 3525 2689 primi
3552 2633 3708 2672 mcn~

2120 2714 2197 2769 sis
2233 2728 2408 2785 usque
2435 2715 2505 2769 ad
2531 2730 2626 2769 xxi
2661 2712 2902 2783 ejusdem
2950 2713 3155 2768 mensis
3205 2711 3380 2776 diem,
3409 2710 3600 2766 eadem
3619 2725 3711 2765 ce-

2122 2803 2364 2859 lebretur
2391 2803 2675 2859 festivitas.
2720 2803 2925 2858 Eodem
2966 2817 3098 2858 vero
3125 2810 3371 2873 tempore
3406 2800 3710 2872 baptismus

2119 2894 2480 2955 celebrandas
2516 2903 2600 2950 est
2638 2893 2944 2951 catholicis.
3001 2893 3109 2950 Sed
3145 2902 3349 2961 tamen,
3407 2894 3455 2948 si
3487 2907 3711 2949 necesse

2121 2985 2306 3053 fuerit,
2361 2995 2456 3041 aut
2480 2986 2676 3043 mortis
2702 2986 3006 3057 periculum
3048 2985 3336 3057 ingruerit,
3369 2983 3598 3056 gentiles
3640 2984 3709 3040 ad

2123 3077 2285 3134 ﬁdem
2311 3079 2594 3134 venientes
2614 3094 2938 3151 quocunque
2958 3079 3097 3145 loco,
3140 3078 3225 3134 vel
3248 3088 3543 3145 momento,
3591 3080 3712 3133 ubi-

428 3171 531 3226 stri
555 3170 802 3225 Anacleti
821 3210 837 3236 ,
881 3169 1126 3242 quaedam
1160 3170 1266 3240 iam
1296 3171 1515 3228 decreta
1541 3171 1862 3241 reperimus.
1898 3171 2017 3227 Sci-
2042 3145 2087 3208 ί)
2119 3184 2332 3239 cunque
2356 3171 2629 3236 evenient,
2670 3171 2786 3226 sive
2815 3170 2870 3227 in
2892 3169 3131 3236 ﬂumine,
3159 3171 3274 3226 sive
3317 3170 3372 3225 in
3404 3170 3567 3237 mari,
3596 3170 3711 3225 sive

429 3275 551 3315 mus
571 3261 738 3326 enim,
767 3262 986 3317 beatum
1023 3260 1316 3329 Iacobum,
1349 3262 1443 3331 qui
1486 3261 1768 3316 dicebatur
1796 3260 2011 3330 justus,

428 3350 522 3419 qui
551 3351 715 3405 etiam
761 3352 1056 3407 secundum
1084 3368 1303 3408 carnem
1339 3352 1510 3407 frater
1552 3351 1766 3407 Domini
1807 3369 2015 3409 nuncu-

428 3448 590 3509 patus
613 3448 717 3506 est,
748 3457 780 3495 a
808 3440 990 3506 Petro,
1031 3440 1255 3508 Iacobo,
1285 3450 1339 3497 et
1365 3440 1571 3497 Joanne
1599 3442 1861 3512 apostolis
1888 3443 2015 3498 Hie-

428 3530 715 3602 rosolymis
739 3532 1049 3601 episcopum
1078 3546 1200 3587 esse
1225 3533 1560 3587 ordinatum.
1606 3532 1664 3587 Si
1697 3542 1877 3588 autem
1904 3550 2014 3590 non

429 3619 612 3674 minus
636 3634 799 3689 quam
826 3634 857 3673 a
895 3619 1069 3674 tribus
1108 3620 1390 3689 apostolis,
1424 3628 1606 3677 tantus
1632 3621 1718 3675 vir
1747 3621 1850 3675 fuit
1869 3623 2016 3677 ordi-

430 3718 613 3777 natus,
633 3717 787 3780 patet
805 3710 1048 3783 profecto
1070 3726 1166 3768 eos
1194 3711 1424 3767 formam
1447 3713 1764 3769 instituente
1784 3714 2015 3772 Domino

431 3802 739 3881 tradidisse,
771 3819 877 3858 non
907 3803 1110 3870 minus,
1146 3819 1309 3873 quam
1335 3821 1367 3859 a
1396 3803 1572 3860 tribus
1591 3805 1880 3876 episcopis,
1902 3806 2015 3875 epi-

429 3909 656 3964 scopum
681 3894 923 3950 ordinari
961 3895 1179 3950 debere.
1212 3893 1320 3951 Sed
1350 3905 1629 3952 crescente
1653 3911 1879 3952 numero
1897 3898 2015 3967 epi-

429 4002 739 4057 scoporum,
765 3987 870 4043 nisi
899 3989 1198 4044 necessitas
1223 3988 1597 4055 intervenerit,
1629 3990 1829 4047 debent
1850 3991 2015 4047 etiam

429 4076 613 4146 plures
640 4078 844 4148 augeri,
884 4077 937 4132 id
981 4086 1101 4145 est,
1141 4078 1583 4149 archiepiscopus
1605 4079 1650 4134 si
1689 4080 1918 4148 obierit,
1959 4093 2016 4138 et

430 4169 570 4227 alter
616 4169 950 4227 ordinandus
992 4172 1280 4242 episcopus
1324 4169 1490 4226 fuerit
1535 4187 1727 4228 omnes
1770 4173 2015 4245 ejusdem

429 4261 723 4331 provincia:
766 4263 1005 4334 episcopi
1050 4264 1119 4319 ad
1155 4264 1337 4320 sedem
1374 4264 1771 4335 metropolitani
1811 4281 2012 4324 conve-

431 4354 613 4421 niant,
664 4363 727 4411 ut
781 4356 850 4411 ab
879 4355 1133 4412 omnibus
1174 4356 1291 4428 ipse
1328 4356 1562 4426 eligatur
1605 4365 1661 4412 et
1706 4357 2009 4414 ordinetur.

429 4448 657 4519 Oportet
678 4459 860 4505 autem
890 4461 949 4505 ut
976 4450 1091 4520 ipse
1126 4450 1219 4523 qui
1254 4452 1361 4507 illis
1385 4452 1636 4509 omnibus
1658 4468 1893 4523 praeesse
1919 4454 2015 4510 de-

430 4543 544 4608 bet,
573 4542 641 4597 ab
679 4543 935 4599 omnibus
978 4544 1085 4599 illis
1128 4545 1358 4615 eligatur
1383 4553 1441 4601 et
1466 4545 1764 4602 ordinetur.
1794 4545 2011 4617 Reliqui

428 4649 559 4689 vero
579 4636 1064 4705 comprovinciales
1091 4637 1350 4708 episcopi,
1376 4638 1422 4694 si
1445 4653 1667 4694 necesse
1695 4638 1878 4705 fuerit,
1909 4655 2013 4695 ca:-

430 4726 566 4781 teris
608 4728 1100 4795 consentientibus,
1146 4744 1177 4783 a
1224 4730 1400 4797 tribus
1433 4730 1588 4800 jussu
1619 4730 2012 4803 archiepiscopi

430 4817 740 4873 consecrari
765 4828 995 4887 possunt
1015 4820 1302 4890 episcopis.
1337 4820 1446 4877 Sed
1485 4821 1678 4876 melius
1703 4830 1788 4877 est
1824 4823 1870 4877 si
1897 4823 2011 4892 ipse

406 4924 553 4973 cum
582 4912 835 4969 omnibus
854 4928 979 4968 eum
1007 4915 1100 4984 qui
1128 4915 1320 4987 dignus
1347 4924 1432 4971 est
1465 4915 1722 4989 elegerit,
1750 4925 1806 4973 et
1829 4919 2010 4975 cuncti

428 5001 634 5071 pariter
658 5006 1100 5061 consecraverint
1126 5006 1455 5077 pontiﬁcem.
1486 5008 1555 5063 Et
1580 5007 1708 5064 licet
1736 5008 1878 5063 istud
1915 5024 2010 5064 ne-

427 5092 680 5148 cessitate
709 5102 935 5166 cogente
962 5112 1281 5152 concessum
1324 5096 1428 5162 sit,
1474 5097 1605 5152 illud
1648 5105 1829 5152 autem
1865 5098 2011 5168 quod

429 5184 496 5239 de
515 5185 909 5257 archiepiscopi
929 5187 1343 5244 consecratione
1362 5196 1688 5259 praeceptum
1704 5197 1867 5259 atque
1878 5204 2013 5258 prae-

426 5276 634 5334 dictum
662 5285 769 5346 est,
792 5279 987 5349 idest,
1027 5290 1087 5336 ut
1110 5297 1301 5339 omnes
1345 5282 1670 5353 suﬁ‘raganci
1704 5297 1827 5339 eum
1856 5284 2007 5344 ordi-

425 5378 580 5437 nent,
605 5370 911 5429 nullatenus
940 5372 1216 5428 immutari
1248 5373 1411 5429 licet:
1454 5373 1580 5443 quia
1608 5375 1701 5445 qui
1737 5374 1846 5431 illis
1876 5389 2014 5446 pra:-

425 5467 530 5525 est,
560 5461 629 5516 ab
654 5462 910 5517 omnibus
933 5462 1202 5533 episcopis
1227 5461 1424 5532 quibus
1456 5471 1652 5533 prmest
1690 5464 1853 5520 debet
1878 5478 2010 5520 con-

424 5551 577 5606 stitui
603 5570 617 5606 :
655 5553 740 5608 sin
768 5554 928 5609 aliter
950 5562 1338 5624 praesumptum
1372 5553 1553 5618 fuerit,
1589 5552 1798 5609 viribus
1823 5569 2011 5611 carere

426 5659 535 5698 non
561 5646 783 5703 dubium
808 5655 912 5715 est,
943 5648 1070 5719 quia
1115 5647 1270 5703 irrita
1301 5647 1409 5703 erit
1442 5646 1557 5718 ejus
1585 5661 1742 5702 secus
1776 5655 1895 5703 acta
1922 5662 2013 5703 or-

426 5739 649 5797 diuatio.

2118 3261 2174 3318 in
2198 3260 2463 3327 fontibus,
2519 3268 2730 3316 tantum
2782 3260 3113 3319 Christianas
3150 3260 3495 3317 confessione
3519 3258 3733 3316 credo?

2115 3352 2286 3408 litatis
2311 3351 2628 3418 clariﬁcata,
2651 3353 3016 3422 haptizentur.
3061 3353 3199 3425 Ipsis
3220 3369 3457 3424 quoque,
3478 3354 3625 3424 quod
3654 3354 3710 3409 in

2116 3441 2387 3511 baptismo
2411 3441 2636 3511 polliciti
2663 3450 2809 3506 sunt,
2828 3458 3173 3514 summopere
3199 3451 3283 3499 est
3308 3445 3708 3510 attentcndum,

2117 3549 2187 3589 ne
2211 3531 2474 3597 inﬁdeles,
2507 3532 2601 3588 sed
2625 3532 2811 3593 ﬁdeles
2839 3533 3203 3589 inveniantur.

2792 3644 3037 3701 XXXIX.

2120 3734 2274 3803 Quod
2287 3735 2583 3792 inconsulto
2602 3736 2839 3811 Romano
2862 3736 3324 3811 pontiﬁce,_causce
3347 3738 3707 3811 episcoporum

2603 3823 2708 3862 non
2738 3807 2960 3863 debeant
2988 3807 3224 3880 ili/ﬁniri.
3376 3807 3385 3811 ⁷
3456 3824 3457 3827 ‘

2564 3900 2665 3972 (Ex
2726 3901 2918 3956 eadem
2969 3901 3247 3974 epistola.)
3594 3952 3599 3957 κ

2184 3990 2262 4046 Ea
2277 4006 2374 4045 vos
2382 3989 2649 4059 judicare,
2668 3992 2737 4046 ad
2758 3990 3116 4061 apostolicam
3132 3991 3371 4048 delatum
3383 3999 3470 4048 est
3493 3993 3701 4058 sedem,

2114 4096 2237 4153 quae
2264 4088 2490 4151 propter
2528 4077 2737 4153 [Forte,
2773 4080 2992 4153 praeter]
3030 4089 3275 4138 nostram
3297 4081 3453 4138 vobis
3475 4081 3709 4139 diﬁinire

2114 4186 2223 4228 non
2254 4171 2383 4226 licet
2416 4171 2822 4238 auctoritatem,
2855 4170 2909 4227 id
2939 4179 3048 4238 est,
3087 4173 3465 4243 episcoporum
3490 4188 3704 4230 causas.

2117 4264 2273 4322 Unde
2301 4265 2376 4320 ita
2406 4265 2759 4321 constitutum
2785 4264 2956 4336 liquet
2980 4280 3015 4321 a
3049 4271 3300 4336 tempore
3335 4265 3706 4336 apostolorum

2114 4363 2170 4413 et
2214 4357 2468 4429 deinceps
2503 4353 2745 4427 placuit,
2778 4364 2840 4412 ut
2880 4364 3169 4413 accusatus
3219 4358 3304 4412 vel
3344 4357 3624 4428 judicatus
3670 4373 3700 4412 a

2114 4450 2657 4522 comprovincialibus
2670 4451 2725 4506 in
2753 4450 2933 4520 aliqua
2954 4466 3117 4508 causa
3150 4452 3437 4524 episcopus
3473 4451 3705 4507 licenter

2115 4541 2367 4615 appellet,
2391 4551 2449 4600 et
2482 4542 2644 4598 adeat
2669 4542 2978 4613 apostolicae
3003 4541 3149 4599 sedis
3193 4541 3510 4614 pontiﬁcem
3544 4559 3557 4596 :
3604 4543 3697 4612 qui

2114 4642 2210 4689 aut
2232 4648 2332 4705 per
2360 4648 2421 4690 se
2441 4640 2535 4689 aut
2555 4633 2792 4690 vicarios
2816 4649 2947 4690 suos
2975 4634 3093 4705 ejus
3113 4634 3397 4690 retractari
3426 4634 3699 4704 negotium

2111 4731 2390 4795 procuret,
2435 4731 2493 4780 et
2519 4724 2648 4779 dum
2690 4724 2888 4780 iterato
2922 4722 3131 4793 judicio
3176 4723 3422 4795 pontifex
3478 4739 3701 4780 causam

2111 4831 2267 4872 suam
2294 4816 2426 4889 agit,
2457 4816 2637 4873 nullus
2659 4815 2797 4874 alius
2821 4816 2877 4871 in
2900 4816 3020 4887 ejus
3046 4817 3165 4875 loco
3191 4826 3447 4889 ponatur,
3488 4826 3581 4873 aut
3618 4798 3706 4873 or-

2111 4908 2331 4965 dinetur
2348 4909 2637 4982 episcopus
2661 4927 2675 4963 :
2705 4911 2988 4981 quoniam,
3027 4926 3336 4982 quanquam
3362 4911 3702 4982 comprovin-

2113 5003 2341 5059 cialibus
2362 5004 2634 5074 episcopis
2665 5003 2905 5060 accusati
2932 5019 3154 5061 causam
3175 5005 3450 5076 pontiﬁcis
3470 5003 3698 5060 scrutari

2112 5093 2293 5160 liceat,
2318 5110 2425 5150 non
2451 5103 2631 5150 tamen
2655 5092 2906 5162 diﬁlnire,
2944 5094 3252 5152 inconsulto
3281 5096 3526 5151 Romano
3563 5108 3688 5163 pon—

2112 5183 2278 5252 tiﬁce,
2314 5186 2638 5255 permissum
2668 5193 2773 5241 est.

2844 5300 2957 5355 XL.

2114 5390 2493 5462 Episcoporum
2533 5400 2684 5446 testes
2727 5402 2850 5463 quot
2907 5410 3015 5447 esse
3044 5392 3284 5453 debeant,
3326 5396 3373 5441 et
3404 5403 3466 5441 ne
3511 5385 3691 5440 absens

2616 5463 2889 5532 quisquam
2902 5463 3190 5531 judicemr.

2113 5552 2216 5624 (Ex
2254 5550 2479 5622 epistola
2536 5551 2825 5635 Zenplixilini
2865 5548 3251 5635 papze.‘scrip‘ta
3298 5547 3550 5602 erunibus
3599 5561 3691 5615 per

2595 5620 2833 5679 Siciliam
2859 5620 3212 5689 Constitutis.)

2183 5734 2512 5791 I’atriarcba:
2542 5735 2625 5790 vel
2675 5734 2933 5801 primates
2981 5737 3293 5786 accusatum
3340 5728 3693 5787 discutientet
