3970 6202
378 289 513 346 1107

1527 295 1787 354 BENE-II
1825 295 2191 355 CUBIENSIS
2229 299 2537 360 EPISCOPI

3523 321 3666 381 “08

375 383 713 470 episcopum,
744 417 851 458 non
870 409 995 457 ante
1017 405 1345 460 sententiam
1381 406 1665 476 proferant
1697 406 1962 462 ﬁnitivam
1989 409 2039 468 Α
2065 407 2296 476 stituite,
2339 414 2484 469 unde
2519 415 2718 474 horum
2748 423 3007 482 societate
3031 433 3086 484 et
3116 429 3428 499 adjumento
3484 436 3664 506 pluri-

376 504 540 557 quam
581 489 878 560 apostolica
903 489 1024 546 fulti
1051 493 1397 560 auctoritate,
1447 505 1541 550 aut
1582 511 1736 551 reum
1765 497 1968 570 seipse

377 578 720 646 conﬁteatur,
748 587 841 634 aut
869 596 967 651 per
993 583 1312 640 innocentes
1332 594 1388 639 et
1413 585 1736 657 regulariter
1760 591 1967 644 exami-

379 679 540 723 natos
568 669 925 725 convincatur
954 680 1152 728 testes:
1207 675 1297 744 qui
1329 676 1567 733 minores
1595 693 1701 733 non
1723 679 1834 734 sint
1870 697 1965 736 nu-

377 776 532 816 mero
551 776 714 831 quam
737 762 814 817 illi
841 763 1113 834 discipuli,
1134 780 1272 836 quos
1311 767 1572 824 Dominus
1597 770 1967 840 adjumentum

379 850 748 919 apostolorum
792 854 992 927 eligere
1026 858 1305 928 prmeepit,
1345 858 1396 912 id
1433 868 1518 914 est
1542 862 1877 931 septuaginta
1913 873 1968 918 ct

378 943 505 997 duo.
573 941 921 1001 Detractores
973 961 1222 1018 quoque,
1283 950 1376 1019 qui
1413 950 1593 1005 divina
1643 955 1968 1010 auctoritate

373 1034 689 1091 eradicandi
745 1047 894 1104 sunt,
937 1045 993 1093 et
1017 1049 1270 1097 auctores
1299 1042 1639 1098 inimicorum
1664 1045 1732 1098 ab
1768 1046 1970 1116 episco-

371 1126 480 1196 pali
513 1126 894 1184 submovemus
933 1131 1281 1188 accusatione
1327 1133 1410 1188 vel
1449 1135 1783 1191 testimonio.
1855 1136 1967 1192 Nec

376 1233 712 1276 summorum
737 1223 1028 1294 quispiam,
1084 1242 1184 1282 nec
1213 1229 1483 1284 minorum
1528 1233 1968 1286 accusationibus

375 1307 673 1377 impetatur
704 1321 798 1367 aut
833 1315 1125 1385 dispereat,
1181 1334 1358 1388 neque
1418 1322 1470 1374 in
1502 1337 1561 1377 re
1599 1323 1766 1377 dubia
1816 1333 1965 1378 cer-ta

368 1395 646 1464 judieetur
697 1406 987 1472 sententia,
1019 1423 1121 1462 nec
1166 1409 1332 1463 ullum
1356 1409 1648 1479 judicium,
1682 1414 1784 1468 nisi
1824 1415 1970 1469 ordi-

374 1489 630 1546 nabiiiter
655 1492 922 1561 habitum,
963 1505 1233 1553 teneatur.
1289 1501 1501 1557 Absens
1521 1517 1654 1560 vero
1695 1505 1966 1574 nemoju-

377 1580 610 1649 «licetur,
639 1584 767 1652 quia
798 1594 855 1641 et
877 1587 1074 1643 divina:
1099 1597 1157 1644 et
1175 1591 1432 1646 humanae
1454 1594 1555 1649 hoc
1575 1595 1867 1664 prohibent
1891 1596 1966 1652 le-

375 1688 490 1741 ges.
523 1673 821 1732 Accusator
845 1687 1025 1735 autem
1039 1697 1229 1737 eorum
1252 1685 1397 1739 omni
1421 1696 1609 1742 careat
1631 1690 1961 1759 suspicione,

373 1765 503 1832 quia
529 1767 811 1824 columnas
832 1785 960 1826 suas
987 1771 1252 1829 Dominus
1283 1774 1513 1831 ﬁrmiter
1536 1788 1683 1832 stare
1715 1781 1962 1846 voluerit,

374 1870 482 1908 non
511 1871 543 1910 a
589 1859 922 1928 quibuslibet
965 1864 1178 1935 agitari.
1234 1866 1448 1922 Nullum
1493 1885 1730 1941 namque
1775 1888 1964 1929 eorum

376 1948 646 2004 sententia
666 1966 774 2006 non
815 1967 844 2006 a
874 1969 970 2008 suo
990 1954 1174 2023 judice
1197 1958 1341 2012 dicta
1367 1961 1720 2032 constringat,
1762 1963 1887 2033 quia
1911 1973 1967 2018 et

369 2036 518 2108 leges
570 2041 762 2099 saeculi
807 2043 1040 2114 idipsum
1091 2047 1210 2104 ﬁeri
1257 2051 1605 2121 prazcip'iunt.
1669 2055 1964 2111 Duodecim

370 2131 516 2185 enim
535 2129 748 2200 judices
767 2136 994 2206 quilibet
1012 2139 1310 2212 episcopus
1337 2152 1645 2211 accusatus,
1675 2147 1718 2201 si
1739 2139 1961 2204 necesse

368 2218 557 2288 fuerit,
594 2223 782 2296 eligat,
819 2241 850 2280 ι
886 2229 1084 2296 quibus
1132 2230 1251 2301 ejus
1268 2247 1436 2288 causa
1456 2233 1605 2303 juste
1647 2236 1958 2307 iudicetur;

369 2329 474 2369 nec
496 2316 651 2386 prius
697 2320 949 2376 audiatur
985 2332 1085 2378 aut
1105 2329 1634 2394 exconimunicet-nr,
1666 2347 1830 2402 quam
1856 2334 1960 2404 ipsi

367 2421 467 2476 per
493 2423 553 2463 se
581 2409 868 2480 eligantur,
930 2422 986 2470 et
1037 2417 1362 2486 regulariter
1410 2430 1636 2477 vocatus
1675 2435 1706 2476 a
1738 2440 1959 2481 suorum

363 2495 550 2566 primo
579 2508 909 2558 conventum
933 2505 1334 2576 episcopomm,
1373 2526 1477 2580 .per
1505 2526 1601 2567 eos
1649 2512 1766 2582 ejus
1797 2531 1960 2572 causa

361 2586 514 2657 justo
549 2591 806 2648 audiatur
835 2603 892 2650 et
941 2597 1338 2655 rationabiliter
1386 2603 1751 2660 discernatur.
1812 2607 1962 2664 Finis

370 2697 502 2737 vero
531 2683 652 2754 ejus
688 2701 868 2742 causa:
887 2689 954 2743 ad
980 2689 1161 2744 sedem
1191 2694 1546 2762 apostolicam
1576 2697 1876 2764 deferuuit,
1900 2710 1961 2756 ut

376 2772 452 2828 ibi
482 2773 892 2842 determinctur,
930 2794 1032 2835 nec
1055 2789 1185 2837 ante
1205 2780 1445 2851 ﬁniatur,
1487 2786 1625 2841 sicut
1649 2788 1718 2842 ab
1745 2798 1962 2860 aposto-

369 2860 438 2916 lis
469 2862 552 2918 vel
573 2868 980 2924 successoribus
1001 2882 1189 2925 eorum
1214 2871 1343 2927 olim
1372 2882 1638 2931 statutum
1665 2888 1771 2942 est,
1797 2896 1961 2949 quam

375 2953 495 3022 ejus
524 2958 852 3014 auctoritate
868 2959 1145 3019 iniciatur.

1099 3081 1234 3137 ΧΗ.

370 3160 528 3225 Quod
550 3162 728 3246 mdtus
758 3168 1030 3246 episcopus
1052 3083 1279 3246 ρνξζξὶε
1350 3175 1476 3246 obus
1498 3177 1777 3246 spoliatus,
1806 3191 1960 3237 anle~

457 3247 614 3300 quam
635 3235 750 3288 suis
780 3235 1106 3303 reresiiatdr,
1131 3235 1313 3295 debeat
1349 3245 1419 3297 ad
1439 3235 1644 3311 iudicia
1667 3235 1866 3304 vocari.

371 3337 472 3405 (εκ
505 3338 735 3408 etim
762 3342 1129 3435 ςῖυεηειξξιςειν
1165 3348 1367 3435 serica
1391 3351 1648 3435 ξτειπτῖιρηε
1675 3374 1776 3429 per
1795 3359 1962 3435 Egy-

737 3420 890 3482 ptum
909 3415 1140 3474 Domino
1179 3415 1585 3498 militantibus.)

442 3521 759 3580 Nuntiatum
779 3534 866 3581 est
882 3528 1031 3583 enim
1057 3531 1172 3587 sedi
1202 3536 1512 3603 apostolicae
1538 3554 1638 3609 per
1665 3545 1958 3614 apocrisia«

367 3615 480 3669 rios
511 3625 754 3697 nostros,
777 3621 1037 3688 quosdam
1059 3621 1289 3681 fratrum
1314 3638 1644 3698 nostrorum,
1669 3637 1957 3709 episeopo-

365 3719 489 3759 rum
534 3707 762 3772 scilicet,
814 3711 885 3763 ab
911 3713 1153 3770 ecclesiis
1178 3725 1233 3771 et
1263 3719 1480 3777 sedibus
1523 3728 1762 3796 propriis
1805 3707 1955 3801 pelli,

363 3811 571 3865 suaque
598 3798 677 3852 eis
698 3796 913 3863 iauferri
951 3805 1330 3873 supellectilis,
1367 3818 1422 3865 et
1452 3814 1531 3868 sic
1556 3817 1731 3873 nudos
1777 3796 1832 3875 et
1863 3796 1958 3878 ex;

363 3885 626 3954 spoliatos
648 3889 715 3944 ad
736 3887 940 3958 judicia
985 3897 1166 3950 vocari
1197 3915 1210 3952 :
1268 3903 1411 3970 quod
1446 3907 1592 3960 omni
1634 3910 1848 3967 ratione
1870 3929 1956 3969 ca-

362 3986 468 4041 ret,
487 3990 612 4032 cum
624 3985 828 4034 statuta
849 3984 1213 4051 apostolorum
1231 4004 1525 4063 eorumque
1551 4011 1954 4071 successorum,

357 4077 416 4121 et
469 4076 740 4139 praecepta
767 4069 1163 4140 imperatorum
1211 4095 1276 4134 ac
1322 4083 1746 4143 constitutiones
1775 4069 1956 4161 legum

357 4161 597 4231 idipsum
627 4163 968 4232 provideant,
1033 4176 1089 4223 et
1117 4173 1427 4241 apostolicae
1463 4178 1609 4234 sedis
1654 4183 1953 4242 auctoritas

359 4253 596 4320 idipsum
625 4251 744 4309 ﬁeri
780 4263 946 4311 vetet.
1001 4258 1338 4332 Praeeqitum
1369 4275 1454 4322 est
1480 4283 1610 4339 ergo
1641 4270 1693 4324 in
1717 4274 1954 4344 antiquis

353 4342 598 4408 statutis,
641 4343 930 4416 episcopos
952 4346 1155 4417 eiectos
1177 4362 1341 4424 atque
1361 4359 1476 4413 suis
1501 4359 1664 4416 rebus
1689 4342 1953 4434 exspolia-

2070 514 2217 554 mum
2255 504 2558 571 gaudeatis.

2779 607 2958 664 XLHI.

2357 687 2436 743 De
2465 695 2851 763 conspiratione
2880 711 3065 758 contra
3086 707 3380 780 episcopos.

2072 790 2173 863 (Ex
2206 797 2435 865 epistola
2468 801 2655 859 Calisti
2695 823 2852 885 papae
2887 815 3094 885 scripta
3146 820 3213 872 ad
3247 836 3438 880 omnes
3460 825 3672 884 Gallia-

2498 889 2619 928 rum
2647 879 2859 936 urbium
2893 879 3223 963 episcopos.)

2140 972 2615 1046 Conspirationum
2667 1003 2793 1044 vero
2815 992 3046 1051 crimina
3084 1003 3282 1058 vestris
3332 1006 3385 1060 in
3413 1011 3669 1077 partibus

2069 1063 2252 1131 vigere
2297 1070 2625 1140 audivimus,
2675 1086 2730 1133 et
2768 1080 2953 1150 plebes
2979 1095 3168 1142 contra
3219 1093 3507 1166 episcopos
3535 1115 3670 1156 suos

2068 1157 2390 1227 conspirare
2406 1163 2562 1219 nobis
2589 1170 2898 1227 mandatu-In
2911 1184 2998 1230 est
3023 1195 3036 1230 :
3061 1178 3220 1247 cujus
3241 1183 3485 1242 criminis
3510 1198 3669 1243 astu-

2073 1245 2147 1298 tia
2181 1263 2289 1303 non
2349 1251 2523 1307 solum
2557 1254 2702 1311 inter
2738 1258 3078 1322 Christianos
3117 1245 3496 1330 abominabilis
3550 1288 3666 1343 cst,

2069 1339 2164 1394 sed
2183 1340 2350 1396 etiam
2375 1343 2518 1400 inter
2543 1349 2881 1419 ethnicos,et
2909 1360 2976 1412 ab
2996 1361 3197 1417 exteris
3224 1363 3337 1434 lege
3358 1339 3666 1436 prohibita.

2070 1430 2136 1485 Et
2156 1432 2358 1491 idcirco
2383 1437 2545 1508 hujus
2569 1443 2817 1503 criminis
2844 1463 2969 1505 reos
2992 1468 3100 1516 non
3128 1457 3302 1512 solum
3326 1461 3662 1519 ecclesiasti-

2069 1537 2168 1588 cae,
2195 1527 2291 1581 sed
2313 1528 2478 1584 etiam
2507 1535 2688 1590 saeculi
2735 1538 2995 1596 damnant
3020 1543 3188 1616 leges,
3244 1558 3299 1604 et
3345 1567 3451 1606 non
3480 1555 3662 1610 solum

2069 1617 2468 1687 conspirantes,
2497 1625 2592 1678 sed
2611 1633 2668 1680 et
2697 1633 3098 1689 consentientes
3127 1637 3226 1693 cis.
3267 1638 3664 1701 Antecessores

2071 1720 2200 1761 vero
2239 1713 2408 1766 nostri
2435 1728 2597 1782 quam
2627 1718 2856 1787 plurima
2891 1726 3046 1780 turba
3077 1728 3474 1800 episcoporum,
3527 1737 3658 1806 qui-

2071 1811 2285 1867 cunque
2309 1815 2496 1858 eorum
2525 1803 2580 1860 in
2626 1812 2948 1868 sacerdotali
2995 1818 3185 1874 ordine
3216 1829 3341 1877 sunt
3374 1803 3661 1883 constituti

2071 1893 2167 1939 aut
2197 1888 2436 1946 existunt
2459 1893 2665 1963 clerici,
2683 1899 2894 1958 honore
2922 1921 3029 1975 quo
3056 1917 3280 1966 utuntur
3302 1916 3496 1973 cadere
3526 1933 3667 1988 pra:-

2071 1991 2351 2048 ccperu-nt,
2408 1995 2639 2046 cancros
2679 2007 2810 2049 vero
2853 2003 3230 2060 communione
3257 2007 3459 2076 privari
3503 2020 3560 2066 et
3591 2013 3664 2068 ab

2062 2071 2313 2129 Ecclesia
2338 2085 2586 2136 extorres
2621 2083 2745 2140 ﬁeri
2768 2087 3068 2158 jusserunt,
3118 2104 3174 2150 et
3209 2113 3316 2153 non
3349 2101 3526 2157 solum
3569 2104 3658 2159 fa-

2068 2163 2294 2232 cientes,
2321 2169 2415 2223 sed
2442 2172 2524 2226 eis
2544 2178 2966 2236 consentientes.

2291 2370 2772 2434 Excommunicatis
2797 2399 2900 2437 non
2922 2390 3416 2446 communicandum

2544 2465 2646 2539 (Ex
2675 2471 2862 2527 eadem
2891 2474 3166 2544 epistola.)

2139 2579 2654 2644 Excommunicatos
2707 2606 2923 2661 quoque
2969 2609 3001 2648 a
3048 2598 3424 2654 sacerdotibus
3468 2603 3660 2658 nullus

2065 2670 2432 2740 recipiatante
2453 2678 2736 2749 utriusque
2749 2685 2922 2750 partis
2951 2688 3408 2746 examinationem
3425 2692 3655 2762 justam,

2064 2770 2166 2812 nec
2205 2774 2328 2815 cum
2369 2763 2450 2819 eis
2500 2767 2557 2821 in
2599 2771 2866 2838 oratione,
2907 2783 3002 2830 aut
3049 2778 3191 2844 cibo,
3236 2783 3325 2836 vel
3358 2793 3506 2853 potu,
3557 2797 3659 2841 aut

2064 2850 2252 2906 osculo
2273 2857 2658 2926 communicet,
2695 2877 2796 2918 nec
2818 2879 2916 2920 ave
2955 2867 3035 2922 eis
3071 2869 3249 2926 dicat:
3273 2875 3401 2942 quia
3423 2876 3655 2945 quicun-

2066 2955 2172 3010 que
2197 2943 2250 2998 iu
2297 2943 2387 3000 bis
2415 2948 2499 3003 vel
2525 2949 2648 3007 aliis
2683 2956 2976 3024 prohibitis
3010 2962 3250 3019 scienter
3278 2943 3655 3025 excommuni-

2066 3034 2206 3090 catis
2233 3041 2739 3114 communicaverit,
2770 3047 2926 3117 juxta
2951 3054 3320 3122 apostolorum
3354 3059 3653 3118 institutio-

1985 3113 2034 3174 C
2067 3138 2194 3179 nem
2223 3134 2279 3182 et
2306 3127 2426 3200 ipse
2447 3132 2612 3190 simili
2635 3113 3203 3201 excommunicatioae
3227 3148 3526 3218 subiaceat.
3567 3153 3658 3208 Ab

2066 3212 2154 3268 his
2176 3229 2308 3287 ergo
2329 3229 2383 3274 et
2425 3222 2613 3280 clerici
2635 3235 2692 3282 et
2737 3227 2858 3286 laici
2887 3247 2946 3289 se
2966 3234 3296 3306 abstineant,
3321 3212 3432 3311 vqui
3457 3245 3662 3301 eadem

2064 3305 2178 3372 pati
2205 3307 2499 3368 noluerint.

2406 3490 2677 3555 Termino:
2707 3412 3302 3578 noflt‘tznsgmdicndos.

2547 3587 2654 3659 (Ex
2685 3594 2876 3651 eadem
2901 3599 3173 3673 epistola.)

2007 4296 2025 4311 ,
2053 4245 2460 4314 transgrediaris
2474 4253 2727 4308 terminos
2743 4258 2988 4329 antiquos
3011 4255 3192 4333 (Prov.
3209 4281 3348 4334 ml,
3366 4269 3483 4340 28).
3509 4267 3653 4325 Nul-

2049 4331 2139 4390 lus
2177 4345 2364 4393 autem
2383 4341 2596 4410 primas
2617 4345 2706 4400 vel
2732 4331 3202 4422 netropoiitanus,
3233 4331 3531 4415 dimcesani
3551 4375 3651 4416 ec-

359 4442 444 4487 tos
469 4432 732 4492 ecclesias
757 4438 1010 4508 proprias
1033 4443 1304 4514 accipere,
1355 4457 1418 4502 et
1441 4450 1618 4519 primo
1647 4469 1744 4508 sua
1770 4427 1954 4513 omnia
1977 4459 2032 4520 D
2054 4427 2279 4485 mam
2303 4432 2386 4488 vel
2407 4437 2748 4506 parochiam,
2771 4449 2869 4496 πί
2895 4444 3212 4515 aliquem“
3233 4447 3350 4518 eius
3377 4453 3649 4520 Pam“

358 4527 439 4581 eis
479 4528 652 4597 reddi,
692 4537 756 4586 et
778 4531 860 4586 ita
885 4533 1126 4602 demum,
1160 4540 1206 4594 si
1234 4542 1357 4611 quis
1383 4559 1476 4600 eos
1515 4545 1664 4615 juste
1693 4563 1952 4610 accusare

355 4619 609 4688 voluerit,
637 4626 1050 4697 teqnopericulo
1075 4629 1256 4688 facere
1275 4635 1487 4706 indices
1503 4655 1625 4696 esse
1646 4643 1948 4702 decernen-

358 4720 464 4775 tes,
498 4715 783 4789 episcopos
820 4728 969 4777 recte
996 4724 1292 4795 sapientes,
1333 4735 1468 4786 etin
1493 4735 1725 4791 ecclesia
1752 4751 1950 4794 convc-

359 4803 594 4871 nientes,
647 4811 740 4866 ubi
768 4820 934 4869 testes
959 4825 1146 4872 essent
1196 4821 1553 4892 singulorum,
1589 4829 1680 4898 qui
1698 4833 1951 4900 Oppressi

357 4893 679 4954 videbantur
707 4918 720 4954 :
758 4917 861 4960 nec
881 4905 1036 4974 prius
1052 4921 1154 4964 eos
1187 4914 1520 4982 respondere
1549 4917 1747 4975 debere
1776 4935 1941 4991 quam

357 4986 537 5039 omnia
557 5001 657 5042 sua
682 4991 762 5048 eis
788 5002 844 5049 et
867 4997 1114 5055 ecclesiis
1133 5015 1328 5058 eorum
1355 5004 1564 5075 legibus
1590 5009 1941 5082 integerrime

358 5079 733 5136 restituantur.

1068 5184 1226 5247 XL".

878 5293 957 5350 De
984 5297 1421 5359 ordinationibus.

813 5406 916 5479 (Ex
967 5409 1158 5466 eadem
1210 5415 1482 5489 epistola.)

423 5509 801 5572 Ordinationes
815 5521 1394 5595 veropresbyterorum
1424 5535 1478 5582 et
1502 5529 1786 5587 levitarum
1805 5541 1938 5590 tem-

350 5611 484 5665 pore
509 5617 838 5678 congruo,et
862 5611 1046 5668 multis
1073 5629 1256 5670 coram
1286 5619 1592 5675 astantibus
1620 5623 1935 5682 solemniter

355 5689 526 5758 agite;
563 5699 936 5766 etprobabilcs
961 5719 1027 5758 ac
1049 5703 1238 5763 doctos
1267 5706 1412 5763 viros
1433 5709 1502 5764 ad
1525 5709 1628 5766 hoc
1650 5727 1785 5783 opus
1800 5729 1931 5772 con-

2050 4533 2352 4590 primth
2392 4532 2896 4600 excommnicare,
2946 4536 3315 4607 veljudicare,
3363 4542 3648 4614 aliquidve

2052 4627 2215 4683 agere
2237 4614 2440 4685 absque
2451 4617 2568 4687 ejus
2589 4622 2816 4678 consilio
2841 4625 2925 4680 vel
2945 4623 3169 4694 judicio.
3190 4629 3305 4686 Sed
3325 4631 3434 4688 ‘boc
3449 4633 3649 4690 obser-

2053 4713 2143 4760 vet
2162 4708 2307 4777 quod
2333 4711 2403 4765 ub
2432 4714 2690 4782 apostolis
2712 4729 2778 4771 ac
2799 4719 3052 4786 patribus
3070 4729 3126 4776 et
3143 4724 3649 4792 prmdecexoribus

2053 4798 2254 4854 nostris
2275 4809 2358 4856 est
2379 4809 2664 4872 statutum,
2685 4814 2742 4861 et
2765 4823 2796 4862 a
2823 4810 2980 4866 nobis
3002 4814 3409 4883 conﬁrmatum,
3445 4817 3500 4872 id
3528 4828 3643 4885 est,

2051 4885 2098 4940 si
2121 4887 2244 4956 quis
2274 4893 2724 4963 metropolitanus
2749 4899 3056 4971 episcopus,
3093 4904 3198 4960 nisi
3223 4907 3367 4976 quod
3387 4907 3458 4963 ad
3476 4921 3645 4966 suam

2050 4977 2389 5037 solummodo
2412 4986 2688 5054 propriam
2716 4991 2954 5057 pertinet
2975 4996 3314 5063 parochiam,
3351 4999 3470 5054 sine
3493 5014 3644 5056 con-

2049 5068 2170 5125 silio
2195 5079 2252 5126 et
2285 5073 2562 5133 voluntate
2582 5081 2823 5137 omnium
2851 5088 3396 5156 comprovincialium
3415 5093 3645 5163 episco-

2047 5175 2261 5230 porum,
2310 5173 2469 5222 extra
2509 5169 2713 5241 aliquid
2770 5189 2934 5244 agere
2971 5183 3283 5248 mutaverit,
3317 5187 3520 5255 gradus
3551 5190 3642 5244 sui

2049 5254 2286 5323 periculo
2307 5259 2630 5330 subjacebi't.
2661 5273 2718 5320 et
2741 5267 2886 5335 quod
2908 5269 3102 5340 egerit,
3123 5254 3339 5328 irritum
3361 5275 3644 5334 habeatur

2045 5353 2101 5400 et
2134 5363 2382 5405 vacuum.
2447 5351 2557 5410 Sed
2583 5357 2844 5428 quidquid
2873 5360 2943 5416 de
2969 5364 3384 5432 provinciaiium
3423 5369 3642 5438 episeo-

2043 5451 2236 5507 porum
2258 5443 2459 5510 causis,
2471 5459 2772 5518 canumque
2795 5450 3175 5521 ecclesiarum,
3195 5464 3250 5510 et
3275 5456 3634 5525 clericorum,

2041 5535 2205 5596 atque
2233 5532 2595 5602 saecularium,
2614 5541 2988 5596 necessarium
3019 5544 3306 5616 agere’aat
3339 5547 3639 5618 disrionere

2040 5631 2262 5676 necesse
2307 5620 2492 5691 fuerit,
2539 5625 2642 5682 hoc
2673 5642 2797 5684 cum
2825 5633 3067 5690 omnium
3103 5649 3370 5693 consensu
3405 5641 3633 5709 provin-

2039 5711 2255 5770 cialium
2307 5725 2500 5788 agatur
2557 5721 2913 5791 pontiﬁcum,
2973 5742 3083 5784 non
3141 5729 3327 5802 aliquo
3373 5731 3637 5788 domina-
