3970 6202
340 271 472 329 illi

1801 281 2128 341 NO'l‘ANDA

3469 305 3605 360 H19.

339 398 556 483 oportet
583 390 890 483 hujusmodi
917 393 1192 483 hominem
1226 394 1469 465 Satanae,
1495 404 1554 453 ut
1576 396 1798 470 spiritus
1817 398 1926 456 sal-
1950 405 2006 466 Α
2028 402 2188 460 celsa:
2215 405 2542 475 constituta,
2572 417 2629 466 et
2653 420 2969 483 praeparata:
2991 413 3343 472 inveniuntur
3375 413 3432 471 in
3463 418 3613 473 thro-

339 498 433 538 nus
469 481 566 554 ﬁat
597 484 654 539 in
678 482 763 539 die
781 482 994 538 Domini
1017 482 1070 557 (1
1099 482 1223 540 Cor.
1265 500 1320 553 v,
1349 483 1428 559 5).

1049 572 1236 628 XLIX.

853 664 933 720 De
963 664 1084 720 sede
1108 666 1353 740 episcopi.

803 755 906 829 (Ex
931 757 1121 812 eadem
1150 758 1426 832 epistola.)

406 841 560 912 Quod
607 853 789 901 autem
819 847 976 903 sedes
1005 847 1061 902 in
1105 848 1490 920 episcoporum
1516 850 1764 908 ecclesiis
1817 867 1918 909 ex-

2025 512 2116 564 no,
2154 501 2600 571 speculationem,
2633 511 2688 560 et
2722 512 3048 575 potestatem
3084 509 3369 580 judicandi
3416 519 3474 566 et
3499 514 3613 568 sol-

2025 592 2206 657 vendi,
2232 600 2394 663 atque
2416 593 2618 666 ligandi
2666 611 2700 651 a
2732 596 2963 656 Domino
2993 600 3097 655 sibi
3123 601 3306 656 datam
3355 604 3607 660 materia:

2025 681 2212 748 docet;
2242 683 2386 739 unde
2417 683 2668 741 Salvator
2695 686 2757 742 in
2783 688 3072 761 Evangelio
3099 691 3177 745 ait
3217 709 3230 745 :
3266 692 3610 760 Qumcunque

2023 772 2309 845 ligaveritis
2333 793 2490 848 super
2513 787 2733 847 terram,
2763 791 2918 836 erunt
2945 781 3109 854 ligata
3132 785 3189 837 in
3212 783 3339 838 caelo
3369 797 3420 838 ι.

405 990 434 1020 ι
469 977 678 1036 αξιοι-ει
703 980 1102 1050 desiderantur,
1129 991 1192 1040 ut
1233 992 1290 1041 et
1310 983 1528 1057 Notingi
1557 986 1796 1058 episcopi
1825 986 2059 1059 capitula
2084 1001 2204 1058 qua:
2228 985 2489 1044 Remedio
2521 989 2720 1059 adjecit
2749 989 2857 1048 lide
2884 991 3151 1052 Coldasti‘.

364 1139 3592 1191 EWW

1380 1303 1949 1398 NOTANDA
2020 1307 2551 1414 QUIEDAM

1933 1519 1999 1562 IN

797 1660 1150 1719 SMARAGDI
1185 1661 1480 1719 ABBATIS
1517 1660 2035 1719 COLLECTIONES
2067 1662 2135 1718 1N
2172 1662 2552 1721 EPISTOLAS
2590 1665 2680 1722 ET
2719 1667 3112 1727 EVANGELIA

1365 1819 1513 1896 Qua:
1537 1838 1656 1900 per
1689 1819 2028 1880 circuitum
2070 1821 2222 1882 anni
2251 1819 2562 1901 leguntur.

391 2056 861 2116 Commentarlum
895 2060 1220 2124 perpetuum
1271 2069 1306 2108 a
1358 2052 1661 2125 Smaragdo
1714 2053 1912 2108 abbate
1937 2058 1986 2116 B
2014 2053 2187 2120 votis,
2225 2068 2290 2109 ac
2339 2054 2654 2110 Christianae
2693 2054 2867 2126 plebis
2903 2060 3218 2116 necessitati
3261 2064 3596 2138 inserviunt,

322 2148 379 2203 in
409 2143 648 2217 singulas
691 2141 1109 2214 Evangelion
1149 2150 1206 2198 et
1237 2142 1603 2213 Epistolarum
1650 2141 1912 2198 lectiones

321 2237 667 2304 adornatum,
691 2235 870 2291 denuo
892 2233 1110 2288 tandem
1135 2242 1261 2306 post
1287 2234 1482 2289 saecula
1513 2234 1642 2300 tria,
1671 2234 1911 2303 quinque

320 2325 745 2399 insuperlustris
763 2340 1033 2380 annorum
1047 2324 1268 2395 elapsis,
1289 2340 1356 2380 ex
1381 2325 1626 2380 editione
1649 2324 1907 2396 principe,

318 2428 380 2474 ut
434 2419 611 2484 aiunt,
649 2431 924 2480 recusum,
957 2415 1129 2471 multo
1170 2431 1228 2471 se
1277 2415 1498 2471 nomine
1529 2413 1910 2470 commendare

269 2541 286 2556 ν
316 2513 559 2585 diligens
598 2510 830 2582 quisque
881 2508 1056 2564 lector
1081 2508 1242 2564 facile
1285 2507 1570 2579 intelliget.
1605 2507 1817 2561 Emicat
1851 2505 1907 2561 in

283 2618 384 2659 eo
415 2602 654 2675 primum
693 2599 936 2655 omnium
977 2597 1092 2655 fere
1140 2598 1465 2670 scriptorum
1513 2597 1909 2653 ecclesiastico-

315 2710 461 2760 rum,
477 2695 568 2764 qui
595 2709 627 2748 a
649 2692 848 2748 smeulo
867 2691 1090 2748 circiter
1109 2699 1306 2748 octavo
1323 2691 1576 2759 ﬂoruere,
1605 2691 1907 2747 communis

316 2785 544 2849 indoles,
576 2785 666 2855 pia
720 2799 872 2851 sane,
927 2783 1151 2840 humilis
1181 2792 1237 2840 et
1271 2785 1611 2849 doctissima,
1665 2798 1772 2853 qua
1802 2780 1904 2838 sibi

315 2879 499 2934 minus
542 2875 756 2943 conﬁsi,
791 2883 1039 2932 veterum
1068 2876 1252 2948 potius
1275 2875 1499 2932 Patrum
1541 2888 1706 2946 opera
1738 2889 1905 2928 manu

285 2999 291 3003 -
315 2966 503 3023 sedula
525 2965 894 3034 revolver‘ent,
914 2967 1283 3037 exprimerent
1309 2966 1526 3036 placita,
1561 2965 1814 3034 dictaque
1835 2965 1904 3019 de

313 3061 502 3127 rerbo,
543 3061 660 3116 suis
685 3058 980 3116 inserenda
1007 3058 1163 3114 libris
1192 3067 1288 3114 aut
1319 3057 1684 3123 sermonibus,
1715 3071 1905 3112 excer-

253 3180 258 3185 -
311 3158 528 3220 pereat.
557 3149 910 3220 Smaragdus,
937 3159 998 3204 ut
1025 3150 1142 3220 ipse
1167 3158 1421 3216 testatur,
1456 3169 1475 3202 ε
1505 3152 1652 3206 hunc
1673 3165 1742 3206 ex
1769 3151 1902 3206 mul-

316 3245 389 3297 tis
415 3259 584 3298 unum
606 3242 820 3297 curavit
849 3241 1101 3310 colligere
1137 3241 1361 3308 librum,
1388 3250 1447 3297 et
1477 3243 1544 3296 de
1577 3256 1900 3311 magnorum

287 3335 637 3392 tractatibus
672 3333 1012 3405 prolatisque
1061 3333 1406 3390 sermonibus
1448 3333 1697 3399 Patrum,
1742 3333 1900 3404 quasi

312 3427 382 3482 de
411 3425 624 3496 magnis
653 3423 988 3490 ﬂuminibus,
1017 3423 1303 3495 pelagique
1331 3423 1656 3496 gurgitibus,
1691 3423 1898 3493 pariter

311 3515 587 3588 derivator
605 3514 816 3571 exstitit
839 3521 895 3569 et
915 3513 1212 3570 breviator.
1243 3533 1264 3568 ι
1290 3513 1349 3568 In
1371 3529 1437 3570 eo
1460 3520 1640 3570 autem
1661 3513 1899 3568 maxime

308 3615 366 3661 et
391 3605 746 3676 peculiariter
761 3604 1055 3672 notandus,
1077 3604 1223 3676 quod
1250 3613 1362 3660 tam
1385 3612 1708 3674 praestantes
1733 3619 1897 3674 quam

310 3696 626 3752 rarissimos
651 3695 754 3750 XX
776 3702 1031 3750 auctores
1072 3695 1176 3750 sibi
1219 3695 1390 3750 voluit
1415 3695 1732 3764 prmlueere.
1757 3692 1896 3749 Nam

311 3789 382 3844 ab
402 3801 469 3842 eo
501 3786 764 3842 rescimus
795 3784 1085 3842 deﬂoratos
1115 3783 1286 3840 fuisse
1309 3783 1600 3849 Hilarium,
1627 3783 1893 3855 Hierony-

309 3895 478 3944 mum,
510 3877 873 3944 Ambrosium,
917 3877 1290 3948 Augustinum,
1323 3876 1668 3948 Cyprianum,
1724 3876 1895 3946 Cyril-

309 3968 444 4035 lum,
492 3966 825 4040 Gregorium,
864 3964 1226 4037 Fulgentium,
1275 3964 1724 4036 Chrysostomum,
1763 3963 1895 4019 Cas-

281 4061 604 4128 .siodorum,
661 4059 1010 4124 Eucherium,
1057 4058 1348 4123 lsidorum,
1397 4056 1619 4123 Bedam,
1648 4057 1892 4112 omnium

307 4166 420 4211 ore‘
449 4153 864 4221 celeberrimos;
898 4153 1092 4208 deinde
1117 4151 1430 4207 Tiehonium
1456 4159 1514 4207 et
1536 4150 1887 4214 Primasium,

305 4248 492 4302 minus
518 4254 678 4302 notos
705 4253 801 4300 aut
839 4259 1036 4316 magna
1083 4259 1152 4299 ex
1203 4251 1360 4315 parte
1397 4243 1740 4314 deperditus;
1779 4261 1798 4294 ς
1828 4258 1893 4298 ac

306 4347 466 4393 caute
506 4335 780 4407 legendos,
808 4352 827 4388 ι
878 4333 1159 4407 Pelagium
1201 4341 1258 4390 et
1302 4331 1581 4405 Origenem
1605 4350 1626 4400 ;
1654 4333 1893 4403 denique

305 4427 545 4498 ambigui
577 4426 812 4482 nominis
857 4425 1138 4492 Victorem,
1185 4433 1241 4481 et
1267 4423 1526 4496 Figulum
1563 4433 1657 4480 aut
1692 4423 1892 4496 Frigu-

305 4519 414 4573 lum
441 4559 456 4584 ,
488 4519 555 4574 de
595 4533 702 4589 quo
728 4519 1016 4584 hactenus,
1065 4516 1207 4587 apud
1229 4531 1421 4572 omnes
1451 4529 1590 4586 quos
1619 4516 1887 4580 noverim,

305 4610 474 4664 altum
503 4610 803 4666 silentium.

375 4700 642 4757 Praeterea
689 4703 759 4758 ad
792 4702 934 4756 hanc
975 4701 1324 4757 retexendam
1353 4699 1614 4756 Catenam
1663 4697 1885 4754 Smara-

2010 2143 2194 2199 varias
2219 2143 2462 2215 ejusdem
2491 2145 2608 2200 fere
2635 2147 2940 2217 argumenti
2968 2148 3202 2222 sylloges
3229 2154 3429 2222 publici
3450 2157 3600 2226 juris

2013 2231 2212 2288 fecere.
2247 2232 2398 2289 Unus
2443 2249 2572 2290 vero
2608 2234 2805 2290 Noster
2851 2238 3066 2293 obviam
3105 2242 3322 2310 quidem
3355 2255 3412 2300 et
3449 2263 3604 2302 com-

2010 2338 2228 2378 munem
2253 2324 2526 2390 semitam,
2565 2326 2786 2396 proprio
2818 2337 3001 2384 autem
3031 2333 3278 2400 tramite,
3310 2335 3602 2406 insistens,

2009 2419 2139 2474 dum
2168 2418 2260 2474 alii
2306 2420 2546 2491 integras
2579 2421 2806 2493 singulis
2836 2422 3159 2483 lectionibus
3195 2429 3448 2486 homilias
3501 2449 3604 2503 ap-

2007 2519 2292 2581 ponerent,
2325 2511 2441 2582 ipse
2485 2527 2554 2566 ex
2597 2513 2766 2567 variis
2792 2513 3130 2572 diversorum
3165 2528 3446 2577 auctorum
3473 2539 3599 2580 ser-

2009 2601 2262 2657 monibus
2293 2610 2387 2656 aut
2421 2601 2577 2658 libris
2623 2611 2944 2674 perpetuum
3003 2612 3454 2670 commentarium
3502 2632 3596 2673 re-

2009 2694 2206 2750 texuit.

2078 2784 2197 2840 Alia
2230 2785 2449 2841 demum
2482 2801 2645 2843 causa
2682 2791 2915 2846 accessit
2941 2807 3040 2848 cur
3082 2793 3139 2849 in
3174 2795 3266 2852 illo
3302 2795 3596 2873 Smaragdi

2006 2874 2408 2930 Commentario
2433 2875 2612 2932 obiter
2639 2877 3013 2949 immoreinur,
3043 2883 3254 2940 scilicet
3275 2887 3440 2956 quod,
3467 2905 3596 2946 cum

2005 2967 2091 3024 vel
2118 2967 2174 3024 in
2199 2968 2545 3025 bibliothecis
2593 2971 2940 3040 amplissimis
2968 2981 3082 3030 tam
3126 2975 3370 3045 ejusdem
3423 2980 3590 3036 Com-

2004 3059 2258 3115 mentarii
2301 3059 2470 3115 editio
2504 3060 2685 3127 unica,
2728 3077 2892 3131 quam
2930 3065 3208 3136 exemplar
3250 3084 3413 3124 manu
3454 3071 3594 3126 seri-

2003 3157 2155 3219 ptum
2171 3164 2296 3205 raro
2317 3151 2606 3206 admodum
2623 3153 2949 3220 reperiatur,
2966 3155 3196 3224 insignis
3209 3167 3264 3214 et
3282 3161 3414 3216 satis
3427 3161 3588 3218 bona:

2003 3247 2146 3295 notae
2177 3240 2484 3297 invenimus
2507 3242 2774 3309 codicem,
2805 3243 2862 3298 in
2899 3245 3225 3304 bibliotheca
3254 3251 3590 3310 Bononiensi

2002 3345 2148 3385 nunc
2192 3340 2555 3398 asservatum,
2611 3347 2772 3403 quem
2827 3334 2954 3390 olim
3012 3341 3208 3408 raptim
3261 3343 3591 3413 evolvimus,

1924 3403 1970 3467 C
2001 3418 2179 3475 denuo
2211 3419 2279 3475 ad
2309 3427 2524 3476 nostros
2553 3437 2706 3490 usus,
2743 3424 2915 3479 multa
2956 3403 3459 3499 cum-humanitate,

2000 3511 2214 3568 censuit
2237 3511 2470 3568 eximius
2496 3520 2552 3568 et
2579 3513 2810 3586 diligens
2840 3517 2904 3572 ν.
2940 3517 3005 3573 1).
3043 3519 3316 3591 Παὶςηετέ,
3347 3523 3459 3590 cui,
3492 3527 3586 3580 uti

1999 3610 2056 3657 et
2077 3601 2210 3657 mihi
2251 3611 2460 3658 tantum
2510 3619 2783 3662 concessae
2824 3606 3066 3675 fuerunt,
3106 3611 3243 3682 typis
3276 3628 3586 3686 properan-

1999 3693 2166 3760 tibus,
2190 3709 2375 3764 paucze
2399 3695 2568 3762 bone,
2604 3697 2923 3765 subcesivm,
2958 3715 3059 3755 nec
3086 3700 3190 3757 illa:
3213 3703 3430 3774 quidem
3458 3721 3586 3761 om-

1995 3785 2128 3840 nino
2169 3783 2354 3842 liberae
2391 3802 2406 3839 :
2446 3788 2590 3843 unde
2632 3788 2943 3845 notularum
2985 3791 3329 3861 adversaria,
3379 3799 3582 3869 raptim

1996 3875 2126 3932 hinc
2154 3877 2281 3932 inde
2309 3891 2550 3946 corrasa,
2573 3881 2666 3935 vix
2689 3895 2755 3936 eo
2783 3881 2887 3937 loci
2914 3882 3068 3938 licuit
3093 3884 3356 3942 inserere.

2065 3969 2246 4024 Codex
2282 3976 2464 4024 autem
2494 3969 2584 4026 ille
2612 3987 2758 4028 nunc
2777 3971 3159 4041 Bononiensis,
3187 3976 3318 4032 olim
3352 3979 3403 4033 in
3433 3980 3586 4034 cele-

1992 4061 2247 4118 berrimm
2287 4063 2521 4120 abbatis:
2563 4063 2750 4120 Sancti
2796 4066 3004 4121 Bertini
3045 4068 3475 4128 Audomarensis
3515 4073 3582 4128 li-

1993 4153 2176 4209 braria
2209 4154 2482 4224 repositus
2527 4163 2631 4210 est.
2681 4153 2872 4212 Nullus
2912 4156 3100 4213 dubito
3141 4161 3274 4231 quin
3306 4162 3445 4218 idern
3485 4163 3581 4219 ille

1991 4246 2083 4312 sit,
2130 4247 2197 4302 de
2232 4263 2340 4318 quo
2369 4248 2424 4302 in
2467 4248 2708 4319 ejusdem
2748 4249 2980 4306 abbatiaa
3002 4250 3367 4322 Cbartulario,
3401 4273 3584 4328 nuper

1992 4340 2162 4406 edito,
2181 4356 2237 4411 p.
2266 4339 2393 4405 208,
2414 4339 2543 4406 209,
2570 4341 2770 4413 legitur
2799 4361 2812 4396 :
2843 4343 3084 4399 Domnus
3115 4344 3404 4413 Iohannes,
3426 4352 3581 4404 codi-

1991 4447 2075 4486 ces
2095 4447 2200 4485 non
2232 4429 2435 4485 modice
2455 4432 2852 4502 appretiationis
2892 4435 3153 4489 conscribi
3179 4436 3324 4506 fecit,
3348 4455 3580 4508 quorum

1991 4522 2174 4577 titulos
2208 4523 2278 4577 ad
2301 4523 2775 4580 commendandum
2803 4525 2920 4596 ejus
2941 4528 3176 4582 studium
3207 4529 3422 4584 breviter
3449 4532 3581 4585 sub-

1991 4623 2193 4668 nectere
2221 4631 2326 4668 non
2362 4615 2647 4686 piguit.....
2673 4615 2886 4671 Ltnnuu
2919 4617 3241 4674 OIELIARUI
3270 4637 3456 4676 rocws
3480 4639 3582 4676 n-

1989 4720 2180 4760 NUAHS
2201 4719 2412 4760 cmcuu
2447 4706 2502 4760 in
2543 4705 2648 4761 duo
2678 4705 2942 4762 uolumina
2966 4709 3255 4764 divisum...
3284 4727 3349 4764 ea:
3370 4712 3580 4783 integro

304 4791 467 4862 gdum
499 4792 655 4847 facile
694 4792 1002 4863 putaverim
1043 4790 1213 4847 fuisse
1246 4791 1316 4845 ab
1359 4790 1552 4846 eodem
1591 4789 1885 4844 adductum
1911 4763 1965 4822 D
1989 4796 2214 4866 digesto;
2241 4797 2350 4851 sui;
2377 4799 2598 4867 ροειενίε
2626 4796 2857 4870 reliqua,

304 4881 503 4950 studio,
519 4899 626 4953 quo
648 4884 757 4940 hae
771 4891 1096 4955 tempestate
1116 4883 1367 4940 certatim
1394 4892 1451 4937 et
1469 4882 1624 4953 quasi
1651 4881 1884 4937 invicem

2057 4887 2238 4942 Codex
2265 4886 2410 4942 enim
2453 4895 2638 4943 noster
2676 4888 2731 4942 in
2770 4888 2905 4945 duos
2946 4897 3126 4947 tomos
3156 4892 3432 4956 dividitur,
3469 4910 3578 4949 sze-

303 4972 684 5042 conspiravere
716 4972 918 5030 Paulus
939 4973 1346 5039 Warnel‘ridus,
1378 4969 1884 5038 Alcuinus,Hraba-
1973 4975 2166 5031 .culum
2198 4991 2254 5030 ιι
2289 4975 2560 5046 scriptura
2602 4975 2867 5043 referens,
2923 4993 3034 5048 quo
3075 4980 3284 5036 scilicet
3322 4989 3576 5053 tempore

304 5064 1668 5137 nusMaurus,HaymoHalbcrstadiensis,qui,cum
1688 5077 1882 5119 recens
1983 5064 2220 5121 Joannes
2260 5067 2427 5121 abbas
2473 5064 2818 5140 (1085-1095)
2851 5067 3290 5127 Sanbertinianis
3319 5083 3578 5140 prmerat.

300 5175 402 5231 per
429 5156 633 5214 Gallias
662 5156 876 5211 invecta
916 5156 1108 5213 fuisset
1155 5158 1415 5213 Romanae
1447 5155 1702 5212 Ecclesia:
1728 5153 1889 5208 litur-

301 5251 408 5322 gia,
450 5265 516 5305 ac
545 5257 708 5304 tantm
738 5247 964 5317 hujusce
989 5250 1069 5304 rei
1091 5260 1284 5306 auctor
1309 5249 1617 5321 praecipuus
1661 5245 1890 5302 Carolus

299 5342 522 5396 nomine
559 5349 618 5396 et
642 5340 838 5396 merito
880 5337 1124 5409 Magnus,
1168 5341 1284 5410 ipse
1323 5353 1594 5410 quemque
1626 5337 1891 5408 peritissi-

303 5447 474 5497 mum,
510 5441 570 5486 ut
599 5438 832 5490 testatur
860 5428 1091 5502 epistola
1120 5430 1189 5484 ad
1217 5429 1446 5484 Paulum
1470 5431 1780 5496 diaconum,
1815 5430 1882 5485 ad

303 5523 652 5593 exponendas
696 5523 1131 5592 emittendasque
1173 5521 1228 5576 in
1261 5520 1454 5592 vulgus
1493 5529 1738 5576 veterum
1784 5520 1884 5575 Pa-

308 5623 452 5668 trum
480 5615 751 5682 bomilias,
773 5617 971 5687 quibus
999 5614 1225 5687 singulae
1248 5612 1508 5668 lectiones
1539 5612 1880 5666 illustraren-

311 5717 425 5776 tur,
457 5711 770 5779 excitasset,
805 5713 1243 5770 obsecundaruut
1285 5709 1426 5766 ultro
1457 5707 1592 5762 tanti
1623 5706 1883 5779 principis

1991 5157 2206 5212 Primus
2224 5166 2404 5212 tomus
2428 5157 2748 5215 inscribitur
2771 5175 2832 5214 n°
2862 5176 2993 5226 xxv,
3021 5162 3293 5218 secundus
3315 5178 3376 5216 ne
3399 5179 3580 5230 mn;

1989 5249 2123 5304 olim
2161 5249 2212 5303 in
2239 5249 2465 5304 libraria
2505 5249 2565 5305 S.
2605 5251 2810 5305 Bertini
2853 5265 3046 5320 przese
3091 5252 3337 5308 ferebant
3377 5270 3581 5310 nume-

1989 5355 2080 5396 ros
2107 5339 2179 5395 83
2217 5347 2274 5394 et
2296 5339 2364 5396 84
2388 5356 2404 5406 ;
2434 5341 2585 5411 prior
2607 5341 2828 5411 insuper
2859 5341 3078 5397 titulum
3103 5343 3248 5398 hunc
3269 5353 3579 5412 recentem,

1989 5433 2151 5488 dorso
2177 5432 2482 5504 appositum
2519 5451 2534 5489 :
2569 5432 2845 5504 Expositio
2890 5433 3254 5506 Epistolarum
3293 5445 3342 5490 et
3392 5435 3580 5490 Evan-

1989 5523 2277 5594 geliorum;
2298 5524 2570 5593 posterior
2589 5532 2770 5578 autem
2803 5538 2820 5576 :
2855 5521 3209 5595 Hieronymus
3241 5525 3296 5578 in
3328 5525 3582 5594 δεῖ-ἥρωι

1991 5633 2124 5670 ram.
2147 5615 2327 5672 Codex
2339 5615 2530 5671 eadem
2543 5630 2705 5670 manu
2723 5624 2866 5670 totus
2879 5625 3158 5682 exaratur,
3177 5616 3310 5671 satis
3331 5615 3577 5686 integer,

1991 5709 2176 5780 paucis
2225 5709 2368 5765 foliis
2419 5710 2509 5764 hic
2558 5709 2667 5765 illic
2713 5709 2969 5776 resectis,
3002 5717 3096 5763 aut
3138 5709 3433 5769 laceratis.
3490 5707 3573 5763 vel
