3970 6202
444 351 584 408 HIS

1539 346 1606 402 ΙΝ
1647 344 2003 403 δΜνΑῐίΑϐΒΙ
2038 343 2576 404 COLLECTIONES.

3566 356 3702 419 illi

440 465 665 521 madore
716 469 773 519 et
805 475 922 517 aevo
971 460 1232 522 corrasis.
1281 458 1471 515 Nullus
1514 460 1569 515 in
1626 461 1833 517 codicis
1880 468 2029 517 tomo
2055 464 2109 524 Λ
2132 461 2443 537 nominibus
2471 481 2484 518 :
2515 469 2576 537 ut
2621 461 2985 537 Salomonem,
3011 466 3347 537 eundemque
3384 466 3566 536 idida;
3615 471 3713 525 Se-

438 557 617 628 primo
644 552 832 609 titulus
856 559 941 608 est
958 567 1123 608 manu
1147 551 1321 607 veteri
1347 550 1582 621 scriptus
1607 568 1622 605 :
1644 551 2027 607 tantummodo

439 664 604 705 manu
629 644 812 703 szeculi
852 661 942 701 xvr
990 645 1248 716 leguntur
1292 643 1395 699 ista
1433 658 1556 714 quae
1603 642 1804 714 partim
1840 643 2027 700 excisa

437 738 591 795 fuere
636 754 651 793 :
688 735 981 794 Exposmo
1009 751 1239 801 QUEDMI
1269 734 1651 790 Errsrounuu
1680 750 1751 789 nr
1777 733 2026 790 Ermen-

437 845 757 887 uoauu.....
811 846 845 885 Α
897 842 1099 885 γιαιιιΑ
1148 824 1388 882 Νλτλιιε
1424 825 1623 881 Domst
1672 840 1838 889 usque
1894 840 2025 881 ros'r

440 920 648 980 PASCIIA

1040 986 1403 1045 PROG'IMIA.

508 1080 752 1139 Primum
791 1088 983 1137 notare
1011 1088 1097 1136 est
1122 1080 1179 1135 in
1220 1079 1503 1151 prommiis
1531 1079 1794 1135 lectiones
1841 1077 2029 1137 varias

438 1182 497 1231 et
523 1173 767 1245 quadam
795 1172 1164 1228 additamenta
1198 1189 1211 1225 :

578 1264 747 1330 Edit.,
787 1262 1025 1319 mavelle.
1384 1261 1540 1328 Cod.,
1577 1262 1755 1317 malle.

623 1387 697 1398 —
792 1356 1017 1412 Joannis
1063 1353 1233 1427 Chry—
1416 1386 1485 1395 -——
1582 1354 1826 1409 Joannis.

866 1448 1101 1504 sostomi.

619 1568 693 1578 -
792 1535 994 1608 Figuli.
1412 1568 1484 1577 -
1583 1535 1816 1608 Friguli.

619 1658 692 1669 —
793 1624 861 1682 Ut
904 1628 952 1682 si
983 1628 1101 1698 quis
1138 1643 1225 1680 na-
1418 1657 1486 1666 —
1588 1625 1655 1681 Ut
1709 1628 1756 1681 si
1790 1628 1906 1697 quis
1937 1644 2030 1681 no-

865 1720 991 1775 tiva.
1648 1721 1782 1774 civa.

623 1841 693 1851 --
794 1810 922 1864 Non
1007 1809 1228 1864 desinet.
1409 1841 1477 1849 —-
1575 1808 1700 1865 Non
1726 1810 1952 1865 desinat.

623 1936 693 1948 -—
788 1904 958 1975 Cujus
1011 1904 1229 1973 ronfor—
1408 1933 1478 1945 ν·-
1575 1901 2031 1973 Cujusconforta-

861 2003 977 2048 tatu
1024 1993 1227 2048 sedulo.
1660 2003 1745 2047 tus
1773 1992 1969 2047 edulio.

507 2086 638 2154 Quae
666 2091 970 2155 sequuntur
984 2084 1039 2139 in
1060 2084 1242 2149 editis,
1256 2085 1324 2139 ad
1337 2082 1554 2138 Librum
1575 2082 1793 2138 Comitis
1808 2083 1899 2154 (de
1918 2098 2028 2153 quo

430 2178 556 2234 vide
592 2177 767 2233 sancti
801 2175 1116 2248 Hieronymi
1147 2174 1346 2247 Opera,
1384 2182 1424 2230 t.
1449 2175 1619 2244 Xl,p.
1660 2174 1787 2241 457,
1818 2184 1875 2230 et
1899 2174 2025 2229 inde

433 2269 647 2340 corrige
692 2268 893 2323 veteris
933 2266 1160 2323 editoris
1189 2266 1398 2337 notam)
1456 2264 1764 2331 referenda,
1792 2266 1847 2321 in
1872 2265 2024 2321 codi-

433 2376 498 2418 ce
526 2359 850 2415 Bononiensi
879 2359 1098 2415 desunt.
1128 2357 1525 2413 Desiderantur
1565 2371 1781 2426 quoque
1825 2371 2030 2413 versus

433 2456 757 2528 Smaragdi;
787 2456 983 2510 horum
1013 2462 1199 2509 autem
1240 2452 1360 2509 loco
1400 2451 1600 2507 ibidem
1645 2451 1843 2521 duplex
1870 2447 2024 2507 'alius

429 2549 685 2622 prologus
715 2548 1012 2615 inSt-ritur;
1054 2546 1207 2618 prior
1231 2560 1262 2601 e
1290 2545 1619 2601 Cassiodoro
1644 2543 1715 2599 ad
1736 2542 2023 2610 Psalmos;

428 2641 700 2712 posterior
737 2654 805 2694 ex
834 2637 1167 2709 Hieronymo
1195 2653 1353 2709 super
1398 2634 1699 2708 Epistulam
1730 2635 1801 2688 ad
1827 2633 2022 2689 Roma-

432 2746 548 2797 nos,
579 2739 890 2799 excerptus.
919 2726 1134 2783 Titulus
1168 2745 1182 2781 :
1209 2726 1414 2782 INCIPIT
1449 2740 1771 2781 PRAEFATIO.

510 2862 531 2897 ς
547 2844 903 2925 .Quae‘riturf
927 2856 1031 2913 qua
1040 2857 1098 2925 re
1124 2849 1247 2925 post
1265 2839 1566 2925 _Evapgelia
1582 2839 1767 2925 .volu‘it
1791 2838 2023 2925 aposto:

429 2915 517 2972 lus
547 2909 649 2970 has
689 2909 962 2984 Epistolas
987 2914 1055 2969 ad
1103 2909 1353 2984 singulas
1390 2909 1662 2984 Eccl‘esias
1700 2909 2021 2984 destinare?

431 2985 675 3051 Scilicet,
716 2980 779 3038 tit
815 2983 967 3038 initia
999 2980 1275 3054 nascentis
1315 2981 1594 3054 Ecclesiae
1644 2980 1802 3035 novis
1837 2981 2018 3054 causis

429 3055 792 3112 existentibus
818 3051 1213 3124 praemuniret,
1236 3051 1626 3124 etpraesentia
1650 3059 1813 3124 atque
1835 3051 2018 3106 orien-

431 3128 511 3182 tia
555 3121 836 3180 resecaret
853 3125 1004 3188 vitia,
1032 3131 1237 3189 etpost
1280 3121 1492 3176 futuras
1509 3121 1826 3176 excluderet
1848 3136 2016 3189 quae-

432 3196 663 3251 stiones.
693 3194 889 3265 Decem
914 3190 1182 3265 Epistolas
1210 3193 1280 3265 ad
1304 3190 1638 3265 universales
1659 3190 1858 3265 Paulus
1880 3205 2014 3245 con-

428 3259 977 3341 scripsit_l_3cclesias,
1001 3271 1060 3318 ut
1090 3263 1406 3341 ostenderet
1423 3261 1633 3316 Novum
1667 3274 1775 3314 non
1798 3259 2010 3341 disc-re-

387 3392 390 3396 .
427 3330 561 3407 paré
592 3350 633 3407 Aa
662 3335 859 3407 Veteri
874 3335 1268 3407 Testamento:
1305 3333 1374 3407 ad
1408 3345 1696 3385 numerum
1731 3330 1877 3385 enim
1902 3330 2009 3407 De-

428 3401 606 3476 calogi
650 3419 778 3476 suas
818 3404 1085 3476 Epistolas
1118 3402 1677 3476 ordinavit;‘ut_quo_t
1704 3401 2012 3469 praeceptis

427 3469 679 3547 etisignis
721 3469 986 3547 bioys'esa
1012 3473 1300 3547 Pharaone
1327 3469 1577 3547 instituit
1618 3469 2014 3547 l_iberatos_,to—

428 3539 597 3601 tidem
627 3545 720 3600 hic
742 3539 1002 3613 Epistolis
1041 3558 1077 3613 a
1094 3541 1302 3613 diaboli
1328 3548 1385 3594 et
1429 3540 1717 3595 idolatriae
1749 3539 2013 3613 servitute

426 3615 680 3671 edoceret
713 3607 1035 3682 adquisitos.
1064 3611 1203 3665 Nam
1245 3616 1732 3682 quatuortantum
1758 3607 1910 3663 misit
1943 3608 2012 3682 ad

428 3683 745 3766 discipulos
778 3677 1036 3766 “sineris
1070 3677 1446 3766 Pomptinam
1486 3677 1820 3766 madas:
1847 3678 2014 3766 Et}?

428 3747 647 3824 ceteris,
693 3754 875 3824 posuit
908 3751 1039 3824 ﬁdei
1069 3747 1655 3824 fundamentumfsed
1696 3747 1828 3824 aliis
1851 3748 2015 3805 disci-

426 3824 570 3896 pulis
592 3817 712 3896 μιῃὶ
736 3823 1082 3896 crediderant
1109 3818 1657 3896 praedicantibus.__A_
1696 3817 2016 3896 Paglotan-

430 3888 543 3951 ium
588 3888 830 3965 indigent
852 3888 1187 3965 confirmari,
1218 3891 1363 3965 sicut
1410 3890 1525 3965 ipse
1549 3890 1735 3965 dicit}:
1765 3888 2013 3965 Desidere

427 3966 568 4019 enim
597 3960 769 4019 videre
810 3981 919 4028 vos,
976 3972 1035 4017 ut
1062 3962 1263 4033 aliquid
1310 3962 1588 4016 imrertiar
1617 3961 1760 4016 vobis
1812 3960 2016 4033 gratiae

428 4034 682 4106 spiritalis
707 4034 778 4089 ad
803 4034 1193 4103 conﬁrmando;
1216 4047 1329 4086 vos.
1367 4051 1388 4085 s

790 4164 1120 4211 INCIPIUNT
1160 4165 1649 4210 COLLECTIONES.

750 4284 805 4324 IN
836 4284 1042 4326 VIGILIA
1079 4283 1291 4325 manu:
1330 4267 1451 4341 (sic)
1486 4282 1694 4324 DOIIINI.

668 4358 845 4414 Lectio
875 4359 1049 4431 Epist.
1088 4360 1155 4414 Β.
1198 4359 1361 4415 Pauli
1389 4360 1459 4414 ad
1488 4358 1774 4415 Romanos.

508 4471 528 4505 ι
560 4452 846 4524 Εριδτομ,
880 4450 1113 4524 Graece,
1156 4451 1371 4518 Latine,
1401 4468 1559 4524 super
1603 4452 1767 4524 missa
1792 4452 2015 4508 dicitur.

426 4524 548 4603 Ἐπὶ
568 4523 712 4603 enim
739 4522 970 4603 graece,
988 4522 1180 4603 Latine
1202 4539 1374 4603 super_
1388 4522 1607 4603 dieitur,
1632 4522 2001 4603 stola,._rnissa.
2030 4541 2086 4603 ι)

432 4593 603 4664 sicuti
620 4601 716 4664 est
755 4593 886 4648 illud
927 4611 941 4647 :
987 4594 1331 4664 epigramma,
1360 4593 1415 4649 id
1447 4602 1552 4664 est,
1594 4610 1752 4663 super
1791 4594 2000 4661 littera;

431 4662 784 4745 Enim/ium},
803 4680 960 4745 super
982 4662 1349 4745 sepulchrum;
1384 4662 1681 4745 episcopus,
1707 4681 1864 4745 super
1871 4682 2005 4745 spe-

430 4732 638 4788 culawr
648 4750 670 4804 ;
699 4733 778 4789 sic
798 4742 855 4788 et
867 4732 1143 4804 epistolae,
1173 4750 1329 4804 super
1348 4732 1538 4788 missae
1558 4732 1845 4789 vocantur.
1865 4732 2003 4803 Quia

431 4817 595 4876 super
637 4803 835 4876 Legem
872 4803 928 4859 et
957 4803 1267 4876 Prophetas
1308 4811 1363 4858 et
1405 4804 1695 4876 Evangelia
1742 4808 2003 4875 superad-

429 4874 576 4945 ditae
631 4874 998 4945 inveniuntur.
1045 4874 1295 4945 Romani,
1345 4874 1580 4945 prepter'
1609 4877 1904 4945 potentiam
1949 4885 2007 4932 et

429 4942 819 5013 fortitudinem,
857 4944 1103 5000 sublimes
1138 4943 1225 4999 vel
1265 4942 1503 5000 tonantes
1556 4942 2003 5016 interpretantur.

1088 5057 1108 5092 ί
1145 5055 1364 5096 ΡΑυιυε.

505 5149 523 5205 ς
560 5130 591 5171 δ
615 5129 801 5186 Prima
831 5131 987 5187 nobis
1015 5132 1264 5202 quaestio
1288 5132 1356 5205 de
1390 5147 1609 5205 nomine
1652 5134 1822 5205 ipsius
1849 5133 2009 5191 Pauli

432 5200 645 5273 videtur
681 5216 1004 5273 exsurgere;
1034 5200 1145 5257 ‘eur
1169 5206 1218 5258 is
1244 5203 1338 5273 qui
1388 5201 1585 5259 Saulus
1611 5200 1790 5261 dictus
1829 5214 1913 5260 est
1953 5206 2008 5260 in

428 5270 656 5341 Actibus
687 5270 1074 5341 apostdlorum,
1106 5270 1492 5328 nunc'Paulus
1519 5275 1753 5330 dicatur.
1782 5274 2005 5332 inveni-

428 5340 649 5411 mnsin
702 5341 1001 5410 Scripturis
1048 5342 1248 5397 divinis
1296 5343 1621 5411 quibusdam
1672 5354 2004 5401 commutata

428 5410 689 5484 vocabula
726 5422 878 5484 utﬂex
898 5412 1125 5484 Abram,
1159 5410 1467 5480 Abraham;
1493 5428 1561 5468 ex
1599 5415 1785 5482 Jacob,
1809 5417 2004 5484 lsrael;

430 5497 496 5537 ex
524 5480 764 5549 Simone,
794 5482 1020 5549 Petrus;
1049 5483 1355 5555 aliquantos
1382 5498 1517 5540 vero
1554 5486 1698 5541 binis
1726 5480 1853 5543 usos
1880 5480 2003 5544 esse

504 5615 756 5691 {Eadem
773 5618 949 5691 habet
972 5618 1256 5691 ilrabanus
1277 5619 1448 5675 Maur.
1484 5629 1522 5676 t.
1562 5621 1624 5684 v,
1652 5636 1706 5691 ρ.
1739 5620 1860 5676 no.

502 5686 610 5772 bin
652 5689 817 5768 editis
836 5690 959 5772 haec
999 5689 1216 5772 Origeni
1241 5686 2004 5772 __ascributiut_r,___et__qt§dem

430 5758 625 5813 merito
644 5757 799 5828 jure;
831 5769 1010 5819 textus
1033 5757 1177 5818 enim
1191 5761 1369 5818 cditus
1379 5763 1473 5834 qui
1495 5762 1711 5835 incipit:
1736 5757 1817 5817 Di
1828 5761 2000 5820 Paulo
2097 5833 2100 5836 ἢ

2054 1823 2103 1883 Β

2131 533 2402 610 dechiam,
2431 534 2771 610 eundemque
2794 532 3072 610 hachim;
3118 532 3328 610 Oxiam,
3366 532 3713 610 eundemque

2125 601 2382 680 _A_zar_iam
2401 618 2575 680 ;_nat_n
2604 601 2877 680 Mattheus
2905 605 3047 680 ide_m
3082 615 3168 680 est
3196 615 3252 662 et
3278 601 3439 680 Levi;
3472 619 3528 664 et
3548 601 3712 680 quiem

2128 672 2398 729 Mattheus
2419 673 2716 740 Lebbeum,
2732 674 2945 731 Marcus
2966 674 3253 732 Tattheum
3277 672 3486 733 scribit.
3506 672 3714 736 secun-

2127 742 2255 815 dum
2314 744 2475 815 hanc,
2492 758 2624 815 ergo
2671 746 3117 802 consuetudinem
3172 747 3390 803 videtur
3451 750 3611 805 nobis
3658 761 3715 806 et

2126 812 3169 903 Paulus,duplici'ususesse‘voca‘bulo,
3199 826 3257 873 et
3289 820 3464 875 donec
3495 821 3715 903 quidem

2128 886 2280 956 genti
2313 886 2568 955 propriae
2605 886 2972 953 ministrabat,
3005 886 3205 943 Saulus
3248 904 3371 944 esse
3415 886 3711 956 vocitatus,

2128 955 2355 1028 quod_et
2379 956 2555 1028 magis
2606 956 2873 1028 appellari
2901 957 3078 1027 patrie
3119 958 3465 1015 vernaculum
3494 955 3716 1016 videba-

2129 1032 2238 1080 tur.
2262 1024 3003 1098 APaulus'autem'appella—tus
3045 1037 3129 1084 est
3156 1070 3172 1093 ,
3217 1044 3383 1098 quum
3412 1028 3636 1086 Graecis
3661 1038 3718 1086 et

2128 1096 2379 1179 gentibus
2424 1106 2715 1179 praecepta
2737 1096 3084 1179 leons‘cribit;
3131 1096 3257 1154 nam
3295 1100 3716 1179 et_hoc.ipsum

2169 1168 2274 1242 nod
2329 1166 2612 1242 Scriptura
2634 1166 2785 1223 dicit
2816 1186 2828 1222 :
2864 1168 3064 1242 nglus
3093 1179 3267 1224 autent
3294 1170 3383 1242 qui
3418 1180 3473 1242 et
3510 1166 3716 1225 Paulus

2169 1181 2274 1223 non
2329 1181 2612 1238 scriptura
2654 1181 2785 1223 dlCll
2816 1186 2828 1222 :
2864 1181 3064 1224 .sautus
3093 1181 3267 1224 autent
3294 1181 3381 1242 qui
3418 1181 3465 1224 et
3510 1181 3716 1225 Paulus

2127 1181 2270 1309 ([lAct.
2289 1238 2435 1310 xm],
2459 1238 2739 1310 evidenter
2752 1255 2857 1294 non
2875 1239 2926 1293 ei
2950 1248 3078 1295 tunc
3098 1241 3333 1310 primum
3349 1240 3500 1295 Pauli
3517 1254 3716 1297 nomen

2128 1309 2368 1383 ostendit
2397 1309 2747 1383 impositum,
2811 1310 2907 1366 sed
2964 1309 3167 1367 veteris
3226 1311 3603 1383 appellationis
3660 1312 3717 1367 id

2131 1377 2304 1435 fuisse
2330 1377 2690 1450 designatum.
2726 1399 2746 1433 ι

2202 1489 2408 1546 Deinde
2422 1490 2780 1562 veniuntqua:
2802 1490 2961 1557 infra,
2988 1491 3082 1547 ubi
3102 1492 3169 1548 de
3192 1492 3410 1549 Victore
3433 1492 3715 1561 Capuano,

2132 1582 2325 1638 damus
2362 1582 2542 1651 primo
2589 1582 2741 1649 loco,
2792 1582 2851 1639 in
2904 1581 3066 1639 editis
3104 1596 3237 1638 vero
3293 1590 3421 1638 ante
3469 1582 3719 1653 Origcnis

2132 1672 2279 1744 ῥῆσιν
2309 1673 2613 1741 proposita.

2206 1760 2397 1833 Operae
2443 1764 2681 1833 pretium
2728 1762 2922 1820 fuisset
2965 1765 3022 1819 in
3066 1765 3407 1836 sequentium
3449 1765 3718 1821 editorum

2130 1853 2419 1909 collatione
2463 1870 2587 1909 cum
2614 1855 2802 1911 codice
2838 1855 2940 1909 tria
2990 1855 3046 1910 in
3076 1855 3269 1925 primis
3302 1870 3716 1927 recognoscere,

2128 1956 2250 2011 quae
2279 1943 2346 1996 ad
2378 1944 2674 2012 ipsummet
2699 1944 2825 1998 anni
2859 1943 3121 1999 circulum
3158 1958 3251 1998 seu
3278 1944 3444 1998 totius
3475 1943 3599 1999 libri
3629 1959 3719 1998 or-

2127 2031 2312 2086 dinem
2362 2034 2675 2102 pertinent;
2724 2034 2920 2090 deinde
2965 2049 3086 2104 qua:
3141 2034 3476 2106 singulorum
3529 2044 3718 2090 aucto-

2127 2137 2248 2177 rum
2301 2122 2421 2179 loca
2463 2123 2717 2180 distincte
2763 2125 3181 2181 internoscenda
3237 2125 3555 2196 indigitant;
3600 2132 3715 2179 tum

2127 2215 2183 2270 in
2230 2214 2425 2286 primis
2453 2231 2574 2286 quae
2627 2232 2696 2272 ex
2736 2217 3050 2273 auctoribus
3102 2216 3419 2282 rarissimis,
3466 2215 3713 2286 Frigulo,

2126 2304 2364 2371 Victore,
2423 2305 2642 2379 Pelagio
2688 2306 3009 2365 all‘eruntur.
3075 2308 3178 2366 Vix
3248 2308 3346 2364 otii
3397 2307 3569 2364 nostri
3629 2315 3714 2364 est

2124 2395 2244 2451 hmo
2273 2397 2376 2452 tria
2402 2396 2677 2469 sigillatim
2714 2399 3021 2472 indigitat'e.

2887 2511 2931 2565 l.

2666 2617 2732 2656 DE
2768 2616 2995 2657 CIRCULO
3028 2617 3175 2656 ANNI.

2447 2693 2517 2748 In
2556 2692 2736 2764 vigilia
2764 2693 2962 2748 Natale
2988 2692 3115 2766 (sic)
3149 2693 3383 2749 Domini.

2194 2783 2420 2840 Ponitur
2464 2783 2660 2854 duplex
2701 2782 2881 2849 lectio,
2929 2782 3170 2853 Apostoli
3199 2798 3329 2849 una,
3369 2783 3439 2837 ad
3473 2780 3625 2836 Rom.
3655 2797 3706 2846 l;

2121 2879 2291 2936 altera
2317 2878 2471 2934 Isaia:
2498 2892 2633 2943 Lxu,
2663 2877 2809 2947 quod
2840 2890 3033 2946 sapere
3072 2876 3236 2930 ritum
3268 2882 3511 2930 veterem
3539 2872 3709 2929 Galli-

2120 2986 2323 3028 canum
2346 2970 2587 3035 videtur;
2627 2967 2822 3024 deinde
2852 3007 2868 3032 ,
2906 2967 3024 3022 sine
3070 2966 3179 3021 ulla
3226 2964 3574 3020 distinctione
3625 2979 3711 3019 se-

2120 3069 2361 3133 quuntur
2389 3075 2510 3131 quae
2536 3076 2683 3115 nunc
2712 3060 2767 3115 in
2800 3056 3008 3115 Missali
3037 3058 3281 3114 Romano
3331 3056 3583 3128 leguntur
3609 3070 3710 3125 pro

2039 3195 2085 3259 Ο
2119 3153 2374 3259 ρήωίεῑ
2396 3151 2754 3259 tertiammissa
2791 3150 2846 3259 in
2883 3156 3068 3252 nocte.
3091 3158 3146 3204 et
3196 3149 3252 3203 in
3279 3149 3386 3259 die2
3425 3147 3531 3201 nisi

2115 3242 2237 3297 loco
2261 3241 2434 3315 Epist.
2451 3242 2521 3297 ad
2551 3239 2728 3295 Titum
2750 3256 2812 3307 ιι,
2831 3240 3028 3311 legitur
3054 3239 3250 3294 iterum
3272 3237 3431 3292 Isaia:
3455 3253 3543 3304 ix;
3574 3235 3712 3291 nihil

2114 3342 2296 3388 autem
2321 3349 2423 3404 pro
2450 3333 2623 3389 missa
2647 3332 2717 3387 ad
2761 3347 3014 3387 auroram
3062 3330 3322 3388 occurrit.
3367 3328 3490 3385 Alia
3525 3342 3714 3400 super-

2114 3423 2372 3479 sedemus
2424 3422 2696 3478 variantia
2733 3436 2858 3476 cum
2889 3423 3081 3476 ordine
3121 3429 3381 3476 consueto
3426 3420 3708 3485 adnotare,

2114 3525 2236 3580 qua:
2260 3510 2491 3580 quisque
2539 3511 2594 3564 in
2641 3515 2895 3579 promptu
2933 3508 3339 3579 deprehendere
3367 3508 3543 3573 valet,
3583 3524 3709 3564 cum

2114 3615 2261 3656 nunc
2291 3600 2360 3655 de
2384 3600 2502 3655 sola
2544 3599 2750 3655 codicis
2787 3598 2963 3653 nostri
2993 3612 3116 3654 cum
3149 3597 3296 3653 edito
3329 3605 3477 3654 textu
3506 3598 3711 3654 discre-

2114 3691 2307 3762 pantia
2341 3690 2611 3762 agendum
2642 3690 2734 3745 sit.

2262 3784 2322 3839 In
2357 3782 2592 3839 Octabas
2623 3781 2859 3837 Domini.

2258 3854 2540 3910 Dominica
2565 3854 2741 3922 prima
2767 3860 2892 3922 post
2919 3851 3293 3923 Theophania.

2261 3925 2320 3980 In
2345 3923 2774 3995 Septuagesimo.

2258 3995 2318 4050 in
2349 3993 2720 4064 Sexagesima.

2256 4065 2316 4121 ln
2343 4062 2822 4134 Quiniuagesimo.

2258 4132 2536 4216 Dominica
2562 4132 2738 4216 prima
2758 4135 2963 4216 mensis
2986 4132 3168 4204 primi.

2260 4205 2541 4261 Dominica
2572 4203 2627 4259 in
2650 4203 2965 4259 Tricesima.

2260 4275 2539 4330 Dominica
2569 4275 2624 4329 in
2650 4274 2942 4330 Vicesima.

2257 4344 2420 4401 Feria
2450 4345 2685 4401 secunda
2714 4353 2838 4414 post
2859 4345 3151 4401 Vieesima.

2261 4416 2550 4487 Dominica
2594 4412 2929 4487 indulgentia
2975 4416 3044 4471 ad
3100 4414 3383 4471 Lateranis
3427 4412 3587 4486 [Ed.,
3642 4414 3708 4471 in

2328 4484 2575 4558 Palmis].

2249 4556 2411 4612 Feria
2445 4555 2682 4611 secunda
2708 4556 2930 4612 Paschaa
2961 4555 3031 4610 ad
3059 4555 3117 4610 S.
3143 4555 3385 4611 Petrum.

2250 4627 2532 4683 Dominica
2562 4626 2621 4680 in
2649 4628 2877 4683 uetabas
2905 4626 3004 4700 (sic
3033 4625 3298 4697 deinceps)
3320 4626 3565 4692 Paschae,
3589 4633 3705 4682 etc.

2180 4744 2381 4800 Tomus
2413 4744 2621 4815 primus
2672 4743 2879 4800 codicis
2930 4743 3106 4798 nostri
3159 4742 3360 4799 desinit
3392 4742 3444 4796 in
3485 4741 3701 4797 Lilma’a

2106 4838 2346 4908 majore;
2396 4836 2670 4892 secundus
2699 4836 2891 4906 incipit
2922 4837 2991 4891 ab
3039 4836 3354 4890 Ascensione
3382 4875 3397 4901 ,
3443 4834 3544 4890 sub
3594 4835 3703 4890 hac

2108 4928 2463 5000 inscriptione
2485 4928 2661 4999 prima
2687 4943 2852 4983 manu
2878 4926 3108 5000 :Incipit
3138 4936 3309 4983 textus
3338 4925 3459 4982 libri
3481 4926 3702 4982 secundi

2111 5020 2169 5074 in
2194 5018 2510 5075 Ascensione
2536 5018 2770 5073 Domini.

2182 5110 2390 5167 Deinde
2420 5128 2436 5167 :

2252 5220 2532 5300 Dominica
2559 5226 2684 5300 post
2706 5218 3004 5275 Ascensam
3030 5220 3265 5277 Domini.

2252 5290 2533 5345 Dominica
2559 5288 2613 5343 in
2645 5288 2981 5346 Pentecoste.

2255 5359 2387 5441 Post
2413 5359 2749 5441 Dominieam
2777 5362 3063 5441 septimam
3093 5362 3183 5434 [In
3211 5361 3362 5425 edit.,
3391 5367 3513 5430 post
3541 5357 3652 5430 Vl].

2253 5431 2314 5485 ln
2339 5430 2518 5502 vigilia
2542 5429 2606 5502 _S.
2633 5426 2860 5502 Joannis
2886 5426 3160 5502 Baptistiu.

2254 5502 2312 5557 lu
2338 5498 2508 5555 natali
2535 5498 2593 5556 S.
2624 5499 2872 5557 Joannis.

2098 5639 2224 5709 jam
2246 5637 2513 5709 diximus,
2559 5638 2861 5694 luculenter
2894 5642 3077 5690 nostra
3117 5634 3364 5705 requirit.
3397 5632 3484 5691 Cf.
3518 5641 3557 5691 t.
3590 5633 3686 5703 ιν,

2108 5724 2162 5780 p.
2193 5708 2321 5765 461.
