3970 6202
334 148 363 165 δ

307 344 446 401 1119

1761 335 2087 394 NOTANDA

3443 336 3591 394 H20

305 462 368 516 it.
396 476 451 531 p.
483 457 620 524 390;
665 457 944 527 Iosephus,
976 470 1030 525 p.
1059 454 1195 521 589;
1244 452 1579 519 Neoteiicus,
1617 452 1886 523 interpres
1912 454 1967 515 Α
2067 462 2093 492 ⁸
2135 410 2811 531 Vespere_autem:s_abbpti.
3030 447 3247 505 diversa
3286 449 3589 531 mulierum

304 566 538 625 graecus,
576 567 631 623 p.
664 547 801 615 ‘Sl;
837 562 1129 617 auonymus
1162 553 1321 618 poeta
1366 560 1419 615 p.
1451 542 1557 599 546
1577 583 1593 609 ,
1623 550 1733 599 etc.
1781 541 1887 598 Vix

306 660 476 700 unum
511 642 668 699 nobis
715 646 969 713 superest
1017 638 1367 701 tentandum,
1411 636 1651 691 rariores
1693 649 1889 706 nempe

307 744 559 791 auctores
589 733 890 805 praecipuos
937 746 969 786 a
1008 728 1308 800 Smaragdo
1357 727 1621 783 adductos
1650 741 1719 803 ex
1742 724 1890 782 edito

309 835 460 883 textu
499 835 555 882 et
590 826 777 882 codice
819 822 1149 879 Bononiensi
1188 821 1562 892 perfunctorie
1591 821 1884 893 attingere.

890 938 918 1010 §
946 939 985 993 Ι.
1018 937 1308 995 Fnicuws.

377 1038 550 1107 Quem
572 1034 825 1106 Figulum
858 1032 1015 1088 ﬁnxit
1038 1031 1309 1089 Ulricbius
1347 1030 1554 1102 (utrum
1573 1044 1639 1085 ex
1669 1029 1782 1085 suis
1808 1042 1896 1084 co-

308 1131 550 1197 dicibus,
592 1145 659 1183 an
694 1144 795 1199 per
829 1126 1196 1191 oscitantiam,
1224 1139 1333 1180 non
1362 1122 1574 1196 liquet),
1608 1121 1894 1194 Frigulum

308 1223 458 1280 claro
493 1228 549 1277 et
575 1220 747 1275 nitido
777 1220 1094 1274 charactere
1135 1214 1494 1273 Bononiensis
1536 1214 1704 1270 codex
1746 1213 1894 1269 desi-

309 1323 463 1387 gnat,
490 1327 652 1369 nemo
676 1326 839 1382 quem
874 1310 1040 1365 sciam
1086 1308 1199 1363 sive
1226 1313 1373 1372 ante,
1417 1305 1533 1360 sive
1577 1313 1701 1374 post
1739 1303 1898 1359 Sma-

309 1406 569 1477 ragdum,
615 1403 723 1458 ulla
750 1402 834 1458 vel
869 1399 1091 1455 minima
1131 1398 1391 1453 memoria
1418 1395 1747 1477 indigitavit.
1786 1394 1899 1450 Nec

310 1476 524 1553 tantum
548 1494 643 1549 uni
672 1499 858 1549 nostro
882 1489 1148 1554 innotuit;
1180 1489 1290 1544 imo
1335 1489 1416 1544 sic
1460 1487 1517 1542 in
1553 1476 1723 1558 ipsius
1751 1486 1898 1541 edito

309 1595 485 1653 textu,
527 1586 747 1642 omissis
786 1585 1080 1642 mutatisve
1132 1582 1317 1653 siglis,
1354 1580 1605 1646 evanuit,
1643 1587 1705 1636 ut
1743 1581 1898 1650 quasi

308 1691 528 1734 rursum
558 1676 659 1731 sub
682 1690 819 1744 aqua
859 1676 1146 1729 immersus
1170 1674 1421 1728 videatur
1440 1714 1455 1739 ,
1501 1688 1604 1728 nec
1631 1673 1739 1728 nisi
1766 1672 1898 1728 solis

302 1770 417 1841 jam
448 1770 504 1825 in
530 1769 806 1825 codicibus
833 1768 1123 1823 eruendus.
1166 1765 1337 1834 Quem
1378 1767 1425 1823 si
1470 1766 1612 1822 forte
1638 1766 1898 1835 siglorum

310 1877 413 1935 ope
462 1861 772 1932 expiscatus
810 1859 1008 1922 fueris,
1041 1857 1233 1929 duplex
1269 1859 1376 1914 erit
1415 1858 1510 1913 tibi
1545 1873 1649 1914 nec
1678 1857 1901 1912 minima

309 1966 435 2008 eum
461 1950 811 2023 dignoscendi
838 1946 1152 2015 diﬂicultas;
1185 1956 1297 2003 tum
1339 1948 1465 2018 quia
1508 1962 1704 2002 nomen
1733 1945 1902 2013 illius,

308 2041 379 2098 ob
405 2030 613 2097 similes
631 2054 770 2113 pene
793 2040 1000 2096 litteras
1018 2040 1244 2110 primas,
1267 2054 1392 2094 cum
1411 2037 1657 2093 Pmuxsu
1684 2035 1903 2092 nomine

311 2133 368 2188 in
394 2142 645 2204 promptu
672 2132 776 2187 fuit
800 2132 1141 2199 conludisse;
1184 2140 1299 2186 tum
1332 2129 1458 2200 quia
1484 2130 1700 2199 quoties
1731 2129 1904 2184 codex

311 2223 673 2281 Bononiensis
711 2231 972 2280 consuete
1005 2223 1138 2295 legit
1174 2221 1447 2294 Figulum,
1482 2221 1645 2278 toties
1672 2222 1726 2276 in
1756 2220 1903 2277 edito

314 2326 508 2386 textu,
563 2318 705 2375 forte
761 2320 1181 2391 astipulantibus
1232 2319 1508 2374 codicibus
1543 2317 1898 2382 Ulrichianis,

310 2412 573 2468 scribitur
593 2410 926 2482 Fulgentius.
969 2413 1098 2479 Sed,
1119 2422 1484 2483 prieterquam
1515 2412 1660 2483 quod
1690 2412 1905 2467 Prima-

312 2506 428 2562 sius
466 2506 601 2560 adeo
632 2505 853 2577 elegans
879 2514 983 2571 est,
1006 2505 1325 2575 Fulgentius
1344 2520 1474 2561 vero
1496 2504 1630 2560 adeo
1652 2505 1901 2576 insignis,

313 2604 376 2652 ut
402 2596 491 2651 vix
523 2594 692 2650 ullum
723 2611 842 2652 esse
874 2595 1069 2651 debeat
1094 2595 1394 2667 periculum
1426 2596 1749 2651 alterutrum
1776 2612 1904 2651 cum

314 2687 537 2758 Frigqu
582 2689 906 2753 recentiori,
962 2690 1271 2761 incompte,
1307 2690 1459 2755 rudi,
1508 2690 1778 2762 eclogario
1815 2705 1906 2746 se-

314 2778 525 2848 quioris
543 2779 663 2846 aevi,
689 2780 741 2834 ni
760 2779 939 2848 fallor,
960 2780 1347 2848 confundendi,
1366 2783 1583 2839 aliunde
1607 2793 1718 2837 tum
1732 2798 1905 2853 pauca

314 2876 443 2921 sunt
468 2866 721 2923 Primasii
751 2869 952 2939 scripta
973 2911 988 2936 ,
1018 2885 1139 2940 quae
1170 2885 1295 2926 cum
1324 2872 1525 2926 nostris
1554 2866 1778 2927 omnino
1801 2872 1908 2928 dif-

314 2957 535 3024 ferunt;
581 2967 693 3013 tum
722 2959 1040 3030 Fulgentius
1066 2961 1121 3015 in
1149 2960 1306 3016 libris
1333 2962 1445 3016 suis
1473 2970 1619 3018 totus
1643 2971 1732 3018 est
1757 2963 1822 3017 de
1844 2977 1905 3018 re

312 3052 656 3121 dogmatica,
702 3067 805 3106 nec
847 3052 952 3107 nisi
992 3054 1041 3107 ἄν
1084 3050 1297 3128 παρόδῳ
1334 3053 1515 3110 evadit
1552 3054 1900 3128 exegeticus;

315 3141 566 3214 Frigulus
590 3157 722 3198 vero
752 3142 855 3198 iste
883 3144 1088 3199 multus
1126 3153 1212 3199 est
1247 3145 1304 3200 in
1335 3144 1516 3199 littera
1544 3146 1902 3214 quorumdam

313 3190 555 3286 locgrum
596 3232 959 3298 enueleanda,
1004 3242 1221 3303 etymon
1257 3190 1831 3303 indagaturulibenter,
1847 3242 1904 3290 et
1927 3190 2046 3324 αὖ

315 3320 496 3375 varias
524 3320 764 3391 origines
791 3336 972 3376 rerum
1001 3322 1627 3393 venatur,undequaque
1653 3339 1749 3379 sua
1777 3339 1901 3380 eor-
1950 3328 1981 3351 “

314 3412 494 3478 radit,
543 3411 856 3467 simillimus
901 3411 1286 3469 collectoribus
1315 3412 1624 3471 Hibernicis
1654 3424 1746 3470 aut
1775 3413 1903 3471 Gal-

314 3501 456 3569 licis,
483 3503 576 3573 qui
608 3502 755 3559 circa
783 3503 965 3560 Caroli
994 3505 1094 3560 asvi
1119 3512 1390 3577 tempora,
1421 3515 1635 3564 veteres
1669 3508 1884 3579 expilar

314 3592 583 3648 solebant.
618 3592 688 3649 Ut
725 3601 785 3648 ut
810 3593 911 3660 sit,
956 3610 1136 3665 opera:
1180 3596 1414 3667 pretium
1455 3598 1590 3652 mihi
1612 3598 1788 3655 visum
1818 3606 1906 3655 est

313 3685 590 3749 nonnulla,
630 3685 805 3755 gratia
830 3686 1085 3756 exempli,
1110 3687 1228 3743 loca
1258 3688 1521 3760 seligere,
1552 3698 1609 3745 et
1631 3690 1701 3746 ad
1739 3692 1901 3748 ﬁdem

312 3774 518 3830 codicis
554 3774 914 3831 Bononiensis
949 3779 1286 3846 exprimere,
1325 3794 1448 3849 qua:
1489 3781 1620 3835 satis
1651 3789 1815 3836 erunt
1841 3790 1904 3838 ut

313 3864 554 3922 auctoris
579 3865 725 3922 illius
750 3866 959 3925 indoles
983 3876 1040 3924 et
1065 3876 1200 3925 aetas
1225 3869 1369 3926 haud
1393 3871 1617 3929 omnino
1641 3872 1865 3930 lateant.

1038 3983 1173 4040 ΠΗ.

382 4073 424 4127 1.
458 4072 657 4148 Christi
681 4083 857 4148 autem
890 4078 1157 4148 generatio
1185 4079 1262 4133 sic
1282 4087 1416 4134 erat.
1441 4079 1621 4148 Quare
1644 4096 1749 4136 non
1770 4080 1899 4139 Jesu

313 4142 538 4209 Christi,
565 4144 661 4199 sed
688 4142 1027 4202 solummodo
1056 4145 1285 4213 Christi,
1324 4150 1377 4203 id
1403 4142 1516 4215 est,
1552 4167 1661 4207 non
1690 4161 1903 4209 utrum-

312 4228 665 4291 que__nome_n,
682 4216 776 4269 sed
803 4215 1031 4270 alterum
1063 4219 1244 4291 posuit
1262 4219 1286 4273 ?
1305 4218 1440 4291 Hoc,
1464 4228 1574 4275 uta
1600 4221 1900 4291 majoribus
1962 4246 1966 4250 Α

312 4283 569 4366 traditur,
594 4283 788 4366 futura:
808 4283 1108 4366 reservavit
1125 4288 1389 4366 historia},
1417 4283 1536 4360 quae
1557 4283 1899 4366 mox-angelo

311 4353 526 4433 dicente
562 4353 931 4433 subinl‘ertur:
973 4355 1043 4410 Et
1070 4359 1280 4433 vocabis
1312 4353 1497 4415 ηόηιὶη
1537 4362 1651 4432 ejus
1679 4353 1897 4433 Iesum,

307 4430 368 4476 et
390 4424 621 4499 reliqua.
667 4423 822 4491 Quod
866 4441 1029 4499 ergo,
1076 4429 1310 4497 qualiter
1354 4423 1601 4486 vocatum
1636 4434 1741 4499 sit,
1769 4423 1896 4492 mox

310 4494 656 4585 scribendum
669 4494 1010 4585 Evangelista
1039 4494 1306 4585 praevidit,
1336 4494 1896 4585 anticipandg‘prmri—

307 4576 441 4644 pere
469 4580 575 4644 non
603 4565 804 4620 debuit.
826 4563 1116 4621 'Genera—tio
1145 4563 1346 4644 autem,
1382 4580 1476 4644 aut
1504 4563 1619 4644 ipse
1645 4563 1892 4633 Christus

311 4634 511 4716 dicitur
534 4636 590 4690 in
619 4652 785 4716 carne
817 4646 1126 4716 generatim,
1158 4647 1217 4693 ut
1248 4641 1389 4716 idem
1417 4642 1488 4696 sit
1513 4634 1889 4716 Christigene-

311 4705 636 4783 ratio,_acrsi
663 4705 973 4783 diceretur:
1014 4705 1294 4783 Generatio
1332 4726 1453 4783 qua:
1485 4722 1573 4767 est
1605 4705 1889 4783 Christus;

311 4781 429 4846 aut,
458 4775 654 4846 sicut_a
677 4777 1002 4846 quibusdam
1038 4777 1266 4846 legitur,
1292 4775 1366 4835 ut'
1379 4782 1451 4836 sit
1476 4784 1579 4839 iste
1602 4786 1737 4841 ordo
1765 4775 1890 4843 ver;

310 4843 882 4927 borumASie'autem
922 4857 1041 4927 erat
1066 4843 1263 4927 Christi
1302 4855 1587 4927 generatio,
1629 4855 1735 4912 hoc
1774 4866 1887 4927 est,

309 4914 393 4969 sic
421 4913 490 4967 ad
511 4912 784 4971 Christum
808 4920 1044 4988 pertinet
1066 4920 1183 4976 haec
1206 4912 1539 4994 genealogis.

1027 5010 1164 5067 FB].

355 5097 446 5180 'Il.
479 5096 615 5186 lico:
630 5098 847 5186 angelus
873 5101 1089 5186 Domini
1114 5107 1356 5175 apparuit
1377 5108 1433 5186 iit
1457 5113 1652 5166 somnis
1669 5113 1888 5186 doseph,

308 5169 489 5253 diosus
511 5166 739 5253 :"Surge
764 5179 813 5223 et
842 5173 1017 5253 accipe
1042 5166 1276 5229 Puér'um
1299 5188 1346 5231 et
1376 5177 1599 5253 Matrem
1628 5166 1763 5253 ejus;

381 5239 499 5326 lion
682 5239 1109 5326 ξιιιιῐῐινιξιιεξὶηιηι2
1147 5260 1321 5314 neque
1346 5249 1611 5326 mulieris,
1642 5239 1736 5309 sed
1765 5270 1888 5326 spe-

308 5310 436 5366 ciali
462 5309 743 5381 privilegio
762 5309 931 5366 solius
951 5309 1109 5365 Pueri
1131 5309 1324 5372 nomen
1346 5320 1585 5390 ponitur.

1027 5400 1158 5457 FRI.

308 5552 315 5559 O
377 5491 1199 5578 lli.JVesperefutemjabbati,
1224 5515 1341 5568 qua:
1378 5501 1589 5560 lucescit
1613 5508 1681 5578 in
1717 5510 1888 5578 prima

307 5562 534 5640 sabbati,
557 5562 689 5640 venit
729 5566 906 5621 Maria
936 5562 1281 5640 Magdalené,
1323 5580 1371 5624 et
1405 5578 1571 5629 altera
1602 5562 1777 5632 Maria
1813 5562 1889 5634 vi;

300 5632 432 5685 'dere
456 5633 772 5702 sepulcrum.

1991 530 2233 595 tempora
2258 523 2315 577 in
2348 521 2654 595 Evangeliis
2694 521 3077 595 describuntur
3093 561 3138 595 ,_
3155 536 3265 595 non
3305 522 3584 595 mendacii

1991 589 2205 665 sign—um
2230 601 2334 660 est,
2360 593 2460 665 sed
2485 589 2689 665 sedulae
2702 591 3024 665 visitationis
3051 590 3311 665 oliicium.
3340 589 3477 665 Qua
3498 592 3590 665 lu:

1991 662 2147 719 cescit
2188 663 2245 718 in
2284 664 2458 735 prima
2484 662 2710 718 sabbati.
2741 662 2786 716 Α
2810 670 2965 735 parte
3001 662 3177 735 prima
3197 662 3407 735 noctis,
3435 662 3590 735 quod

1991 742 2076 791 est
2102 732 2326 806 vesper,
2358 735 2529 803 ipsam
2568 741 2787 806 noctem
2812 732 3021 806 voluit.
3040 732 3382 802 signiﬁcare,
3425 732 3592 802 cujus

1994 806 2170 861 noctis
2199 800 2317 860 'ﬁne
2356 800 2625 859 venerunt
2659 803 2933 858 mulieres.
2981 800 3109 857 Cur'
3136 812 3317 857 autem
3365 800 3590 859 noctism

1994 876 2228 947 appellat
2247 875 2509 945 vespere?
2533 875 2661 947 quia
2695 888 2937 947 vesperze
2980 871 3589 947 licebat_adferie_aro—

1995 942 2166 1012 mata,
2197 942 2474 1002 trans—acto
2495 942 2684 1014 utique
2708 942 2957 1009 sabbato,
2985 959 3049 999 ac
3079 944 3124 999 si
3147 942 3384 999 diceret:
3412 943 3592 1000 Nocte

1996 1033 2117 1088 quae
2138 1015 2687 1088 sequitursabbatum
2707 1022 3122 1088 venerunt,_quo
3144 1022 3384 1084 tempore
3403 1014 3594 1088 volue-

1997 1084 2141 1152 rant,
2166 1084 2355 1143 venire
2390 1085 2623 1155 liberum
2657 1085 2941 1150 habentes,
2970 1085 3085 1140 sive
3113 1100 3319 1155 vespere
3343 1084 3588 1150 sabbati,

1998 1173 2103 1213 non
2132 1164 2546 1225 vesperascente
2576 1154 2693 1219 die,
2741 1155 2838 1210 sed
2876 1154 3295 1225 vesperascente
3320 1163 3500 1221 nocte,
3534 1156 3595 1211 id

1997 1238 2104 1295 est,
2126 1230 2180 1283 in
2214 1225 2321 1283 line
2342 1227 2520 1282 noctis
2545 1233 2829 1281 venerunt.
2857 1225 2941 1295 Ab
2958 1226 3202 1295 exordio
3251 1226 3439 1280 mundi
3466 1227 3593 1282 dies

1998 1293 2340 1369 praecedebat
2365 1304 2581 1369 noctem
2627 1310 2800 1366 usque
2840 1293 2908 1349 ad
2942 1294 3157 1369 Christi
3174 1296 3502 1367 passionem.
3540 1296 3595 1352 Δ

2000 1367 2203 1426 Christi
2229 1384 2359 1424 vero
2385 1367 2659 1439 passione,
2689 1382 2798 1420 nox
2828 1368 3086 1439 prtecedit
3109 1367 3274 1439 diem.

2073 1439 2199 1495 Sive
2227 1439 2302 1494 ita
2330 1436 2638 1509 legendum,
2666 1453 2872 1509 vespere
2903 1436 3129 1501 sabbati,
3165 1436 3218 1491 id
3253 1445 3358 1502 est,
3390 1451 3593 1494 aurora

2000 1524 2121 1581 qua:
2145 1511 2320 1567 noctis
2360 1507 2517 1581 initio
2554 1507 2717 1581 lucet,
2748 1507 2867 1581 ipsa
2894 1523 2991 1581 per
3018 1516 3190 1581 totam
3218 1516 3595 1581 noctemma-

2001 1576 2163 1636 riente
2187 1596 2347 1636 mane
2372 1578 2648 1643 elucescit,
2678 1585 2736 1633 et
2766 1576 2909 1632 ideo
2926 1576 3155 1633 forsitan
3175 1620 3190 1643 ,
3216 1578 3301 1632 ha:
3331 1578 3595 1634 mulieres

2003 1669 2031 1707 a
2059 1652 2233 1707 noctis
2263 1651 2417 1705 initio
2445 1663 2616 1707 usque
2646 1664 2806 1703 mane
2838 1648 2910 1703 ibi
2949 1656 3285 1704 manserunt.
3319 1647 3427 1703 Sed
3448 1648 3599 1703 Mar—

2002 1738 2100 1777 cus
2125 1722 2292 1777 dicit:
2324 1721 2394 1775 Et
2425 1717 2575 1774 valde
2602 1734 2776 1789 mane,
2809 1728 2863 1775 et
2884 1717 3112 1789 reliqua.
3138 1720 3380 1789 Apparet
3407 1730 3593 1774 autem

2043 1808 2111 1847 ua
2134 1793 2269 1847 hora
2294 1790 2687 1847 resurrexisset
2710 1788 2970 1845 Dominus
2987 1788 3017 1855 ,“
3041 1789 3094 1844 id
3125 1788 3210 1845 est
3237 1804 3425 1854 mane,
3465 1805 3595 1845 cum

2003 1808 2111 1862 qua
2134 1808 2269 1847 nora
2294 1808 2687 1847 PBSUITCXISSBI.
2710 1808 2970 1845 uomlnus
2987 1831 3001 1855 ,
3042 1808 3094 1844 l0
3125 1808 3210 1845 BS!
3237 1808 3425 1854 mane,
3465 1808 3595 1845 cum

1929 1833 1976 1893 Β
2006 1862 2361 1930 quadraginta
2410 1861 2560 1916 horis
2586 1902 2600 1924 ,
2633 1859 2789 1929 juxta
2831 1860 3216 1930 Augustinum,
3260 1861 3311 1915 in
3338 1860 3596 1930 sepulcro

2028 1931 2173 1988 uisse
2203 1931 2557 1995 describitur,
2591 1931 2644 1984 id
2680 1938 2792 1996 est,
2838 1940 3069 2002 quatuor
3110 1932 3303 1997 horas,
3345 1947 3452 2000 qua
3500 1931 3599 1986 die

2004 2003 2298 2058 crucifixus
2340 2011 2455 2066 est,
2506 2009 2849 2056 remanentes
2894 2002 3177 2057 duodecim
3227 2002 3373 2056 hora:
3416 2002 3598 2056 noctis

2005 2073 2235 2138 sabbati,
2269 2073 2551 2127 duodecim
2583 2071 2689 2126 diei
2718 2071 2948 2137 sabbati,
2980 2073 3263 2128 duodecim
3286 2074 3461 2127 noctis
3481 2072 3595 2126 diei

2005 2145 2328 2209 dominicae,
2377 2144 2543 2197 horas
2587 2148 2767 2196 autem
2808 2142 3169 2266 anadraginta
3230 2144 3284 2197 in
3341 2142 3595 2213 sepulcro

2005 2213 2204 2266 iacuit:
2230 2229 2331 2266 nro
2359 2215 2464 2266 hac
2491 2226 2657 2266 causa
2699 2228 2802 2266 uua
2845 2212 3059 2266 raginta
3106 2213 3294 2266 diebus
3336 2221 3458 2266 nost
3498 2228 3590 2266 re-

1998 2213 2204 2285 jacuit:
2230 2229 2331 2284 pro
2359 2215 2464 2269 hac
2491 2226 2657 2285 causa
2699 2212 3059 2285 quadraginta
3106 2213 3294 2268 diebus
3336 2212 3458 2285 post
3498 2228 3590 2285 re-

2006 2282 2401 2340 Surrectionem
2429 2282 2687 2354 apostolis
2711 2283 2824 2338 suis
2852 2282 2997 2353 saipc
3034 2299 3093 2340 se
3122 2282 3504 2338 manifestavit.
3532 2283 3595 2337 in

2005 2355 2227 2425 nomine
2253 2363 2455 2419 autem,
2482 2353 2627 2425 quod
2656 2361 2742 2425 est
2777 2370 3005 2425 vespere
3023 2396 3037 2419 ,
3076 2354 3227 2425 multi
3256 2355 3466 2409 diversa
3490 2370 3600 2425 pn-

2005 2433 2141 2479 tant.
2168 2424 2227 2483 In
2258 2424 2550 2494 Evangelio
2589 2423 2734 2478 enim
2773 2421 2964 2480 Graeco
3005 2426 3079 2479 ila
3116 2424 3364 2489 habetur,
3403 2421 3509 2494 ὁψῖ
3536 2423 3597 2480 δέ

2004 2497 2279 2552 σαϐϐάτων
2303 2505 2366 2568 τῇ
2401 2498 2758 2568 imprecareris?)
2791 2499 2878 2568 si;
2906 2499 3023 2565 μίαν
3063 2496 3369 2568 σαϐϐάτων,
3397 2495 3451 2549 id
3483 2502 3597 2568 est.

2005 2582 2211 2637 vespere
2235 2555 2458 2637 sabbati,
2482 2555 2600 2635 qua:
2627 2555 2915 2637 lucescitin
2943 2582 3117 2636 prima
3151 2555 3599 2637 sabbatorum,_in

2006 2632 2365 2709 quogapparet
2394 2632 2509 2707 tibi,
2537 2632 3037 2709 quodlfemininnm
3057 2651 3254 2709 nomen
3283 2644 3386 2709 est,
3420 2644 3484 2709 τῇ
3514 2634 3598 2709 fe—_

2007 2706 2272 2761 mininu’m
2300 2706 2597 2776 pronOmen
2629 2712 2735 2767 est,
2762 2706 2908 2761 unde
2946 2706 3169 2775 quidam
3210 2706 3419 2769 volunt,
3450 2706 3599 2775 Quod

2006 2792 2200 2846 vesper
2227 2775 2821 2846 coinmunis,_hoc_est,
2859 2777 3144 2832 masculini
3173 2785 3228 2832 et
3253 2776 3495 2832 feminini
3522 2778 3599 2831 sit

2005 2843 2219 2920 generis
2246 2861 2464 2910 nomen,
2492 2843 2646 2913 cujus
2667 2844 3197 2920 ablativusyespgre
3231 2847 3477 2920 [quidam
3504 2863 3600 2920 vr}-

2007 2906 2124 2989 lunt
2141 2932 2389 2989 vespera,
2405 2906 2512 2989 non
2532 2906 2771 2989 vesperae
2792 2915 2925 2989 dici,
2941 2906 3261 2989 femi'nfmim
3275 2906 3594 2989 iacientes].

2006 2986 2511 3061 Qui‘dam'sulitilius
2540 2986 2613 3040 ita
2649 2986 3242 3061 legunt.___Venit_hlaria
3268 2988 3446 3061 prima
3472 2986 3599 3042 sali-

2004 3059 2139 3121 bati,
2162 3073 2285 3129 quae
2305 3058 2527 3113 lucescit
2547 3072 2771 3129 vespere
2793 3057 3142 3113 sabbati.Alii
3165 3059 3240 3114 ita
3264 3057 3598 3129 intelligunt,

2005 3127 2647 3201 utgsabbatumrequics
2693 3128 3116 3201 interpretetur_:
3160 3144 3386 3201 vespere
3414 3127 3601 3201 autem

2044 3198 2204 3270 uictis
2232 3198 2604 3270 Quwlucescit
2630 3198 2683 3251 in
2709 3200 2901 3270 prima,
2929 3207 2987 3254 et
3024 3198 3265 3270 reliqua.
3284 3199 3351 3253 In
3377 3199 3550 3270 prima
3575 3212 3601 3251 .'

2050 3269 2188 3324 rima
2217 3270 2333 3324 dies
2356 3268 2555 3325 dicitur
2579 3268 2883 3339 Dominica,
2911 3284 3033 3339 qua:
3057 3268 3254 3326 meruit
3280 3268 3466 3324 videre
3496 3269 3602 3323 Do-

2003 3339 2212 3464 ainum
2235 3353 2541 3411 resurgere,
2567 3338 2827 3394 mundum
2847 3338 3018 3408 naSci,
3047 3349 3208 3412 atque
3227 3339 3471 3411 reparari
3491 3355 3600 3410 per

2086 3418 2298 3464 ristum.

2086 3410 2298 3464 ristum.

2073 3478 2161 3534 IV.
2198 3479 2343 3534 Tunc
2371 3480 2655 3551 assumpsit
2681 3497 2798 3535 eum
2820 3479 3054 3551 diabolus
3067 3479 3119 3534 in
3133 3488 3367 3551 sanctam
3392 3480 3595 3551 ciuita-

2003 3558 2124 3621 tem,
2148 3551 2410 3621 etglatuit
2440 3548 2559 3621 eunt
2577 3567 2736 3621 super
2771 3550 3108 3621 pinuaculum
3144 3548 3335 3621 templi,
3368 3549 3592 3621 etdia'it

2002 3619 2051 3673 ei
2072 3633 2091 3671 :
2130 3619 2191 3675 Si
2229 3619 2403 3693 Itilius
2434 3619 2532 3693 Dei
2568 3619 2650 3684 es,
2682 3619 2905 3693 mittegte
2933 3622 3193 3693 deorsum.
3222 3619 3341 3674 Vox
3386 3620 3601 3677 diaboli

2002 3702 2219 3760 semper
2246 3689 2435 3746 omnes
2463 3689 2716 3745 deorsum
2744 3691 2939 3745 cadere
2960 3692 3095 3748 vult.

2072 3759 2135 3815 ln
2173 3769 2416 3816 sanctam
2446 3761 2721 3816 civitatem
2750 3760 3091 3817 Hierusalem
3132 3761 3284 3817 dicit.
3319 3759 3599 3817 Pinnacu-

2003 3829 2113 3904 lum
2135 3845 2264 3904 ergo
2287 3831 2472 3901 templi
2491 3832 2650 3904 sedes
2670 3839 2790 3886 erat
2812 3832 3095 3887 doctorum
3124 3833 3178 3887 in
3208 3831 3385 3904 medio
3406 3833 3598 3904 templi

2001 3901 2264 3972 tabulata,
2289 3917 2353 3972 ac
2373 3916 2470 3972 per
2491 3901 2595 3972 hoc
2616 3909 2862 3972 apparet,
2880 3904 3024 3972 quod
3047 3903 3293 3967 etiamin
3314 3901 3451 3958 locis
3471 3901 3601 3957 san-

2001 3971 2106 4027 ctis
2129 3971 2374 4027 diabolus
2396 3970 2701 4042 insidietur;
2721 3971 2830 4027 Sed
2852 3970 3080 4042 quaestio
3104 3974 3304 4036 oritur,
3319 3974 3598 4042 quomodo

1999 4041 2054 4097 in
2080 4043 2295 4097 deserto
2322 4040 2650 4097 tentationes
2674 4043 2831 4097 facte
2861 4040 3137 4110 dicuntur,
3169 4058 3292 4098 cum
3324 4040 3426 4097 ista
3449 4053 3507 4098 et
3532 4044 3593 4098 in

1999 4120 2190 4167 sancta
2212 4112 2442 4185 civitate
2462 4120 2517 4166 et
2543 4128 2706 4185 supra
2735 4113 3086 4183 pinnaculum
3118 4114 3304 4185 templi
3336 4114 3489 4185 facta
3513 4121 3595 4168 te—

1999 4190 2193 4253 stetur.
2225 4182 2331 4237 Alii
2358 4182 2502 4238 enim
2527 4182 2747 4253 dic’nnt,’
2761 4185 2904 4253 quod
2927 4192 3143 4240 cmteraa
3166 4182 3451 4248 in'eremo,
3482 4184 3593 4239 ista

1998 4252 2055 4307 in
2086 4251 2424 4325 Hierusalem
2468 4253 2540 4325 sit
2583 4252 2753 4317 facta,
2781 4251 2877 4308 alii
2918 4254 3107 4310 dicunt
3142 4255 3291 4325 quod
3315 4262 3368 4309 et
3397 4254 3502 4309 ista
3529 4255 3594 4309 in

1996 4337 2184 4380 eremo
2211 4322 2376 4379 fuerit
2404 4324 2587 4379 animo
2613 4330 2827 4379 tantum
2854 4333 3094 4381 ostensa.

2068 4485 2134 4541 γ.
2165 4484 2423 4541 Cebenna
2452 4501 2651 4542 nomen
2688 4415 3047 4556 coglpositum
3093 4495 3179 4542 est
3210 4500 3276 4543 es
3306 4493 3363 4540 ct
3390 4500 3596 4556 unum.

1918 4535 1974 4597 D
1998 4553 2072 4609 Ge
2091 4535 2423 4628 naiasin};
2452 4535 3370 4628 magna;tanta;una
3388 4535 3592 4628 ζῖγξᾲξὲἐ

1995 4626 2231 4696 gratuita
2254 4641 2273 4679 :
2315 4627 2418 4681 fuit
2443 4624 2777 4682 enim'vallis
2807 4624 3040 4683 ﬁliorum
3072 4626 3265 4691 Edom,
3287 4624 3442 4694 juxta
3464 4624 3600 4678 Hie-

1995 4696 2253 4761 rusalem,
2270 4697 2323 4751 in
2344 4713 2451 4766 qua
2473 4697 2643 4752 multa
2664 4697 2885 4766 jacuere
2912 4698 3178 4752 cadavera
3208 4705 3584 4761 mortuorum;

1992 4766 2140 4822 unde
2163 4774 2220 4822 et
2244 4766 2459 4824 inferno
2485 4768 2747 4839 gehennae
2779 4783 2974 4824 nomen
3004 4768 3273 4839 congruit.

2035 4943 2039 4947 '
2066 4926 2155 4982 Vl.
2173 4927 2241 4983 In
2261 4923 2365 5000 qua
2383 4927 2563 5000 pauci,
2578 4927 2632 4981 id
2651 4857 2880 4994 8ὲῖῗέἱο
2894 4929 3087 4983 animm
3102 4928 3264 4983 salva:
3283 4928 3440 4999 [dare
3459 4937 3593 4983 sunt

1996 5013 2089 5070 per
2116 5014 2327 5070 aquam.

2064 5068 2123 5124 ld
2146 5078 2251 5134 est,
2277 5075 2509 5141 quatuor
2536 5068 2665 5133 viri,
2693 5068 2824 5141 Noe,
2851 5068 3003 5141 Scin,
3033 5068 3289 5141 Chamet
3307 5066 3541 5141 Japheth
3568 5087 3588 5135 ;

1992 5145 2050 5208 et
2075 5138 2311 5208 quatuor
2333 5154 2534 5195 uxores
2559 5154 2773 5206 eorum,
2812 5139 2864 5194 id
2909 5148 3025 5203 est,
3061 5139 3340 5203 Puerl‘ara,
3370 5138 3591 5206 Parlia,

1996 5207 2276 5276 Cataﬂuia,
2305 5209 2478 5265 Fluia.
2744 5277 2809 5333 Π

2069 5349 2179 5405 VII.
2197 5350 2330 5404 Dico
2343 5359 2516 5404 autem
2529 5350 2694 5416 vobis,
2709 5349 2959 5420 quoniam
2984 5367 3073 5404 nec
3090 5348 3346 5406 Salomon
3365 5352 3419 5404 in
3439 5350 3593 5405 omni

1993 5419 2163 5490 gloria
2185 5438 2285 5474 sua
2303 5430 2574 5490 coopertus
2596 5430 2694 5485 est,
2723 5419 2860 5474 sicut
2884 5437 3043 5473 unum
3074 5436 3140 5474 ex
3162 5420 3297 5474 istis.

2065 5489 2133 5561 In
2161 5491 2303 5544 omni
2332 5489 2525 5561 gloria,
2558 5489 2611 5544 id
2639 5499 2743 5556 est,
2777 5490 2830 5561 in
2858 5491 3005 5561 omni
3030 5490 3293 5561 varietate
3320 5489 3591 5554 vestium,

1993 5558 2475 5633 deli_ciarum,'sive_
2508 5560 2563 5614 in
2608 5559 2978 5633 magnitudine
3022 5561 3193 5633 regni.
3226 5559 3381 5616 Sicut
3417 5576 3586 5614 sum

1992 5645 2058 5683 ex
2090 5631 2226 5699 istis,
2255 5630 2591 5699 subauditur,
2614 5630 2759 5685 liliis.

518 5727 793 5810 codicibus
824 5728 1050 5809 lllrichii
1076 5731 1320 5789 additur:
1353 5748 1420 5789 ex
1447 5732 1762 5806 Augustino,
1787 5737 1881 5810 qui
1915 5737 2056 5795 infra
2088 5740 2287 5799 diserte
2331 5742 2645 5809 adducitur;
2680 5743 2777 5799 sed
2812 5741 2977 5798 variis
3015 5757 3081 5797 ex
3126 5740 3444 5798 auctoribus
3474 5759 3576 5799 sua

306 5774 899 5868 Frigulus'desunipsit:
