3970 6202
437 318 563 373 “2|

1487 314 1553 370 IN
1591 314 1943 371 SMARAGDI
1983 313 2521 373 COLLECTlONES.

3560 322 3698 376 H92

504 435 637 489 \‘lll.
687 431 972 488 Ambulaus
1005 441 1177 485 autem
1205 429 1362 485 Iesus
1382 431 1544 505 juxta
1576 449 1722 486 mare
1754 431 1994 505 Galilea’.
2028 434 2077 494 Λ
2105 447 2213 501 quo
2236 430 2507 505 Christus,
2537 430 2635 505 qui
2659 432 2827 505 dixit:
2872 432 2984 503 Ego
3013 450 3126 488 sum
3153 433 3306 505 panis
3333 434 3494 497 vivus,
3526 440 3703 492 nasci-

505 506 620 561 lloc
653 519 679 546 ι
710 520 859 558 mare
894 510 1118 573 propter
1148 510 1320 557 terras
1348 502 1661 573 adjacentes
1704 504 1891 559 multis
1916 521 2013 562 vo-

432 587 588 633 catur
611 571 938 636 nominibus,
972 571 1025 626 id
1058 581 1144 627 est
1167 587 1316 627 mare
1358 571 1611 638 Calibeae,
1662 574 2015 636 lacus.Cina-

432 648 574 710 reth,
607 657 857 717 stagnum
880 642 1144 705 Genesar.
1184 659 1334 699 mare
1364 643 1684 711 Tiberiadis,
1718 644 1867 703 lacus
1889 648 2014 705 sali-

431 733 647 780 narum,
678 714 732 770 et
758 714 856 768 rel.

503 788 592 841 ιχ.
635 786 936 857 Vidit'duos
963 784 1192 857 fratres,
1228 782 1494 839 Simonem
1523 786 1615 857 qui
1656 796 1873 842 vocatur
1904 788 2012 845 Pe-

432 867 571 922 trus,
598 866 705 913 etc.
733 856 912 924 Quare
944 855 1241 926 piscatores
1268 855 1566 926 vocantur?
1598 872 1665 911 ne
1702 858 1824 925 quis
1863 860 2012 915 resti-

432 938 609 1002 [na‘ret
626 970 642 1002 ε
678 928 821 1002 quod
865 925 965 1002 per
980 925 1366 1002 _eloqoe_ntiam
1392 925 1809 1002 prmdieatorom
1833 945 2013 1002 sermo

433 998 527 1051 Dei
553 995 715 1053 latius
734 995 928 1053 exiret.
978 995 1093 1051 Non
1127 995 1454 1069 ﬁliiregum,
1493 1012 1599 1052 non
1623 998 1815 1053 scribae
1835 1000 2014 1069 primo

433 1070 609 1123 vocati
638 1075 1032 1126 memorantur,
1059 1066 1154 1121 sed
1182 1066 1502 1135 piscatores.

503 1138 809 1195 Piscatores
840 1139 867 1178 ι)
896 1146 954 1192 et
996 1137 1260 1192 illitterati
1299 1137 1589 1192 mittuntur
1614 1138 1680 1191 ad
1712 1141 2015 1208 prtedican-

437 1212 582 1274 dum,
616 1225 683 1265 ne
709 1209 840 1263 ﬁdes
873 1208 1206 1263 credentium
1224 1247 1239 1270 ,
1269 1224 1376 1262 non
1403 1209 1600 1264 virtute
1627 1208 1754 1273 Dei,
1781 1212 1877 1266 sed
1904 1212 2015 1268 elo-

433 1280 653 1349 quentia
684 1287 846 1349 atque
875 1280 1124 1333 doctrina
1152 1277 1268 1332 ﬁeri
1297 1288 1600 1347 putaretur.

504 1350 620 1405 Bini
651 1362 673 1388 ι
711 1358 990 1414 vocantur,
1020 1349 1241 1420 binique
1280 1350 1569 1403 mittuntur
1600 1358 1655 1405 et
1691 1359 1816 1420 apte
1859 1370 1871 1405 :
1922 1350 2015 1407 Vas

432 1422 608 1485 enim,
645 1421 722 1474 ait
766 1420 1080 1490 Scriptura.
1128 1418 1263 1484 soli,
1290 1420 1417 1488 quia
1447 1435 1570 1474 cum
1597 1418 1871 1485 ceciderit,
1906 1439 2013 1477 non

435 1492 601 1547 habet
628 1490 1020 1546 sublevantem.
1049 1490 1181 1544 Bina
1212 1491 1414 1545 etenim
1455 1491 1698 1546 doctrina
1727 1500 1842 1558 est,
1880 1494 2016 1548 dile-

433 1563 543 1616 ctio
572 1562 669 1615 Dei
696 1570 753 1616 et
777 1562 996 1617 dilectio
1022 1560 1278 1631 proximi,
1298 1576 1404 1630 qua
1429 1560 1574 1631 pleni
1599 1562 1800 1617 bonum
1826 1563 2014 1619 Testa-

435 1641 678 1690 mentum
705 1630 1029 1702 prmdicant,
1054 1631 1220 1702 idest
1248 1630 1410 1702 Legis
1432 1630 1493 1687 et
1516 1631 1813 1702 Evangelii.

505 1702 573 1757 Χ.
628 1702 695 1756 Et
713 1701 1003 1773 procedens
1028 1701 1169 1767 inde,
1199 1710 1304 1757 etc.

504 1771 747 1854 Primum
775 1772 803 1813 (ί
832 1774 977 1854 enim
1000 1773 1162 1854 homo
1185 1773 1342 1854 retia
1355 1771 1611 1829 desiderii
1639 1773 1721 1829 sui
1756 1775 1922 1831 mittit
1955 1776 2011 1831 in
2044 1794 2091 1854 Β

352 1904 357 1907 _
434 1859 585 1899 mare
610 1843 768 1912 hujus
795 1843 999 1906 saeculi,
1028 1849 1088 1896 ut
1114 1841 1263 1897 velut
1292 1842 1468 1912 pisces
1492 1857 1657 1912 opera
1687 1854 1901 1901 mortua
1931 1862 2017 1902 ca-

434 1916 568 1985 piat.
587 1912 693 1986 Sed
719 1914 1145 1986 misericorditer
1165 1913 1461 1986 adveniens
1481 1912 1745 1978 Christus,
1762 1931 1862 1986 per
1874 1932 2017 1971 com-

434 1982 779 2055 punctionem
806 1984 971 2055 animi
1000 1982 1184 2055 priora
1212 1990 1398 2055 mutato
1416 1982 1795 2055 instrumenta,
1823 1993 1883 2040 ut
1914 1987 2017 2040 ite-

435 2051 557 2126 rum
582 2062 697 2108 rete
712 2053 839 2126 boni
861 2051 1115 2108 desiderii
1131 2052 1195 2126 iu
1220 2051 1403 2126 smculi
1425 2067 1575 2126 mare
1588 2052 1822 2121 jactans,
1840 2056 2017 2126 pisces

434 2125 699 2179 bonarum
726 2124 985 2178 virtutum
1023 2122 1144 2176 navi
1175 2123 1360 2177 carnis
1384 2122 1451 2193 ad
1486 2133 1700 2193 portum
1729 2122 1857 2181 vitae
1886 2127 2017 2180 atl‘e-

435 2204 542 2260 rat,
567 2195 879 2264 relinquens
904 2193 1187 2265 fugitivom
1217 2192 1525 2258 diabolum,
1558 2195 1637 2265 sic
1667 2195 1810 2250 enim
1840 2196 2017 2251 lebe-

434 2265 582 2321 dzeus
628 2262 1034 2333 interpretatur.
1092 2262 1336 2330 Quatuor
1385 2264 1751 2333 apostolorum
1795 2268 2015 2322 nomina

434 2336 569 2390 duos
596 2334 822 2406 populos
852 2335 1179 2406 signiﬁcant.
1213 2333 1400 2389 Simon
1436 2334 1589 2406 cnim,
1610 2335 1885 2406 obediens,
1915 2337 2018 2392 Pe-

436 2413 551 2491 _trus
569 2413 759 2491 aii-tem
788 2422 1073 2487 agnoscens
1103 2405 1517 2491 interpretatur,
1550 2405 1820 2491 significa}
1842 2422 2014 2491 popu-

434 2475 542 2530 lum
562 2474 891 2540 Judzeorum,
923 2476 1011 2545 qui
1035 2475 1186 2544 prius
1211 2476 1451 2546 obedivit
1471 2474 2014 2546 prmc'eptierdmini,

432 2556 487 2600 et
514 2546 732 2616 agnovit
758 2546 1074 2601 Creatorem
1118 2561 1293 2616 suum.
1345 2545 1401 2600 ld
1438 2545 1729 2615 ipsum,et
1757 2545 2015 2615 Iacobus,

431 2616 524 2686 qui
556 2615 964 2697 interpretatur
1006 2615 1401 2697 supplantator,
1444 2616 1729 2697 signiﬁcat.
1767 2618 2017 2697 Andreas

431 2702 563 2741 vero
582 2688 968 2757 interpretatur
987 2686 1172 2757 virilis,
1188 2686 1459 2756 signiﬁcat
1472 2686 1724 2756 populum
1748 2690 2013 2757 gentium,

431 2757 522 2828 qui
552 2758 605 2828 in
638 2756 742 2812 tlde
769 2757 969 2812 Christi
998 2756 1227 2828 viriliter
1250 2757 1381 2827 agit.
1413 2757 1649 2828 ldipsum
1675 2766 1731 2813 et
1754 2756 2012 2824 Joannes,

431 2827 524 2898 qui
576 2826 1008 2898 Dominigratia
1061 2826 1451 2895 interpretatur
1494 2826 1790 2897 signiﬁcat.
1828 2828 2015 2884 Gratia

431 2897 576 2970 enim
605 2898 700 2970 Dei
741 2897 958 2970 salvata:
982 2905 1118 2970 sunt
1134 2906 1339 2970 gentes.
1376 2898 1510 2970 Nam
1547 2907 1611 2970 et
1639 2900 1755 2955 haec
1783 2908 2018 2970 quatuor

432 2968 652 3038 nomina
684 2967 735 3022 in
763 2969 1008 3023 moribus
1031 2968 1451 3038 uniuscujusque
1472 2968 1708 3024 hominis
1736 2967 2019 3026 continen-

433 3047 542 3122 tur,
568 3036 753 3093 Simon
782 3038 1084 3122 obedieodo
1116 3036 1477 3122 Desii-Petrus
1504 3041 1850 3122 agnoscendo
1889 3056 2018 3111 pec-

434 3116 614 3177 catum
653 3124 828 3173 suum,
876 3108 1123 3163 Andreas
1158 3108 1393 3163 viriliter
1424 3108 1750 3177 sustinendo
1781 3108 2012 3177 labores,

433 3175 602 3232 Jacob
622 3178 752 3231 vitia
780 3181 963 3233 carnis
981 3178 1397 3248 supplantando,
1413 3176 1651 3235 Joannes
1670 3181 1764 3235 Dei
1784 3175 2016 3248 gratiam

435 3248 787 3320 suscipiendo
801 3249 1095 3320 habeatur;
1125 3250 1237 3304 sive
1255 3250 1378 3320 haec
1406 3257 1643 3320 quatuor
1671 3252 1890 3303 nomina
1919 3266 2020 3320 pro

436 3317 1097 3441 ouatuorprincipalibus
1137 3317 1485 3399 intelligenda
1528 3328 1657 3373 sunt
1705 3317 2014 3375 virtutibus.

484 3402 588 3441 unc
612 3403 755 3441 enim
785 3404 1152 3441 unusautsaue
1193 3390 1451 3441 obediens
1481 3397 1599 3441 est.
1630 3405 1752 3441 cum
1782 3390 2014 3441 pruden-

484 3402 588 3443 unc
612 3389 755 3442 enim
785 3389 1152 3457 unusquisque
1193 3389 1451 3444 obediens
1481 3397 1599 3452 est,
1630 3405 1752 3445 cum
1782 3390 2019 3457 pruden-

437 3457 569 3511 tiam
596 3458 921 3528 agnoscendi
962 3467 1183 3527 peccata
1230 3457 1499 3513 habuerit.
1544 3459 1696 3513 Tunc
1730 3459 1902 3513 virilis
1933 3468 2019 3514 est

432 3527 998 3598 cum_temperant_iam
1036 3528 1334 3583 sustinendi
1370 3528 1609 3598 laborem
1646 3528 2016 3598 apprehende-

432 3597 525 3650 rit.
559 3594 715 3651 Tunc
738 3596 1159 3666 supplantator,
1191 3611 1314 3650 cum
1363 3594 1736 3651 fortitudinem
1764 3597 2018 3652 vincendi

432 3666 563 3719 vitia
590 3664 874 3735 receperit.
902 3664 1053 3721 Tunc
1071 3665 1167 3720 Dei
1187 3666 1384 3734 gratia,
1402 3681 1526 3722 cum
1545 3680 1732 3723 veram
1752 3666 2018 3724 iustitiam

433 3735 689 3792 implendi
714 3736 969 3790 mandata
995 3735 1281 3792 invenerit.

555 3805 595 3860 Ι.
615 3805 804 3880 Magos
829 3816 853 3845 θ
879 3806 972 3877 qui
1000 3807 1068 3861 ad
1088 3806 1424 3880 adorandum
1437 3808 1732 3880 Dominum
1757 3822 2015 3880 perrexe-

434 3885 581 3941 runt,
602 3875 820 3947 quidam
850 3875 913 3931 ei
944 3877 1201 3947 progenie
1227 3875 1396 3933 fuisse
1435 3877 1649 3933 Balaam
1675 3875 2013 3946 existimant,

433 3946 674 4002 eruditas
689 3946 742 4019 in
758 3946 1119 4019 astronomica
1132 3946 1435 4019 disciplina,
1450 3957 1505 4004 et
1521 3950 1732 4005 stellam
1749 3951 1893 4005 illam
1909 3965 2017 4005 non

434 4032 502 4073 ex
531 4019 674 4072 notis
703 4017 869 4073 fuisse
893 4018 1163 4073 sideribus
1182 4057 1197 4083 ,
1234 4017 1361 4087 quia
1399 4034 1500 4074 nec
1530 4021 1586 4074 in
1620 4020 1810 4076 eodem
1850 4021 2019 4076 ctele-

435 4091 507 4144 sti
526 4088 717 4143 ordine
734 4088 1072 4153 movebatur,
1093 4097 1156 4142 ut
1177 4096 1405 4145 caeteras.
1436 4090 1561 4145 Haec
1580 4091 1726 4145 enim
1747 4091 1815 4146 ad
1839 4090 2018 4145 locum

436 4161 492 4214 in
531 4173 638 4229 quo
660 4167 821 4215 natus
848 4167 967 4214 erat
999 4158 1281 4225 Dominus,
1311 4158 1793 4216 demonstrandum
1833 4160 1852 4200 ί
1881 4168 2018 4217 nutu

435 4230 657 4299 proprio
687 4229 980 4285 ferebatur.

509 4300 611 4353 Alii
641 4300 829 4372 dicunt
869 4308 1096 4372 nepotes
1125 4300 1343 4356 Balaam
1384 4315 1534 4369 esse,
1567 4302 1665 4356 ﬁlii
1696 4302 1864 4368 Beor,
1890 4302 2018 4372 quia

437 4379 643 4438 sectam
671 4368 789 4438 ejus
813 4368 984 4424 secuti
1007 4379 1151 4426 sunt.

494 4436 587 4525 τέίξ
597 4440 612 4493 i
628 4436 813 4495 dicunt
827 4438 1022 4496 Perses
1048 4440 1236 4508 fuisse,
1255 4448 1502 4498 utmetro
1518 4440 1791 4498 CANOBIUS
1808 4443 1832 4483 κ
1849 4441 2014 4497 dicit:

560 4550 700 4603 Tunc
717 4553 867 4613 jubet
890 4562 942 4605 et
968 4554 1148 4605 Persas
1170 4554 1389 4605 celerem
1415 4556 1718 4617 pertendere
1740 4567 1981 4618 gressum.

508 4634 857 4692 Hisnouvuus
885 4638 1050 4693 dicit:
1091 4637 1326 4694 Chaldaei
1354 4638 1537 4694 stellas
1572 4638 1704 4692 deos
1739 4653 1861 4693 esse
1888 4654 2019 4694 con-

443 4706 758 4771 ﬁrmabant,
803 4708 944 4763 unde
973 4723 1161 4764 eorum
1209 4710 1350 4764 Deus
1394 4709 1785 4776 nuncupativus
1826 4724 2016 4764 verum

443 4778 646 4834 indicat
690 4779 892 4843 Deum;
924 4780 1064 4833 unde
1093 4788 1149 4832 et
1176 4776 1413 4833 Chaldtei
1443 4793 1567 4834 esse
1602 4779 2013 4844 existimantur,

442 4848 584 4918 quod
616 4848 783 4904 dicit:
832 4847 1067 4903 Vidimus
1098 4845 1303 4903 stellam
1332 4848 1448 4918 ejus
1484 4849 1539 4902 in
1568 4848 1787 4912 oriente,
1822 4849 1875 4904 id
1908 4858 2015 4915 est,

443 4918 625 4991 nosin
656 4920 862 4975 oriente
889 4919 1068 4989 positi,
1101 4919 1225 4991 sig:
1245 4918 1310 4991 de
1337 4918 1548 4991 oriente
1584 4919 1637 4973 in
1659 4919 2011 4991 occidentem,

443 4989 650 5043 stellam
675 4999 852 5047 ortam
882 4986 1136 5045 vidimus.
1167 4986 1318 5043 Fixis
1336 4988 1578 5044 historias
1600 4988 1889 5055 radicibus,
1909 4990 2020 5055 spi-

443 5059 654 5114 ritualia
684 5060 1008 5115 intueamur.
1052 5057 1329 5128 Bethleem
1357 5074 1479 5128 quae
1508 5059 1895 5128 interpretatur
1925 5057 2022 5113 do-

441 5146 556 5185 mus
575 5131 751 5200 panis,
779 5129 1048 5201 signiﬁcat
1072 5127 1391 5194 Ecclesiam,
1418 5129 1533 5184 sive
1561 5127 1665 5184 cori
1678 5128 1932 5195 hominis,
1963 5128 2019 5184 in

512 5272 538 5333 ξ
565 5259 813 5333 ineditg
846 5260 943 5333 Ea:
957 5259 1219 5317 Eucherio
1241 5259 1559 5333 prteﬁgitur.

511 5329 541 5371 δ
567 5331 729 5403 lbid.,
757 5330 843 5386 Ea:
872 5330 1216 5403 Hieronymo.

478 5472 491 5486 ι
512 5411 535 5441 ο
564 5400 744 5486 code;
767 5410 950 5486 noster
974 5400 1166 5486 rursus
1194 5401 1470 5486 Frig‘ulum
1504 5400 1758 5486 designat
1787 5402 1841 5458 in
1869 5416 2015 5458 mar-

440 5472 598 5545 gine;
630 5471 902 5528 Ulrichius
933 5473 1175 5542 reposuit
1196 5489 1262 5527 ex
1289 5471 1591 5543 Futgentio.
1635 5471 1653 5475 '

511 5542 537 5626 ιξ
564 5543 767 5626 ξέοι-ψῃ
791 5542 923 5626 e_diti
950 5544 1065 5626 haec
1093 5540 1372 5626 Futgentio
1402 5542 1701 5626 ascribunt.
1739 5612 1770 5626 η

516 5623 539 5650 ο
564 5613 729 5669 Paulo
755 5613 893 5668 infra
920 5614 1091 5669 codex
1111 5610 1293 5669 noster
1312 5612 1541 5670 inseruit
1561 5610 1770 5683 Frigtsli
1795 5626 2010 5676 nomen,

441 5682 530 5736 ubi
560 5683 684 5745 alii;
712 5686 853 5752 quod
878 5699 1042 5753 quum
1073 5684 1429 5754 praecedentia
1456 5682 1673 5754 videtur
1707 5684 2014 5753 requirere,

443 5762 611 5807 totum
648 5769 805 5824 quem
829 5752 1087 5825 ponimus
1110 5754 1284 5811 locum
1300 5794 1315 5823 ,
1344 5762 1527 5825 putem
1550 5769 1580 5809 a
1610 5752 1828 5827 Frigulo
1851 5754 2015 5811 colle-

2117 502 2517 576 tor._!lerodes,_
2546 503 2641 575 qui
2670 504 3066 576 interpretatur
3094 502 3372 573 pollicens,
3403 508 3519 561 sive
3546 508 3703 576 pellis

2113 572 2319 645 gloria),
2346 572 2618 645 signiﬁcat
2650 572 2926 629 diabolum
2954 572 3274 645 regnantem
3303 577 3358 629 in
3390 572 3612 632 mundo.

2184 643 2320 726 Tres
2349 643 2499 726 ilagi
2514 643 3164 726 genusnhumanum'cum
3198 646 3443 726 physioa,
3482 649 3660 726 ethiea
3680 689 3698 715 ,

2115 712 2307 785 logica,
2325 712 2660 785 signiﬁcant:
2688 714 2935 785 Physica,
2962 714 3013 769 id
3040 712 3459 785 esttn—aturalis;
3485 712 3696 785 Ethica,

2116 783 2300 859 idest,
2327 784 2568 859 moralis,
2585 783 2779 859 mores
2792 785 2935 859 enim
2963 785 3104 859 apud
3134 783 3352 859 Grgecos
3378 786 3490 859 ἔθεςκ
3519 783 3702 859 appel-L

2115 853 2334 920 lantur;
2376 854 2597 925 Logira,
2635 855 2687 909 id
2714 863 2799 910 est
2821 853 3135 926 rationalis:
3170 855 3523 926 philosophia:
3550 853 3702 914 enim

2114 925 2326 999 species
2353 924 2479 999 est,
2499 926 2638 999 ratio
2668 926 2812 980 enim
2858 924 3083 999 Gnece,
3122 926 3272 999 λᾷῖος
3311 924 3529 999 dicitur.
3559 928 3701 999 Magi

2115 951 2326 996 δμυυιυδ
2353 951 2432 980 Cal
2452 966 2466 988 ς
2499 951 2638 980 ι-ειιιυ
2668 951 2812 980 CIIII"
2858 951 3075 990 υιῖευΰ,
3124 951 3202 981 AO“
3216 951 3272 987 ος
3311 951 3529 982 111611111⁷.
3559 951 3701 999 mugl

2115 996 2205 1064 qui
2254 995 2565 1051 sacerdotes
2612 996 2989 1066 interrogant,
3041 951 3353 1064 signiﬁcant
3399 998 3702 1053 Ecclesium

2115 1066 2384 1139 gentium;
2418 1067 2756 1139 sacerdotes,
2786 1067 2955 1139 legem
2982 1066 3087 1139 veli
3100 1067 3463 1139 Synagogam.

2184 1136 2212 1175 ιι
2236 1136 2605 1209 Quaerendum
2631 1137 2759 1206 quid
2795 1138 2866 1209 sit
2890 1139 3035 1208 quod
3062 1136 3431 1209 Redemptum
3451 1146 3578 1192 nato
3600 1155 3702 1209 pa-

2116 1207 2354 1261 storibus
2379 1207 2601 1276 angelus
2622 1207 2891 1277 apparuit,
2911 1207 3084 1277 atque
3108 1209 3175 1262 ad
3202 1207 3533 1263 aderandum
3558 1207 3706 1265 hunc

2117 1277 2297 1348 Magos
2317 1320 2331 1343 ,
2363 1294 2469 1331 non
2507 1277 2773 1348 angelus,
2802 1278 2895 1332 sed
2938 1278 3091 1333 stella
3118 1279 3389 1348 perduxit.
3439 1277 3705 1335 Videlicet

2114 1346 2314 1403 Judaeis
2346 1347 2554 1402 ratione
2586 1346 2862 1403 utentibus
2899 1346 3161 1404 rationale
3200 1348 3434 1413 animal,
3483 1349 3536 1403 id
3580 1356 3701 1415 est,

2117 1419 2339 1487 angelus
2366 1417 2665 1487 prtedicare
2702 1418 2909 1472 debuit.
2942 1418 3201 1484 Gentiles,
3233 1420 3361 1488 quia
3388 1420 3465 1473 uti
3491 1420 3705 1476 ratione

2116 1490 2475 1560 nesciebant,
2515 1488 2581 1542 ad
2628 1488 3065 1560 cognoscendum
3097 1490 3417 1555 Dominum,
3464 1505 3570 1544 non
3605 1505 3710 1560 per

2116 1575 2337 1622 vocem,
2387 1558 2485 1629 sed,
2528 1573 2624 1629 per
2651 1558 2802 1629 signa
2835 1560 3233 1628 perducuntur;
3268 1560 3373 1615 illis
3417 1558 3708 1629 prophetia

2117 1637 2402 1755 hariquamt
2422 1626 2853 1693 ﬁdelibus,’istis
2900 1629 3053 1700 signa
3103 1638 3360 1699 tanquam
3400 1626 3713 1686 inﬁdelibus

2155 1715 2186 1753 a
2215 1716 2246 1755 a
2275 1715 2374 1754 sun
2407 1736 2421 1751 .

2155 1708 2246 1755 ata
2275 1707 2421 1754 sunt.

2421 1810 2447 1885 §
2484 1811 2547 1867 ll.
2591 1811 2837 1869 Sum-us
2866 1812 3075 1870 Vtcron
3104 1812 3403 1871 CAPUANUS.

2190 1943 2379 1999 Sancti
2402 1943 2634 2001 Victoris
2655 1945 2897 2017 Capuani
2922 1948 3160 2018 episcopi
3176 1963 3398 2014 nomen,
3413 1965 3567 2018 reque
3587 1964 3711 2020 pro-

2116 2036 2407 2105 pemodum
2435 2051 2500 2092 ac
2526 2036 2730 2107 Friguli
2774 2038 3014 2109 ignotum
3051 2039 3105 2092 in
3144 2038 3451 2095 litterarum
3479 2041 3708 2096 historia

2107 2126 2489 2199 jacebquanto
2505 2136 2687 2184 tamen
2698 2129 2913 2201 dignius
2926 2128 3070 2200 quod
3084 2129 3306 2185 meliore
3316 2128 3463 2185 fama
3475 2131 3710 2186 circum-

2116 2218 2343 2275 feratur.
2369 2218 2470 2275 Cui
2498 2220 2554 2274 in
2590 2220 2765 2276 lucem
2793 2236 2990 2275 novam
3027 2220 3366 2277 restituendo
3394 2237 3553 2293 spero
3592 2221 3709 2279 fore

2115 2319 2180 2367 ut
2204 2326 2313 2366 non
2342 2312 2690 2368 mediocriter
2707 2313 3024 2378 inserviant,
3043 2328 3164 2383 quae
3178 2314 3490 2384 propediem
3509 2314 3710 2370 edituri

2117 2418 2308 2458 sumus
2336 2402 2393 2457 in
2416 2402 2594 2473 primo
2624 2402 2892 2474 Spicilegii
2922 2403 3285 2461 Solesmeusis
3313 2413 3484 2471 tomo,
3513 2406 3568 2461 in
3598 2422 3709 2476 quo

2116 2496 2421 2551 habentur:
2454 2495 2514 2550 1ο
2541 2493 2688 2550 Satis
2723 2495 2904 2566 ampla
2929 2495 3238 2567 fragmenta
3266 2511 3335 2551 ex
3364 2496 3510 2552 illius
3543 2496 3711 2553 Scho-

2117 2588 2203 2644 liis
2231 2590 2286 2644 in
2320 2589 2755 2657 Pentateuchum,
2788 2591 3091 2662 desumptis
3115 2608 3182 2647 ex
3211 2594 3707 2650 vetustissimorum

2117 2689 2400 2736 auctorum
2427 2682 2596 2735 sancti
2625 2678 2932 2752 Polycarpi,
2974 2683 3245 2754 Origenis,
3286 2682 3463 2738 Severi
3492 2682 3708 2738 Gabali-

2118 2772 2251 2836 tani,
2271 2770 2491 2826 Diodori
2505 2770 2797 2834 Tarsensis,
2813 2778 2943 2836 etc.,
2971 2772 3189 2842 scnptis
3203 2772 3499 2842 deperditis
3514 2791 3529 2839 ;
3547 2773 3605 2828 2ο
3618 2773 3712 2829 ln-

2118 2861 2273 2932 signc
2287 2860 2653 2933 fragmentum
2678 2876 2747 2916 ex
2763 2860 3061 2918 illius‘libro
3075 2861 3339 2929 Reticulo,
3362 2879 3458 2920 seu
3480 2864 3545 2920 de
3566 2864 3707 2921 Arce

2119 2952 2271 3018 Noe;
2310 2952 2365 3007 3°
2403 2952 2499 3009 His
2526 2952 2829 3009 luculenter
2852 2954 3209 3011 conﬁrmatur
3247 2957 3548 3012 auctoritas
3591 2956 3706 3012 fra-

2118 3052 2465 3113 gmentorum
2490 3058 2558 3099 ex
2582 3045 2774 3100 eodem
2796 3046 2971 3101 sancti
2993 3046 3276 3118 Polycarpi
3299 3047 3459 3103 Libro
3472 3047 3707 3120 Respon-

2044 3145 2089 3209 ρ
2119 3136 2329 3189 sianum
2350 3150 2382 3189 a
2402 3135 2622 3191 Victore
2640 3135 2900 3205 Capuano
2928 3146 3309 3207 excerptorum
3327 3178 3343 3202 ,
3377 3154 3499 3209 quae
3542 3153 3708 3208 supra

2122 3224 2396 3280 habentur
2424 3225 2480 3279 in
2505 3225 2708 3280 PatroL
2726 3234 2857 3281 tom.
2876 3226 3087 3282 LXVIII
3104 3244 3118 3293 ;
3136 3227 3195 3282 4ο
3228 3228 3471 3297 Denique
3485 3229 3711 3283 accedat

2120 3312 2500 3384 interpretatio
2545 3313 2740 3370 Latina
2806 3314 3247 3387 Evangelicarum
3287 3314 3709 3373 Harmoniamm

2117 3403 2392 3458 Ammonii
2418 3403 2795 3469 Alexandrini,
2813 3405 3013 3460 ibidem
3036 3406 3264 3470 inserta,
3288 3421 3342 3475 p.
3371 3405 3469 3460 εει
3485 3447 3499 3460 .
3515 3407 3572 3460 5°
3587 3406 3714 3474 Qui-

2117 3493 2223 3547 bus
2250 3493 2467 3547 demum
2494 3493 2540 3547 si
2555 3494 2832 3548 addideris
2844 3509 2966 3563 qua:
2979 3494 3151 3549 variis
3164 3495 3217 3548 in
3235 3495 3583 3551 collectaneis
3606 3513 3709 3552 sae-

2119 3582 2226 3639 culi
2256 3599 2336 3648 Ix,
2368 3581 2652 3655 Smaragdi
2679 3583 2912 3650 scilicet,
2963 3584 3203 3640 Ilrabani
3229 3593 3287 3641 et
3314 3585 3572 3652 aliorum,
3594 3585 3709 3655 jam

2117 3688 2283 3745 opera
2310 3673 2482 3729 sancti
2503 3672 2741 3729 Victoris
2754 3673 2997 3744 Capuani
3013 3675 3067 3730 in
3088 3672 3251 3743 iusta
3274 3675 3432 3732 molis
3457 3677 3709 3733 volumen

2118 3762 2280 3819 facile
2313 3772 2644 3819 accrescent.
2679 3764 2832 3821 Unde
2856 3773 2914 3820 ut
2952 3766 3020 3821 de
3047 3766 3247 3838 insigni
3283 3775 3341 3822 et
3366 3768 3581 3825 erudito
3619 3768 3711 3824 illo

2117 3865 2343 3911 auctore
2361 3854 2574 3926 plenior
2617 3855 2808 3912 notitia
2855 3856 3159 3923 habeatur,
3192 3857 3280 3912 his
3326 3857 3580 3914 duximus
3621 3874 3713 3914 au-

2118 3948 2383 4004 nectenda
2399 3962 2522 4017 qua:
2546 3948 2613 4003 de
2640 3963 2707 4003 eo
2729 3946 2897 4003 refert
2925 3948 3207 4019 Ughellius
3230 3949 3289 4004 in
3316 3949 3467 4017 Italia
3498 3950 3664 4006 Sacra
3692 3969 3707 4006 :

2196 4059 2216 4092 ι
2248 4039 2479 4096 Sanctus
2506 4041 2711 4107 Victor,
2748 4049 2939 4097 sancto
2964 4041 3238 4098 Germano
3267 4044 3431 4099 rebus
3457 4044 3713 4100 humanis

2118 4138 2369 4201 exempto
2390 4170 2406 4196 ,
2468 4130 2762 4202 episcOpali
2812 4133 3014 4188 throno
3065 4133 3380 4190 nobilitatus
3432 4142 3519 4190 est
3567 4149 3711 4190 anno

2120 4223 2218 4280 sal.
2249 4222 2380 4289 5M,
2420 4223 2642 4278 ineunte
2682 4222 2982 4280 Februario
3022 4238 3228 4279 mense.
3281 4224 3437 4280 Sedit
3474 4226 3709 4282 sanctis-

2119 4315 2257 4371 sime
2299 4330 2473 4371 annos
2508 4315 2804 4381 tredecim,
2845 4323 2901 4371 et
2944 4316 3061 4371 dies
3102 4316 3325 4386 triginta
3368 4326 3514 4372 octo.
3566 4314 3712 4372 Obiit

2119 4419 2253 4461 vero
2296 4420 2442 4462 anno
2481 4405 2627 4473 554,
2677 4406 2899 4462 ineunte
2941 4407 3115 4477 Aprili
3153 4408 3241 4463 die
3282 4409 3539 4464 secunda.
3600 4408 3713 4464 Me-

2046 4483 2099 4544 D
2124 4504 2369 4551 moratur
2408 4496 2465 4550 in
2506 4495 2890 4569 Martyrologio
2945 4495 3191 4552 Romano
3236 4496 3325 4552 die
3368 4496 3435 4550 t7
3478 4495 3707 4566 Octob.;

2118 4602 2280 4657 quem
2320 4589 2725 4644 sanctissimum
2766 4598 2823 4644 et
2856 4589 3232 4645 doctissimum
3263 4589 3440 4645 virum
3476 4591 3712 4661 appellat

2118 4678 2294 4746 Beda,
2334 4681 2400 4735 de
2443 4680 2666 4736 Ratione
2710 4680 3045 4752 Temporum,
3087 4696 3208 4751 cap.
3243 4681 3333 4738 49.
3399 4681 3711 4740 Confutavit

2118 4786 2354 4842 namque
2393 4773 2709 4842 paschalem
2759 4773 2973 4844 cyclum
3010 4772 3271 4839 Victorii,
3313 4790 3409 4830 seu
3444 4776 3707 4833 Victorini

2118 4863 2409 4936 Aquitani,
2450 4874 2514 4921 ut
2554 4866 2697 4921 idem
2734 4866 2879 4921 Beda
2916 4874 3164 4921 testatur.
3221 4866 3352 4935 Ejus
3392 4868 3576 4940 cyclus
3619 4885 3709 4926 re-

2120 4966 2311 5030 ceptus
2354 4967 2411 5016 et
2449 4960 2838 5030 comprobatus
2877 4958 2980 5013 fuit
3021 4959 3075 5014 in
3120 4974 3176 5013 iv
3218 4959 3423 5030 synodo
3458 4959 3705 5015 Aurelia-

2119 5051 2295 5116 nensi,
2341 5065 2462 5106 can.
2500 5051 2527 5105 1
2573 5059 2630 5106 et
2667 5050 2724 5106 2.
2773 5050 2968 5106 Exstat
3003 5048 3244 5119 ejusdem
3282 5051 3516 5108 Victoris
3559 5066 3702 5120 pra:-

2122 5140 2254 5197 fatio
2317 5141 2371 5196 in
2433 5140 2888 5197 Concordantiam
2949 5141 3369 5214 Evangeliorum
3429 5141 3704 5197 Ammonii

2120 5286 2268 5404 (gum
2294 5286 2405 5362 tam
2429 5294 2497 5334 ex
2523 5277 2740 5336 Victore
2768 5295 2932 5351 quam
2953 5294 3019 5336 ex
3057 5280 3387 5350 Hieronymo
3403 5317 3417 5343 ,
3457 5274 3703 5336 Juvenco

2170 5362 2402 5404 resono.

2170 5362 2402 5420 regorlo.

2198 5417 2219 5456 τ
2250 5418 2383 5475 Cod.
2396 5459 2411 5483 ,
2441 5418 2869 5476 demonstrando.

2195 5489 2220 5529 ⁸
2249 5488 2338 5545 Cs.
2369 5488 2593 5545 Juvenc.
2629 5489 2770 5545 Hist.
2822 5490 2919 5545 Eo.
2951 5490 3094 5545 Idem
3123 5503 3313 5543 versus
3351 5485 3510 5557 paulo
3542 5485 3701 5544 aliter

2123 5558 2177 5614 in
2202 5560 2358 5625 edit.,
2385 5568 2439 5615 et
2467 5575 2597 5616 sane
2631 5560 2864 5616 notanda
2896 5559 3142 5614 lectionis
3167 5558 3407 5613 varietas
3436 5572 3450 5609 :

2245 5670 2383 5721 Tunc
2400 5669 2545 5732 jubet
2568 5670 2799 5721 Herodes
2820 5667 2998 5717 Persas
3031 5668 3335 5727 pertendere
3360 5679 3605 5729 gressum.

2195 5754 2222 5793 ιι
2255 5753 2396 5811 Editi
2423 5754 2507 5809 bis
2533 5757 2863 5824 pmmittuut
2890 5746 3198 5822 Gregorium
3220 5759 3522 5806 auctorem.
