4074 6208
252 280 2511 293 Μψίνω<-λ
2553 292 2556 295 λ
2592 284 2601 288 ο
2624 284 2669 289 ιη
2700 285 2737 290 --
2772 286 2831 290 νηλν
2860 286 2925 297 ντ-νν
2945 284 2979 291 θοι
3036 285 3051 291 ι
3076 286 3081 289 >
3110 287 3143 293 Av
3166 286 3367 294 κέηεσιδέυ-
3394 290 3418 293 νς
3442 288 3559 301 -ιτο-τα
3590 292 3597 297 ι

248 309 2473 321 Μθ-εν
2502 311 2533 316 ν·
2568 312 2575 315 ⁸
2620 312 2669 318 ’·-
2692 314 2727 315 κη
2768 300 3175 321 ·-«-υοᾙ-κτ⁴νκί-·’-“-
3250 316 3277 317 ⁷⁷
3300 316 3309 319 ν
3328 317 3345 321 ~
3386 315 3613 323 """"'~’""

2296 310 2473 317 In

1598 489 2296 654 PHOTII

383 839 1439 935 PATBIABCHZE
1569 842 3496 947 CONSTANTINOPOLITANI

924 1106 1602 1240 OPERUM
1700 1109 2099 1239 PARS
2189 1110 2961 1251 SECUNDA.

1307 1571 2598 1709 DOGMATICA.

1657 2088 2260 2176 PB/EFATIO

704 2281 764 2342 J.
813 2275 1389 2341 CHRISTOPHOBI
1436 2276 1724 2336 WOLFlI
1770 2277 1848 2336 IN
1897 2275 2176 2338 LIBROS
2221 2275 2295 2335 IV
2339 2276 2658 2336 CONTRA
2711 2273 3186 2334 MANICHIEOS

305 2497 459 2554 Sisto
492 2497 626 2563 tibi,
659 2497 883 2552 erudite
913 2495 1111 2561 lector,
1145 2511 1353 2551 novam
1405 2498 1941 2561 monumentorum,
1983 2494 2173 2550 adhuc
2223 2512 2336 2550 non
2369 2494 2682 2564 editorum,
2742 2495 3168 2558 collectionem,
3228 2495 3287 2551 in
3345 2497 3647 2565 posterum

238 2586 294 2642 si
339 2585 459 2642 Deo
511 2586 572 2641 Ο.
605 2585 684 2640 Μ.
723 2585 909 2642 visum
941 2583 1136 2651 fuerit,
1171 2600 1272 2654 per
1302 2583 1610 2638 fasciculos
1642 2582 1869 2654 aliquot
1907 2585 2383 2638 continuandam.
2425 2583 2566 2638 Nata
2601 2583 2744 2638 mihi
2777 2584 2876 2639 illa
2908 2590 2996 2638 est
3027 2589 3150 2638 tum
3193 2581 3451 2654 aliunde,
3521 2587 3646 2638 tum

239 2690 306 2730 ex
339 2673 665 2741 itineribus,
701 2689 828 2744 quae
861 2678 996 2729 ante
1024 2673 1129 2728 hos
1159 2672 1409 2728 sedecim
1459 2689 1646 2727 annos
1698 2672 2025 2726 litterarum
2075 2688 2248 2726 causa
2299 2671 2629 2741 suscepisse
2673 2688 2784 2741 me,
2829 2689 2959 2727 cum
3004 2672 3301 2744 voluptate
3351 2673 3644 2728 recordor.

242 2761 469 2834 Accipis
499 2762 695 2833 itaque
725 2761 820 2817 hic
844 2761 1138 2832 specimen
1171 2760 1402 2831 duplex,
1435 2759 1682 2815 alterum
1717 2761 1788 2814 ad
1822 2775 2072 2823 sacram,
2105 2759 2344 2815 alterum
2380 2762 2447 2814 ad
2485 2763 2782 2830 profanam
2835 2760 3222 2816 litteraturam
3277 2761 3459 2830 magis
3511 2778 3642 2832 per-

241 2850 460 2908 tinens.
499 2853 582 2906 Ita
610 2850 766 2907 enim
803 2851 980 2922 hujus
1021 2850 1269 2906 instituti
1319 2849 1568 2904 rationes
1617 2850 1949 2904 formandas
1998 2865 2123 2905 esse
2168 2850 2384 2920 putavi,
2438 2854 2504 2904 ut
2549 2851 2619 2904 ad
2673 2851 2988 2905 novitatem
3034 2851 3334 2906 accederet
3380 2851 3646 2909 varietas.

238 2943 463 3012 Agmen
498 2941 658 2996 ducit
697 2940 958 3010 Photius,
995 2939 1321 3012 patriarcha
1350 2939 1646 3010 quondam
1679 2938 2043 3004 CPolitanus,
2077 2955 2191 2994 non
2227 2939 2423 2995 minus
2467 2939 2538 2994 de
2584 2955 2642 2994 re
2693 2956 2860 2995 sacra
2903 2944 2958 2994 et
3000 2939 3416 3009 ecclesiastica,
3469 2957 3646 3012 quam

243 3030 463 3086 litteris
494 3029 881 3101 politioribus,
915 3031 1070 3102 apud
1102 3028 1352 3100 mquales
1381 3038 1433 3084 et
1466 3033 1722 3099 posteros
1770 3029 2362 3084 commentationibus
2407 3028 2548 3097 suis,
2601 3045 2724 3099 quae
2771 3033 2999 3084 aetatem
3049 3028 3333 3094 tulerunt,
3379 3028 3651 3100 praeclare

235 3119 611 3189 promeritus.
646 3119 828 3189 Hujus
861 3119 991 3175 libri
1029 3118 1099 3173 ιν
1133 3119 1331 3173 Contra
1361 3118 1684 3173 Manichaeos
1715 3122 1936 3173 veteres
1969 3123 2023 3172 et
2068 3118 2412 3173 recentiores
2448 3119 2686 3186 exarati,
2737 3117 2948 3184 lucem,
2997 3133 3114 3188 qua
3163 3125 3356 3173 tamen
3407 3119 3647 3176 omnino

233 3207 399 3279 digni
430 3212 615 3276 erant,
651 3209 840 3265 adhuc
874 3225 988 3264 non
1020 3208 1312 3263 viderunt.
1347 3208 1575 3262 Primus
1609 3224 1830 3275 eorum,
1865 3208 2070 3275 fateor,
2103 3224 2131 3262 a
2170 3207 2650 3278 praestantissimo
2682 3211 2740 3261 et
2779 3223 2957 3276 supra
3005 3206 3204 3262 laudes
3249 3222 3404 3262 meas
3455 3207 3649 3278 posito

233 3296 526 3352 Bernardo
557 3297 627 3351 de
659 3296 1027 3353 Montfaucon
1055 3313 1186 3352 cum
1220 3296 1423 3352 Latina
1456 3297 1720 3352 versione
1751 3297 2006 3352 insertus
2037 3301 2122 3351 est
2153 3295 2513 3351 Bibliotheca:
2545 3297 2951 3360 Coislinianiae,
2986 3312 3162 3367 quam
3195 3296 3498 3352 indefessis
3537 3297 3650 3351 viri

233 3384 546 3440 industria:
576 3386 647 3440 ab
678 3403 831 3443 anno
867 3387 1002 3440 1715
1040 3386 1249 3442 debere
1280 3387 1586 3457 coepimus,
1619 3403 1747 3456 pag.
1783 3386 1888 3440 349
1919 3402 2080 3457 seqq.
2117 3387 2190 3438 At
2221 3400 2353 3440 cum
2409 3386 2702 3454 egregium
2752 3384 2897 3439 illud
2950 3385 3110 3456 Opus
3154 3384 3213 3439 in
3263 3385 3380 3440 oris
3431 3387 3648 3440 nostris

233 3475 434 3529 rarius
467 3475 695 3530 obvium
731 3475 826 3544 sil,
859 3476 970 3530 ista
1001 3492 1130 3531 vero
1164 3475 1456 3530 Photianae
1491 3474 1999 3529 commentationis
2033 3490 2163 3544 pars
2195 3472 2342 3528 inter
2372 3477 2455 3529 tot
2487 3473 2598 3528 alia
2648 3473 2946 3544 praeclara,
3003 3490 3127 3544 quas
3176 3473 3392 3529 ibidem
3445 3490 3650 3530 occur-

239 3567 402 3627 runt,
436 3563 746 3634 opuscula,
773 3565 939 3636 quasi
971 3564 1203 3635 sepulta
1231 3566 1517 3629 videatur,
1561 3581 1671 3619 non
1707 3565 1897 3619 solum
1931 3563 2257 3619 consultum
2291 3563 2507 3635 putavi,
2543 3564 2640 3618 sed
2678 3568 2734 3619 et
2788 3563 3202 3630 necessarium,
3235 3568 3298 3618 ut
3347 3563 3501 3619 idem
3551 3563 3650 3618 ille

243 3651 395 3708 liber
425 3652 654 3723 primus
683 3669 816 3707 cum
848 3654 1071 3708 caeteris
1101 3652 1290 3707 tribus
1322 3653 1414 3707 hic
1448 3655 1835 3708 recuderetur.
1871 3653 2058 3722 Hujus
2100 3652 2328 3709 consilii
2377 3653 2527 3708 hanc
2578 3657 2853 3723 presteres
2901 3653 3085 3708 habeo
3135 3652 3442 3719 rationem,
3493 3653 3649 3724 quod

243 3741 532 3808 intellexi,
567 3741 842 3797 beneficio
872 3743 1086 3797 codicis
1117 3741 1335 3798 nostris
1367 3742 1848 3814 Hamburgensis,
1885 3758 2060 3813 quem
2094 3742 2151 3796 in
2185 3743 2440 3798 editione
2471 3741 2580 3796 hac
2613 3743 2980 3814 potissimum
3013 3750 3242 3798 secutus
3286 3758 3444 3807 sum,
3496 3741 3652 3797 varia

241 3829 370 3885 loca
415 3828 573 3886 male
623 3835 856 3902 accepta
905 3831 1221 3902 integritati
1275 3849 1393 3886 suae
1445 3831 1723 3886 vindicari
1772 3848 1959 3901 posse,
2009 3833 2161 3902 quod
2212 3831 2404 3900 ipsum
2457 3832 2596 3886 mihi
2630 3833 2992 3887 occasionem
3026 3831 3440 3902 suppeditavit,
3473 3831 3652 3885 inter-

240 3921 635 3990 pretationem
671 3919 947 3988 Latinam,
981 3921 1240 3992 alioquin
1274 3921 1578 3992 optimam,
1613 3921 1747 3977 hinc
1779 3921 1912 3977 inde
1942 3922 2315 3976 emendandi.
2348 3921 2427 3974 Ne
2459 3921 2600 3991 quid
2642 3922 2712 3976 de
2764 3922 2914 3976 notis
2965 3922 3177 3987 dicam,
3229 3923 3444 3991 quibus
3496 3920 3652 3976 indi-

231 4024 368 4079 gere
401 4009 711 4064 videbatur
741 4010 964 4080 egregia
995 4010 1270 4077 narratio,
1305 4025 1429 4082 quae
1461 4010 1684 4066 caeteris
1717 4011 2012 4076 omnibus,
2043 4011 2112 4065 ad
2147 4009 2255 4064 hoc
2289 4014 2702 4080 argumentum
2737 4010 3157 4080 spectantibus,
3190 4015 3246 4064 et
3269 4011 3564 4075 brevitate,
3592 4013 3649 4064 et

232 4096 518 4152 dictionis
549 4098 752 4163 nitore,
784 4102 841 4154 et
871 4115 1061 4154 rerum
1093 4099 1261 4170 copia
1293 4101 1498 4154 merito
1531 4101 1852 4171 praefertur.
1889 4098 2348 4154 Laudatissimus
2381 4098 2845 4153 Montfauconius
2899 4098 3031 4152 libri
3084 4098 3257 4167 hujus
3308 4099 3478 4169 primi
3529 4097 3652 4154 edi-

231 4187 456 4242 tionem
489 4203 553 4242 ex
586 4187 815 4243 duobus
845 4188 1164 4256 codicibus,
1198 4187 1540 4245 Coisliniano
1570 4191 1777 4258 altero,
1810 4190 1989 4245 altero
2021 4188 2348 4250 Cotbcrlino,
2385 4188 2733 4259 procuravit,
2766 4203 3016 4258 quorum
3062 4186 3208 4242 alter
3255 4187 3421 4242 alteri
3471 4186 3648 4242 inter-

235 4276 386 4331 dum
423 4277 726 4347 suppetias
756 4277 908 4333 tulit.
941 4277 1086 4332 Num
1117 4277 1176 4332 in
1210 4282 1456 4349 utroque
1485 4283 1603 4334 tres
1645 4280 1854 4350 reliqui
1882 4278 2015 4334 libri
2049 4277 2360 4333 desiderati
2395 4277 2532 4343 sint,
2569 4279 2758 4332 dicere
2792 4291 2904 4332 non
2937 4275 3141 4332 habeo.
3176 4276 3340 4332 Certe
3368 4276 3422 4331 id
3456 4277 3651 4346 suspi-

232 4381 367 4434 cor,
405 4380 519 4420 non
552 4367 674 4422 sine
704 4367 820 4422 veri
853 4367 1067 4438 specie,
1102 4367 1244 4437 quia
1269 4367 1642 4423 doctissimus
1673 4369 1884 4435 editor,
1919 4369 2073 4439 quod
2108 4367 2251 4423 alias
2283 4367 2467 4422 facere
2498 4367 2817 4434 consuevit,
2853 4365 3085 4422 illorum
3119 4366 3177 4421 in
3224 4365 3440 4422 codicis
3489 4365 3649 4422 Cois-

235 4453 463 4508 liniani
492 4454 874 4527 descriptione
905 4473 1018 4512 non
1051 4456 1189 4512 facit
1219 4457 1596 4514 mentionem.
1635 4459 1900 4514 Fortasse
1930 4458 2234 4514 omissioni
2265 4456 2326 4512 in
2358 4462 2602 4527 utroque
2633 4457 2828 4512 codice
2859 4457 3226 4513 occasionem
3261 4456 3653 4527 suppeditavit

245 4544 580 4610 argumenti
625 4545 953 4615 diversitas,
1005 4562 1136 4601 cum
1187 4543 1335 4600 liber
1383 4545 1479 4601 ille
1528 4548 1751 4619 primus
1806 4553 2033 4602 tantum
2085 4547 2156 4602 ad
2207 4546 2513 4602 historiam
2560 4545 2997 4613 Manichaeismi,
3032 4550 3148 4601 tres
3180 4561 3311 4599 vero
3344 4543 3547 4614 reliqui
3581 4541 3649 4598 ad

231 4629 704 4689 confutationem
738 4636 1034 4702 doctrinae,
1064 4652 1193 4707 quae
1213 4636 1331 4705 jam
1366 4636 1437 4691 ab
1466 4636 1596 4692 aliis
1627 4643 1905 4707 suscepta
1935 4642 2075 4706 erat,
2103 4641 2161 4691 et
2192 4652 2307 4708 qua
2340 4636 2580 4706 proinde
2610 4635 2758 4689 forte
2800 4652 2912 4689 non
2948 4634 3091 4691 adeo
3140 4651 3287 4705 opus
3332 4633 3652 4688 videbatur.

229 4726 533 4793 spectent.
567 4723 628 4778 In
660 4730 858 4781 nostro
890 4725 1264 4782 Holsteniano
1295 4726 1523 4799 integra
1554 4729 1987 4798 commentatio,
2020 4727 2145 4783 sine
2191 4727 2518 4796 interrupto
2567 4724 2790 4790 ordine,
2834 4730 3037 4780 exstat.
3095 4725 3206 4782 Nec
3248 4723 3503 4779 dubitari
3555 4741 3654 4794 po-

223 4815 367 4879 test,
399 4812 475 4866 ab
509 4813 712 4869 eodem
745 4822 980 4872 auctore
1012 4816 1193 4871 libros
1225 4815 1490 4886 singulos
1521 4832 1648 4873 esse
1681 4819 1982 4888 profectos,
2017 4832 2149 4871 cum
2181 4817 2239 4869 in
2270 4814 2426 4870 calce
2475 4813 2649 4885 primi
2697 4831 2830 4885 spes
2880 4814 3093 4870 diserte
3141 4813 3243 4868 ﬁat
3289 4817 3654 4878 caeterorum,

221 4901 330 4972 qui
363 4900 834 4959 confutationem
868 4921 1130 4962 errorum
1160 4904 1480 4960 exhibituri
1513 4906 1652 4973 sint,
1686 4923 1752 4963 ac
1786 4911 2060 4976 praeterea
2091 4906 2212 4975 ipsa
2258 4903 2548 4959 scribendi
2603 4903 3159 4974 commentandique
3207 4901 3354 4957 ratio
3385 4901 3657 4957 Photium

221 4990 474 5045 referat.
507 4992 585 5046 At
615 4991 828 5049 librum
860 5011 897 5060 ι,
934 4995 1203 5052 Photium
1237 5001 1536 5052 auctorem
1566 4993 1798 5063 habere,
1833 4999 2040 5068 praeter
2080 4997 2353 5050 constans
2401 4994 2665 5049 codicum
2719 5011 2856 5050 mss.
2909 4992 3330 5062 testimonium,
3384 4991 3655 5048 dubitare

221 5095 345 5134 non
380 5079 536 5135 sinit
567 5081 931 5155 Euthymius,
965 5085 1065 5156 qui
1098 5089 1258 5157 parte
1290 5102 1330 5140 ιι
1359 5085 1640 5156 Panoph'z
1670 5101 1810 5151 suis,
1842 5085 2012 5141 titulo
2060 5085 2152 5154 21,
2200 5083 2607 5154 compendium
2659 5082 3008 5139 narrationis
3057 5081 3354 5138 Photianm
3403 5081 3647 5136 totidem

223 5173 288 5223 ut
323 5169 665 5240 plurimum
696 5173 884 5229 verbis
913 5173 1166 5240 exhibet,
1199 5179 1254 5230 et
1293 5174 1506 5229 diserte
1539 5173 1744 5229 Photio
1777 5175 1998 5245 tribuit,
2039 5175 2112 5231 iis
2141 5173 2353 5242 verbis,
2387 5189 2508 5243 quae
2541 5173 2598 5227 in
2624 5173 2774 5228 nolis
2807 5174 2874 5228 ad
2912 5190 2965 5244 p.
3004 5175 3026 5225 1
3061 5171 3253 5227 attuli.

293 5261 499 5330 Atque
530 5257 655 5315 haec
687 5262 922 5332 quidem
955 5279 1132 5319 causa
1161 5269 1270 5332 est,
1302 5279 1404 5320 cur
1435 5269 1615 5320 totam
1651 5263 1802 5319 hanc
1835 5265 2209 5334 scriptionem
2261 5264 2317 5318 in
2367 5263 2552 5318 lucem
2602 5264 3000 5332 proferendam
3052 5261 3404 5326 censuerim,
3451 5263 3657 5315 nactus

223 5345 542 5418 imprimis
574 5348 634 5404 in
663 5349 792 5418 ipsa
824 5350 929 5408 hac
964 5355 1106 5409 urbe
1137 5357 1257 5408 tam
1289 5353 1576 5424 insignem
1611 5354 2124 5424 Opportunitatem.
2157 5351 2511 5407 Bibliotheca
2541 5351 2694 5406 enim
2731 5357 2930 5407 nostra
2961 5350 3188 5424 publica
3231 5350 3382 5405 inter
3430 5348 3660 5404 Graecos

227 5437 502 5503 codices,
540 5438 696 5508 quod
723 5438 1056 5498 liberalitati
1089 5441 1552 5514 praestantissimi
1587 5442 1751 5497 Lucae
1787 5443 2088 5509 Holstenii,
2139 5442 2280 5497 civis
2331 5440 2534 5507 nostri,
2585 5440 2776 5506 debet,
2827 5441 3060 5496 exhibet
3110 5439 3337 5510 insigne
3387 5438 3659 5493 volumen

229 5526 473 5582 ordinis
508 5526 768 5597 majoris,
803 5532 978 5602 quod,
1011 5536 1220 5605 prmter
1246 5530 1578 5601 Serapionis
1604 5535 1661 5586 et
1701 5531 1813 5586 Titi
1863 5531 2189 5588 Bostrensis
2242 5536 2439 5586 contra
2491 5529 2834 5586 Manichaeos
2886 5530 3118 5600 scripta,
3168 5528 3481 5584 Photianas
3529 5526 3661 5583 illas

227 5629 413 5671 curas
451 5615 883 5687 complectitur.
918 5621 1295 5679 Monumenta
1327 5620 1427 5676 illa
1455 5620 1705 5692 singula,
1742 5623 2236 5692 quemadmodum
2272 5625 2325 5676 et
2357 5617 2630 5689 pleraque
2673 5637 2870 5675 eorum
2903 5637 3028 5691 quae
3071 5615 3402 5674 Holstenius
3452 5615 3658 5671 biblio-

576 5717 846 5782 PATROL.
895 5723 1003 5784 Gn.
1051 5723 1180 5784 CII.
3301 5722 3329 5776 1

237 5941 433 6127 (5‘3

3907 184 3921 254 ςΙ

3913 274 3923 346 J

3899 364 3925 410 ..ἐ
