4074 6208
394 328 462 386 II
1555 321 1612 382 J.
1661 320 1834 380 CIIR.
1885 319 2172 378 WOLFII
2222 320 2630 381 PREFATIO
3716 332 3794 390 {2

385 462 559 519 thecas
593 467 800 520 nostris
835 461 1064 534 legavit,
1098 456 1388 536 ἀπόγραφα
1417 459 1710 526 exhibent,
1744 473 1812 511 ex
1841 456 2003 511 bona:
2033 453 2572 527 antiquissimaeque
2605 459 2752 511 notae
2783 455 3115 526 [codicibus,
3168 474 3200 511 a
3249 460 3556 516 recentiori
3611 479 3787 520 manu

382 553 686 626 diligenter
716 559 969 618 exarata,
1003 560 1056 606 et
1087 551 1158 605 ab
1192 549 1508 614 Holstenio,
1541 563 1641 602 ceu
1673 563 1742 602 ex
1785 545 2001 601 notulis
2055 544 2405 617 quibusdam
2460 545 2876 615 marginalibus
2927 551 3121 616 patere
3169 545 3420 618 videtur,
3471 554 3788 624 recognita.

381 643 650 700 Fortasse
679 641 912 699 illorum
943 640 1163 711 c0piam
1197 639 1310 710 ipsi
1344 638 1476 694 fecit
1505 636 1852 692 bibliotheca
1887 637 2178 702 Vaticana,
2212 637 2380 704 cujus
2411 651 2612 691 curam
2647 636 2872 707 agebat.
2903 635 3087 706 Hujus
3111 639 3456 707 conjectum
3481 641 3630 696 hanc
3661 659 3795 700 cau-

382 750 507 789 sam
542 732 724 787 habeo
755 730 836 786 Cl.
871 728 1212 784 Laurentius
1241 727 1566 782 Alexander
1595 725 1931 797 Zacagnius,
1966 725 2232 794 ejusdem
2269 724 2629 781 bibliothecae
2661 725 2955 796 quondam
3005 726 3328 796 prefeclus,
3376 735 3434 785 et
3481 747 3573 786 an.
3625 734 3786 803 1712,

375 823 447 876 26
478 823 638 877 Febr.
671 837 806 877 cum
841 819 1168 874 litterarum
1195 818 1425 887 jactura
1457 816 1585 871 fatis
1615 818 1874 878 functus,
1907 831 1975 869 ex
2006 815 2152 868 libro
2180 830 2198 868 ι
2231 813 2439 879 Photii,
2475 819 2598 869 tum
2641 831 2756 870 non
2804 815 2979 883 edito,
3032 815 3196 870 affert
3236 816 3428 874 locum
3472 820 3780 891 illustrem,

374 928 486 984 quo
517 911 726 983 praesul
755 907 1248 980 diligentissimus
1275 904 1554 971 Archelai,
1586 905 2003 960 Carcharorum
2035 903 2314 974 episcOpi,
2360 901 2702 958 industriam
2747 903 2806 958 in
2847 904 3282 974 compescendis
3334 907 3779 967 Manichaeorum

373 1009 628 1057 veterum
661 999 965 1054 conatibus
1001 995 1337 1052 collocatam
1369 993 1588 1050 laudat.
1624 993 1761 1048 Eum
1794 992 1946 1046 infra
1976 995 2036 1047 in
2068 993 2219 1047 notis
2251 991 2455 1046 monui
2486 1009 2618 1047 cum
2653 992 2984 1064 apographo
3023 993 3401 1052 Holsteniano
3449 997 3530 1053 ita
3575 1015 3772 1056 conve~

377 1091 522 1158 nire,
558 1094 621 1146 ut
652 1089 811 1144 nulla
842 1103 1082 1158 prorsus
1114 1085 1440 1141 differentia
1473 1083 1581 1139 nisi
1612 1083 1670 1139 in
1703 1082 1879 1138 unius
1923 1083 2125 1138 littera:
2175 1082 2494 1153 scriptione
2533 1083 2890 1138 observetur.
2943 1084 3090 1139 Hinc
3142 1087 3476 1155 conjectura
3526 1089 3668 1146 mihi
3718 1092 3784 1147 fit

373 1179 738 1236 Holstenium
772 1181 1037 1232 nostrum
1072 1175 1292 1236 eodem,
1324 1189 1496 1244 quem
1529 1172 1579 1227 is
1621 1172 1848 1236 habuit,
1897 1171 2094 1226 codice
2150 1187 2323 1226 usum
2374 1169 2568 1226 fuisse.
2620 1174 2849 1236 Quanta
2891 1187 3025 1228 vero
3066 1188 3205 1229 cura
3254 1177 3586 1248 exemplum
3637 1178 3782 1234 illud

380 1267 846 1330 Holstenianum,
878 1280 945 1320 ex
979 1263 1268 1336 primitivo
1300 1279 1412 1317 non
1449 1263 1644 1316 minus
1675 1261 1980 1331 castigato,
2013 1260 2370 1331 descriptum
2405 1259 2499 1330 sit,
2536 1260 2618 1315 vel
2651 1278 2720 1315 ex
2750 1279 2814 1316 eo
2847 1266 3000 1332 patet
3027 1263 3177 1332 quod
3209 1262 3350 1319 illud
3387 1283 3568 1322 unum
3619 1285 3779 1325 sem-

371 1373 475 1429 per
503 1357 650 1412 bene
682 1355 913 1421 habeat,
950 1353 1049 1409 ubi
1080 1354 1216 1420 duo,
1249 1351 1638 1407 Coislinianus
1670 1358 1722 1405 et
1771 1349 2161 1408 Colbertinus,
2217 1366 2283 1403 ex
2331 1348 2548 1420 quibus
2596 1348 2678 1403 Cl.
2731 1349 3200 1406 Montfauconius
3249 1369 3410 1408 suam
3460 1355 3778 1414 editionem

371 1447 617 1513 curavit,
646 1445 1042 1511 dissentiunt;
1079 1441 1294 1512 passim
1328 1456 1462 1495 vero
1493 1439 1669 1494 etiam
1704 1438 1955 1509 utrique,
1990 1437 2088 1492 ubi
2121 1437 2279 1492 labes
2305 1443 2413 1503 est,
2447 1442 2769 1506 succurrat,
2800 1448 2852 1492 et
2883 1439 2976 1493 vix
3009 1456 3127 1494 una
3147 1439 3397 1498 alterave
3423 1443 3546 1498 vice
3577 1461 3775 1502 neces-

371 1537 598 1594 sitatem
633 1535 774 1590 mihi
810 1532 1176 1604 imposuerit,
1210 1548 1242 1586 a
1275 1531 1520 1586 lectione
1560 1529 1746 1602 ipsius
1777 1528 2108 1584 recedendi.
2133 1528 2413 1597 Exempla
2438 1528 2611 1597 hujus
2633 1529 2976 1584 assertionis
2998 1531 3055 1585 in
3082 1531 3473 1600 notis,lector,
3499 1535 3776 1607 invenies,

370 1642 494 1698 quae.
525 1625 858 1689 effecerunt,
894 1628 956 1678 ut
990 1629 1187 1676 nostro
1220 1620 1586 1692 potissimum
1621 1618 1804 1672 codici
1838 1615 2163 1688 putaverim
2195 1617 2616 1672 insistendum.
2660 1617 2721 1672 In
2755 1635 2870 1688 quo
2902 1624 3097 1673 tamen
3130 1623 3362 1691 negotio
3401 1621 3483 1678 ita
3513 1631 3776 1680 versatus

341 1701 518 1781 ’sum,
545 1720 608 1770 ut
647 1731 759 1770 non
795 1713 1146 1784 negligerem
1182 1713 1584 1765 auctoritatem
1622 1708 1870 1762 duorum
1903 1708 2136 1761 illorum
2162 1707 2601 1773 Parisiensium,
2626 1723 2773 1777 quos
2798 1708 2881 1762 Cl.
2909 1708 3378 1766 Montfauconius
3408 1724 3645 1769 secutus
3665 1721 3772 1770 est.

375 1807 508 1862 Istis
547 1820 677 1859 vero
711 1801 950 1872 adjunxi
981 1799 1391 1869 compendium
1433 1796 1913 1868 Euthymianum,
1943 1801 2116 1866 prout
2146 1796 2188 1850 Ι.
2223 1811 2272 1849 c.
2308 1796 2366 1850 in
2399 1796 2664 1866 Panoptia
2685 1803 2872 1850 exstat
2894 1797 3229 1869 Tergobysti
3261 1799 3455 1856 Graece
3485 1818 3583 1856 an.
3613 1803 3765 1868 1710,

372 1893 469 1951 fol.
509 1893 686 1961 edita,
718 1899 774 1946 et
801 1909 833 1946 a
866 1907 956 1945 me
985 1891 1147 1958 ollm,
1180 1889 1331 1959 quod
1365 1888 1436 1941 ad
1471 1887 1614 1941 hanc
1647 1891 1867 1957 partem
1892 1889 2132 1955 spectat,
2167 1883 2474 1954 descripta.
2509 1885 2638 1940 Haac
2667 1885 2826 1940 enim
2849 1902 3077 1941 summa
3103 1889 3321 1956 passim
3347 1894 3530 1946 nostri
3553 1893 3767 1948 codicis

370 1982 646 2039 lectiones
676 1979 926 2035 asseruit
955 1988 1008 2033 et
1037 1977 1369 2032 vindicavit.
1405 1974 1677 2030 Praesidio
1711 1990 1881 2044 porro
1936 1973 2080 2027 mihi
2121 1973 2228 2027 fuit
2271 1973 2423 2028 Petri
2473 1973 2650 2028 Siculi
2701 1975 2946 2029 Historia
2993 1975 3488 2047 (Manicbaaorum)
3540 1997 3607 2034 ex
3651 1997 3764 2036 ms.

363 2071 559 2129 codice
591 2069 946 2124 bibliothecae.
976 2065 1265 2122 Vaticana
1297 2066 1490 2120 Graece
1521 2078 1650 2118 cum
1685 2062 1884 2116 Latina
1915 2061 2172 2116 versione
2201 2061 2359 2116 edita
2392 2078 2489 2132 per
2511 2062 2845 2118 Matthmum
2882 2063 3194 2129 Raderum,
3229 2066 3564 2136 Ingolstadii
3599 2069 3758 2136 1604,

363 2163 514 2218 ἱῑι-4.
547 2159 692 2215 Cum
725 2159 904 2223 enim,
937 2156 1094 2227 quod
1126 2155 1375 2210 subinde
1406 2153 1465 2208 in
1498 2153 1648 2208 notis
1679 2151 1930 2218 ostendi,
1964 2150 2210 2221 insignis
2238 2150 2388 2206 inter
2419 2152 2609 2206 Photii
2631 2157 2687 2206 et
2715 2153 2869 2207 Petri
2893 2153 3070 2209 Siculi
3096 2157 3613 2211 commentationes
3637 2160 3763 2212 affi-

362 2249 510 2306 nitas
541 2246 890 2312 intercedat,
921 2245 1059 2316 quia
1089 2243 1146 2297 in
1182 2241 1555 2297 recensendis
1584 2247 1845 2295 veterum
1878 2238 2327 2294 Manichaeorum
2363 2239 2538 2294 rebus
2568 2243 2798 2294 eosdem
2834 2247 3121 2307 auctores,
3157 2244 3211 2296 in
3259 2259 3531 2298 novorum
3565 2252 3763 2302 autem

358 2335 625 2393 eamdem
658 2338 901 2402 uterque
934 2330 1216 2386 rationem
1249 2328 1432 2385 secuti
1463 2332 1623 2393 sunt,
1657 2326 1780 2381 ﬁeri
1809 2343 1922 2380 non
1956 2326 2161 2396 potuit,
2196 2326 2337 2398 quin
2370 2343 2522 2398 saepe
2551 2328 2602 2382 is
2650 2329 2965 2398 genuinam
3010 2328 3312 2387 lectionem
3364 2334 3760 2401 confirmaret,

359 2429 691 2495 corruptam
741 2429 934 2476 autem
983 2419 1318 2489 contigeret.
1367 2417 1868 2481 Quemadmodum
1893 2414 2149 2470 vicissim
2182 2415 2252 2482 is,
2304 2417 2403 2486 qui
2444 2416 2616 2472 istam
2645 2416 2795 2472 Petri
2828 2418 3007 2473 Siculi
3041 2419 3335 2476 Historiam
3367 2422 3758 2493 recognitione

359 2522 411 2570 et
443 2513 706 2568 versione
737 2527 904 2575 nova,
938 2525 1116 2580 quam
1148 2509 1386 2564 omnino
1420 2506 1689 2578 requirit,
1721 2505 1947 2573 dignari
1979 2503 2134 2570 velit,
2177 2522 2290 2561 non
2321 2523 2528 2577 parum
2567 2507 2817 2563 subsidii
2867 2525 2934 2565 ex
2975 2509 3253 2566 Pbotiana
3306 2512 3409 2568 hac
3453 2513 3764 2584 scriptione

365 2603 477 2659 sibi
511 2617 644 2657 cum
677 2601 902 2656 ratione
930 2599 1252 2670 promittet.

434 2693 568 2756 Quae
600 2692 738 2746 dum
773 2705 1053 2758 memoro,
1086 2704 1200 2744 non
1235 2703 1474 2759 possum
1509 2702 1622 2742 non
1655 2685 1989 2758 significare
2010 2684 2456 2755 dubitationem,
2489 2703 2662 2758 quam
2687 2687 2743 2743 in
2771 2689 2920 2745 notis
2957 2692 3102 2747 meis
3125 2692 3421 2762 professus
3444 2712 3595 2765 sum,
3619 2701 3672 2752 et
3703 2697 3760 2752 in

363 2799 481 2856 qua
513 2797 604 2838 me
635 2781 827 2836 adhuc
859 2780 1074 2835 haerere
1106 2781 1307 2846 fateor,
1340 2783 1466 2833 uter
1497 2777 1715 2833 scilicet
1747 2777 1954 2833 horum
1986 2778 2229 2833 alterum
2263 2776 2321 2834 in
2353 2777 2662 2835 scribendo
2692 2779 2959 2837 imitatus
3002 2782 3287 2840 videatur.
3315 2786 3576 2842 Alterum
3607 2788 3760 2844 alte-

362 2874 486 2928 rius
532 2869 776 2942 vestigia
820 2867 1100 2940 pressisse
1149 2883 1261 2923 non
1318 2866 1627 2933 dubitabit,
1663 2866 1763 2936 qui
1804 2871 2117 2937 utrumque
2168 2865 2452 2938 scriptum
2498 2869 2933 2939 comparaverit,
2964 2874 3019 2925 et
3045 2871 3133 2926 vel
3164 2887 3231 2928 ea
3259 2871 3481 2946 legerit,
3515 2892 3760 2947 quorum

360 2960 644 3017 indicium
675 2959 798 3030 ipse
830 2958 953 3014 feci.
987 2957 1278 3013 Proferam
1310 2957 1404 3012 hic
1435 2973 1618 3012 unum
1651 2955 2064 3012 convenientia:
2111 2964 2539 3027 argumentum,
2591 2958 2765 3028 idque
2818 2975 2945 3014 meo
2989 2961 3212 3030 judicio
3260 2962 3644 3035 luculentum,
3694 2982 3762 3021 ex

363 3066 527 3106 num.
565 3051 634 3105 VI
666 3047 796 3118 (col.
829 3049 940 3119 23).
975 3048 1056 3102 Ibi
1086 3045 1340 3119 potiores
1372 3045 1821 3102 Manichaeorum
1854 3045 2242 3100 recentiorum
2275 3061 2496 3102 errores
2517 3048 2585 3102 ad
2610 3063 2712 3102 sex
2732 3047 2923 3118 capita
2946 3056 3307 3106 revocantur.
3333 3053 3599 3109 Totidem
3625 3071 3759 3110 con-

363 3139 552 3194 stituit
581 3141 786 3194 Petrus
818 3137 1048 3192 Siculus
1081 3153 1133 3207 p.
1172 3136 1236 3190 17
1268 3152 1391 3206 seq.
1425 3135 1541 3190 Hoc
1567 3152 1601 3189 a
1631 3135 1863 3190 nemine
1893 3139 2150 3188 veterum
2185 3135 2305 3188 fieri
2340 3135 2602 3190 memini.
2647 3139 2713 3190 Et
2743 3137 2790 3192 si
2827 3137 3041 3192 factum
3070 3145 3242 3204 esset,
3293 3141 3378 3196 vel
3432 3144 3516 3199 sic
3565 3149 3759 3198 tamen

361 3227 571 3282 rationi
622 3224 758 3282 huic
802 3240 974 3280 suum
1024 3230 1312 3280 constaret
1362 3224 1609 3294 pondus,
1660 3223 1795 3294 quia
1844 3222 2117 3294 utrinque
2152 3223 2301 3278 idem
2334 3224 2494 3291 ordo,
2529 3229 2585 3279 et
2609 3226 2820 3280 eaedem
2852 3227 3142 3282 interdum
3176 3228 3417 3298 phrases
3447 3231 3762 3287 observan-

363 3318 482 3370 tur.
515 3319 814 3385 Compara,
847 3330 1065 3384 quaeso,
1098 3331 1226 3384 quas
1258 3313 1330 3367 de
1361 3313 1549 3384 primo
1577 3311 2047 3366 Paulicianorum
2081 3328 2272 3366 errore
2323 3314 2476 3383 apud
2529 3320 2790 3368 nostrum
2843 3313 3138 3385 leguntur,
3188 3334 3318 3372 cum
3369 3317 3482 3386 his,
3532 3338 3657 3391 quae
3697 3336 3767 3376 ex

363 3405 560 3461 Siculo
595 3404 794 3460 Latine
829 3407 1112 3474 proferam
1150 3421 1162 3460 :
1199 3426 1226 3452 «
1256 3403 1514 3458 Primum
1549 3402 1784 3456 illorum
1808 3402 2030 3456 axioma
2059 3406 2170 3468 est,
2204 3402 2319 3456 duo
2344 3418 2533 3458 rerum
2569 3420 2696 3459 esse
2727 3405 3032 3476 principia,
3057 3406 3236 3462 Deum
3265 3408 3484 3464 malum
3508 3417 3564 3466 et
3585 3411 3767 3466 Deum

366 3495 586 3549 bonum
624 3509 636 3547 :
672 3494 966 3562 aliumque
997 3493 1174 3562 hujus
1208 3493 1412 3546 mundi
1447 3492 1800 3547 conditorem
1832 3508 1896 3545 ac
1929 3489 2271 3561 principem,
2305 3497 2361 3546 et
2394 3491 2574 3547 alium
2605 3493 2783 3547 futuri
2815 3495 2942 3549 sevi.
2977 3525 3041 3534 —
3073 3502 3193 3567 Age
3225 3497 3340 3562 dic,
3375 3498 3582 3570 inquit,
3626 3500 3768 3570 quid

367 3597 472 3636 nos
504 3597 537 3636 a
568 3581 848 3636 Romanis
879 3580 1176 3635 secernit?
1211 3580 1436 3650 seipsos
1467 3580 1623 3634 enim
1656 3579 1934 3634 exsecrati
1964 3577 2071 3645 illi,
2105 3584 2161 3632 et
2193 3579 2394 3633 nefarii
2427 3596 2782 3650 prorsusque
2813 3580 3024 3653 ingrati
3059 3588 3114 3638 et
3159 3584 3359 3654 perfidi
3407 3587 3769 3643 Christianos

369 3676 733 3743 nuncupant,
765 3689 864 3727 nus
896 3676 1086 3726 autem
1121 3687 1247 3726 vere
1277 3669 1511 3737 Christi,
1545 3669 1660 3724 veri
1694 3669 1793 3723 Dei
1841 3669 2022 3724 nostri
2072 3669 2467 3740 cognomines,
2517 3669 2831 3738 Romanos,
2884 3673 3118 3729 ethnico
3175 3675 3410 3728 nomine
3466 3677 3766 3745 preprium

367 3766 702 3829 permutare
735 3760 952 3826 conati,
983 3759 1300 3832 appellant.
1331 3789 1398 3800 -—-
1426 3761 1704 3813 Asserunt
1734 3762 1930 3812 autem
1963 3757 2386 3827 sejunctionem
2418 3773 2580 3813 suam
2614 3775 2644 3811 a
2675 3759 2843 3815 nobis
2877 3760 2935 3814 in
2971 3761 3074 3817 hoc
3103 3761 3437 3829 consistere,
3471 3765 3624 3834 quod
3656 3761 3765 3834 ipsi

366 3850 605 3919 quidem
636 3848 815 3905 alium
848 3851 1003 3904 aiant
1034 3864 1159 3904 esse
1195 3849 1371 3903 Deum
1408 3847 1610 3902 mundi
1638 3847 2018 3910 conditorem,
2051 3853 2104 3900 et
2136 3845 2527 3917 alium,quem
2561 3845 2788 3902 Patrem
2821 3847 3110 3906 caelestem
3143 3851 3442 3919 vocabant,
3472 3850 3770 3906 exclusum

367 3954 402 3995 a
431 3941 631 3996 mundi
663 3939 1181 4004 administratione,
1215 3937 1454 4009 solaque
1485 3937 1542 3992 in
1569 3939 1890 3992 aeternitate
1920 3937 2340 3992 dominantem.
2373 3957 2396 3986 ι
2427 3935 2561 3992 Uter
2593 3937 2686 3994 hic
2721 3944 2916 3994 utrum
2949 3940 3200 4009 duxerit,
3247 3950 3343 3996 aut
3397 3947 3630 3996 secutus
3672 3944 3771 4010 sit,

365 4034 620 4092 arduum
657 4031 831 4086 fuerit
859 4030 1122 4087 definire.
1155 4031 1356 4086 [Etatis
1386 4028 1750 4098 investigatio
1782 4029 1878 4084 hic
1910 4044 2028 4084 rem
2065 4044 2178 4082 non
2211 4028 2543 4084 confecerit.
2583 4029 2832 4085 Fuerunt
2862 4029 3015 4086 enim
3050 4030 3329 4102 aequales,
3361 4038 3419 4086 et
3470 4033 3680 4089 saeculo
3711 4051 3768 4088 ιι

369 4124 562 4180 medio
594 4121 948 4177 claruerunt.
985 4121 1276 4185 Photium,
1313 4126 1376 4173 Α.
1409 4120 1471 4175 C.
1504 4119 1629 4184 858,
1666 4118 2052 4190 patriarcham
2094 4116 2260 4171 CPoli
2310 4117 2691 4173 constitutum
2743 4135 2867 4174 esse
2897 4129 2951 4174 et
2991 4121 3058 4176 A.
3106 4121 3204 4175 891
3258 4121 3472 4176 obiisse
3521 4129 3766 4180 constat.

364 4215 512 4286 Lege
545 4215 691 4268 hanc
722 4213 777 4267 in
812 4228 933 4268 rem
967 4211 1292 4266 doctissimi
1320 4210 1776 4278 amicissimique
1808 4208 1975 4261 nobis
2015 4207 2103 4261 Ju.
2153 4207 2373 4262 Alberti
2427 4207 2668 4263 Fabricii
2723 4211 3121 4268 Bibliothecam
3171 4211 3441 4282 Graecam,
3489 4223 3623 4270 tom.
3676 4214 3767 4282 IX,

361 4320 417 4373 p.
449 4302 553 4355 369
583 4305 640 4355 et
670 4301 792 4354 370.
829 4301 1049 4354 Petrum
1084 4297 1346 4352 Siculum
1378 4297 1579 4351 eodem
1613 4301 1869 4366 tempore
1910 4295 2118 4349 vixisse
2169 4311 2236 4349 ex
2285 4295 2442 4351 calce
2495 4297 2750 4356 Historiae
2797 4300 2924 4370 ejus
2974 4307 3231 4372 apparet.
3283 4302 3545 4358 Referam
3595 4320 3767 4373 argu-

359 4397 620 4447 mentum
648 4389 839 4445 verbis
871 4387 1123 4444 lilatthaai
1155 4386 1387 4450 Raderi,
1421 4385 1660 4440 editoris
1692 4385 1842 4454 ejus,
1871 4401 1998 4456 qua)
2033 4385 2089 4439 in
2123 4384 2324 4442 limine
2355 4385 2535 4441 libelli
2569 4388 2648 4442 ita
2685 4388 2962 4460 leguntur
2993 4407 3005 4444 :
3064 4412 3091 4440 ‹‹
3141 4391 3298 4446 Vixit
3341 4393 3550 4448 Petrus
3595 4393 3767 4448 Sicu-

356 4481 448 4536 lus
479 4483 542 4536 A.
581 4479 640 4534 P.
673 4479 732 4534 C.
765 4479 832 4533 N.
864 4481 1070 4548 praeter
1101 4481 1332 4547 preptcr
1360 4475 1484 4537 870,
1520 4490 1633 4545 quo
1665 4479 1924 4545 tempore
1955 4491 2022 4528 ex
2053 4474 2298 4544 imperio
2349 4476 2545 4530 Basilii
2596 4481 2652 4533 et
2703 4479 2953 4534 filiorum
3004 4480 3374 4537 Constantini
3431 4487 3488 4538 et
3529 4481 3760 4548 Leonis,

354 4571 770 4643 imperatorum
795 4566 1309 4639 Orientis,legatus
1331 4565 1938 4632 Tibricam,Armenias
1962 4566 2273 4635 civitatem,
2298 4573 2361 4621 ut
2382 4568 2452 4622 de
2475 4567 2833 4638 captivorum
2859 4572 3279 4642 permutatione
3297 4577 3510 4642 ageret,
3545 4573 3760 4629 missus

352 4667 460 4729 est,
493 4676 850 4732 causamque
879 4658 1139 4727 feliciter,
1171 4663 1232 4713 ut
1259 4659 1384 4729 ipse
1414 4657 1684 4712 extremis
1707 4662 1900 4711 narrat
1925 4655 2170 4726 paginis,
2193 4671 2324 4712 cum
2351 4674 2556 4714 novem
2579 4658 2818 4715 Tibricm
2845 4677 3076 4716 menses
3097 4666 3360 4717 moratus
3383 4668 3545 4726 esset,
3572 4667 3760 4718 trans-

348 4751 488 4821 egit.
523 4774 552 4800 ››
587 4751 784 4822 Itaque
817 4757 1055 4820 uterque
1085 4763 1398 4820 provocare
1431 4745 1618 4817 potuit
1649 4745 1707 4801 in
1741 4746 1957 4817 scripto
1989 4762 2094 4800 suo
2127 4748 2197 4801 ad
2229 4763 2316 4814 ea,
2351 4765 2478 4818 quas
2514 4765 2543 4802 a
2577 4749 2909 4806 Manichaais
2942 4767 3047 4807 sua
3077 4757 3242 4807 astate
3271 4756 3434 4824 gesta
3475 4751 3560 4807 vel
3593 4751 3760 4807 vide-

350 4841 442 4908 rit,
502 4842 591 4897 vel
637 4841 942 4896 audiverit.
989 4839 1073 4894 Cl.
1132 4837 1586 4904 Montfauconio,
1640 4855 1693 4908 p.
1747 4838 1852 4892 349
1901 4837 2262 4894 Bibliotheca?
2310 4837 2672 4896 Coislinianw
2711 4841 3084 4897 narrationis‘
3109 4841 3265 4897 illius
3297 4840 3591 4896 Photianm
3625 4858 3761 4913 pars

352 4933 608 4988 maxima
639 4936 699 4986 ut
731 4930 1053 5003 plurimum
1087 4930 1399 4999 desumpta
1431 4926 1654 4982 videtur
1683 4943 1751 4982 ex
1783 4927 2024 4983 historia
2057 4928 2124 4982 de
2155 4932 2284 4983 ortu
2320 4945 2627 5000 progressu
2660 4934 2715 4985 et
2752 4947 2960 4985 occasu
3016 4931 3468 4987 Manicheorum
3514 4946 3549 4985 a
3592 4931 3760 4988 Petro

344 5021 540 5077 Siculo
590 5020 900 5091 descripta.
954 5021 1015 5074 In
1068 5020 1334 5075 eamdem
1387 5018 1739 5073 sententiam
1793 5017 2021 5088 penitus
2062 5019 2461 5085 concederem,
2513 5019 2624 5074 nisi
2669 5019 2950 5085 obstaret,
3002 5021 3153 5090 quod
3196 5020 3437 5076 Photius
3468 5021 3525 5075 in
3558 5020 3762 5076 limine

342 5111 691 5166 narrationis
722 5127 840 5167 sua:
873 5110 1063 5165 varios
1093 5108 1234 5164 alios
1267 5107 1543 5180 allegans,
1577 5123 1828 5177 quorum
1861 5123 2038 5178 opera
2070 5124 2211 5162 usus
2244 5109 2337 5176 sit,
2373 5106 2634 5162 Siculum
2669 5112 2936 5165 nostrum
2988 5114 3161 5178 tacet,
3219 5111 3290 5165 ad
3337 5126 3513 5181 quem
3562 5114 3761 5166 tamen

340 5221 442 5275 pro
473 5203 743 5270 candore,
779 5202 879 5274 qui
912 5201 1172 5272 alioquin
1207 5201 1265 5255 in
1297 5216 1361 5256 eo
1393 5201 1756 5264 observatur,
1793 5198 1900 5254 hoc
1933 5199 2139 5269 magis,
2184 5198 2470 5269 siquidem
2525 5215 2592 5254 ea
2640 5216 2780 5255 usus
2831 5201 3058 5269 fuisset,
3115 5206 3536 5273 provocaturus
3581 5200 3764 5257 fuisse

337 5295 582 5361 videtur,
617 5294 771 5364 quod
808 5294 999 5365 ipsum
1035 5294 1208 5347 rebus
1239 5298 1436 5347 contra
1469 5291 1814 5347 Manichaaos
1844 5289 2022 5359 gestis
2055 5290 2387 5344 interfuisse
2417 5305 2485 5344 ex
2516 5290 2644 5360 ipsa
2675 5292 3171 5348 commentatione
3211 5296 3432 5348 nosset.
3485 5291 3761 5347 Vicissim

337 5384 428 5438 vix
458 5382 573 5439 veri
605 5381 837 5437 videtur
864 5381 1073 5446 simile,
1111 5380 1340 5436 Petrum
1375 5379 1637 5435 Siculum
1674 5380 1853 5434 Photii
1889 5378 2108 5434 forulos
2141 5379 2509 5450 compilasse,
2545 5380 2601 5434 in
2637 5380 2843 5450 primis
2873 5382 2930 5434 in
2964 5380 3058 5447 iis,
3088 5397 3215 5452 quae
3259 5383 3329 5436 ad
3364 5381 3754 5437 recentiorum

334 5471 810 5537 Manichazorum,
844 5486 946 5525 seu
977 5469 1464 5531 I’aulicianorum,
1504 5469 1798 5524 historiam
1833 5471 2118 5537 spectant.
2153 5468 2232 5521 Ad
2267 5484 2394 5523 eam
2434 5469 2590 5524 enim
2643 5469 3009 5526 scribendam
3053 5470 3362 5524 invitatum
3415 5475 3472 5526 et
3519 5485 3754 5541 permo-

331 5569 460 5618 tum
493 5577 554 5617 se
587 5560 666 5615 ait.
697 5559 984 5632 legatione
1019 5559 1196 5630 regia,
1230 5575 1347 5630 qua
1377 5558 1434 5612 in
1469 5557 1608 5624 oris,
1643 5557 1734 5613 his
1765 5557 2107 5612 hominibus
2140 5556 2386 5624 refertis,
2425 5557 2757 5626 perfunctus
2787 5558 2884 5613 sit.
2917 5557 3109 5613 Verba
3145 5558 3222 5614 ita
3267 5559 3486 5614 habent
3528 5558 3750 5624 Latine,

331 5669 387 5724 p.
419 5653 453 5708 3
487 5669 499 5706 :
535 5673 563 5702 «
601 5651 744 5722 Ergo
773 5665 902 5706 vero
937 5649 1214 5706 inductus
1245 5649 1326 5704 rei
1360 5649 1705 5705 necessitate
1727 5647 1834 5704 hoc
1859 5645 2121 5702 muneris
2146 5648 2642 5718 suscepi,quando
2668 5647 2822 5719 regia
2842 5647 3126 5720 legatione
3149 5649 3572 5720 perfuncturus
3594 5649 3662 5703 ad
3687 5664 3750 5702 ea

327 5742 457 5798 loca
486 5741 728 5806 accessi,
761 5740 887 5812 ipso
917 5738 1138 5795 excidio
1169 5737 1400 5810 imperii
1431 5737 1631 5794 Basilii
1663 5737 1852 5808 Magni
1883 5737 2250 5809 imperatoris
2279 5739 2481 5807 nostri,
2508 5755 2539 5792 a
2562 5742 2676 5793 Deo
2702 5737 2929 5807 delecti,
2955 5746 3062 5793 etc.
3097 5739 3272 5795 Porro
3303 5740 3532 5810 legatus
3565 5737 3742 5803 ibam,

328 5834 392 5888 ut
412 5831 484 5888 de
506 5830 867 5904 captivorum
889 5827 1323 5902 permutatione
1346 5843 1602 5901 agerem,
1625 5835 1732 5886 etc.
1755 5826 2000 5886 Tibricse
2024 5826 2200 5899 igitur
2224 5827 2530 5898 legationis
2556 5827 2833 5883 obeundae
2861 5843 3041 5885 causa
3072 5826 3227 5901 apud
3251 5826 3618 5934 Paulician’ps
3637 5824 3737 5882 diu
