4074 6208
256 354 318 412 13
1144 339 1219 404 ΙΝ
1261 341 1536 402 Pth'l‘lI
1582 342 1856 403 LIBROS
1905 342 2227 404 CONTRA
2273 346 2761 410 MANICHIEOS.
3583 359 3657 419 14

259 491 527 551 moratus,
547 497 707 554 saepe
737 478 1096 551 disputando
1123 493 1255 532 cum
1281 476 1396 532 illis
1429 492 1555 534 sum
1587 493 1953 548 congressus,
1971 476 2325 551 illorumque
2346 496 2555 538 arcana
2577 482 2771 539 omnia
2795 500 2897 556 per
2913 485 3236 544 Catholicos
3258 489 3434 546 etiam
3457 491 3537 547 ibi
3561 493 3659 548 de-

266 581 450 644 gentes
476 573 704 631 curiose
733 566 1100 638 investigavi,
1133 588 1160 615 »
1193 570 1300 621 etc.
1337 565 1440 622 Hic
1471 566 1691 622 clarum
1715 571 1826 636 est,
1848 566 2084 622 Petrum
2107 569 2286 623 videri
2316 569 2457 626 velle
2473 589 2670 628 eorum
2701 579 3220 648 uarratorem,quae
3243 577 3329 633 vel
3352 589 3513 650 gesta
3533 581 3662 654 ipsa

273 664 473 728 viderit,
504 660 595 718 vel
626 677 695 716 ex
719 656 1049 730 aequalibus
1080 659 1136 710 et
1165 654 1500 710 Manichaais
1533 655 1836 711 audiverit.
1869 658 2138 712 Fortasse
2169 658 2366 729 itaque
2389 660 2472 714 sic
2495 663 2874 717 statuendum
2903 665 3095 732 fuerit,
3133 667 3364 723 Petrum
3398 669 3661 726 Siculum

273 752 437 806 Pbotii
466 747 1028 807 commentationem
1051 753 1183 800 ante
1206 744 1406 800 oculos
1429 745 1705 800 habuisse
1728 745 1782 799 in
1807 748 2132 800 enarranda
2153 753 2409 802 veterum
2438 749 2888 808 Manichaeorum
2918 753 3165 811 historia
3187 761 3242 811 et
3263 758 3548 825 doctrina,
3565 759 3666 815 de-

270 844 407 905 inde,
440 857 579 896 vero
614 839 710 894 ubi
743 838 812 894 ad
848 836 1232 892 recentiorum
1269 851 1357 889 res
1389 835 1550 906 (nam
1582 840 1639 890 et
1669 835 1872 888 horum
1898 834 2190 890 doctrinas
2208 838 2408 892 eodem
2435 840 2624 902 modo,
2647 857 2760 911 quo
2784 841 3044 908 Photius,
3071 850 3352 915 recenset)
3390 863 3666 916 pervene-

261 931 673 1003 rat,proprium
699 928 950 984 fundum
973 924 1356 981 consuluisse.
1376 923 1440 978 Et
1461 940 1602 978 sane
1625 926 1908 979 minorem
1937 924 1992 978 in
2017 930 2276 980 extrema
2298 929 2630 984 narratione
2654 931 2801 985 inter
2825 938 3139 1003 utrumque
3166 936 3504 1006 scriptorem
3528 953 3666 992 eon-

260 1021 610 1075 venientium
642 1013 1098 1087 deprehendisse
1130 1013 1274 1068 mihi
1304 1011 1518 1079 videor,
1545 1029 1719 1082 quam
1755 1028 1882 1083 quae
1913 1013 1972 1067 in
2007 1013 2206 1068 limine
2236 1019 2293 1069 et
2325 1018 2761 1073 continuatione
2792 1020 2978 1088 aperis
3008 1022 3401 1090 apparet.Veri
3430 1041 3663 1098 quoque

257 1115 344 1165 est
373 1108 653 1178 similius,
687 1111 926 1162 Petrum
963 1102 1248 1170 Siculum,
1277 1102 1620 1174 scriptorem
1652 1108 1857 1157 caetera
1888 1102 2271 1174 incognitum,
2299 1107 2546 1176 peritum
2573 1109 2802 1176 ducem,
2823 1127 2991 1180 quem
3011 1119 3370 1182 sequeretur,
3396 1116 3662 1188 elegisse,

256 1217 430 1272 quam
463 1199 758 1265 Photium,
790 1196 1090 1252 hominem
1123 1194 1182 1248 in
1215 1193 1522 1249 scribendo
1556 1194 2124 1249 exercitatissimum.
2161 1195 2388 1252 Monere
2420 1198 2672 1269 denique
2702 1209 2753 1254 et
2785 1199 2894 1256 hoc
2932 1200 3122 1271 liceat,
3171 1202 3431 1260 Siculum
3481 1223 3662 1290 eque,

252 1307 314 1346 ac
347 1290 640 1355 Photium,
675 1305 730 1360 p.
771 1286 832 1343 17
867 1290 923 1342 et
951 1286 1013 1339 21
1051 1285 1310 1340 Historia
1340 1300 1455 1339 suae
1488 1282 1826 1355 promittere
1863 1285 2321 1340 confutationem
2374 1286 2814 1356 Manichaeismi,
2867 1291 2983 1346 imo
3031 1293 3234 1347 eadem
3290 1282 3663 1364 perfunctum

252 1397 400 1450 esse,
434 1397 520 1444 ea,
552 1395 676 1451 quae
707 1375 911 1432 Pholio
945 1391 1007 1431 se
1036 1374 1323 1446 probavit,
1359 1373 1600 1429 ratione.
1639 1373 1895 1429 Raderus
1926 1373 2104 1444 enim,
2138 1375 2172 1445 §
2203 1376 2234 1428 4
2265 1375 2730 1434 Praemonitionis
2760 1397 2878 1434 suae
2907 1382 2974 1435 ad
3027 1381 3204 1437 Siculi
3254 1383 3541 1451 libellum,
3597 1401 3666 1441 ex

250 1471 373 1528 Jac.
429 1469 730 1526 Sirmundi
791 1467 904 1522 fide
959 1467 1154 1532 refert,
1216 1465 1469 1520 duorum
1523 1464 1799 1536 capitum,
1859 1480 1927 1520 ex
1985 1481 2080 1520 sex
2139 1463 2276 1531 illis,
2333 1468 2401 1522 de
2458 1467 2667 1539 quibus
2722 1471 2893 1526 modo
2925 1470 3199 1538 diximus,
3262 1476 3666 1532 refutationem

254 1570 482 1617 exstare
534 1560 593 1616 in
650 1555 1010 1613 bibliotheca
1063 1554 1340 1610 Vaticana
1394 1571 1570 1609 manu
1630 1559 1949 1619 exaratam,
2013 1572 2254 1626 eamque
2311 1573 2379 1612 ex
2433 1558 2608 1613 nudis
2669 1576 2846 1631 prope
2913 1561 3242 1619 divinarum
3318 1564 3667 1622 Litterarum

267 1650 618 1706 testimoniis
649 1651 995 1705 contextam.
1024 1643 1181 1700 Idem
1207 1644 1313 1700 hoc
1339 1644 1541 1700 Photio
1572 1660 1723 1700 curae
1755 1643 2126 1715 potissimum
2159 1645 2340 1702 fuisse
2371 1662 2483 1702 non
2505 1647 2867 1720 negabit,qui
2901 1651 3115 1707 librum
3137 1654 3265 1723 ejus
3288 1670 3328 1709 ιι
3363 1653 3447 1710 vel
3477 1654 3670 1711 obiter

259 1739 601 1810 inspexerit.

341 1828 635 1900 Quidquid
666 1826 842 1896 hujus
868 1825 998 1891 erit,
1035 1823 1390 1880 eruditorum
1421 1839 1536 1879 non
1570 1839 1725 1878 unus
1775 1823 2015 1896 dignum
2049 1825 2277 1880 censuit
2327 1825 2435 1882 hoc
2483 1842 2648 1898 opus,
2696 1829 2848 1900 quod
2898 1830 2955 1886 in
3002 1830 3192 1888 lucem
3243 1834 3529 1890 ederetur.
3581 1835 3669 1892 Ita

275 1917 642 1971 Abrahamus
669 1913 1186 1980 Hinckelmannus,
1219 1911 1246 1964 ὁ
1283 1910 1604 1984 μακαρίτης,
1641 1913 2028 1983 praedecessor
2061 1928 2244 1979 meus,
2271 1915 2338 1969 de
2368 1914 2582 1970 Graecis
2622 1913 2786 1972 libris
2827 1934 2941 1973 non
2975 1919 3176 1976 minus
3199 1920 3468 1992 praeclare
3497 1937 3668 1992 quam

271 2009 345 2062 de
377 2007 778 2071 Orientalibus,
809 2005 1252 2076 promeriturus,
1286 2001 1402 2056 luci
1435 2002 1491 2056 id
1525 2018 1656 2056 cum
1692 2001 1954 2057 versione
1986 2020 2095 2057 sua
2119 2003 2344 2071 Latina,
2368 2005 2538 2074 cujus
2567 2010 2787 2076 partem
2818 2009 3670 2079 perfecerat,destinabat.Vide

260 2094 621 2151 Deiectionem
645 2094 995 2164 fundamenti
1024 2089 1345 2154 Bohmiani,
1389 2105 1445 2160 p.
1475 2089 1546 2142 5'3
1576 2093 1631 2144 et
1662 2090 1782 2144 123.
1819 2088 1980 2144 Illius
2011 2089 2325 2165 ἀπόγραφον
2362 2108 2478 2145 una
2507 2108 2640 2148 cum
2691 2095 3023 2164 Serapionis
3072 2100 3130 2151 et
3178 2097 3288 2152 Titi
3340 2098 3671 2156 Bostrensis

259 2182 859 2240 commentationibus
881 2199 1056 2252 supra
1082 2177 1436 2246 memoratis,
1467 2178 1697 2232 devenit
1717 2182 1919 2248 postea
1943 2178 1998 2231 in
2027 2195 2236 2233 manus
2261 2179 2485 2234 Sebast.
2519 2180 2786 2234 Gottfridi
2819 2183 3090 2250 Starckii,
3112 2186 3451 2254 professoris
3484 2205 3674 2259 quon-

257 2274 393 2328 dam
432 2273 764 2345 linguarum
798 2269 1076 2326 Oriental.
1106 2265 1676 2340 Gryphiswaldensis
1708 2282 1773 2321 ac
1805 2266 2011 2322 deinde
2055 2265 2266 2322 scholae
2315 2268 2609 2338 equestris
2656 2268 3229 2341 Brandenburgensis
3273 2275 3671 2342 moderatoris,

256 2363 352 2434 qui
388 2362 570 2418 telam
603 2362 676 2418 ab
709 2358 1176 2416 Hinckelmanno
1207 2361 1450 2427 coeptam
1487 2359 1856 2426 pertexturus
1885 2359 2028 2423 erat,
2060 2357 2108 2412 si
2135 2374 2235 2426 per
2266 2357 2380 2412 fata
2424 2356 2706 2412 licuisset.
2760 2359 2902 2430 Lege
2941 2358 3102 2417 illius
3151 2363 3548 2432 praefationem
3600 2365 3672 2420 ad

256 2453 472 2510 librum
528 2453 712 2508 Kelila
766 2450 1079 2515 Wadimna,
1132 2448 1325 2506 Graece
1374 2447 1443 2502 ab
1489 2447 1614 2517 ipso
1654 2447 1898 2514 editum,
1942 2446 2000 2500 in
2053 2445 2229 2513 calce,
2280 2455 2332 2502 et
2373 2449 2574 2503 confer
2603 2446 2686 2502 Cl.
2716 2448 2948 2504 Martini
2983 2450 3266 2507 Dielerich
3300 2453 3672 2524 Programma

260 2544 585 2616 singulare,
619 2541 872 2599 Berolini
915 2557 1009 2596 an.
1046 2540 1177 2594 1711
1213 2537 1535 2607 vulgatum,
1568 2544 1622 2592 et
1653 2536 1944 2592 memoriae
1975 2537 2080 2592 viri
2113 2537 2314 2608 optimi
2349 2537 2728 2594 destinatum.
2761 2539 2921 2594 Idem
2954 2540 3190 2596 animus
3225 2543 3328 2596 fuit
3363 2543 3672 2600 Laurentio

261 2633 584 2690 Alexandro
617 2632 904 2704 Zacagnio
936 2646 1118 2702 supra
1147 2628 1406 2694 laudato,
1443 2629 1593 2698 quod
1629 2643 1696 2682 ex
1725 2627 2066 2682 Praefatione
2097 2628 2226 2696 ejus
2255 2627 2324 2682 ad
2359 2631 2577 2682 tomum
2611 2628 2632 2682 Ι
2679 2627 3143 2685 Collectaneorum
3189 2630 3674 2689 Monumentorum

261 2728 508 2778 veterum
557 2723 808 2778 Ecclesia
859 2719 1085 2789 Graecae,
1133 2735 1190 2789 p.
1243 2719 1330 2785 15,
1380 2715 1778 2787 intelligitur:
1830 2738 1858 2764 «
1916 2717 2028 2770 Sed
2079 2722 2140 2771 ut
2188 2717 2258 2771 ad
2291 2715 2663 2786 Archelaum,
2698 2718 2884 2788 inquit
2916 2719 2986 2784 is,
3021 2722 3270 2786 redeam,
3307 2727 3530 2793 reperto
3563 2722 3671 2778 hoc

257 2813 661 2871 vetustissimo
682 2813 963 2868 adversus
982 2810 1333 2865 Manichaeos
1351 2808 1555 2879 Opere,
1581 2808 1652 2862 ad
1676 2807 1906 2863 nefariae
1929 2809 2266 2864 earumdem
2290 2807 2572 2864 haereseos
2592 2809 2894 2864 historiam
2912 2811 3391 2868 conscribendam
3409 2815 3669 2871 animum

259 2905 530 2972 admovi,
563 2904 725 2974 eique
756 2919 873 2958 non
909 2903 1081 2956 modo
1113 2900 1400 2970 integram
1431 2897 1693 2954 Archelai
1725 2897 2203 2970 disputationem,
2235 2900 2336 2953 sed
2371 2908 2424 2954 et
2455 2898 2639 2954 Photii
2673 2901 3011 2972 patriarchae
3035 2905 3138 2958 CP.
3165 2902 3345 2960 libros
3377 2903 3444 2960 ιν
3478 2906 3672 2962 adver-

255 3012 356 3053 sus
389 2993 744 3049 Manichaos
777 3008 882 3047 suo
916 2995 1174 3062 tempore
1205 2988 1414 3044 iterum
1456 2992 1706 3053 exortes,
1752 2988 1980 3059 aliaque
2014 2987 2194 3042 multa
2238 2987 2428 3044 adhuc
2469 2989 2684 3044 inedita
2737 2991 3045 3062 magnique
3096 2992 3353 3047 facienda
3403 2997 3668 3051 veterum

255 3096 572 3144 auctorum
602 3084 838 3154 scripta,
868 3080 1206 3153 appendicis
1238 3080 1361 3135 loco
1399 3078 1751 3149 subjungere
1782 3079 2141 3134 decreveram
2179 3095 2192 3132 :
2228 3079 2327 3134 sed
2361 3079 2834 3135 doctissimorum
2867 3081 3122 3137 virorum
3166 3082 3416 3140 consilio
3449 3084 3668 3140 factum

254 3186 358 3246 est,
390 3183 462 3234 ut
495 3177 560 3232 in
594 3180 964 3231 antecessum
995 3176 1122 3227 acta
1154 3172 1264 3226 ista
1301 3171 1354 3224 in
1389 3170 1570 3240 primo
1599 3169 1963 3225 Collectionis
1994 3178 2203 3226 nostra:
2251 3174 2404 3226 tomo
2449 3171 2780 3226 ederentur.
2825 3194 2853 3221 »
2904 3172 3118 3228 Horum
3172 3173 3370 3246 itaque
3410 3175 3670 3247 exemplo

253 3270 557 3324 adductus
587 3266 658 3320 de
687 3263 1036 3337 perﬁciendo
1072 3261 1178 3316 hoc
1210 3261 1441 3332 negotio
1464 3261 1586 3330 jam
1618 3268 1748 3316 ante
1779 3259 2008 3332 aliquot
2039 3276 2245 3324 annos,
2279 3259 2592 3316 consilium
2624 3261 2772 3332 cepi,
2807 3277 2979 3333 super
3025 3279 3155 3318 vero
3203 3265 3355 3320 serio
3403 3265 3670 3336 cogitavi,

257 3362 573 3428 postquam
599 3353 713 3410 vidi
745 3353 830 3410 Cl.
859 3350 1143 3407 Jacobum
1176 3350 1450 3420 Basnag.,
1485 3349 1544 3404 in
1575 3348 1902 3419 Specimine
1935 3365 2113 3414 novae,
2140 3364 2315 3419 quam
2358 3349 2630 3420 suscepit,
2665 3349 2939 3405 editionis
2972 3353 3342 3424 Antiquarum
3378 3354 3675 3410 lectionum

253 3446 497 3511 Canisii,
533 3441 867 3512 Serapionis
898 3445 955 3495 et
984 3438 1096 3494 Titi
1138 3437 1466 3494 Bostrensis
1497 3437 1712 3510 scripta
1742 3445 1942 3494 contra
1963 3437 2311 3494 Manichaeos
2342 3454 2410 3493 ex
2441 3439 2774 3510 apographo
2817 3439 3034 3497 codicis
3082 3442 3468 3508 Holsteniani,
3517 3443 3673 3516 quod

257 3553 288 3592 a
315 3536 375 3592 S.
402 3536 614 3592 Rever.
646 3533 737 3588 Jo.
771 3531 1057 3587 Friderico
1084 3528 1432 3593 Wincklero,
1465 3527 1683 3600 collega
1738 3544 1864 3582 meo
1914 3527 2423 3598 eonjunctissimo,
2474 3529 2715 3599 accepit,
2763 3529 2956 3586 Graece
3004 3532 3278 3598 edidisse,
3323 3549 3456 3590 cum
3509 3543 3676 3592 antea

259 3623 333 3678 ibi
364 3624 582 3680 Latine
605 3625 836 3676 tantum
871 3619 1221 3690 legerentur.
1257 3616 1600 3672 Consultum
1633 3617 1829 3688 itaque
1862 3619 2162 3688 putabam,
2196 3618 2444 3685 efficere,
2479 3621 2542 3672 ut
2573 3617 2859 3673 triumviri
2899 3619 3015 3688 isti,
3069 3638 3216 3692 quos
3263 3623 3464 3678 eodem
3515 3623 3678 3679 volu-

261 3714 409 3770 mine
441 3712 822 3781 ms.junctos
847 3707 1140 3772 videbam,
1175 3705 1403 3777 publice
1434 3706 1492 3762 in
1525 3713 1822 3778 posterum
1857 3724 1968 3762 non
2003 3715 2194 3762 essent
2228 3707 2532 3778 disjuncti,
2565 3707 2625 3763 in
2661 3707 2866 3778 primis
2897 3725 3027 3764 cum
3075 3711 3352 3780 viderem,
3403 3712 3675 3768 Photium

264 3803 320 3857 in
355 3800 775 3858 Confutatione
802 3814 907 3852 sua
938 3795 1182 3852 duorum
1225 3795 1468 3851 istorum
1521 3795 1772 3851 laborem
1824 3795 2116 3868 supplere.
2171 3795 2258 3851 Illi
2307 3796 2486 3859 enim,
2540 3802 2603 3852 ut
2647 3797 2718 3852 de
2768 3796 3015 3853 historia
3065 3797 3352 3856 haereseos
3403 3801 3676 3873 pestilen-

273 3893 512 3946 tissimae
541 3893 761 3955 tacent,
792 3901 1131 3954 erroresque
1159 3885 1322 3956 ipsos
1349 3886 1731 3956 argumentis,
1767 3901 1833 3940 ex
1862 3885 2081 3940 ratione
2114 3890 2173 3940 et
2204 3885 2572 3956 philosophia
2612 3886 2828 3956 petitis,
2877 3894 3258 3960 Oppugnant;
3314 3891 3390 3946 ita
3440 3891 3678 3949 Photius

267 3983 607 4036 narratione
636 3977 917 4033 historica
950 3973 1179 4047 egregie
1211 3974 1602 4046 perfungitur,
1633 3989 1697 4028 ac
1730 3973 1980 4030 furorem
2015 3973 2248 4029 illorum
2300 3973 2602 4029 hominum
2653 3991 2722 4029 ex
2770 3975 3074 4046 Scriptura
3121 3978 3406 4035 diviniora
3456 3996 3679 4054 compe-

264 4072 552 4126 scendam
586 4065 862 4138 sumpsit.

333 4161 417 4215 Ita
449 4157 619 4214 enim
649 4155 910 4211 rationes
943 4170 1081 4209 suas
1111 4152 1173 4207 in
1203 4156 1321 4209 toto
1353 4168 1526 4224 opere
1556 4151 1665 4208 hoc
1701 4152 1956 4207 instituit
1985 4151 2254 4218 Photius,
2290 4154 2351 4207 ut
2382 4150 2482 4206 lib.
2518 4169 2532 4205 ι
2563 4154 2790 4207 tantum
2837 4151 3142 4209 historiam
3195 4155 3405 4223 tradat,
3439 4155 3678 4228 reliquis

262 4264 391 4304 vero
441 4246 711 4320 potiores
762 4260 966 4300 eorum
1026 4258 1250 4299 errores
1297 4242 1594 4314 proﬂiget;
1652 4245 1827 4312 atque
1883 4242 2048 4305 adeo,
2103 4240 2203 4296 lib.
2267 4257 2327 4310 ιι,
2380 4245 2582 4296 contra
2624 4257 2721 4298 eos
2769 4243 3016 4311 evincat,
3077 4243 3254 4299 Deum
3313 4245 3586 4301 eumdem
3628 4251 3684 4302 et

265 4339 505 4394 animas
537 4342 594 4392 et
624 4351 865 4405 corpora
903 4339 961 4390 et
990 4339 1196 4390 caetera
1227 4333 1494 4388 sensibus
1525 4331 1789 4400 subjecta
1820 4331 2154 4386 condidisse
2181 4348 2194 4398 ;
2219 4330 2317 4386 lib.
2359 4347 2442 4396 ιιι,
2475 4330 2665 4386 Veteri
2698 4333 3063 4388 Testamento
3095 4333 3378 4405 originem
3427 4335 3681 4391 divinam

265 4431 570 4496 vindicet;
623 4443 702 4494 iv,
748 4425 1002 4496 denique
1050 4424 1208 4478 varia
1257 4427 1493 4493 repetat,
1544 4421 1614 4476 ad
1665 4422 1866 4477 eadem
1917 4426 2257 4492 argumenta
2291 4421 2661 4494 pertinentia,
2690 4426 2746 4477 et
2766 4423 3198 4492 exceptionibus
3233 4424 3680 4481 Manichaeorum

273 4516 582 4573 nonnullis
613 4515 954 4570 satisfaciat.
987 4512 1067 4568 De
1096 4511 1288 4579 titulo,
1323 4527 1496 4582 quem
1532 4510 1676 4565 libro
1711 4526 1751 4564 ιι
1785 4511 2086 4581 praefixum
2118 4509 2355 4577 videbis,
2383 4510 2463 4564 ita
2492 4509 2658 4566 habe.
2697 4510 2753 4566 Is
2785 4528 2897 4566 non
2939 4515 3057 4567 tam
3109 4514 3366 4584 proxime
3412 4520 3472 4570 et
3517 4514 3680 4586 sigil-

277 4605 446 4662 latim
491 4606 556 4658 ad
584 4605 798 4660 librum
830 4603 988 4658 illam
1022 4618 1196 4673 quam
1229 4602 1297 4656 ad
1329 4599 1584 4671 reliquos
1615 4600 1762 4654 duos
1795 4600 2062 4670 pertinet,
2095 4603 2152 4655 et
2182 4600 2509 4671 generalem
2535 4601 2724 4672 aperis
2753 4599 3214 4671 inscriptionem,
3247 4602 3318 4658 ab
3359 4602 3473 4658 alia
3508 4620 3680 4658 manu

271 4697 628 4769 profectam,
660 4693 838 4758 sistit,
871 4693 1149 4763 docetque
1183 4691 1334 4762 quod
1368 4690 1508 4746 illud
1546 4690 1604 4746 in
1656 4689 2062 4760 oppugnandis
2113 4689 2449 4746 Manichaeis
2497 4707 2815 4762 eorumque
2863 4691 3296 4764 exceptionibus
3335 4693 3685 4765 repellendis

269 4791 616 4861 ocCUpetur.
652 4782 943 4840 Promittit
991 4783 1149 4838 enim
1184 4777 1440 4852 Ἀπορίας
1469 4779 1555 4834 καὶ
1605 4777 1788 4837 λύσεις
1817 4781 1878 4832 τᾶ

2081 4779 2337 4855 νιχαίων;
2384 4780 2492 4836 hoc
2532 4784 2641 4848 est,
2693 4782 2870 4836 Dubia
2918 4781 3349 4840 Manichworum
3396 4801 3690 4855 eorumque

269 4877 604 4933 solutiones.

339 4967 420 5023 De
459 4963 636 5033 notis,
671 4979 822 5035 quas
855 4961 1073 5029 addidi,
1107 4962 1186 5017 ita
1218 4960 1506 5017 existima.
1541 4961 1604 5015 In
1635 4959 1737 5015 lib.
1775 4975 1789 5013 ι
1832 4958 2174 5016 illustrando
2219 4958 2508 5027 diffusior,
2563 4958 2622 5013 in
2673 4958 2853 5016 altero
2903 4960 3133 5031 parcior
3181 4961 3280 5030 fui,
3333 4961 3395 5020 in
3448 4963 3692 5035 reliquis

273 5054 426 5112 idem
468 5055 728 5109 futurus.
763 5049 1055 5106 Historica
1087 5051 1239 5105 enim
1272 5048 1372 5104 illa
1394 5048 1531 5104 hinc
1551 5047 1687 5103 inde
1712 5047 1798 5103 vel
1832 5047 1960 5104 luce
1991 5063 2060 5104 ex
2092 5046 2464 5118 antiquitate,
2487 5045 2574 5103 vel
2599 5046 2803 5104 robore
2823 5064 2891 5104 ex
2913 5049 3414 5108 consentientibus
3442 5050 3691 5110 aliorum

274 5142 632 5202 testimoniis
665 5141 950 5211 indigere,
982 5137 1240 5196 vicissim
1273 5155 1406 5196 vero
1440 5137 1768 5209 dogmatica
1799 5154 1906 5194 sua
1935 5137 2159 5193 radiare
2190 5136 2318 5193 luce
2349 5135 2493 5191 mihi
2517 5136 2884 5194 videbantur.

1959 5402 2037 5415 Α*
