4074 6208
281 314 355 375 21

1426 310 1744 373 CONTRA
1786 308 2265 372 MANICHIEOS
2309 309 2542 373 LIBER
2584 312 2635 372 Ι.
3656 307 3734 370 22

366 448 453 505 Κ.
482 444 631 504 Μετὰ
661 442 725 501 δὲ
753 443 847 501 τὸν
885 440 1208 512 Σιλουανὸν,
1244 443 1472 519 Συμεὼν
1502 444 1679 500 αὐτῶν
1708 449 1807 501 τοῦ
1837 442 1966 500 δυσ-

2153 443 2246 501 ιν.
2280 442 2417 502 Post
2445 446 2748 504 Silvanum
2779 444 2973 520 impia)
3016 447 3295 505 doctrinm
3326 447 3727 522 magisterium

297 532 497 598 σεόοῦς
521 532 923 591 διδασκαλείου
952 533 1297 610 προΐσταται,
1326 534 1485 589 Τίτον
1522 534 1614 589 καὶ
1664 534 1827 597 αὐτὸς
1855 536 1971 608 (28)

307 627 486 684 tum
544 622 1099 697 μετονομασάμενος.
1139 623 1298 693 Ἑξῆς
1344 620 1403 678 δὲ
1449 618 1744 697 Ἀρμένιος
1792 626 1970 699 γένος,

308 714 631 793 Γεγναίσιος
702 715 820 788 (29)
877 711 1074 785 ὄνομα,
1137 711 1496 787 μετακληθεὶς
1545 712 1619 776 εἰς
1679 713 1970 787 Τιμόθεον.

298 805 391 861 [αἱ
442 802 721 879 τέταρτος
754 802 963 880 Ἰωσήφ
995 803 1024 857 ὁ
1071 800 1148 865 εἷς
1198 801 1589 882 Ἐπαφρόδιτον
1625 798 1970 877 μεταϐεϐλη-

293 894 466 967 μένος
520 893 591 949 τὸ
648 892 866 965 κύριον.
901 892 1032 949 Εἶτα
1089 890 1384 967 Ζαχαρίας,
1432 893 1493 947 ’ὸν
1553 892 1654 947 οὐκ
1698 891 1969 969 ἐλαχίστη

295 989 478 1058 μοῖρα
540 981 810 1059 αἱρέσεως
870 981 1143 1054 μισθωθόν
1166 1000 1226 1037 τε
1275 982 1491 1053 ἡγεῖται
1520 981 1611 1036 καὶ
1665 989 1765 1052 τῆς
1821 979 1970 1038 διδα·

293 1072 582 1141 σκαλικῆς
654 1071 831 1127 αὐτῶν
888 1067 1183 1146 προεδρίας
1237 1069 1473 1140 ἀνάξιον.
1531 1072 1725 1134 Ἕκτος
1785 1070 1970 1135 αὐτοῖς

293 1160 611 1236 ἔπι-γίνεται
655 1161 870 1229 Βαᾶνης
907 1160 937 1215 ὁ
997 1159 1259 1234 ῥυπαρὸς,
1303 1156 1386 1238 ἐφ’
1442 1159 1528 1221 οἷς
1580 1153 1821 1233 ἕϐδομον
1879 1160 1968 1215 καὶ

291 1249 627 1307 τελευταῖον
660 1248 825 1304 κακὸν
878 1247 1107 1322 Σέργιος
1152 1245 1468 1321 ἀναφύεται,
1508 1244 1586 1310 είς
1626 1246 1863 1321 Τυχικὸν
1913 1244 1970 1302 δὲ

289 1341 394 1395 καὶ
452 1338 624 1402 αὐτὸς
679 1337 869 1394 ἑαυτὸν
931 1335 1301 1411 μετεκάλεσεν.
1360 1333 1523 1392 Ἀλλ’
1585 1337 1637 1391 οῖ
1699 1337 1795 1410 μὶν
1867 1343 1968 1406 τῆς

290 1428 645 1493 ἆποστασίας
699 1425 878 1482 αὐτῶν
934 1422 1277 1497 διδάσκαλοι,
1332 1425 1420 1503 ἀφ’
1477 1425 1539 1480 οὗ
1588 1432 1689 1495 τῆς
1746 1424 1967 1482 Παύλου

296 1517 667 1593 μετωνυμίας
708 1511 911 1589 ἔλαχεν
955 1514 1018 1570 τὸ
1064 1512 1430 1569 ἆπυστατικὸν
1461 1517 1626 1570 τοῦτο
1667 1514 1756 1569 καὶ
1810 1516 1968 1587 μισό-

296 1625 538 1682 χριστον
598 1606 883 1678 σύνταγμα
960 1601 1125 1678 μέχρι
1185 1605 1282 1657 τοῦ
1336 1602 1455 1657 καθ’
1530 1604 1679 1676 ἡμᾶς
1734 1602 1967 1672 ¹ἥκοντος

296 1696 521 1773 χρόνου
550 1693 641 1750 ἒπὶ
669 1697 929 1748 τοσοῦτον
959 1694 1344 1768 προήχθησαν.
1386 1694 1591 1748 Ἐκεῖνο
1637 1689 1694 1748 δὲ
1737 1691 1819 1749 δεῖ
1848 1696 1968 1768 (30)

2083 533 2309 591 obtinet
2336 536 2591 604 Simeon,
2625 535 2727 608 qui
2756 553 2966 594 nomen
3000 541 3059 593 et
3087 538 3213 610 ipse
3241 552 3412 594 suum
3445 537 3505 593 in
3536 532 3731 593 Titum

2083 624 2465 680 commutavit
2499 640 2513 679 :
2544 625 2755 682 deinde
2780 625 3093 682 Armenius
3123 627 3364 699 quidam
3396 630 3589 699 gente,
3624 641 3731 682 no-

2085 714 2241 770 mine
2269 714 2631 787 Gegnaesius,
2658 715 2759 786 qui
2792 732 3004 773 nomen
3036 733 3210 773 suum
3240 717 3413 773 vertit
3450 717 3511 773 in
3539 715 3731 772 Timo-

2085 802 2309 860 theum.
2337 807 2585 871 Quartus
2613 803 2856 874 Joseph,
2889 805 3087 861 relicto
3118 808 3353 878 proprio
3385 805 3641 875 nomine,
3673 820 3733 860 se

2082 893 2544 966 Epaphroditum
2579 893 2769 949 vocari
2793 894 2948 951 fecit.
2980 893 3189 951 Postea
3219 895 3731 968 Zacharias,quem

2082 999 2216 1054 pars
2250 983 2533 1039 haereseos
2561 999 2675 1038 non
2713 982 2960 1039 minima
2992 984 3421 1040 mercenarium
3454 989 3644 1057 putat,
3673 986 3733 1040 et

2081 1070 2357 1127 doctrinae
2382 1070 2718 1143 magisterio
2747 1071 3292 1144 indignum.Sextus
3324 1072 3469 1144 ipsis
3492 1071 3731 1128 advenit

2082 1160 2321 1227 Baanes,
2368 1160 2782 1233 impurusille,
2832 1176 3008 1232 quem
3060 1160 3277 1233 excipit
3322 1161 3642 1232 septimum
3674 1165 3733 1217 et

2078 1255 2439 1321 postremum
2465 1250 2687 1305 malum
2705 1249 3064 1322 Sergius,qui
3091 1253 3313 1306 mutato
3330 1250 3469 1306 item
3494 1251 3731 1307 nomine

2078 1355 2141 1396 se
2171 1338 2491 1408 Tichycum
2545 1338 2873 1410 appellavit.
2906 1338 2976 1394 Hi
3025 1340 3204 1407 fuere,
3237 1355 3306 1395 ex
3347 1355 3463 1411 quo
3494 1337 3730 1396 rebellis

2078 1428 2174 1485 ille
2204 1433 2263 1485 et
2290 1428 2508 1485 Christi
2532 1428 2807 1484 inimicus
2830 1432 3011 1485 cretus
3042 1428 3205 1484 Pauli
3238 1444 3446 1485 nomen
3479 1428 3725 1502 accepit,

2078 1518 2421 1575 defectionis
2452 1517 2734 1588 magistri,
2776 1516 2879 1591 qui
2909 1532 3095 1590 usque
3125 1518 3198 1573 ad
3229 1523 3430 1573 nostra
3468 1521 3731 1590 tempore

2077 1624 2143 1666 eo
2177 1607 2429 1680 provecti
2460 1607 2599 1663 sint.
2645 1606 2793 1664 Illud
2827 1611 3023 1663 autem
3054 1606 3231 1680 probe
3260 1607 3727 1664 animadverten-

2078 1700 2215 1756 dum
2249 1708 2301 1756 et
2332 1698 2639 1756 sciendum
2673 1703 2783 1769 est,
2828 1698 3145 1756 hodiernos
3181 1697 3405 1755 scilicet
3432 1697 3605 1770 hujus
3635 1699 3729 1755 de-

307 1788 508 1848 κιλῶς
545 1783 830 1854 ἐπιστῆσαι
858 1782 951 1839 καὶ
1001 1779 1218 1849 εἰδέναι,
1251 1783 1328 1846 ὡς
1376 1783 1430 1837 οἱ
1458 1786 1551 1839 νῦν
1580 1785 1684 1849 τῆς
1731 1781 1967 1839 ἀποστά-

2087 1790 2338 1846 lectionis
2373 1789 2543 1856 ﬁlios,
2577 1805 2713 1845 cum
2755 1789 3052 1862 quispiam
3088 1789 3160 1845 ab
3208 1787 3327 1845 illis
3356 1788 3632 1862 exegerit,
3665 1795 3728 1845 ut

333 1893 481 1935 σεως
512 1872 705 1942 ταύτης
739 1868 945 1938 παῖδες,
977 1868 1193 1926 ἐπειδὰν
1223 1870 1423 1932 αὐτούς
1451 1891 1536 1933 τις
1567 1870 1824 1942 ἀπαιτοίη
1859 1874 1968 1948 (31)

333 1961 469 2024 τοὺς
498 1960 758 2034 ἐξάρχους
777 1967 867 2030 τῆς
896 1958 1160 2031 τοιαύτης
1189 1959 1606 2034 ἀποπέμπεσθαι
1653 1958 1968 2035 βδελυρίας,

320 2050 576 2108 Πάνεντα
607 2051 700 2123 μὲν
728 2051 816 2105 καὶ
856 2048 1074 2106 Παῦλον
1112 2051 1201 2105 καὶ
1234 2049 1517 2120 Ἰωάννην,
1549 2050 1640 2105 καὶ
1687 2049 1816 2112 τοὺς
1856 2049 1970 2107 ἅλ-

317 2141 455 2202 λους
518 2139 817 2214 προθύμως
872 2141 1353 2215 ἆναθεματίζουσιν
1387 2156 1401 2170 ⁸
1464 2145 1864 2196 Κωνσταντῖνον
1913 2138 1971 2196 δὲ

310 2230 371 2286 ὃν
434 2228 736 2284 Σιλουανὸν
788 2227 1044 2300 καλοῦσι,
1091 2228 1180 2284 καὶ
1230 2233 1496 2303 Συμεῶνα
1522 2229 1613 2284 τὸν
1661 2227 1839 2299 Τίτον,
1879 2229 1969 2284 καὶ

308 2318 630 2392 Γεγναίσιον
712 2319 833 2391 (32)
895 2318 990 2373 τὸν
1072 2316 1360 2391 Τιμόθεον,
1434 2321 1523 2373 καί
1605 2317 1700 2374 τὸν
1767 2318 1969 2397 Ἰωσὴφ

306 2403 742 2484 Ἐπαφρόδιτον,
771 2406 865 2462 καὶ
915 2406 1007 2462 τὸν
1054 2407 1293 2481 ῥυπαρὸν
1342 2408 1576 2478 Βαάνην,
1608 2405 1697 2461 καὶ
1744 2408 1971 2483 Σέργιον

302 2497 402 2552 τὸν
452 2497 724 2577 Τυχικὸν,
786 2493 1045 2570 οὐδαμῶς
1099 2497 1489 2572 ἀναθεματίσαι
1535 2495 1968 2574 καταδιξχονται⁸

319 2585 451 2642 ἀλλ’
490 2589 587 2642 οἷα
631 2583 701 2656 δὴ
752 2588 989 2659 Χρισσοῦ
1034 2584 1378 2651 ἀποστόλους
1407 2588 1497 2642 καὶ
1551 2590 1652 2653 τῆς
1699 2583 1970 2651 εὐσεϐείας

314 2672 689 2737 διδασκάλευς
732 2674 1182 2750 περιπτύσσονταί
1224 2696 1282 2731 τε
1324 2675 1415 2732 καὶ
1460 2673 1847 2753 ἀποδέχονται,
1907 2677 1969 2733 οὐ

310 2766 521 2827 πάντες
573 2762 651 2837 δὶ,
684 2761 813 2820 οῦδὲ
857 2763 987 2826 τοὺς
1016 2763 1338 2839 εἲρημένους
1374 2766 1578 2829 πάντας
1627 2767 1840 2834 ὁμοίως
1872 2787 1973 2821 πε-

308 2853 636 2928 ριέπουσιν,
662 2851 805 2910 ἆλλᾶ
831 2851 963 2915 τοὺς
996 2852 1094 2927 μὶν
1128 2852 1293 2929 μέχρι
1326 2855 1562 2910 Βαάνους
1602 2854 1692 2909 καὶ
1741 2855 1969 2933 Σεργίου

306 2940 736 3016 καταγομένους
768 2940 945 3016 ἒξίσου
992 2941 1291 3012 θειάζουσιν
1325 2961 1339 2976 ⁸
1381 2941 1583 2999 ἐκεῖθεν
1634 2942 1691 2999 δὲ
1724 2944 1975 3021 ῥαγέντες

313 3032 403 3095 εἷς
438 3030 766 3097 ἀντιπάλους
794 3030 890 3087 δύο
936 3029 1183 3106 μερίδας,
1215 3033 1268 3088 οἱ
1313 3033 1408 3105 μὲν
1436 3033 1529 3088 τὸν
1579 3035 1787 3104 Βαάνην
1817 3036 1870 3090 οἱ
1918 3033 1975 3091 δὲ

316 3123 644 3178 θεοποιοῦσι
673 3121 763 3177 τὸν
794 3121 1047 3197 Σέργιον,
1080 3121 1169 3176 ἐπὶ
1196 3126 1454 3177 τοσοῦτον
1495 3124 1594 3192 τήν
1632 3124 1754 3179 κατ’
1792 3121 1976 3194 ἀλλή-

321 3209 445 3267 λων
474 3205 591 3286 ἔριν
617 3211 705 3267 καὶ
754 3213 938 3266 στάσιν
984 3209 1357 3287 κρατύνοντες,
1389 3211 1464 3274 ὡς
1506 3213 1597 3267 καὶ
1650 3212 1816 3289 μέχρι
1847 3233 1980 3293 σφα-

326 3305 438 3372 γῆς
466 3296 658 3361 αὐτοῖς
686 3304 1001 3378 προχωρεῖν
1033 3298 1094 3354 τὸ
1131 3296 1465 3375 φιλόνεικον.

404 3388 480 3444 ιζ’,
509 3386 605 3458 Ἓξ
658 3383 717 3443 δὲ
742 3385 919 3442 αὒτῶν
975 3387 1405 3465 ἀνομολογοῦσιν
1461 3387 1790 3460 Ἐκκλησίας
1844 3392 1981 3463 (33),

328 3477 407 3532 ὧν
456 3478 562 3546 τήν
606 3477 704 3549 μὲν
755 3473 1089 3533 Μακεδονίαν
1144 3478 1405 3534 καλοῦσιν
1437 3497 1450 3512 ⁸
1516 3479 1742 3559 Ἀχαίαν
1775 3476 1833 3536 δὲ
1888 3481 1984 3550 τὴν

326 3563 608 3642 δευτέραν,
639 3564 729 3620 καὶ
776 3565 968 3638 τρίτην
1014 3569 1124 3622 τῶν
1176 3564 1592 3641 Φιλιππησίων,
1626 3567 1707 3647 ἐφ’
1755 3571 1839 3631 οἷς
1880 3571 1981 3641 τὴν

328 3651 673 3726 Λαοδικέων,
703 3655 796 3711 καὶ
852 3655 1109 3729 πέμπτην
1158 3660 1267 3712 τῶν
1328 3657 1608 3735 Ἐφεσίων,
1665 3658 1981 3715 τελευταίαν

330 3740 391 3800 Si
414 3746 518 3815 τὴν
545 3749 659 3802 τῶν
697 3744 1082 3803 Κολοσσαξων.
1120 3746 1301 3805 Ἀλλὰ
1346 3749 1415 3803 τα
1456 3749 1551 3821 μὲν
1602 3747 1841 3823 ὀνόματά
1871 3749 1984 3807 ἐστι

342 3831 569 3903 πόλεων,
600 3834 681 3888 ὧν
729 3832 822 3888 καὶ
850 3835 887 3904 ἡ
935 3833 1142 3891 παλαιὰ
1173 3838 1273 3906 τήν
1324 3841 1520 3911 γνῶσιν
1570 3838 1718 3913 εἶχεν
1746 3838 1981 3914 ἱστορία,

342 3921 433 3976 καί
462 3923 489 3977 ὁ
512 3924 658 3985 θεῖος
691 3921 1069 3997 ἐμνημόνευσε
1095 3924 1336 3987 Ηαῦλος.
1369 3927 1433 3979 Οἱ
1467 3923 1524 3981 δὲ
1558 3925 1727 4001 μηδὶν
1756 3926 1982 3996 ἄδολον,

333 4007 465 4083 μηδ’
524 4009 906 4080 ἆκαπήλευτον
964 4009 1394 4089 φιλονεικοῦντες
1444 4012 1783 4089 καταλιπεῖν,
1855 4014 1985 4090 μηδ’

329 4099 433 4154 ὅσα
487 4095 615 4171 ὕψει
679 4095 1048 4176 διελεγχεται,
1108 4098 1250 4174 μηδὲ
1312 4105 1479 4158 ταῦτα
1545 4100 1984 4178 δυσωπούμενοι,

326 4185 676 4245 Μακεδονίαν
703 4188 799 4261 μὶν
855 4188 1183 4263 ὀνομάζουσι
1227 4190 1520 4268 πολίχνιόν
1554 4213 1609 4248 τι
1659 4192 1986 4260 Κωλωνείας

324 4274 679 4349 καλούμενον
747 4272 999 4333 Κίϐωσσα
1056 4281 1190 4354 (34),
1247 4278 1301 4336 ἐν
1439 4288 1839 4346 Κωνσταντῖνος
1869 4285 1981 4359 (35)

325 4368 354 4422 ὁ
406 4365 710 4430 Σιλουανὸς
736 4368 839 4439 τήν
892 4367 1219 4426 ἀποστασίαν
1256 4368 1484 4444 ἐδίδαξε.
1535 4374 1709 4448 Κώμη
1771 4371 1828 4430 δὲ
1869 4381 1975 4430 Σα·

2081 1879 2435 1936 ἀοιεειεηᾶεε
2469 1878 2809 1951 bujusmodi
2841 1883 3008 1935 sectis
3051 1877 3348 1951 principes
3398 1878 3725 1951 repudient,

2079 1972 2304 2025 Manem
2339 1968 2602 2039 quidem,
2636 1967 2880 2024 Paulum
2913 1973 2972 2024 et
3013 1968 3315 2034 Joannem,
3347 1972 3406 2023 et
3441 1969 3725 2039 quosdam

2080 2057 2228 2113 alios
2258 2057 2507 2113 libenter
2536 2058 2899 2112 anathemate
2936 2057 3237 2123 damnare,
3276 2057 3725 2113 Constantinum

2077 2162 2234 2215 vero,
2265 2162 2438 2219 quem
2466 2144 2763 2201 Silvanum
2796 2150 3023 2212 vocant,
3047 2145 3614 2218 Symeonem,quem
3642 2144 3729 2201 Τί-

2078 2233 2636 2307 tum,Gegneesium,
2669 2249 2842 2305 quem
2872 2232 3257 2301 Timotheum,
3292 2238 3348 2289 et
3375 2232 3724 2304 Josephum,

2079 2340 2255 2397 quem
2288 2323 2749 2397 Epaphroditum
2779 2321 3095 2394 appellant,
3129 2338 3234 2378 nec
3274 2337 3391 2377 non
3422 2321 3724 2392 impurum

2080 2414 2331 2471 Baanem
2363 2417 2422 2470 et
2461 2412 2728 2484 Sergium
2781 2428 2884 2468 seu
2932 2410 3248 2482 Tychicum
3293 2409 3456 2466 nullo
3486 2408 3728 2466 anathe-

2082 2507 2238 2560 mate
2268 2502 2479 2569 ferire;
2513 2503 2614 2559 sed
2648 2501 2817 2573 quasi
2851 2500 3062 2557 Christi
3098 2499 3391 2572 apostolos
3418 2502 3476 2556 et
3504 2501 3612 2572 piae
3642 2516 3729 2555 re-
3824 2530 3833 2539 ι

2078 2589 2315 2664 ligionis
2365 2589 2676 2661 magistros
2732 2588 3005 2660 amplecti
3055 2592 3112 2645 et
3166 2586 3482 2660 suscipere.
3530 2585 3731 2659 Neque

2079 2685 2271 2735 tamen
2315 2694 2543 2747 omnes,
2576 2693 2763 2750 neque
2815 2676 3081 2749 singulos
3127 2692 3305 2748 supra
3353 2679 3730 2742 memoratos,

2080 2768 2355 2826 similiter
2409 2774 2661 2824 tuentur.
2710 2768 2819 2823 Sed
2873 2782 2995 2833 eos,
3044 2765 3147 2837 qui
3179 2767 3251 2820 ad
3300 2765 3555 2821 Baanem
3597 2763 3732 2835 qui-

2080 2859 2211 2914 dem
2266 2861 2324 2914 et
2370 2856 2635 2929 Sergium
2699 2872 2889 2929 usque
2930 2854 3298 2912 successione
3353 2855 3733 2919 devenerunt,

2083 2946 2314 3003 divinos
2343 2944 2498 3003 viros
2548 2944 2764 3018 pariter
2799 2944 3137 3001 admittunt.
3178 2942 3400 2999 Exinde
3446 2947 3640 2999 autem
3675 2940 3733 2996 in

2087 3035 2409 3093 contrarias
2440 3040 2633 3106 partes
2663 3035 2809 3091 duas
2835 3033 3030 3102 divisi,
3062 3032 3161 3089 alii
3195 3029 3576 3101 Baanem,alii
3607 3031 3737 3087 Ser-

2089 3124 2253 3199 gium
2282 3130 2400 3181 Deo
2422 3128 2761 3197 exaequant:
2792 3123 2930 3180 hinc
2952 3123 3011 3179 in
3032 3127 3254 3179 tantam
3276 3125 3478 3178 mutuo
3498 3125 3736 3178 conten-

2089 3216 2311 3273 tionem
2331 3220 2390 3272 et
2409 3216 2752 3271 seditionem
2784 3214 3133 3284 excitantur,
3155 3217 3213 3269 et
3233 3227 3419 3286 usque
3448 3212 3522 3268 ad
3552 3211 3737 3269 caedes

2084 3305 2284 3378 jurgia
2313 3305 2561 3361 foveant.

2160 3393 2229 3452 V.
2260 3398 2368 3450 Sex
2401 3402 2589 3451 autem
2611 3392 2900 3450 Ecclesiae
2927 3392 3041 3450 sibi
3062 3407 3193 3450 esse
3212 3391 3557 3465 profitentur
3580 3409 3596 3450 :
3620 3387 3740 3461 pri-

2093 3482 2681 3554 mam,Macedoniam
2701 3487 2928 3554 vocant;
2942 3479 3595 3550 eecundam,Achaiam:
3618 3482 3740 3534 ter-

2091 3573 2725 3646 tiam,Philippensium
2744 3572 3526 3646 ;quartam,l.acdicenorum
3543 3567 3741 3640 ;quin-

2093 3669 2231 3731 tam,
2262 3661 2684 3735 Ephesiorum;
2732 3665 3109 3734 postremam,
3140 3657 3598 3717 Colossensium.
3627 3656 3735 3712 Sed

2092 3752 2218 3809 haec
2249 3751 2488 3826 quidem
2539 3753 2776 3810 nomina
2813 3756 2953 3810 sunt
2981 3751 3240 3817 urbium,
3271 3764 3423 3821 quas
3459 3754 3624 3805 vetus
3650 3746 3738 3803 hi-

2093 3840 2273 3897 storia
2294 3841 2546 3914 praefert,
2567 3846 2626 3897 et
2646 3841 2883 3897 divinus
2899 3840 3117 3897 Paulus
3139 3840 3445 3895 memorat.
3470 3834 3558 3893 Illi
3582 3850 3734 3906 vero,

2093 3931 2194 4005 qui
2224 3931 2372 3987 nihil
2404 3948 2519 3988 non
2552 3930 2991 4001 delosum,nihil
3016 3946 3130 3986 non
3149 3927 3537 3985 adulteratum
3562 3925 3734 3983 relin-

2094 4035 2272 4092 quere
2291 4019 2350 4074 in
2373 4018 2567 4075 animo
2589 4019 2825 4088 habent,
2847 4035 2913 4074 ac
2935 4033 3042 4074 nec
3062 4033 3131 4073 ex
3151 4016 3327 4072 rebus
3347 4013 3580 4084 quidem
3607 4011 3736 4084 ipso

2091 4109 2217 4165 visu
2249 4108 2561 4181 exploratis
2581 4112 2638 4165 et
2660 4107 2789 4164 falsi
2811 4105 3023 4164 notatis
3052 4106 3272 4178 pudore
3294 4101 3734 4171 suﬁ‘unduntur,

2094 4197 2491 4255 Macedoniam
2524 4197 2763 4271 quidem
2812 4199 3014 4253 vocant
3056 4190 3403 4267 oppidulum
3437 4189 3734 4263 quoddam

2094 4286 2342 4344 Colonia
2364 4289 2515 4361 quod
2539 4286 2870 4361 appellatur
2889 4285 3154 4352 Cibossa;
3174 4280 3275 4338 ubi
3296 4278 3732 4344 Constantinus,

2010 4360 2057 4425 Ι)
2087 4377 2357 4434 Silvanus
2388 4360 2631 4447 dictus,
2677 4374 3021 4434 defectionis
3078 4372 3352 4445 magister
3400 4368 3525 4427 fuit.
3557 4366 3735 4424 Vicus

1491 4576 1739 4636 VARIIE
1776 4578 2169 4639 LECTIONES
2208 4580 2296 4638 ET
2333 4580 2564 4639 NOTIE.

392 4737 515 4810 (28)
546 4733 747 4797 Αὐτός.
779 4735 863 4813 Ita
900 4742 1101 4813 noster
1127 4755 1260 4796 cum
1309 4739 1641 4813 Euthymio.
1674 4738 1977 4799 Coislinia-

321 4825 437 4867 nus
469 4809 591 4865 non
622 4824 784 4879 eque
811 4810 953 4867 bene
980 4809 1163 4873 οὗτος.

395 4880 518 4953 (29)
602 4877 889 4953 Ἀρμένιος
960 4880 1115 4955 γένος
1198 4880 1526 4957 Γεγναίσιος.
1594 4886 1678 4941 Ita
1751 4888 1971 4957 noster,

322 4969 459 5028 cum
494 4966 616 5022 quo
644 4967 885 5028 prorsus
917 4957 1216 5028 conspirat
1235 4955 1624 5012 Colbertinus.
1652 4959 1728 5028 At
1766 4955 1972 5012 Coisli-

323 5026 549 5100 nianus
579 5022 771 5100 vocem
819 5022 976 5098 γένος
1006 5022 1245 5096 omittit,
1288 5044 1470 5100 quam
1503 5043 1608 5084 nec
1639 5027 1828 5100 habet
1856 5028 1969 5100 Eu-

321 5094 1028 5173 thymiue,quj_pras_terea
1058 5094 1367 5173 Γεγναισίόυ
1390 5098 1694 5173 nomen_in
1726 5095 1971 5152 Γενεσίου

321 5165 870 5243 ῑτιιυερεηξγίἀενί
899 5168 1098 5243 itaque
1136 5165 1369 5241 poterat
1414 5188 1522 5228 vox
1565 5168 1720 5243 γένος
1766 5186 1836 5243 ex
1872 5187 1972 5225 no-

316 5242 483 5312 mine
502 5236 755 5292 Γενεσίου
784 5236 1111 5311 ἰιτθρείἑεθ.
1141 5236 1215 5297 De
1243 5242 1419 5312 priori
1441 5236 1629 5300 utram
1662 5242 1969 5298 lectionem

315 5311 386 5367 ad
398 5311 477 5385 mi
486 5316 638 5385 ttae,
657 5311 742 5385 ad_
757 5327 998 5369 sensum
1032 5311 1258 5385 parum
1270 5316 1461 5370 refert.

387 5382 508 5466 (39.)
547 5383 661 5463 ῥεῖ.
721 5380 807 5438 Ita
861 5379 1058 5443 noster
1113 5393 1168 5442 et
1226 5386 1573 5460 Euthymius
1638 5401 1741 5459 pro
1800 5379 1969 5440 δεῖται

316 5451 702 5512 Coisliniano.

384 5524 509 5598 (31)
560 5518 815 5580 Ἐπειδὰν
862 5525 1058 5590 αὐτούς
1114 5547 1201 5590 τις
1255 5527 1539 5599 ἀπαιτοίη.
1597 5527 1679 5584 lla
1732 5527 1972 5599 Colber-

318 5597 505 5674 tinus,
536 5599 930 5674 ct_noster,ﬂet
976 5599 1344 5674 Euthymius,
1379 5617 1483 5674 pro
1505 5597 1512 5599 ⁷
1532 5616 1648 5672 quo
1677 5598 1967 5656 Coislinia.

316 5686 431 5728 nus
463 5663 686 5722 ἐπειδὰν
715 5663 905 5735 αὐτοῖς
932 5690 1017 5736 τις
1044 5663 1249 5745 ἀπαιτῇ
1281 5663 1481 5730 minus
1508 5663 1680 5729 recte.

2153 4742 2306 4818 (32)_
2352 4741 2682 4818 Γεγναίσιον.
2758 4735 3107 4809 Euthymius
3188 4734 3402 4818 iterum
3483 4729 3727 4818 Γενξσιον

2084 4806 2260 4887 quani
2293 4806 2597 4887 lectionem
2609 4806 2956 4887 _quoque_ex
2983 4824 3091 4866 suo
3121 4807 3320 4864 codice
3339 4806 3614 4877 exprimit
3641 4806 3729 4860 in-

2082 4883 2309 4959 terpres.
2336 4885 2577 4959 Latinus
2607 4883 2812 4959 Freeo-
2844 4883 3043 4938 Ζίηιιε-
3120 4950 3155 4959 ..
3433 4950 3444 4959 .
3491 4946 3528 4959 ..
3570 4947 3583 4959 .
3706 4946 3720 4959 .

2152 4947 2268 5028 (33)
2298 4953 2649 5026 Ἐκκλησίας.
2682 4955 2837 5011 Adeo
2868 4959 2929 5011 in
2977 4950 3253 5028 omnibus
3283 4947 3587 5028 apostolici
3618 4947 3724 5003 aevi

2080 5020 2330 5105 speciem
2385 5020 2751 5105 atl'e'ctarunt,
2778 5020 3420 5105 _ut,_quemadmo‘du_m
3466 5020 3725 5101 virorum

2082 5096 2558 5173 apostolicorum,
2579 5098 2663 5154 ita
2691 5104 2750 5155 et
2778 5096 3171 5173 Ecclesiarum
3200 5096 3410 5173 veteris
3431 5096 3724 5173 memerita

2081 5160 2322 5229 nomina
2361 5160 2725 5243 adoptarent,
2755 5170 2826 5225 ad
2875 5167 3206 5243 exemplum
3237 5163 3504 5222 factionis
3543 5160 3727 5229 illius,

2081 5260 2209 5317 quae
2223 5240 2653 5313 Apostoliéorum
2679 5244 2916 5297 nomine
2928 5240 3081 5312 apud
3106 5243 3331 5297 veteres
3344 5243 3723 5300 memoratur.

2152 5316 2267 5377 (34)
2290 5309 2563 5371 Κίϐωσσα.
2596 5312 2942 5377 Euthymius
2984 5310 3124 5377 legit
3151 5302 3362 5367 Κίὸοσα
3390 5323 3406 5340 ⁸
3455 5323 3559 5377 pro
3606 5321 3725 5377 quo

2096 5309 2117 5317 ’
2152 5309 2563 5387 (34)⁷Κί6ωσσα.
2596 5312 2942 5385 Euthymius
2968 5309 3124 5382 legit
3151 5309 3362 5367 Κίόοσα
3390 5323 3406 5340 ⁸
3455 5323 3559 5379 pro
3606 5321 3725 5377 quo

2085 5389 2320 5472 [τιμίους
2368 5390 2653 5459 interpres
2700 5385 2761 5440 in
2796 5382 3132 5440 Bibliotheca
3177 5382 3409 5438 Patrum
3447 5378 3727 5436 mendose

2079 5460 2435 5602 028053‘a.’Ev
2519 5528 2570 5658 ἱ
2651 5528 3046 5587 Κωνσταντῖνος
3140 5523 3170 5579 ὁ
3255 5519 3544 5583 Σιλουανὸς
3619 5520 3722 5589 τήν

2079 5599 2408 5657 ἀποστασίαν
2459 5584 2538 5657 ἰδί
2575 5600 2686 5658 αεε.
2717 5598 2849 5655 Hac
2895 5598 3112 5654 frustra
3143 5594 3354 5658 qumris
3385 5594 3444 5649 in
3475 5595 3675 5649 nostro
3704 5605 3718 5644 :

2078 5584 2408 5657 ἁπδσὲάσίαῖ
2459 5584 2686 5670 ἰδίδαεε.
2717 5598 2857 5670 Hec
2895 5584 3112 5654 frustra
3143 5594 3444 5670 qum_ris__in
3475 5584 3718 5670 nostro:

2078 5675 2332 5747 genuina
2358 5690 2493 5732 vero
2523 5663 2653 5733 esse
2675 5668 2890 5729 evincit
2917 5663 3237 5727 consensus
3257 5663 3577 5735 Euthymii.
