4074 6208
336 383 411 444 23
1532 370 1802 432 ΡΗΟΤΙΙ
1849 367 2373 429 ΡΑΤΒΙΑΗΟΗᾹΞ
2415 367 2533 429 CP.
3657 375 3737 433 24

333 527 525 576 autem
572 513 1061 574 Samosatensium
1113 514 1203 567 est
1255 508 1568 564 Mananalis
1625 507 1863 562 nomine
1909 505 1953 560 ir

2089 504 2336 578 μοσάτων
2385 504 2588 572 ἐστὶν-ἦ
2643 502 2948 566 Μανάναλις
2991 503 3126 577 (36),
3177 503 3300 574 ἥτις
3349 513 3450 576 τῆς
3515 514 3735 582 Γεγναι-

334 625 450 680 quo
499 607 863 679 Gegnaasius,
895 604 995 675 qui
1042 606 1098 656 et
1142 599 1504 663 Timotheus,
1544 597 1788 652 docuit:
1839 597 1973 650 huic

331 699 561 754 Achaiae
604 695 1051 768 appellationem
1103 691 1402 744 dederunt.
1437 689 1728 756 Quotquot
1776 690 1971 740 autem

329 785 592 858 Josephi,
627 785 724 856 qui
755 786 812 838 et
843 779 1290 852 Epaphroditus,
1323 781 1379 830 et
1408 775 1717 841 Zacharie,
1751 789 1967 828 merce-

331 875 478 930 narii
512 868 1066 944 pastoris,discipuli
1102 868 1356 931 fuerunt,
1383 863 1473 919 his
1509 863 1969 935 Pbilippensium

330 961 829 1019 nomenclaturam
871 956 1191 1013 ascribunt.
1227 955 1304 1008 Iis
1352 970 1504 1021 vero,
1553 954 1653 1024 qui
1696 953 1754 1006 in
1800 952 1971 1024 Oppi-

328 1053 468 1122 dulo
497 1056 681 1124 Argao
712 1051 950 1120 degunt,
973 1045 1424 1100 Laodicenorum
1459 1059 1668 1098 nomen
1694 1043 1963 1098 induunt.

329 1144 464 1211 Eos,
497 1142 592 1214 qui
626 1137 995 1210 Mopsuestia
1039 1139 1366 1200 versantur,
1400 1134 1458 1188 in
1506 1133 1785 1204 Ephesios
1834 1149 1966 1188 con-

320 1236 583 1299 vertunt;
613 1226 1112 1300 quemadmodum
1145 1222 1420 1295 Cynoc/ior
1435 1224 1546 1278 ita:
1576 1223 1632 1277 in
1666 1221 1965 1278 Colossen-

320 1323 474 1376 sium
491 1317 938 1391 appellationem
966 1312 1570 1369 transferuntliarum
1596 1328 1762 1382 porro
1785 1310 1964 1366 trium

324 1407 714 1465 Ecclesiarum
745 1410 868 1461 tum
903 1413 1112 1460 emtum
1136 1407 1259 1458 tum
1295 1401 1616 1457 doctrinam
1637 1400 1962 1472 Sergio.qui

319 1506 372 1553 et
403 1496 682 1566 Tychicus
709 1492 1273 1560 dicitur,ascribunt.
1297 1490 1510 1545 Verum
1543 1496 1664 1545 tam
1699 1491 1965 1544 doctores

320 1601 497 1656 quam
545 1582 834 1647 Ecclesiae,
869 1581 939 1636 ab
992 1580 1135 1651 ipsis
1178 1579 1258 1634 sio
1311 1582 1678 1649 nuncupatas,
1732 1594 1846 1632 non
1895 1593 1962 1632 ex

319 1690 437 1728 uno
469 1689 685 1741 errore,
721 1671 823 1726 sed
855 1687 921 1726 ex
955 1667 1173 1735 multis,
1205 1667 1376 1722 variis
1424 1675 1478 1721 et
1508 1666 1822 1737 implicatis
1854 1665 1962 1723 hoc

319 1762 657 1818 defectionis
683 1746 980 1832 agmen'et
1017 1761 1355 1829 ﬁgmentum
1387 1764 1816 1812 concreverunt.

386 1939 482 1996 VI.
516 1939 662 1995 Nam
695 1940 810 1993 duo
837 1937 1074 2008 quidem
1127 1934 1428 2006 principia,
1463 1935 1955 2007 quemadmodum

318 2034 374 2084 et
405 2028 709 2084 Manichei
742 2027 1094 2083 conﬁtentur
1123 2041 1268 2091 esse,
1299 2023 1582 2095 aiuntque
1621 2024 1798 2078 alium
1831 2040 1960 2079 esse

317 2119 498 2172 Deum
531 2116 782 2182 Patrem,
826 2130 1001 2185 quem
1035 2114 1108 2168 ab
1158 2113 1411 2167 universi
1449 2113 1624 2183 hujus
1673 2116 1958 2183 potestate

315 2207 641 2273 eliminant,
675 2221 740 2260 ac
773 2204 954 2259 futuri
985 2207 1212 2258 tantum
1245 2202 1489 2274 (saeculi)
1519 2203 1825 2272 imperium
1849 2201 1961 2274 ipsi

317 2296 591 2362 tradunt;
623 2295 804 2349 alium
855 2309 990 2348 vero
1022 2293 1349 2347 Creatorem
1403 2292 1627 2356 mundi,
1659 2292 1753 2346 cui
1807 2309 1960 2361 prae-

317 2387 500 2442 sentis
551 2383 746 2440 saeculi
798 2382 1110 2452 imperium
1159 2381 1513 2450 largiuntur.
1561 2380 1698 2436 Illos
1742 2385 1961 2447 autem,

317 2476 415 2546 qui
449 2491 580 2530 vere
625 2473 939 2528 Christiani
1037 2476 1143 2538 .nt,
1187 2471 1479 2525 Romanos
1527 2470 1962 2526 sceleratissimi

319 2560 588 2615 homines
619 2561 1003 2628 nuncupant;
1036 2556 1145 2610 sibi
1197 2571 1326 2610 vero
1357 2555 1811 2610 Christianorum
1860 2573 1963 2626 ap-

318 2646 712 2719 pellationem,
756 2661 789 2700 a
829 2661 945 2714 qua
976 2649 1114 2698 sunt
1145 2643 1510 2709 alienissimi,
1543 2644 1965 2714 assignantDi-

321 2741 465 2791 cunt
495 2739 722 2789 Patrem
756 2743 807 2788 et
839 2732 1048 2788 Filium
1082 2741 1134 2788 et
1165 2733 1435 2804 Spiritum
1470 2733 1968 2788 sanctum.Verba

321 2828 558 2898 quidam
586 2826 718 2894 pia;
753 2826 851 2879 sed
874 2830 1187 2880 extremam
1214 2825 1355 2893 ipsis
1387 2825 1743 2894 impietatem
1776 2823 1969 2894 subji-

322 2916 507 2971 ciunt.
540 2913 662 2969 Non
719 2914 874 2968 enim
936 2919 1000 2967 ut
1056 2912 1344 2968 catholica
1391 2922 1442 2968 et
1492 2913 1819 2984 Apostolica
1866 2913 1965 2969 Dei

321 3003 578 3059 Ecclesia
626 3003 901 3066 sentiunt,
945 3003 1081 3057 dum
1135 3002 1219 3058 sic
1265 3002 1616 3072 loquuntur;
1671 3002 1774 3057 sed
1818 3003 1965 3058 dicta

317 3093 452 3148 inde
485 3097 778 3164 excerpta,
813 3091 1184 3162 impiissimis
1217 3091 1520 3146 sententiis
1551 3091 1828 3162 adjuncta
1871 3108 1960 3148 ce-

2085 591 2203 647 σίου
2251 595 2388 666 (37),
2437 597 2533 648 τοῦ
2591 593 2679 647 καὶ
2726 593 3013 665 Τιμοθέου,
3067 591 3418 659 διδασκαλίας
3479 596 3738 676 ἐχρημάο

2084 702 2216 740 τισε.
2249 681 2423 755 Ταύτῃ
2473 679 2529 736 δὲ
2577 683 2675 750 τὴν
2717 678 2938 755 Ἀχαίαν
2975 679 3404 758 ἓπιφημίζουσιν
3441 706 3453 718 ο
3505 688 3619 742 ὅσοι
3673 685 3732 744 δὲ

2077 773 2172 823 τοῦ
2223 770 2272 839 ἐξ
2324 771 2520 847 Ἰωσὴνρ
2580 767 2978 845 Ἐπαφροδίτου
3019 771 3106 825 καὶ
3165 774 3439 848 Ζαχαρίου
3489 781 3585 830 τοῦ
3633 799 3728 850 μι-

2080 859 2288 912 σθωτοῦ
2329 861 2614 930 ποιμένος,
2660 859 2895 930 μαθηταὶ
2955 858 3352 937 ἐχρημάτισαν,
3398 864 3612 926 τούτοις
3666 865 3724 920 δὲ

2079 947 2177 1016 τήν
2221 951 2328 1002 τῶν
2360 945 2752 1017 Φιλιππησίων
2787 945 3206 1022 ἐπιγράφουσινζ
3242 957 3366 1013 Τοῖς
3408 950 3466 1007 δὲ
3493 951 3547 1007 ἐν
3600 957 3726 1031 ’Δρ-

2081 1036 2172 1111 γαί
2229 1039 2296 1110 τῇ
2337 1035 2553 1111 πολίχῃ
2613 1042 2718 1090 τῶν
2776 1033 3083 1091 Λαοδικέων
3141 1038 3551 1116 ἐπιφημίζουσι.
3624 1045 3720 1098 Καὶ

2076 1126 2202 1187 τοὺς
2241 1124 2291 1180 ἒν
2345 1129 2689 1200 Μοψουεστίᾳ
2720 1125 2795 1187 εἰς
2843 1127 2944 1194 τὴν
2994 1126 3256 1202 Ἐφεσίων
3310 1129 3720 1203 μεταπλάττου-

2077 1237 2178 1284 σιν,
2233 1214 2414 1289 ὥσπερ
2473 1217 2560 1270 καὶ
2617 1217 2744 1277 τοὺς
2811 1212 3140 1291 λεγομένους
3199 1220 3587 1294 Κυνοχωρίτας
3645 1221 3719 1282 εἰς

2074 1307 2173 1374 τὴν
2228 1309 2336 1359 τῶν
2379 1305 2730 1360 Κολοσσαέων
2791 1305 3166 1382 ἀναφέρουσιν.
3225 1307 3439 1363 Τοῦτων
3501 1307 3557 1364 δὲ
3613 1315 3720 1365 τῶν

2073 1398 2237 1468 τριῶν
2271 1394 2607 1464 Ἐκκλησιῶν
2659 1395 2750 1448 καὶ
2778 1396 2839 1449 τὸ
2890 1402 3141 1468 σύστημα
3188 1396 3278 1451 καὶ
3313 1399 3414 1466 τήν
3466 1397 3720 1455 διδασκαο

2075 1480 2196 1536 λίαν
2227 1483 2303 1546 είς
2349 1483 2597 1558 Σέργιον,
2630 1485 2719 1540 τὸν
2765 1483 2855 1538 καὶ
2905 1486 3157 1560 Τυχικὸν,
3200 1485 3500 1544 ἆνάπτουσί
3530 1511 3587 1545 τε
3632 1491 3720 1545 καὶ

2074 1572 2420 1626 ἀνατιθέασιν.
2477 1571 2630 1627 Ἀλλ’
2689 1573 2740 1626 οἱ
2793 1573 2884 1644 μὲν
2941 1569 3262 1628 διδάσκαλοι
3309 1576 3400 1630 καὶ
3457 1579 3509 1632 αἱ
3569 1577 3725 1654 λεγόο

2077 1682 2230 1735 μεναι
2273 1663 2451 1716 αὐτῶν
2502 1660 2820 1731 Ἐκκλησίαι
2871 1660 2922 1715 ἐν
2971 1662 3208 1731 τούτοις,
3237 1663 3336 1718 οὐκ
3385 1664 3443 1720 ἐκ
3487 1671 3614 1739 μιᾶς
3665 1665 3721 1722 δέ

2073 1771 2218 1811 τινος
2249 1747 2486 1821 πλάνης,
2517 1748 2639 1805 ἀλλ’
2670 1749 2729 1804 ὲκ
2758 1749 2983 1805 πολλῶν
3019 1751 3108 1804 καὶ
3140 1751 3407 1808 ποικίλων
3442 1756 3504 1808 τὸ
3546 1755 3722 1811 πολύ-

1996 1833 2042 1898 Β
2072 1837 2278 1893 πλοκον
2308 1845 2469 1893 τοῦτο
2499 1847 2597 1908 τῆς
2633 1839 2963 1900 ἀποστασίας
3000 1838 3286 1909 συνέστηκε
3317 1843 3594 1916 φρόνημα.

2144 1929 2239 2002 ς’.
2274 1927 2376 1982 Δύο
2413 1929 2505 2000 μέν
2537 1928 2710 2002 ἀρχὰς
2758 1930 2870 2001 (38)
2911 1929 3304 2002 ὁμολογοῦσιν,
3337 1931 3412 1993 ὡς
3461 1933 3512 1986 o't
3543 1940 3716 1988 Μανι-

2069 2021 2243 2090 χαῖοι.
2297 2016 2438 2070 Φασὶ
2492 2013 2548 2070 δὲ
2593 2013 2776 2090 ἕτερον
2831 2017 2924 2089 μὲν
2977 2017 3116 2070 εἶναι
3169 2019 3318 2085 Θεὸν,
3363 2019 3452 2073 τὸν
3483 2019 3712 2150 ﬁnemfi-

2069 2123 2176 2150 νιον
2212 2103 2439 2150 Harena-
2481 2104 2538 2150 ’ὸν
2589 2105 2674 2150 χριῖ
2727 2112 2826 2150 τίς
2873 2101 3032 2150 τοῦδε
3078 2107 3175 2150 τοῦ
3223 2107 3418 2150 πανσεὸι·
3463 2107 3618 2150 Simia
3644 2131 3707 2150 ηρ

2066 2123 2176 2158 νιον
2210 2103 2440 2177 Πατέρα,
2481 2104 2538 2158 ’ὸν
2589 2105 2677 2158 καὶ
2727 2112 2826 2174 τῆς
2873 2101 3032 2159 τοῦδε
3078 2107 3175 2158 τοῦ
3223 2107 3418 2170 παντὸς
3463 2101 3707 2180 ἐξουσίας

2072 2191 2474 2266 ὑπερορίζουσι,
2518 2197 2614 2247 τοῦ
2647 2191 2950 2265 μέλλοντος
3005 2193 3167 2265 μόνον
3211 2195 3271 2248 τὸ
3316 2197 3506 2268 κράτος
3556 2195 3702 2268 αὖτῷ

2070 2278 2504 2355 ἐγχειρίζοντες⁸
2573 2278 2752 2354 ἕτερον
2799 2279 2856 2336 δὲ
2912 2284 3002 2338 τὸν
3060 2284 3414 2361 Δημιουργὸν
3445 2286 3559 2357 (39)
3617 2291 3716 2340 τοῦ

2070 2371 2300 2441 κόσμου,
2335 2371 2379 2442 ᾦ
2424 2371 2603 2425 καὶτὸ
2652 2375 2814 2445 κῦρος
2866 2376 2962 2426 τοῦ
3012 2374 3277 2449 παρόντος
3307 2373 3504 2434 αἰῶνος
3560 2377 3722 2452 χαρί-

2073 2467 2274 2532 ζονται.
2339 2462 2436 2516 Καὶ
2488 2467 2612 2520 τοῦς
2689 2464 2780 2536 μὲν
2845 2461 3070 2534 ἀληθῶς
3139 2461 3294 2524 ὄντας
3368 2467 3724 2538 Χριστιανοὺς

2071 2551 2400 2622 Ῥωμαίους,
2434 2552 2546 2622 (40)
2595 2553 2644 2605 οἶ
2674 2551 3076 2628 τρισαλιτήριοι
3129 2553 3509 2626 ὀνομάζουσιν.
3569 2559 3726 2610 Ἑαυ-

2071 2644 2193 2700 rbi;
2227 2636 2283 2692 δὲ
2313 2641 2409 2707 τὴν
2461 2639 2680 2709 κλῆσιν,
2712 2642 2778 2708 ἧς
2823 2639 3112 2715 ἀλλότριοι
3146 2639 3430 2706 παντελῶς
3458 2644 3724 2713 καθεστή-

2074 2748 2219 2795 κασι,
2285 2731 2392 2781 τῶν
2453 2732 2783 2800 Χριστιανῶν
2846 2730 2956 2803 (41)
3027 2730 3437 2803 περιάπτουσιν.
3497 2731 3718 2806 Λέγουσι

2077 2813 2133 2870 δὲ
2183 2817 2394 2890 Πατέρα
2446 2817 2534 2870 καὶ
2587 2817 2704 2870 Υὶὸν
2752 2817 2841 2871 καὶ
2889 2817 3044 2892 ἅγιον
3107 2823 3346 2891 Πνεῦμα,
3408 2817 3573 2890 λέξεις
3625 2819 3715 2892 μὲν

2078 2902 2332 2976 εὐσεϐεῖς,
2375 2901 2782 2968 ὑποϐάλλοντες
2813 2902 2869 2961 δὲ
2912 2907 3133 2968 ταύταις
3163 2908 3263 2976 τὴν
3317 2906 3555 2983 ἐσχάτην
3598 2908 3715 2963 ἀσέ-

2075 2990 2241 3049 ϐειαν.
2279 2994 2350 3049 Οὐ
2383 2996 2487 3071 γὰρ
2537 2995 2610 3058 ὡς
2651 2997 2684 3063 ἠ
2734 2999 2832 3050 τοῦ
2863 3000 2996 3051 Θεοῦ
3043 2993 3315 3066 καθολική
3350 2998 3440 3052 καὶ
3488 2998 3717 3054 ἀποστο-

2075 3083 2203 3154 λικὴ
2247 3083 2567 3155 Ἐκκλησία,
2612 3086 2757 3140 οὕτω
2803 3085 2895 3142 καὶ
2945 3087 3094 3141 οὗτοι
3143 3091 3467 3164 φρονοῦντες
3521 3087 3720 3166 λέγου-

317 3179 568 3249 lebrant,
601 3185 660 3235 et
689 3180 1076 3234 libentissime
1107 3180 1310 3235 dicunt
1342 3195 1355 3234 :
1400 3202 1427 3229 ‹‹
1461 3180 1784 3235 Auathema
1817 3181 1953 3247 sint,

2073 3194 2173 3231 σιν.
2230 3173 2402 3229 Ἀλλά
2459 3175 2556 3235 τὰς
2614 3172 2782 3247 λέξεις
2838 3173 3036 3230 ἐκεῖθεν
3089 3163 3558 3249 ἀποσπαράξαντές
3597 3163 3719 3232 δυσ-

313 3274 599 3342 quotquot
630 3285 744 3324 non
777 3269 1024 3324 credunt
1054 3270 1110 3324 in
1152 3269 1376 3322 Patrem
1408 3274 1464 3324 et
1499 3268 1698 3324 Filium
1733 3278 1783 3323 et
1824 3270 1957 3342 Spi-

314 3358 490 3414 ritum
525 3363 819 3414 sanctum.
856 3379 883 3408 »
917 3359 1141 3414 Patrem
1186 3360 1380 3414 statim
1425 3375 1538 3413 non
1590 3359 1960 3430 omnipoten-

311 3455 423 3504 tem
456 3446 644 3514 illum,
677 3464 742 3502 ac
769 3446 894 3504 οωιί
924 3453 1204 3518 terrasque
1225 3447 1959 3520 opiﬁcem,visibiliumque

309 3535 575 3591 omnium
607 3541 663 3591 et
694 3535 1077 3591 invisibilium
1131 3537 1550 3608 praedicantes;
1592 3537 1690 3591 sed
1725 3541 1955 3592 Patrem

2071 3259 2410 3326 σεϐεστάταις
2462 3263 2691 3327 ἐννοίαις
2739 3266 2934 3327 ταύτας
2988 3265 3406 3343 ἐπιφημίζουσι,
3451 3267 3540 3322 καί
3589 3291 3718 3348 φασι

2067 3355 2386 3428 προθύμως,
2448 3355 2520 3417 ὡς
2585 3380 2606 3406 ι
2675 3356 2951 3429 Ἀνάθεμα
3022 3355 3228 3427 εἴησαν,
3290 3356 3406 3412 ὅσοι
3487 3358 3562 3430 μὴ
3625 3379 3716 3413 πι-

2071 3445 2344 3500 στεύουσιν
2378 3446 2451 3506 εἷς
2516 3445 2722 3520 Πατέρα
2752 3446 2841 3500 καὶ
2895 3446 3017 3499 Υἱὸν
3059 3447 3149 3500 καὶ
3200 3447 3356 3521 ἅγιον
3411 3451 3648 3520 Πνεῦμα,
3687 3473 3713 3500 ››

2070 3534 2278 3608 Πατέρα
2337 3533 2531 3596 εὐθέως
2591 3533 2653 3589 οὐ
2704 3535 2796 3589 τὸν
2850 3535 3261 3609 παντοκράτορα
3324 3537 3412 3589 καὶ
3469 3538 3710 3607 ποιητήν

1481 3661 1715 3717 VARI/E
1756 3661 2142 3718 LEC'l‘lONES
2185 3661 2270 3716 ET
2309 3661 2539 3718 NOT/E.

376 3787 498 3862 (36)
527 3783 985 3862 Μαν-άναλιςηίια
1003 3792 1061 3843 et
1094 3792 1289 3862 noster
1321 3805 1345 3862 :7
1388 3787 1732 3862 Euthymius
1781 3788 1955 3844 habet

303 3855 570 3919 Μάναλις.
604 3859 817 3914 Nostra
861 3859 1027 3915 lectio
1067 3859 1279 3930 srepius
1336 3861 1485 3914 intra
1529 3855 1802 3927 recurret,
1836 3866 1891 3917 et
1916 3878 1945 3914 ιι

306 3931 564 3986 Cedreno
596 3947 662 3986 ac
694 3931 860 3987 Petro
893 3931 1088 3985 Siculo
1120 3932 1518 3986 conﬁrmatur.

373 4003 484 4076 (τῇ)
514 4002 870 4076 Γεγναισίουεγ
891 4003 1234 4076 Eutliymius
1267 4005 1477 4059 iterum
1511 4001 1773 4058 Γενεσίου.

372 4073 483 4145 (38)
532 4073 772 4148 Ἀρχὰςε
810 4073 1058 4130 Videbis
1093 4076 1152 4129 iu
1211 4077 1594 4144 sequentibus
1653 4093 1753 4131 sex
1797 4093 1945 4132 com-

303 4149 613 4201 memorari
651 4146 842 4216 capita
873 4162 1156 4212 errorum,
1191 4149 1406 4218 quibus
1440 4147 1754 4202 Paulicitini
1793 4150 1946 4217 capti

303 4218 537 4272 fuerint.
573 4219 837 4273 Totidem
868 4235 1018 4281 vero,
1048 4224 1104 4272 et
1131 4219 1421 4272 interdum
1459 4220 1543 4272 vel
1589 4219 1824 4286 iisdem,
1858 4221 1943 4272 vel

301 4287 601 4352 afﬁnibus,
635 4289 823 4343 verbis
855 4293 1115 4343 recenset
1145 4294 1347 4342 Petrus
1378 4288 1692 4354 Siculus,p.
1721 4290 1786 4341 16
1816 4305 1940 4358 sqq.

299 4358 460 4420 Quod
519 4358 748 4412 illustre
807 4364 890 4412 est
947 4359 1358 4412 convenientiae
1416 4359 1565 4413 inter
1633 4363 1942 4429 utrumque

301 4431 640 4496 scriptorem
674 4438 1089 4498 argumentum.

373 4499 482 4569 (39)
516 4497 879 4583 Δημὶιουργὸν.
934 4499 1050 4583 Iloc
1081 4498 1299 4554 scilicet
1358 4515 1567 4583 nomen
1629 4499 1765 4567 Deo,
1817 4506 1940 4583 tan-

302 4586 478 4641 quam
509 4569 816 4637 couditOri,
851 4571 1065 4625 rectius
1111 4587 1286 4640 quam
1335 4574 1567 4637 ποιητοῦ
1613 4573 1944 4638 convenire,

300 4643 636 4697 Aristoteles
667 4642 932 4708 credidit,
966 4644 1015 4697 si
1059 4641 1198 4696 ﬁdes
1230 4643 1495 4697 habenda
1542 4643 1856 4712 Philopono
1887 4643 1944 4698 in

301 4712 402 4768 lib.
437 4729 474 4779 ι,
507 4717 574 4769 De
601 4714 983 4784 generatione,
1032 4715 1520 4784 quemadmodum
1553 4713 1805 4768 vicissim
1837 4715 1944 4769 Ju-

298 4784 492 4857 stiuus
517 4789 734 4857 martyr
757 4786 809 4841 in
838 4786 1188 4857 Protreptico
1211 4787 1282 4840 ad
1305 4785 1532 4841 Grmcos
1558 4788 1680 4854 p.21
1706 4787 1942 4855 ποιητὴν

339 4855 490 4930 otius
512 4853 688 4930 quam
708 4853 772 4926 δη
785 4853 1242 4930 μιουργὸνῡευω
1261 4853 1670 4930 appellandum
1695 4853 1942 4916 censuit.

348 4927 439 5000 ide
473 4927 638 5000 plura
681 4927 834 5000 apud
868 4927 1262 5000 sui‘cerumin
1300 4927 1581 4985 Thesauro
1619 4930 1943 4995 ἀπιθήσει,

298 5016 354 5074 p_.
374 4999 514 5074 Δ316.
544 4999 626 5054 Ad
656 4999 1009 5074 creationem
1045 4999 1283 5056 omnino
1317 4999 1423 5056 hac
1454 5017 1589 5056 voce
1623 5004 1946 5074 respexisse

298 5070 566 5126 videntur
600 5071 940 5127 Pauliciani.

371 5140 847 5216 (4.0)ΑῬωμαίους.
881 5145 990 5198 Cur
1022 5143 1315 5216 Romanos
1346 5149 1625 5216 vocarunt
1656 5144 1941 5216 reliquum

301 5211 763 5288 Christianorum
824 5221 1034 5288 emtum
1057 5215 1107 5288 ?_‘
1143 5230 1278 5270 num
1339 5215 1480 5288 forte
1556 5218 1704 5284 ideo,
1765 5211 1941 5288 quod,

299 5287 792 5358 quemadmodum
825 5287 1002 5342 Roma
1035 5285 1171 5340 olim
1207 5287 1463 5358 gentium
1495 5295 1550 5343 et
1583 5285 1814 5344 urbium
1843 5289 1937 5343 do-

300 5357 464 5430 mina
493 5374 559 5413 ac
591 5361 792 5429 regina
819 5360 976 5414 dicta
1005 5363 1092 5413 est
1123 5357 1274 5429 (vide
1307 5359 1657 5414 Ezechielem
1689 5361 1941 5430 Spanhe-

299 5429 483 5502 mium
525 5433 604 5484 De
636 5447 738 5485 usu
784 5436 834 5486 et
875 5432 1203 5499 praestantia
1254 5432 1672 5496 numismatum,
1708 5449 1760 5502 p.
1813 5433 1937 5498 880,

295 5500 430 5554 edit.
469 5501 631 5567 in-lt;
666 5506 721 5556 et
760 5502 837 5556 Ad
865 5503 1179 5563 lulianum,
1218 5518 1270 5570 p.
1323 5501 1392 5554 30
1427 5518 1439 5555 :
1475 5518 1575 5556 nec
1609 5500 1722 5556 non
1769 5503 1935 5558 Joan.

298 5572 674 5642 Dougthazum
711 5574 763 5628 in
814 5574 1103 5628 Analectz’s
1151 5572 1293 5629 Novi
1337 5573 1680 5640 Testamenti,
1714 5590 1934 5630 excurs.

295 5643 440 5716 106).
477 5645 581 5711 Ita,
614 5643 721 5699 isto
753 5644 1217 5701 Paulicianorum
1263 5660 1398 5708 aevo,
1435 5645 1636 5700 eadem
1671 5661 1770 5713 per
1816 5646 1938 5715 epi-

297 5715 501 5787 scopos
534 5731 668 5770 suos
704 5733 794 5773 res
842 5715 1300 5773 Christianorum
1354 5733 1466 5787 prae
1498 5717 1717 5771 caeteris
1746 5717 1934 5771 admi-

2065 3788 2314 3843 nistrare
2362 3788 2735 3843 crederetur?
2781 3788 3002 3860 Spectat
3037 3789 3209 3845 etiam
3257 3789 3368 3846 huc
3403 3791 3706 3846 Sozomeni

2056 3861 2340 3928 Elogium,
2376 3860 2474 3914 lib.
2529 3877 2614 3925 ιιι,
2647 3876 2695 3915 c.
2729 3861 2762 3914 8
2804 3863 3000 3916 Ηίειον.
3042 3863 3225 3928 ερσιεδ.
3279 3862 3516 3917 Romam
3548 3861 3711 3917 Ἀπο-

2056 3929 2265 4006 στόλων
2317 3932 2734 4006 φροντιστήριον
2791 3931 2897 4006 καί.
2932 3927 3204 4006 εὐσεϐείας
3257 3930 3605 4006 μητρόπολιν
3649 3932 3700 4003 ἐξ

2054 4001 2234 4078 ᾆρχῆς
2291 4001 2655 4078 γεγενημένην
2713 4003 3079 4074 appellantis.
3139 4001 3416 4078 Cmtérutn
3475 4001 3699 4060 Iudaeos

2057 4076 2227 4130 hodie
2282 4076 2642 4130 Christianos
2703 4078 3097 4130 Romanorum
3159 4077 3416 4144 (arma)
3469 4079 3698 4131 nomine

2053 4145 2687 4216 vocare,pervulgatum
2718 4151 2824 4200 est.
2860 4147 2993 4202 Vide
3029 4147 3119 4202 J0.
3153 4148 3327 4201 Andr.
3365 4148 3693 4203 Eisenmen-

2055 4234 2251 4279 gerum
2286 4219 2342 4272 in
2391 4218 2679 4272 Judaismo
2727 4217 2925 4272 detecto
2959 4224 3112 4288 part.
3149 4235 3182 4285 ι,
3238 4235 3294 4288 ρ.
3337 4219 3482 4284 632;
3530 4225 3588 4274 et
3615 4220 3699 4276 Cl.

2057 4291 2258 4356 Georg.
2297 4289 2468 4343 Eliez.
2515 4288 2839 4343 Edzardum
2891 4291 2948 4344 in
2982 4289 3140 4344 Notis
3180 4291 3246 4344 ad
3305 4291 3492 4346 Avoda
3538 4292 3704 4358 Sara,

2058 4375 2184 4428 cap.
2224 4363 2273 4419 1,
2309 4377 2362 4427 p.
2401 4361 2494 4412 151
2531 4364 2741 4430 etseq.

2126 4431 2234 4500 (.il)
2282 4428 2659 4504 Χριστιανούς.
2702 4428 2800 4485 Ἰία
2848 4431 3097 4504 agebant
3145 4431 3408 4504 exemplo
3469 4431 3703 4486 haereti-

2054 4516 2251 4554 corum
2288 4503 2784 4574 autiquioruin,de
2806 4503 3018 4573 quibus
3043 4503 3119 4556 ita
3145 4505 3508 4574 Augustinus
3532 4504 3701 4574 epist.

2053 4575 2176 4644 ὅσα
2215 4575 2490 4629 Videmus
2521 4573 2892 4644 nullumjam
2927 4590 3178 4628 errorem
3202 4573 3261 4630 se
3288 4576 3498 4629 audere
3523 4573 3704 4629 extol-

2051 4643 2165 4699 lere
2196 4645 2268 4698 ad
2299 4647 2736 4717 congregandas
2767 4643 2878 4698 sibi
2902 4648 3117 4717 turbas
3151 4646 3576 4716 imperitorum,
3598 4647 3698 4716 qui

2053 4733 2163 4770 non
2198 4715 2796 4771 Christiani‘nominis
2827 4715 3156 4771 velamenta
3185 4715 3510 4787 cunquirat.
3547 4737 3570 4767 ι
3607 4715 3696 4771 Si-

2051 4788 2216 4860 miles
2235 4788 2482 4843 aliorum
2505 4788 2771 4860 Ecclesiae
2794 4788 3092 4860 doctorum
3111 4788 3380 4860 querelas
3403 4789 3526 4860 lege
3545 4789 3696 4858 apud

2049 4859 2112 4914 B.
2166 4859 2556 4914 Christianum
2618 4859 2986 4914 Kortholtum
3047 4860 3104 4912 in
3139 4859 3306 4914 Notis
3359 4860 3426 4914 ad
3481 4859 3700 4915 Justini

2051 4930 2313 5002 Martyris
2345 4931 2563 5001 Apolog.
2587 4947 2626 4984 ιι
2665 4948 2717 5002 p.
2751 4930 2787 4986 7
2818 4933 2990 5002 et2l.
3025 4930 3198 4986 Primi
3235 4930 3489 4986 veritatis
3522 4936 3701 4986 testes

2050 5001 2538 5073 amagistratibus
2564 5001 3035 5071 interrogati,hoc
3053 5019 3166 5058 uno
3190 5003 3414 5074 prolato
3440 5002 3698 5068 nomine,

2048 5075 2186 5143 quid
2239 5076 2543 5140 sentirent,
2578 5075 2822 5143 professi
2872 5079 3030 5139 sunt,
3064 5089 3164 5128 ceu
3196 5073 3393 5127 variis
3439 5080 3697 5128 veterum

2047 5143 2189 5199 locis
2211 5145 2688 5199 commonstravit
2712 5144 2861 5199 Guil.
2888 5146 3033 5200 Cave
3057 5145 3113 5198 in
3142 5144 3285 5200 libro
3310 5146 3382 5200 De
3408 5147 3697 5215 prt‘mitivo

2048 5216 2490 5281 Christianismo,
2555 5223 2697 5286 part.
2735 5233 2771 5280 ι,
2833 5232 2882 5269 c.
2934 5217 2982 5270 4.
3038 5217 3196 5271 Idem
3258 5232 3469 5270 nomen
3528 5216 3699 5270 hodie

2046 5287 2361 5359 zEthiopes,
2387 5289 2460 5359 in,
2478 5303 2654 5356 regno
2688 5287 3076 5342 Maroccitano
3096 5286 3463 5359 habitantes,
3497 5290 3566 5341 ad
3580 5303 3703 5342 mo-

2045 5359 2184 5412 dum
2217 5356 2464 5414 a'versari
2503 5364 2744 5414 testatur
2775 5366 2979 5414 auctor
3007 5357 3206 5413 Gallus
3236 5356 3392 5424 libri,
3428 5359 3500 5412 De
3549 5362 3699 5413 stam

2045 5431 2269 5498 imperii
2298 5432 2648 5485 Maroccz'tani
2676 5432 3036 5500 exponentis,
3068 5431 3567 5500 quemadmodum
3603 5447 3695 5484 re~

2043 5502 2280 5555 centiori
2317 5503 2594 5556 memoria
2628 5499 2778 5571 apud
2830 5501 3003 5556 Italos
3035 5502 3322 5572 quosdam
3378 5499 3699 5556 Christiani

2042 5587 2252 5653 nomen
2295 5573 2446 5629 inter
2496 5573 2884 5646 ignominiosa
2935 5579 3303 5629 numeratum
3351 5587 3482 5628 esse
3542 5575 3695 5629 socio

2043 5659 2253 5713 pimus.

3652 5747 3678 5772 1
