  <div class='ocr_page' id='page_1' title='image "/cluster/home/n/w/nwhite01/storage/ocr_20150623/102/hvd.32044073502155/019.png"; bbox 0 0 4074 6208; ppageno 0'>
   <div class='ocr_carea' id='block_1_1' title="bbox 435 331 3812 406">
    <p class='ocr_par' dir='ltr' id='par_1_1' title="bbox 435 331 3812 406">
     <span class='ocr_line' id='line_1_1' title="bbox 435 331 3812 406; baseline 0.003 -13"><span class='ocrx_word' id='word_1_1' title='bbox 435 331 509 393; x_wconf 76' lang='grc'>27</span> <span class='ocrx_word' id='word_1_2' title='bbox 1633 333 1896 394; x_wconf 84' lang='lat' dir='ltr'>PHOTII</span> <span class='ocrx_word' id='word_1_3' title='bbox 1939 333 2468 396; x_wconf 77' lang='lat' dir='ltr'>PATRIARCH/E</span> <span class='ocrx_word' id='word_1_4' title='bbox 2512 334 2629 396; x_wconf 77' lang='grc' dir='ltr'>ΟΡ.</span> <span class='ocrx_word' id='word_1_5' title='bbox 3745 346 3812 406; x_wconf 75' lang='lat'>28</span> 
     </span>
    </p>
   </div>
   <div class='ocr_carea' id='block_1_2' title="bbox 429 467 2068 546">
    <p class='ocr_par' dir='ltr' id='par_1_2' title="bbox 429 467 2068 544">
     <span class='ocr_line' id='line_1_2' title="bbox 429 467 2068 544; baseline -0.001 -18"><span class='ocrx_word' id='word_1_6' title='bbox 429 474 547 538; x_wconf 87' lang='lat' dir='ltr'>tur,</span> <span class='ocrx_word' id='word_1_7' title='bbox 580 484 730 542; x_wconf 83' lang='lat' dir='ltr'>quos</span> <span class='ocrx_word' id='word_1_8' title='bbox 761 467 916 527; x_wconf 83' lang='lat' dir='ltr'>fures</span> <span class='ocrx_word' id='word_1_9' title='bbox 945 474 1001 528; x_wconf 90' lang='lat' dir='ltr'>et</span> <span class='ocrx_word' id='word_1_10' title='bbox 1030 470 1284 528; x_wconf 78' lang='lat' dir='ltr'>latrones</span> <span class='ocrx_word' id='word_1_11' title='bbox 1338 470 1654 544; x_wconf 89' lang='lat' dir='ltr'>appellant,</span> <span class='ocrx_word' id='word_1_12' title='bbox 1707 469 2068 542; x_wconf 76' lang='lat' dir='ltr'>maximeque</span> 
     </span>
    </p>
   </div>
   <div class='ocr_carea' id='block_1_3' title="bbox 2184 467 3823 546">
    <p class='ocr_par' dir='ltr' id='par_1_3' title="bbox 2191 467 3823 546">
     <span class='ocr_line' id='line_1_3' title="bbox 2191 467 3823 546; baseline 0.008 -25"><span class='ocrx_word' id='word_1_13' title='bbox 2191 468 2512 546; x_wconf 71' lang='grc' dir='ltr'>στρέφονται</span> <span class='ocrx_word' id='word_1_14' title='bbox 2544 467 2754 544; x_wconf 83' lang='grc' dir='ltr'>ἁγίους,</span> <span class='ocrx_word' id='word_1_15' title='bbox 2790 467 2992 544; x_wconf 74' lang='grc' dir='ltr'>λῃστὰς</span> <span class='ocrx_word' id='word_1_16' title='bbox 3036 469 3236 533; x_wconf 75' lang='grc' dir='ltr'>αὐτοὺς</span> <span class='ocrx_word' id='word_1_17' title='bbox 3268 472 3361 527; x_wconf 77' lang='grc' dir='ltr'>καὶ</span> <span class='ocrx_word' id='word_1_18' title='bbox 3422 473 3652 538; x_wconf 76' lang='grc' dir='ltr'>κλέπτας</span> <span class='ocrx_word' id='word_1_19' title='bbox 3697 479 3823 533; x_wconf 87' lang='grc' dir='ltr'>ἀπο-</span> 
     </span>
    </p>
   </div>
   <div class='ocr_carea' id='block_1_4' title="bbox 433 559 2078 632">
    <p class='ocr_par' dir='ltr' id='par_1_4' title="bbox 433 559 2078 632">
     <span class='ocr_line' id='line_1_4' title="bbox 433 559 2078 632; baseline -0.001 -16"><span class='ocrx_word' id='word_1_20' title='bbox 433 561 738 632; x_wconf 71' lang='lat' dir='ltr'>coryphzeo</span> <span class='ocrx_word' id='word_1_21' title='bbox 765 562 1151 632; x_wconf 83' lang='lat' dir='ltr'>apostolorum</span> <span class='ocrx_word' id='word_1_22' title='bbox 1187 564 1354 618; x_wconf 89' lang='lat' dir='ltr'>Petro</span> <span class='ocrx_word' id='word_1_23' title='bbox 1386 559 1739 616; x_wconf 89' lang='lat' dir='ltr'>maledicunt</span> <span class='ocrx_word' id='word_1_24' title='bbox 1779 560 1937 631; x_wconf 91' lang='lat' dir='ltr'>quia,</span> <span class='ocrx_word' id='word_1_25' title='bbox 1986 561 2078 615; x_wconf 90' lang='lat' dir='ltr'>in-</span> 
     </span>
    </p>
   </div>
   <div class='ocr_carea' id='block_1_5' title="bbox 438 649 2074 723">
    <p class='ocr_par' dir='ltr' id='par_1_5' title="bbox 438 649 2074 723">
     <span class='ocr_line' id='line_1_5' title="bbox 438 649 2074 723; baseline 0 -19"><span class='ocrx_word' id='word_1_26' title='bbox 438 651 671 722; x_wconf 90' lang='lat' dir='ltr'>quiunt,</span> <span class='ocrx_word' id='word_1_27' title='bbox 707 649 876 706; x_wconf 79' lang='lat' dir='ltr'>ﬁdem</span> <span class='ocrx_word' id='word_1_28' title='bbox 903 651 958 705; x_wconf 93' lang='lat' dir='ltr'>in</span> <span class='ocrx_word' id='word_1_29' title='bbox 985 656 1330 723; x_wconf 85' lang='lat' dir='ltr'>magistrum</span> <span class='ocrx_word' id='word_1_30' title='bbox 1356 657 1411 704; x_wconf 88' lang='lat' dir='ltr'>et</span> <span class='ocrx_word' id='word_1_31' title='bbox 1432 650 1723 706; x_wconf 83' lang='lat' dir='ltr'>Christum</span> <span class='ocrx_word' id='word_1_32' title='bbox 1749 649 2074 722; x_wconf 82' lang='lat' dir='ltr'>abnegavit,</span> 
     </span>
    </p>
   </div>
   <div class='ocr_carea' id='block_1_6' title="bbox 439 736 2070 810">
    <p class='ocr_par' dir='ltr' id='par_1_6' title="bbox 439 736 2070 810">
     <span class='ocr_line' id='line_1_6' title="bbox 439 736 2070 810; baseline 0 -18"><span class='ocrx_word' id='word_1_33' title='bbox 439 738 702 810; x_wconf 81' lang='lat' dir='ltr'>quamvis</span> <span class='ocrx_word' id='word_1_34' title='bbox 753 740 1032 810; x_wconf 76' lang='lat' dir='ltr'>magister</span> <span class='ocrx_word' id='word_1_35' title='bbox 1078 755 1275 794; x_wconf 89' lang='lat' dir='ltr'>eorum</span> <span class='ocrx_word' id='word_1_36' title='bbox 1336 739 1534 793; x_wconf 88' lang='lat' dir='ltr'>Manes</span> <span class='ocrx_word' id='word_1_37' title='bbox 1582 736 1791 792; x_wconf 89' lang='lat' dir='ltr'>diserte</span> <span class='ocrx_word' id='word_1_38' title='bbox 1836 737 2070 806; x_wconf 86' lang='lat' dir='ltr'>clamet,</span> 
     </span>
    </p>
   </div>
   <div class='ocr_carea' id='block_1_7' title="bbox 435 829 2075 901">
    <p class='ocr_par' dir='ltr' id='par_1_7' title="bbox 435 829 2075 901">
     <span class='ocr_line' id='line_1_7' title="bbox 435 829 2075 901; baseline 0.001 -17"><span class='ocrx_word' id='word_1_39' title='bbox 435 829 698 901; x_wconf 79' lang='lat' dir='ltr'>ipsisque</span> <span class='ocrx_word' id='word_1_40' title='bbox 763 832 962 887; x_wconf 82' lang='lat' dir='ltr'>dicat:</span> <span class='ocrx_word' id='word_1_41' title='bbox 1012 831 1193 886; x_wconf 82' lang='lat' dir='ltr'>«Non</span> <span class='ocrx_word' id='word_1_42' title='bbox 1249 830 1331 885; x_wconf 93' lang='lat' dir='ltr'>sic</span> <span class='ocrx_word' id='word_1_43' title='bbox 1370 845 1477 901; x_wconf 85' lang='lat' dir='ltr'>ego</span> <span class='ocrx_word' id='word_1_44' title='bbox 1524 829 1961 900; x_wconf 88' lang='lat' dir='ltr'>immisericors,</span> <span class='ocrx_word' id='word_1_45' title='bbox 2012 836 2075 886; x_wconf 90' lang='lat' dir='ltr'><strong>ut</strong></span> 
     </span>
    </p>
   </div>
   <div class='ocr_carea' id='block_1_8' title="bbox 435 919 2072 991">
    <p class='ocr_par' dir='ltr' id='par_1_8' title="bbox 435 919 2072 991">
     <span class='ocr_line' id='line_1_8' title="bbox 435 919 2072 991; baseline 0.001 -17"><span class='ocrx_word' id='word_1_46' title='bbox 435 919 704 974; x_wconf 90' lang='lat' dir='ltr'>Christus</span> <span class='ocrx_word' id='word_1_47' title='bbox 736 920 835 991; x_wconf 91' lang='lat' dir='ltr'>qui</span> <span class='ocrx_word' id='word_1_48' title='bbox 866 921 934 974; x_wconf 87' lang='lat' dir='ltr'>ait</span> <span class='ocrx_word' id='word_1_49' title='bbox 966 937 978 972; x_wconf 92' lang='lat'>:</span> <span class='ocrx_word' id='word_1_50' title='bbox 1020 921 1361 990; x_wconf 84' lang='lat' dir='ltr'><strong>Quicunque</strong></span> <span class='ocrx_word' id='word_1_51' title='bbox 1407 935 1500 974; x_wconf 89' lang='lat' dir='ltr'>me</span> <span class='ocrx_word' id='word_1_52' title='bbox 1539 921 1836 990; x_wconf 76' lang='lat' dir='ltr'>negaverit</span> <span class='ocrx_word' id='word_1_53' title='bbox 1878 936 2072 976; x_wconf 91' lang='lat' dir='ltr'>coram</span> 
     </span>
    </p>
   </div>
   <div class='ocr_carea' id='block_1_9' title="bbox 436 1008 2071 1081">
    <p class='ocr_par' dir='ltr' id='par_1_9' title="bbox 436 1008 2071 1081">
     <span class='ocr_line' id='line_1_9' title="bbox 436 1008 2071 1081; baseline 0.002 -18"><span class='ocrx_word' id='word_1_54' title='bbox 436 1008 794 1074; x_wconf 88' lang='lat' dir='ltr'>hominibus,</span> <span class='ocrx_word' id='word_1_55' title='bbox 828 1009 1047 1078; x_wconf 80' lang='lat' dir='ltr'>negabo</span> <span class='ocrx_word' id='word_1_56' title='bbox 1078 1013 1132 1063; x_wconf 89' lang='lat' dir='ltr'>et</span> <span class='ocrx_word' id='word_1_57' title='bbox 1163 1008 1331 1063; x_wconf 91' lang='lat' dir='ltr'>illum</span> <span class='ocrx_word' id='word_1_58' title='bbox 1364 1026 1489 1079; x_wconf 79' lang='lat' dir='ltr'>ego.</span> <span class='ocrx_word' id='word_1_59' title='bbox 1525 1011 1592 1064; x_wconf 79' lang='lat' dir='ltr'>At</span> <span class='ocrx_word' id='word_1_60' title='bbox 1623 1025 1727 1081; x_wconf 79' lang='lat' dir='ltr'>ego</span> <span class='ocrx_word' id='word_1_61' title='bbox 1759 1010 1905 1077; x_wconf 90' lang='lat' dir='ltr'>dico,</span> <span class='ocrx_word' id='word_1_62' title='bbox 1937 1027 2071 1066; x_wconf 92' lang='lat' dir='ltr'>eum</span> 
     </span>
    </p>
   </div>
   <div class='ocr_carea' id='block_1_10' title="bbox 437 1097 2071 1168">
    <p class='ocr_par' dir='ltr' id='par_1_10' title="bbox 437 1097 2071 1168">
     <span class='ocr_line' id='line_1_10' title="bbox 437 1097 2071 1168; baseline 0.002 -17"><span class='ocrx_word' id='word_1_63' title='bbox 437 1097 536 1168; x_wconf 90' lang='lat' dir='ltr'>qui</span> <span class='ocrx_word' id='word_1_64' title='bbox 573 1115 660 1154; x_wconf 90' lang='lat' dir='ltr'>me</span> <span class='ocrx_word' id='word_1_65' title='bbox 701 1099 984 1166; x_wconf 85' lang='lat' dir='ltr'>negaverit</span> <span class='ocrx_word' id='word_1_66' title='bbox 1020 1113 1214 1153; x_wconf 84' lang='lat' dir='ltr'>coram</span> <span class='ocrx_word' id='word_1_67' title='bbox 1267 1099 1624 1165; x_wconf 89' lang='lat' dir='ltr'>hominibus,</span> <span class='ocrx_word' id='word_1_68' title='bbox 1674 1105 1731 1154; x_wconf 88' lang='lat' dir='ltr'>et</span> <span class='ocrx_word' id='word_1_69' title='bbox 1770 1097 2071 1154; x_wconf 88' lang='lat' dir='ltr'>mendacio</span> 
     </span>
    </p>
   </div>
   <div class='ocr_carea' id='block_1_11' title="bbox 437 1187 2070 1260">
    <p class='ocr_par' dir='ltr' id='par_1_11' title="bbox 437 1187 2070 1260">
     <span class='ocr_line' id='line_1_11' title="bbox 437 1187 2070 1260; baseline 0 -17"><span class='ocrx_word' id='word_1_70' title='bbox 437 1187 607 1243; x_wconf 90' lang='lat' dir='ltr'>saluti</span> <span class='ocrx_word' id='word_1_71' title='bbox 665 1204 782 1242; x_wconf 65' lang='lat' dir='ltr'>suae</span> <span class='ocrx_word' id='word_1_72' title='bbox 832 1190 1208 1260; x_wconf 82' lang='lat' dir='ltr'>prospexerit,</span> <span class='ocrx_word' id='word_1_73' title='bbox 1261 1204 1327 1242; x_wconf 91' lang='lat' dir='ltr'>ac</span> <span class='ocrx_word' id='word_1_74' title='bbox 1367 1188 1412 1243; x_wconf 93' lang='lat' dir='ltr'><strong>si</strong></span> <span class='ocrx_word' id='word_1_75' title='bbox 1464 1205 1577 1244; x_wconf 87' lang='lat' dir='ltr'>non</span> <span class='ocrx_word' id='word_1_76' title='bbox 1622 1189 1914 1259; x_wconf 79' lang='lat' dir='ltr'>negaverit</span> <span class='ocrx_word' id='word_1_77' title='bbox 1959 1205 2070 1257; x_wconf 91' lang='lat' dir='ltr'>me,</span> 
     </span>
    </p>
   </div>
   <div class='ocr_carea' id='block_1_12' title="bbox 434 1276 2073 1348">
    <p class='ocr_par' dir='ltr' id='par_1_12' title="bbox 434 1276 2073 1348">
     <span class='ocr_line' id='line_1_12' title="bbox 434 1276 2073 1348; baseline 0.002 -18"><span class='ocrx_word' id='word_1_78' title='bbox 434 1292 561 1331; x_wconf 90' lang='lat' dir='ltr'><strong>cum</strong></span> <span class='ocrx_word' id='word_1_79' title='bbox 621 1276 832 1347; x_wconf 84' lang='lat' dir='ltr'>gaudio</span> <span class='ocrx_word' id='word_1_80' title='bbox 891 1277 1228 1348; x_wconf 87' lang='lat' dir='ltr'>suscipiam,</span> <span class='ocrx_word' id='word_1_81' title='bbox 1283 1296 1349 1333; x_wconf 89' lang='lat' dir='ltr'>ac</span> <span class='ocrx_word' id='word_1_82' title='bbox 1396 1279 1777 1334; x_wconf 87' lang='lat' dir='ltr'>defectionem</span> <span class='ocrx_word' id='word_1_83' title='bbox 1833 1279 2073 1333; x_wconf 82' lang='lat' dir='ltr'>menda-</span> 
     </span>
    </p>
   </div>
   <div class='ocr_carea' id='block_1_13' title="bbox 434 1365 2071 1438">
    <p class='ocr_par' dir='ltr' id='par_1_13' title="bbox 434 1365 2071 1438">
     <span class='ocr_line' id='line_1_13' title="bbox 434 1365 2071 1438; baseline 0.002 -18"><span class='ocrx_word' id='word_1_84' title='bbox 434 1365 704 1435; x_wconf 86' lang='lat' dir='ltr'>ciumque</span> <span class='ocrx_word' id='word_1_85' title='bbox 743 1367 871 1436; x_wconf 83' lang='lat' dir='ltr'><strong>ejus</strong></span> <span class='ocrx_word' id='word_1_86' title='bbox 912 1367 1078 1438; x_wconf 90' lang='lat' dir='ltr'>quasi</span> <span class='ocrx_word' id='word_1_87' title='bbox 1119 1367 1443 1423; x_wconf 84' lang='lat' dir='ltr'><strong>custodiam</strong></span> <span class='ocrx_word' id='word_1_88' title='bbox 1486 1373 1541 1422; x_wconf 93' lang='lat' dir='ltr'>et</span> <span class='ocrx_word' id='word_1_89' title='bbox 1585 1367 2071 1423; x_wconf 72' lang='lat' dir='ltr'>conservationem</span> 
     </span>
    </p>
   </div>
   <div class='ocr_carea' id='block_1_14' title="bbox 431 1454 2074 1528">
    <p class='ocr_par' dir='ltr' id='par_1_14' title="bbox 431 1454 2074 1528">
     <span class='ocr_line' id='line_1_14' title="bbox 431 1454 2074 1528; baseline -0.001 -16"><span class='ocrx_word' id='word_1_90' title='bbox 431 1454 820 1512; x_wconf 84' lang='lat' dir='ltr'>confessionis</span> <span class='ocrx_word' id='word_1_91' title='bbox 874 1471 1017 1511; x_wconf 74' lang='lat' dir='ltr'>mem</span> <span class='ocrx_word' id='word_1_92' title='bbox 1061 1457 1355 1528; x_wconf 89' lang='lat' dir='ltr'>reputabo.</span> <span class='ocrx_word' id='word_1_93' title='bbox 1389 1479 1418 1508; x_wconf 85' lang='lat'>»</span> <span class='ocrx_word' id='word_1_94' title='bbox 1484 1459 1749 1512; x_wconf 84' lang='lat' dir='ltr'>Altamen</span> <span class='ocrx_word' id='word_1_95' title='bbox 1808 1473 1943 1512; x_wconf 92' lang='lat' dir='ltr'>cum</span> <span class='ocrx_word' id='word_1_96' title='bbox 1993 1457 2074 1511; x_wconf 90' lang='lat' dir='ltr'>ita</span> 
     </span>
    </p>
   </div>
   <div class='ocr_carea' id='block_1_15' title="bbox 435 1544 2071 1617">
    <p class='ocr_par' dir='ltr' id='par_1_15' title="bbox 435 1544 2071 1617">
     <span class='ocr_line' id='line_1_15' title="bbox 435 1544 2071 1617; baseline 0.001 -19"><span class='ocrx_word' id='word_1_97' title='bbox 435 1560 496 1599; x_wconf 87' lang='lat' dir='ltr'>se</span> <span class='ocrx_word' id='word_1_98' title='bbox 527 1544 780 1600; x_wconf 87' lang='lat' dir='ltr'>habeant</span> <span class='ocrx_word' id='word_1_99' title='bbox 810 1562 875 1600; x_wconf 89' lang='lat' dir='ltr'>ac</span> <span class='ocrx_word' id='word_1_100' title='bbox 908 1547 1135 1617; x_wconf 85' lang='lat' dir='ltr'>prOprie</span> <span class='ocrx_word' id='word_1_101' title='bbox 1165 1547 1446 1616; x_wconf 79' lang='lat' dir='ltr'>dogmatis</span> <span class='ocrx_word' id='word_1_102' title='bbox 1489 1546 1939 1614; x_wconf 82' lang='lat' dir='ltr'>confessionem,</span> <span class='ocrx_word' id='word_1_103' title='bbox 1974 1546 2071 1601; x_wconf 91' lang='lat' dir='ltr'><strong>ubi</strong></span> 
     </span>
    </p>
   </div>
   <div class='ocr_carea' id='block_1_16' title="bbox 429 1634 2072 1709">
    <p class='ocr_par' dir='ltr' id='par_1_16' title="bbox 429 1634 2072 1709">
     <span class='ocr_line' id='line_1_16' title="bbox 429 1634 2072 1709; baseline 0.002 -20"><span class='ocrx_word' id='word_1_104' title='bbox 429 1634 616 1691; x_wconf 83' lang='lat' dir='ltr'>instat</span> <span class='ocrx_word' id='word_1_105' title='bbox 648 1635 914 1705; x_wconf 85' lang='lat' dir='ltr'>formido,</span> <span class='ocrx_word' id='word_1_106' title='bbox 947 1635 1108 1690; x_wconf 90' lang='lat' dir='ltr'>nullo</span> <span class='ocrx_word' id='word_1_107' title='bbox 1139 1636 1372 1708; x_wconf 88' lang='lat' dir='ltr'>negotio</span> <span class='ocrx_word' id='word_1_108' title='bbox 1396 1636 1703 1709; x_wconf 85' lang='lat' dir='ltr'>abnegent,</span> <span class='ocrx_word' id='word_1_109' title='bbox 1733 1635 1990 1707; x_wconf 87' lang='lat' dir='ltr'>nullique</span> <span class='ocrx_word' id='word_1_110' title='bbox 2011 1651 2072 1691; x_wconf 87' lang='lat' dir='ltr'>se</span> 
     </span>
    </p>
   </div>
   <div class='ocr_carea' id='block_1_17' title="bbox 433 1723 2072 1793">
    <p class='ocr_par' dir='ltr' id='par_1_17' title="bbox 433 1723 2072 1793">
     <span class='ocr_line' id='line_1_17' title="bbox 433 1723 2072 1793; baseline 0.001 -14"><span class='ocrx_word' id='word_1_111' title='bbox 433 1724 663 1780; x_wconf 88' lang='lat' dir='ltr'>crimini</span> <span class='ocrx_word' id='word_1_112' title='bbox 688 1723 816 1780; x_wconf 92' lang='lat' dir='ltr'>ideo</span> <span class='ocrx_word' id='word_1_113' title='bbox 847 1723 1125 1780; x_wconf 82' lang='lat' dir='ltr'>obnoxios</span> <span class='ocrx_word' id='word_1_114' title='bbox 1149 1741 1274 1780; x_wconf 84' lang='lat' dir='ltr'>esse</span> <span class='ocrx_word' id='word_1_115' title='bbox 1313 1725 1532 1793; x_wconf 87' lang='lat' dir='ltr'>dicant,</span> <span class='ocrx_word' id='word_1_116' title='bbox 1583 1725 1811 1780; x_wconf 90' lang='lat' dir='ltr'>etiamsi</span> <span class='ocrx_word' id='word_1_117' title='bbox 1857 1723 2072 1780; x_wconf 84' lang='lat' dir='ltr'>millies</span> 
     </span>
    </p>
   </div>
   <div class='ocr_carea' id='block_1_18' title="bbox 2186 555 3820 640">
    <p class='ocr_par' dir='ltr' id='par_1_18' title="bbox 2186 555 3820 640">
     <span class='ocr_line' id='line_1_18' title="bbox 2186 555 3820 640; baseline 0.008 -30"><span class='ocrx_word' id='word_1_118' title='bbox 2186 555 2496 625; x_wconf 79' lang='grc' dir='ltr'>καλοῦντες,</span> <span class='ocrx_word' id='word_1_119' title='bbox 2533 558 2770 630; x_wconf 74' lang='grc' dir='ltr'>μάλιστα</span> <span class='ocrx_word' id='word_1_120' title='bbox 2810 557 2868 614; x_wconf 76' lang='grc' dir='ltr'>δὲ</span> <span class='ocrx_word' id='word_1_121' title='bbox 2905 562 2996 615; x_wconf 89' lang='grc' dir='ltr'>τὸν</span> <span class='ocrx_word' id='word_1_122' title='bbox 3045 567 3348 640; x_wconf 73' lang='grc' dir='ltr'>κορυφαῖον</span> <span class='ocrx_word' id='word_1_123' title='bbox 3556 571 3656 621; x_wconf 83' lang='grc' dir='ltr'>τῶν</span> <span class='ocrx_word' id='word_1_124' title='bbox 3703 567 3820 623; x_wconf 82' lang='grc' dir='ltr'>ἀπο·</span> 
     </span>
    </p>
   </div>
   <div class='ocr_carea' id='block_1_19' title="bbox 2186 647 3819 732">
    <p class='ocr_par' dir='ltr' id='par_1_19' title="bbox 2186 647 3819 732">
     <span class='ocr_line' id='line_1_19' title="bbox 2186 647 3819 732; baseline 0.006 -29"><span class='ocrx_word' id='word_1_125' title='bbox 2186 647 2397 704; x_wconf 87' lang='grc' dir='ltr'>στόλων</span> <span class='ocrx_word' id='word_1_126' title='bbox 2453 650 2650 723; x_wconf 83' lang='grc' dir='ltr'>Πέτρον</span> <span class='ocrx_word' id='word_1_127' title='bbox 2704 647 3102 728; x_wconf 71' lang='grc' dir='ltr'>δυσφημοῦσιν,</span> <span class='ocrx_word' id='word_1_128' title='bbox 3161 652 3248 707; x_wconf 78' lang='grc' dir='ltr'>ὅτι</span> <span class='ocrx_word' id='word_1_129' title='bbox 3325 653 3542 728; x_wconf 74' lang='grc' dir='ltr'>γέγονεν</span> <span class='ocrx_word' id='word_1_130' title='bbox 3599 654 3819 732; x_wconf 80' lang='grc' dir='ltr'>ἔξαρνος,</span> 
     </span>
    </p>
   </div>
   <div class='ocr_carea' id='block_1_20' title="bbox 2185 736 3816 818">
    <p class='ocr_par' dir='ltr' id='par_1_20' title="bbox 2185 736 3816 818">
     <span class='ocr_line' id='line_1_20' title="bbox 2185 736 3816 818; baseline 0.006 -26"><span class='ocrx_word' id='word_1_131' title='bbox 2185 741 2336 818; x_wconf 69' lang='grc' dir='ltr'>φασὶ,</span> <span class='ocrx_word' id='word_1_132' title='bbox 2376 746 2477 808; x_wconf 77' lang='grc' dir='ltr'>τῆς</span> <span class='ocrx_word' id='word_1_133' title='bbox 2533 739 2609 802; x_wconf 82' lang='grc' dir='ltr'>εἰς</span> <span class='ocrx_word' id='word_1_134' title='bbox 2654 739 2744 793; x_wconf 87' lang='grc' dir='ltr'>τὸν</span> <span class='ocrx_word' id='word_1_135' title='bbox 2798 736 3124 795; x_wconf 74' lang='grc' dir='ltr'>διδάσκαλον</span> <span class='ocrx_word' id='word_1_136' title='bbox 3172 743 3264 796; x_wconf 77' lang='grc' dir='ltr'>καὶ</span> <span class='ocrx_word' id='word_1_137' title='bbox 3317 745 3547 817; x_wconf 82' lang='grc' dir='ltr'>Χριστὸν</span> <span class='ocrx_word' id='word_1_138' title='bbox 3586 746 3816 808; x_wconf 85' lang='grc' dir='ltr'>πίστεως.</span> 
     </span>
    </p>
   </div>
   <div class='ocr_carea' id='block_1_21' title="bbox 2185 826 3818 910">
    <p class='ocr_par' dir='ltr' id='par_1_21' title="bbox 2185 826 3818 910">
     <span class='ocr_line' id='line_1_21' title="bbox 2185 826 3818 910; baseline 0.006 -28"><span class='ocrx_word' id='word_1_139' title='bbox 2185 830 2434 904; x_wconf 82' lang='grc' dir='ltr'>Καίτοιγε</span> <span class='ocrx_word' id='word_1_140' title='bbox 2488 833 2585 883; x_wconf 77' lang='grc' dir='ltr'>τοῦ</span> <span class='ocrx_word' id='word_1_141' title='bbox 2644 826 2974 883; x_wconf 72' lang='grc' dir='ltr'>διδασκάλου</span> <span class='ocrx_word' id='word_1_142' title='bbox 3032 830 3206 886; x_wconf 81' lang='grc' dir='ltr'>αὐτῶν</span> <span class='ocrx_word' id='word_1_143' title='bbox 3297 834 3560 896; x_wconf 69' lang='grc' dir='ltr'>Μάνεντος</span> <span class='ocrx_word' id='word_1_144' title='bbox 3615 839 3818 910; x_wconf 79' lang='grc' dir='ltr'>διαπρυ-</span> 
     </span>
    </p>
   </div>
   <div class='ocr_carea' id='block_1_22' title="bbox 2184 915 3813 998">
    <p class='ocr_par' dir='ltr' id='par_1_22' title="bbox 2184 915 3813 998">
     <span class='ocr_line' id='line_1_22' title="bbox 2184 915 3813 998; baseline 0.006 -27"><span class='ocrx_word' id='word_1_145' title='bbox 2184 917 2312 980; x_wconf 90' lang='grc' dir='ltr'>σίως</span> <span class='ocrx_word' id='word_1_146' title='bbox 2369 917 2551 979; x_wconf 81' lang='grc' dir='ltr'>αὐτοῖς</span> <span class='ocrx_word' id='word_1_147' title='bbox 2597 915 2911 990; x_wconf 77' lang='grc' dir='ltr'>ἐμϐοῶντος</span> <span class='ocrx_word' id='word_1_148' title='bbox 2957 922 3073 991; x_wconf 80' lang='grc'>(51)</span> <span class='ocrx_word' id='word_1_149' title='bbox 3124 921 3213 975; x_wconf 81' lang='grc' dir='ltr'>καὶ</span> <span class='ocrx_word' id='word_1_150' title='bbox 3274 920 3532 996; x_wconf 77' lang='grc' dir='ltr'>λέγοντος</span> <span class='ocrx_word' id='word_1_151' title='bbox 3582 928 3703 998; x_wconf 84' lang='grc'>(52),</span> <span class='ocrx_word' id='word_1_152' title='bbox 3747 928 3813 988; x_wconf 84' lang='grc' dir='ltr'>ὡς</span> 
     </span>
    </p>
   </div>
   <div class='ocr_carea' id='block_1_23' title="bbox 2189 1007 3807 1085">
    <p class='ocr_par' dir='ltr' id='par_1_23' title="bbox 2189 1007 3807 1085">
     <span class='ocr_line' id='line_1_23' title="bbox 2189 1007 3807 1085; baseline 0.006 -26"><span class='ocrx_word' id='word_1_153' title='bbox 2189 1031 2210 1059; x_wconf 77' lang='grc' dir='ltr'>ι</span> <span class='ocrx_word' id='word_1_154' title='bbox 2244 1008 2357 1062; x_wconf 82' lang='grc' dir='ltr'>Οὐκ</span> <span class='ocrx_word' id='word_1_155' title='bbox 2387 1007 2500 1081; x_wconf 74' lang='grc' dir='ltr'>εἰμὶ</span> <span class='ocrx_word' id='word_1_156' title='bbox 2533 1007 2914 1083; x_wconf 76' lang='grc' dir='ltr'>ἄσπλαγχνος,</span> <span class='ocrx_word' id='word_1_157' title='bbox 2947 1008 3022 1070; x_wconf 85' lang='grc' dir='ltr'>ὡς</span> <span class='ocrx_word' id='word_1_158' title='bbox 3046 1011 3074 1064; x_wconf 99' lang='lat'>6</span> <span class='ocrx_word' id='word_1_159' title='bbox 3099 1013 3332 1085; x_wconf 81' lang='grc' dir='ltr'>Χριστὸς</span> <span class='ocrx_word' id='word_1_160' title='bbox 3357 1014 3385 1067; x_wconf 92' lang='lat'>6</span> <span class='ocrx_word' id='word_1_161' title='bbox 3424 1014 3609 1071; x_wconf 84' lang='grc' dir='ltr'>εἰπών.</span> <span class='ocrx_word' id='word_1_162' title='bbox 3649 1018 3807 1077; x_wconf 80' lang='grc' dir='ltr'>Ὅστις</span> 
     </span>
    </p>
   </div>
   <div class='ocr_carea' id='block_1_24' title="bbox 2190 1095 3805 1180">
    <p class='ocr_par' dir='ltr' id='par_1_24' title="bbox 2190 1095 3805 1180">
     <span class='ocr_line' id='line_1_24' title="bbox 2190 1095 3805 1180; baseline 0.005 -28"><span class='ocrx_word' id='word_1_163' title='bbox 2190 1099 2255 1170; x_wconf 77' lang='grc' dir='ltr'>μὲ</span> <span class='ocrx_word' id='word_1_164' title='bbox 2303 1099 2591 1173; x_wconf 67' lang='grc' dir='ltr'>ἀρνήσεται</span> <span class='ocrx_word' id='word_1_165' title='bbox 2641 1095 2941 1174; x_wconf 75' lang='grc' dir='ltr'>ἔμπροσθεν</span> <span class='ocrx_word' id='word_1_166' title='bbox 2991 1105 3100 1156; x_wconf 81' lang='grc' dir='ltr'>τῶν</span> <span class='ocrx_word' id='word_1_167' title='bbox 3150 1101 3478 1175; x_wconf 84' lang='grc' dir='ltr'>ἀνθρώπων,</span> <span class='ocrx_word' id='word_1_168' title='bbox 3530 1106 3805 1180; x_wconf 72' lang='grc' dir='ltr'>ἀρνήσομαι</span> 
     </span>
    </p>
   </div>
   <div class='ocr_carea' id='block_1_25' title="bbox 2181 1187 3807 1268">
    <p class='ocr_par' dir='ltr' id='par_1_25' title="bbox 2181 1187 3807 1268">
     <span class='ocr_line' id='line_1_25' title="bbox 2181 1187 3807 1268; baseline 0.006 -27"><span class='ocrx_word' id='word_1_169' title='bbox 2181 1188 2344 1242; x_wconf 76' lang='grc' dir='ltr'>αὐτὸν</span> <span class='ocrx_word' id='word_1_170' title='bbox 2385 1187 2554 1264; x_wconf 79' lang='grc' dir='ltr'>κάγώ.</span> <span class='ocrx_word' id='word_1_171' title='bbox 2601 1188 2756 1243; x_wconf 81' lang='grc' dir='ltr'>Ἀλλ’</span> <span class='ocrx_word' id='word_1_172' title='bbox 2809 1187 2912 1262; x_wconf 80' lang='grc' dir='ltr'>ἐγὼ</span> <span class='ocrx_word' id='word_1_173' title='bbox 2963 1187 3109 1265; x_wconf 69' lang='grc' dir='ltr'>λέγω</span> <span class='ocrx_word' id='word_1_174' title='bbox 3174 1192 3267 1246; x_wconf 87' lang='grc' dir='ltr'>τὸν</span> <span class='ocrx_word' id='word_1_175' title='bbox 3342 1193 3702 1267; x_wconf 78' lang='grc' dir='ltr'>ἀρνησάμενόν</span> <span class='ocrx_word' id='word_1_176' title='bbox 3750 1217 3807 1268; x_wconf 71' lang='grc' dir='ltr'>με</span> 
     </span>
    </p>
   </div>
   <div class='ocr_carea' id='block_1_26' title="bbox 2182 1270 3808 1355">
    <p class='ocr_par' dir='ltr' id='par_1_26' title="bbox 2182 1270 3808 1355">
     <span class='ocr_line' id='line_1_26' title="bbox 2182 1270 3808 1355; baseline 0.004 -25"><span class='ocrx_word' id='word_1_177' title='bbox 2182 1270 2483 1350; x_wconf 76' lang='grc' dir='ltr'>ἔμπροσθεν</span> <span class='ocrx_word' id='word_1_178' title='bbox 2520 1281 2628 1330; x_wconf 82' lang='grc' dir='ltr'>τῶν</span> <span class='ocrx_word' id='word_1_179' title='bbox 2671 1277 2992 1351; x_wconf 81' lang='grc' dir='ltr'>ἀνθρώπων,</span> <span class='ocrx_word' id='word_1_180' title='bbox 3025 1279 3114 1333; x_wconf 83' lang='grc' dir='ltr'>καὶ</span> <span class='ocrx_word' id='word_1_181' title='bbox 3146 1285 3226 1352; x_wconf 83' lang='grc' dir='ltr'>τῷ</span> <span class='ocrx_word' id='word_1_182' title='bbox 3257 1279 3445 1355; x_wconf 73' lang='grc' dir='ltr'>ψεύδει</span> <span class='ocrx_word' id='word_1_183' title='bbox 3486 1285 3580 1353; x_wconf 78' lang='grc' dir='ltr'>τήν</span> <span class='ocrx_word' id='word_1_184' title='bbox 3627 1283 3808 1339; x_wconf 74' lang='grc' dir='ltr'>οἰκείαν</span> 
     </span>
    </p>
   </div>
   <div class='ocr_carea' id='block_1_27' title="bbox 2183 1364 3808 1444">
    <p class='ocr_par' dir='ltr' id='par_1_27' title="bbox 2183 1364 3808 1444">
     <span class='ocr_line' id='line_1_27' title="bbox 2183 1364 3808 1444; baseline 0.005 -26"><span class='ocrx_word' id='word_1_185' title='bbox 2183 1364 2457 1440; x_wconf 83' lang='grc' dir='ltr'>σωτηρίαν</span> <span class='ocrx_word' id='word_1_186' title='bbox 2491 1365 2876 1438; x_wconf 72' lang='grc' dir='ltr'>πορισάμενον,</span> <span class='ocrx_word' id='word_1_187' title='bbox 2909 1366 2983 1427; x_wconf 83' lang='grc' dir='ltr'>ὡς</span> <span class='ocrx_word' id='word_1_188' title='bbox 3019 1369 3094 1438; x_wconf 76' lang='grc' dir='ltr'>μὴ</span> <span class='ocrx_word' id='word_1_189' title='bbox 3147 1369 3521 1443; x_wconf 74' lang='grc' dir='ltr'>ἀρνησάμενόν</span> <span class='ocrx_word' id='word_1_190' title='bbox 3582 1393 3642 1444; x_wconf 86' lang='grc' dir='ltr'>με</span> <span class='ocrx_word' id='word_1_191' title='bbox 3687 1373 3808 1444; x_wconf 80' lang='grc' dir='ltr'>μετά</span> 
     </span>
    </p>
   </div>
   <div class='ocr_carea' id='block_1_28' title="bbox 2183 1451 3808 1532">
    <p class='ocr_par' dir='ltr' id='par_1_28' title="bbox 2183 1451 3808 1532">
     <span class='ocr_line' id='line_1_28' title="bbox 2183 1451 3808 1532; baseline 0.004 -25"><span class='ocrx_word' id='word_1_192' title='bbox 2183 1459 2359 1532; x_wconf 76' lang='grc' dir='ltr'>χαρᾶς</span> <span class='ocrx_word' id='word_1_193' title='bbox 2417 1451 2806 1527; x_wconf 70' lang='grc' dir='ltr'>προσδεξομαι,</span> <span class='ocrx_word' id='word_1_194' title='bbox 2864 1454 2953 1509; x_wconf 78' lang='grc' dir='ltr'>καὶ</span> <span class='ocrx_word' id='word_1_195' title='bbox 3013 1458 3112 1524; x_wconf 86' lang='grc' dir='ltr'>τήν</span> <span class='ocrx_word' id='word_1_196' title='bbox 3170 1457 3468 1515; x_wconf 69' lang='grc' dir='ltr'>ἀνάκλασιν</span> <span class='ocrx_word' id='word_1_197' title='bbox 3533 1461 3684 1516; x_wconf 81' lang='grc' dir='ltr'>αὐτοῦ</span> <span class='ocrx_word' id='word_1_198' title='bbox 3727 1461 3808 1514; x_wconf 85' lang='grc' dir='ltr'>καὶ</span> 
     </span>
    </p>
   </div>
   <div class='ocr_carea' id='block_1_29' title="bbox 2180 1541 3809 1623">
    <p class='ocr_par' dir='ltr' id='par_1_29' title="bbox 2180 1541 3809 1623">
     <span class='ocr_line' id='line_1_29' title="bbox 2180 1541 3809 1623; baseline 0.005 -26"><span class='ocrx_word' id='word_1_199' title='bbox 2180 1544 2241 1598; x_wconf 85' lang='grc' dir='ltr'>τὸ</span> <span class='ocrx_word' id='word_1_200' title='bbox 2298 1541 2492 1616; x_wconf 73' lang='grc' dir='ltr'>ψεῦδος</span> <span class='ocrx_word' id='word_1_201' title='bbox 2553 1545 2627 1606; x_wconf 81' lang='grc' dir='ltr'>ὡς</span> <span class='ocrx_word' id='word_1_202' title='bbox 2685 1542 2932 1623; x_wconf 73' lang='grc' dir='ltr'>φυλακὴν</span> <span class='ocrx_word' id='word_1_203' title='bbox 2993 1546 3082 1600; x_wconf 85' lang='grc' dir='ltr'>καὶ</span> <span class='ocrx_word' id='word_1_204' title='bbox 3153 1550 3483 1618; x_wconf 71' lang='grc' dir='ltr'>συντήρησιν</span> <span class='ocrx_word' id='word_1_205' title='bbox 3533 1557 3628 1618; x_wconf 81' lang='grc' dir='ltr'>τῆς</span> <span class='ocrx_word' id='word_1_206' title='bbox 3684 1549 3809 1622; x_wconf 76' lang='grc' dir='ltr'>ἐμῆς</span> 
     </span>
    </p>
   </div>
   <div class='ocr_carea' id='block_1_30' title="bbox 2184 1632 3804 1713">
    <p class='ocr_par' dir='ltr' id='par_1_30' title="bbox 2184 1632 3804 1713">
     <span class='ocr_line' id='line_1_30' title="bbox 2184 1632 3804 1713; baseline 0.003 -25"><span class='ocrx_word' id='word_1_207' title='bbox 2184 1632 2483 1708; x_wconf 72' lang='grc' dir='ltr'>ὁμολογίας</span> <span class='ocrx_word' id='word_1_208' title='bbox 2515 1635 2816 1709; x_wconf 73' lang='grc' dir='ltr'>ἡγήσομαι.</span> <span class='ocrx_word' id='word_1_209' title='bbox 2853 1659 2880 1685; x_wconf 83' lang='grc'>››</span> <span class='ocrx_word' id='word_1_210' title='bbox 2914 1632 3068 1690; x_wconf 78' lang='grc' dir='ltr'>Ἀλλ’</span> <span class='ocrx_word' id='word_1_211' title='bbox 3114 1635 3208 1690; x_wconf 75' lang='grc' dir='ltr'>οὖν</span> <span class='ocrx_word' id='word_1_212' title='bbox 3261 1637 3434 1700; x_wconf 78' lang='grc' dir='ltr'>οὕτως</span> <span class='ocrx_word' id='word_1_213' title='bbox 3482 1637 3682 1713; x_wconf 82' lang='grc' dir='ltr'>ἔχοντες</span> <span class='ocrx_word' id='word_1_214' title='bbox 3723 1639 3804 1692; x_wconf 76' lang='grc' dir='ltr'>καὶ</span> 
     </span>
    </p>
   </div>
   <div class='ocr_carea' id='block_1_31' title="bbox 2181 1720 3803 1804">
    <p class='ocr_par' dir='ltr' id='par_1_31' title="bbox 2181 1720 3803 1804">
     <span class='ocr_line' id='line_1_31' title="bbox 2181 1720 3803 1804; baseline 0.002 -27"><span class='ocrx_word' id='word_1_215' title='bbox 2181 1724 2280 1792; x_wconf 67' lang='grc' dir='ltr'>τὴν</span> <span class='ocrx_word' id='word_1_216' title='bbox 2308 1727 2404 1776; x_wconf 75' lang='grc' dir='ltr'>τοῦ</span> <span class='ocrx_word' id='word_1_217' title='bbox 2435 1722 2639 1777; x_wconf 73' lang='grc' dir='ltr'>οἰκείου</span> <span class='ocrx_word' id='word_1_218' title='bbox 2683 1720 2959 1798; x_wconf 87' lang='grc' dir='ltr'>δόγματος</span> <span class='ocrx_word' id='word_1_219' title='bbox 3011 1723 3342 1802; x_wconf 79' lang='grc' dir='ltr'>ὁμολογίαν,</span> <span class='ocrx_word' id='word_1_220' title='bbox 3394 1725 3591 1782; x_wconf 74' lang='grc' dir='ltr'>ἐπειδὰν</span> <span class='ocrx_word' id='word_1_221' title='bbox 3637 1721 3803 1804; x_wconf 77' lang='grc' dir='ltr'>φοϐη-</span> 
     </span>
    </p>
   </div>
   <div class='ocr_carea' id='block_1_32' title="bbox 433 1801 2068 1888">
    <p class='ocr_par' dir='ltr' id='par_1_32' title="bbox 433 1813 2068 1886">
     <span class='ocr_line' id='line_1_32' title="bbox 433 1813 2068 1886; baseline -0.001 -17"><span class='ocrx_word' id='word_1_222' title='bbox 433 1813 802 1886; x_wconf 84' lang='lat' dir='ltr'>negationem</span> <span class='ocrx_word' id='word_1_223' title='bbox 858 1820 1142 1886; x_wconf 88' lang='lat' dir='ltr'>repetant,</span> <span class='ocrx_word' id='word_1_224' title='bbox 1193 1830 1324 1870; x_wconf 92' lang='lat' dir='ltr'>eum</span> <span class='ocrx_word' id='word_1_225' title='bbox 1394 1813 1798 1882; x_wconf 86' lang='lat' dir='ltr'>nihilominus,</span> <span class='ocrx_word' id='word_1_226' title='bbox 1854 1814 1951 1886; x_wconf 90' lang='lat' dir='ltr'><strong>qui</strong></span> <span class='ocrx_word' id='word_1_227' title='bbox 2001 1815 2068 1869; x_wconf 91' lang='lat' dir='ltr'>ad</span> 
     </span>
    </p>
   </div>
   <div class='ocr_carea' id='block_1_33' title="bbox 2184 1801 3798 1888">
    <p class='ocr_par' dir='ltr' id='par_1_33' title="bbox 2184 1811 3798 1888">
     <span class='ocr_line' id='line_1_33' title="bbox 2184 1811 3798 1888; baseline 0.002 -24"><span class='ocrx_word' id='word_1_228' title='bbox 2184 1812 2368 1880; x_wconf 77' lang='grc' dir='ltr'>θῶσιν,</span> <span class='ocrx_word' id='word_1_229' title='bbox 2428 1811 2666 1886; x_wconf 73' lang='grc' dir='ltr'>εὐχερῶς</span> <span class='ocrx_word' id='word_1_230' title='bbox 2735 1811 3132 1886; x_wconf 72' lang='grc' dir='ltr'>ἐξαρνούμενοι,</span> <span class='ocrx_word' id='word_1_231' title='bbox 3191 1816 3280 1868; x_wconf 81' lang='grc' dir='ltr'>καὶ</span> <span class='ocrx_word' id='word_1_232' title='bbox 3335 1813 3591 1888; x_wconf 77' lang='grc' dir='ltr'>μηδεμιᾶς</span> <span class='ocrx_word' id='word_1_233' title='bbox 3636 1813 3798 1875; x_wconf 80' lang='grc' dir='ltr'>αἰτίας</span> 
     </span>
    </p>
   </div>
   <div class='ocr_carea' id='block_1_34' title="bbox 429 1903 2071 1976">
    <p class='ocr_par' dir='ltr' id='par_1_34' title="bbox 429 1903 2071 1976">
     <span class='ocr_line' id='line_1_34' title="bbox 429 1903 2071 1976; baseline -0.001 -17"><span class='ocrx_word' id='word_1_234' title='bbox 429 1903 601 1959; x_wconf 87' lang='lat' dir='ltr'>breve</span> <span class='ocrx_word' id='word_1_235' title='bbox 642 1908 896 1974; x_wconf 79' lang='lat' dir='ltr'>tempus,</span> <span class='ocrx_word' id='word_1_236' title='bbox 947 1920 1079 1958; x_wconf 89' lang='lat' dir='ltr'>cum</span> <span class='ocrx_word' id='word_1_237' title='bbox 1120 1908 1205 1959; x_wconf 89' lang='lat' dir='ltr'>tot</span> <span class='ocrx_word' id='word_1_238' title='bbox 1245 1903 1633 1976; x_wconf 89' lang='lat' dir='ltr'>periculorum</span> <span class='ocrx_word' id='word_1_239' title='bbox 1680 1903 1925 1959; x_wconf 87' lang='lat' dir='ltr'>formido</span> <span class='ocrx_word' id='word_1_240' title='bbox 1956 1904 2071 1959; x_wconf 85' lang='lat' dir='ltr'>cir-</span> 
     </span>
    </p>
   </div>
   <div class='ocr_carea' id='block_1_35' title="bbox 427 1991 2067 2064">
    <p class='ocr_par' dir='ltr' id='par_1_35' title="bbox 427 1991 2067 2064">
     <span class='ocr_line' id='line_1_35' title="bbox 427 1991 2067 2064; baseline -0.002 -15"><span class='ocrx_word' id='word_1_241' title='bbox 427 2007 795 2063; x_wconf 88' lang='lat' dir='ltr'>cumquaque</span> <span class='ocrx_word' id='word_1_242' title='bbox 836 1994 1082 2059; x_wconf 84' lang='lat' dir='ltr'>adesset,</span> <span class='ocrx_word' id='word_1_243' title='bbox 1131 1993 1450 2047; x_wconf 90' lang='lat' dir='ltr'>humanum</span> <span class='ocrx_word' id='word_1_244' title='bbox 1501 1991 1794 2064; x_wconf 88' lang='lat' dir='ltr'>quidpiam</span> <span class='ocrx_word' id='word_1_245' title='bbox 1847 2009 2067 2063; x_wconf 88' lang='lat' dir='ltr'>passus,</span> 
     </span>
    </p>
   </div>
   <div class='ocr_carea' id='block_1_36' title="bbox 428 2080 2068 2152">
    <p class='ocr_par' dir='ltr' id='par_1_36' title="bbox 428 2080 2068 2152">
     <span class='ocr_line' id='line_1_36' title="bbox 428 2080 2068 2152; baseline -0.001 -17"><span class='ocrx_word' id='word_1_246' title='bbox 428 2085 493 2136; x_wconf 91' lang='lat' dir='ltr'>et</span> <span class='ocrx_word' id='word_1_247' title='bbox 521 2080 579 2135; x_wconf 93' lang='lat' dir='ltr'>in</span> <span class='ocrx_word' id='word_1_248' title='bbox 613 2080 1061 2152; x_wconf 85' lang='lat' dir='ltr'>abnegationem</span> <span class='ocrx_word' id='word_1_249' title='bbox 1093 2080 1370 2152; x_wconf 85' lang='lat' dir='ltr'>delapsus</span> <span class='ocrx_word' id='word_1_250' title='bbox 1401 2081 1608 2148; x_wconf 82' lang='lat' dir='ltr'>fuerat,</span> <span class='ocrx_word' id='word_1_251' title='bbox 1633 2081 1872 2136; x_wconf 91' lang='lat' dir='ltr'>omnino</span> <span class='ocrx_word' id='word_1_252' title='bbox 1921 2081 2068 2151; x_wconf 85' lang='lat' dir='ltr'>abji-</span> 
     </span>
    </p>
   </div>
   <div class='ocr_carea' id='block_1_37' title="bbox 425 2168 2068 2240">
    <p class='ocr_par' dir='ltr' id='par_1_37' title="bbox 425 2168 2068 2240">
     <span class='ocr_line' id='line_1_37' title="bbox 425 2168 2068 2240; baseline 0.001 -16"><span class='ocrx_word' id='word_1_253' title='bbox 425 2169 697 2225; x_wconf 90' lang='lat' dir='ltr'>ciendum</span> <span class='ocrx_word' id='word_1_254' title='bbox 738 2178 791 2224; x_wconf 89' lang='lat' dir='ltr'>et</span> <span class='ocrx_word' id='word_1_255' title='bbox 838 2168 1267 2240; x_wconf 85' lang='lat' dir='ltr'>repudiandum</span> <span class='ocrx_word' id='word_1_256' title='bbox 1317 2186 1447 2225; x_wconf 90' lang='lat' dir='ltr'>esse</span> <span class='ocrx_word' id='word_1_257' title='bbox 1495 2174 1783 2237; x_wconf 81' lang='lat' dir='ltr'>statuunt,</span> <span class='ocrx_word' id='word_1_258' title='bbox 1835 2187 1950 2226; x_wconf 91' lang='lat' dir='ltr'>non</span> <span class='ocrx_word' id='word_1_259' title='bbox 1996 2171 2068 2226; x_wconf 93' lang='lat' dir='ltr'>ob</span> 
     </span>
    </p>
   </div>
   <div class='ocr_carea' id='block_1_38' title="bbox 426 2256 2069 2330">
    <p class='ocr_par' dir='ltr' id='par_1_38' title="bbox 426 2256 2069 2330">
     <span class='ocr_line' id='line_1_38' title="bbox 426 2256 2069 2330; baseline 0 -16"><span class='ocrx_word' id='word_1_260' title='bbox 426 2258 769 2314; x_wconf 86' lang='lat' dir='ltr'>ementitam</span> <span class='ocrx_word' id='word_1_261' title='bbox 801 2256 982 2325; x_wconf 89' lang='lat' dir='ltr'>illam,</span> <span class='ocrx_word' id='word_1_262' title='bbox 1016 2275 1195 2329; x_wconf 89' lang='lat' dir='ltr'>quam</span> <span class='ocrx_word' id='word_1_263' title='bbox 1239 2259 1627 2330; x_wconf 76' lang='lat' dir='ltr'>praetendunt,</span> <span class='ocrx_word' id='word_1_264' title='bbox 1661 2274 1920 2328; x_wconf 88' lang='lat' dir='ltr'>causam,</span> <span class='ocrx_word' id='word_1_265' title='bbox 1969 2259 2069 2314; x_wconf 89' lang='lat' dir='ltr'>sed</span> 
     </span>
    </p>
   </div>
   <div class='ocr_carea' id='block_1_39' title="bbox 425 2345 2070 2418">
    <p class='ocr_par' dir='ltr' id='par_1_39' title="bbox 425 2345 2070 2418">
     <span class='ocr_line' id='line_1_39' title="bbox 425 2345 2070 2418; baseline 0.001 -16"><span class='ocrx_word' id='word_1_266' title='bbox 425 2348 498 2402; x_wconf 91' lang='lat' dir='ltr'>ob</span> <span class='ocrx_word' id='word_1_267' title='bbox 529 2347 728 2415; x_wconf 87' lang='lat' dir='ltr'>aliam,</span> <span class='ocrx_word' id='word_1_268' title='bbox 759 2363 924 2416; x_wconf 86' lang='lat' dir='ltr'>quam</span> <span class='ocrx_word' id='word_1_269' title='bbox 973 2347 1164 2414; x_wconf 88' lang='lat' dir='ltr'>silent,</span> <span class='ocrx_word' id='word_1_270' title='bbox 1212 2355 1264 2402; x_wconf 89' lang='lat' dir='ltr'>et</span> <span class='ocrx_word' id='word_1_271' title='bbox 1309 2345 1624 2414; x_wconf 86' lang='lat' dir='ltr'>occultant,</span> <span class='ocrx_word' id='word_1_272' title='bbox 1676 2347 1814 2418; x_wconf 88' lang='lat' dir='ltr'><strong>quia</strong></span> <span class='ocrx_word' id='word_1_273' title='bbox 1861 2362 2070 2418; x_wconf 86' lang='lat' dir='ltr'>nempe</span> 
     </span>
    </p>
   </div>
   <div class='ocr_carea' id='block_1_40' title="bbox 425 2435 2068 2506">
    <p class='ocr_par' dir='ltr' id='par_1_40' title="bbox 425 2435 2068 2506">
     <span class='ocr_line' id='line_1_40' title="bbox 425 2435 2068 2506; baseline 0 -14"><span class='ocrx_word' id='word_1_274' title='bbox 425 2437 494 2492; x_wconf 91' lang='lat' dir='ltr'>de</span> <span class='ocrx_word' id='word_1_275' title='bbox 535 2435 859 2492; x_wconf 78' lang='lat' dir='ltr'>defectione</span> <span class='ocrx_word' id='word_1_276' title='bbox 925 2435 1158 2490; x_wconf 91' lang='lat' dir='ltr'>illorum</span> <span class='ocrx_word' id='word_1_277' title='bbox 1205 2436 1620 2506; x_wconf 71' lang='lat' dir='ltr'>praenuntiavit</span> <span class='ocrx_word' id='word_1_278' title='bbox 1679 2435 1772 2491; x_wconf 91' lang='lat' dir='ltr'>his</span> <span class='ocrx_word' id='word_1_279' title='bbox 1838 2436 2068 2492; x_wconf 86' lang='lat' dir='ltr'>verbis:</span> 
     </span>
    </p>
   </div>
   <div class='ocr_carea' id='block_1_41' title="bbox 427 2523 2070 2593">
    <p class='ocr_par' dir='ltr' id='par_1_41' title="bbox 427 2523 2070 2593">
     <span class='ocr_line' id='line_1_41' title="bbox 427 2523 2070 2593; baseline 0.003 -17"><span class='ocrx_word' id='word_1_280' title='bbox 427 2545 456 2576; x_wconf 73' lang='grc' dir='ltr'>α</span> <span class='ocrx_word' id='word_1_281' title='bbox 488 2524 741 2593; x_wconf 80' lang='lat' dir='ltr'>Satagite</span> <span class='ocrx_word' id='word_1_282' title='bbox 791 2523 1148 2579; x_wconf 85' lang='lat' dir='ltr'>immaculati</span> <span class='ocrx_word' id='word_1_283' title='bbox 1199 2528 1257 2578; x_wconf 91' lang='lat' dir='ltr'>et</span> <span class='ocrx_word' id='word_1_284' title='bbox 1314 2524 1571 2580; x_wconf 86' lang='lat' dir='ltr'>inviolati</span> <span class='ocrx_word' id='word_1_285' title='bbox 1620 2524 1673 2580; x_wconf 90' lang='lat' dir='ltr'>ei</span> <span class='ocrx_word' id='word_1_286' title='bbox 1721 2524 1961 2581; x_wconf 84' lang='lat' dir='ltr'>inveniri</span> <span class='ocrx_word' id='word_1_287' title='bbox 2009 2525 2070 2581; x_wconf 89' lang='lat' dir='ltr'>in</span> 
     </span>
    </p>
   </div>
   <div class='ocr_carea' id='block_1_42' title="bbox 422 2612 2072 2684">
    <p class='ocr_par' dir='ltr' id='par_1_42' title="bbox 422 2612 2072 2684">
     <span class='ocr_line' id='line_1_42' title="bbox 422 2612 2072 2684; baseline 0.002 -17"><span class='ocrx_word' id='word_1_288' title='bbox 422 2629 582 2684; x_wconf 90' lang='lat' dir='ltr'>pace,</span> <span class='ocrx_word' id='word_1_289' title='bbox 612 2617 670 2667; x_wconf 90' lang='lat' dir='ltr'>et</span> <span class='ocrx_word' id='word_1_290' title='bbox 701 2612 930 2667; x_wconf 91' lang='lat' dir='ltr'>Domini</span> <span class='ocrx_word' id='word_1_291' title='bbox 966 2612 1149 2668; x_wconf 87' lang='lat' dir='ltr'>nostri</span> <span class='ocrx_word' id='word_1_292' title='bbox 1177 2613 1681 2684; x_wconf 88' lang='lat' dir='ltr'>longanimitatem</span> <span class='ocrx_word' id='word_1_293' title='bbox 1716 2613 1960 2670; x_wconf 77' lang='lat' dir='ltr'>salutem</span> <span class='ocrx_word' id='word_1_294' title='bbox 1986 2631 2072 2670; x_wconf 88' lang='lat' dir='ltr'>ar-</span> 
     </span>
    </p>
   </div>
   <div class='ocr_carea' id='block_1_43' title="bbox 428 2701 2070 2769">
    <p class='ocr_par' dir='ltr' id='par_1_43' title="bbox 428 2701 2070 2769">
     <span class='ocr_line' id='line_1_43' title="bbox 428 2701 2070 2769; baseline 0.002 -12"><span class='ocrx_word' id='word_1_295' title='bbox 428 2701 723 2757; x_wconf 91' lang='lat' dir='ltr'>bitremini</span> <span class='ocrx_word' id='word_1_296' title='bbox 749 2719 762 2769; x_wconf 88' lang='lat'><strong>;</strong></span> <span class='ocrx_word' id='word_1_297' title='bbox 797 2701 946 2758; x_wconf 88' lang='lat' dir='ltr'>sicut</span> <span class='ocrx_word' id='word_1_298' title='bbox 966 2707 1022 2758; x_wconf 88' lang='lat' dir='ltr'>et</span> <span class='ocrx_word' id='word_1_299' title='bbox 1043 2702 1418 2758; x_wconf 89' lang='lat' dir='ltr'>charissimus</span> <span class='ocrx_word' id='word_1_300' title='bbox 1438 2704 1613 2758; x_wconf 79' lang='lat' dir='ltr'>frater</span> <span class='ocrx_word' id='word_1_301' title='bbox 1634 2708 1832 2759; x_wconf 82' lang='lat' dir='ltr'>noster</span> <span class='ocrx_word' id='word_1_302' title='bbox 1851 2705 2070 2760; x_wconf 89' lang='lat' dir='ltr'>Paulus</span> 
     </span>
    </p>
   </div>
   <div class='ocr_carea' id='block_1_44' title="bbox 427 2792 2071 2865">
    <p class='ocr_par' dir='ltr' id='par_1_44' title="bbox 427 2792 2071 2865">
     <span class='ocr_line' id='line_1_44' title="bbox 427 2792 2071 2865; baseline 0.001 -17"><span class='ocrx_word' id='word_1_303' title='bbox 427 2792 755 2848; x_wconf 82' lang='lat' dir='ltr'>secundum</span> <span class='ocrx_word' id='word_1_304' title='bbox 787 2792 985 2847; x_wconf 88' lang='lat' dir='ltr'>datam</span> <span class='ocrx_word' id='word_1_305' title='bbox 1019 2792 1130 2847; x_wconf 91' lang='lat' dir='ltr'>sibi</span> <span class='ocrx_word' id='word_1_306' title='bbox 1163 2793 1511 2865; x_wconf 85' lang='lat' dir='ltr'>sapientiam</span> <span class='ocrx_word' id='word_1_307' title='bbox 1541 2794 1782 2865; x_wconf 88' lang='lat' dir='ltr'>scripsit</span> <span class='ocrx_word' id='word_1_308' title='bbox 1811 2793 1991 2862; x_wconf 92' lang='lat' dir='ltr'>vobis,</span> <span class='ocrx_word' id='word_1_309' title='bbox 2014 2798 2071 2850; x_wconf 91' lang='lat' dir='ltr'>et</span> 
     </span>
    </p>
   </div>
   <div class='ocr_carea' id='block_1_45' title="bbox 426 2880 2066 2954">
    <p class='ocr_par' dir='ltr' id='par_1_45' title="bbox 426 2880 2066 2954">
     <span class='ocr_line' id='line_1_45' title="bbox 426 2880 2066 2954; baseline 0.002 -20"><span class='ocrx_word' id='word_1_310' title='bbox 426 2880 487 2934; x_wconf 90' lang='lat' dir='ltr'>in</span> <span class='ocrx_word' id='word_1_311' title='bbox 536 2880 807 2936; x_wconf 88' lang='lat' dir='ltr'>omnibus</span> <span class='ocrx_word' id='word_1_312' title='bbox 867 2881 1142 2952; x_wconf 87' lang='lat' dir='ltr'>Epistolis</span> <span class='ocrx_word' id='word_1_313' title='bbox 1194 2882 1437 2954; x_wconf 91' lang='lat' dir='ltr'>loquens</span> <span class='ocrx_word' id='word_1_314' title='bbox 1486 2883 1542 2937; x_wconf 94' lang='lat' dir='ltr'>in</span> <span class='ocrx_word' id='word_1_315' title='bbox 1598 2883 1682 2939; x_wconf 89' lang='lat' dir='ltr'>eis</span> <span class='ocrx_word' id='word_1_316' title='bbox 1741 2885 1810 2938; x_wconf 93' lang='lat' dir='ltr'>de</span> <span class='ocrx_word' id='word_1_317' title='bbox 1857 2883 1952 2938; x_wconf 91' lang='lat' dir='ltr'>his</span> <span class='ocrx_word' id='word_1_318' title='bbox 2009 2885 2066 2938; x_wconf 93' lang='lat' dir='ltr'>in</span> 
     </span>
    </p>
   </div>
   <div class='ocr_carea' id='block_1_46' title="bbox 427 2968 2070 3044">
    <p class='ocr_par' dir='ltr' id='par_1_46' title="bbox 427 2968 2070 3044">
     <span class='ocr_line' id='line_1_46' title="bbox 427 2968 2070 3044; baseline 0.004 -21"><span class='ocrx_word' id='word_1_319' title='bbox 427 2968 643 3040; x_wconf 81' lang='lat' dir='ltr'>quibus</span> <span class='ocrx_word' id='word_1_320' title='bbox 661 2971 1073 3042; x_wconf 73' lang='lat' dir='ltr'>suntquazdam</span> <span class='ocrx_word' id='word_1_321' title='bbox 1092 2970 1685 3039; x_wconf 82' lang='lat' dir='ltr'>difficiliainlellectu,</span> <span class='ocrx_word' id='word_1_322' title='bbox 1708 2990 1832 3044; x_wconf 64' lang='lat' dir='ltr'>quat</span> <span class='ocrx_word' id='word_1_323' title='bbox 1852 2973 2070 3030; x_wconf 83' lang='lat' dir='ltr'>indocti</span> 
     </span>
    </p>
   </div>
   <div class='ocr_carea' id='block_1_47' title="bbox 423 3059 2070 3135">
    <p class='ocr_par' dir='ltr' id='par_1_47' title="bbox 423 3059 2070 3135">
     <span class='ocr_line' id='line_1_47' title="bbox 423 3059 2070 3135; baseline 0.002 -20"><span class='ocrx_word' id='word_1_324' title='bbox 423 3062 480 3115; x_wconf 88' lang='lat' dir='ltr'>et</span> <span class='ocrx_word' id='word_1_325' title='bbox 507 3059 814 3117; x_wconf 81' lang='lat' dir='ltr'>instabiles</span> <span class='ocrx_word' id='word_1_326' title='bbox 845 3061 1180 3133; x_wconf 87' lang='lat' dir='ltr'>depravant,</span> <span class='ocrx_word' id='word_1_327' title='bbox 1214 3061 1362 3116; x_wconf 86' lang='lat' dir='ltr'>sicut</span> <span class='ocrx_word' id='word_1_328' title='bbox 1392 3065 1450 3116; x_wconf 88' lang='lat' dir='ltr'>et</span> <span class='ocrx_word' id='word_1_329' title='bbox 1481 3067 1716 3118; x_wconf 70' lang='lat' dir='ltr'>caeteras</span> <span class='ocrx_word' id='word_1_330' title='bbox 1740 3063 2070 3135; x_wconf 90' lang='lat' dir='ltr'>Scripturas</span> 
     </span>
    </p>
   </div>
   <div class='ocr_carea' id='block_1_48' title="bbox 2183 1900 3802 1979">
    <p class='ocr_par' dir='ltr' id='par_1_48' title="bbox 2183 1900 3802 1979">
     <span class='ocr_line' id='line_1_48' title="bbox 2183 1900 3802 1979; baseline 0.002 -25"><span class='ocrx_word' id='word_1_331' title='bbox 2183 1900 2511 1962; x_wconf 64' lang='grc' dir='ltr'>ὑπευθύνους</span> <span class='ocrx_word' id='word_1_332' title='bbox 2553 1901 2846 1976; x_wconf 67' lang='grc' dir='ltr'>φάσκοντες</span> <span class='ocrx_word' id='word_1_333' title='bbox 2908 1901 3158 1971; x_wconf 69' lang='grc' dir='ltr'>ἑαυτοὺς,</span> <span class='ocrx_word' id='word_1_334' title='bbox 3211 1903 3306 1958; x_wconf 71' lang='grc' dir='ltr'>κᾶν</span> <span class='ocrx_word' id='word_1_335' title='bbox 3359 1904 3601 1979; x_wconf 84' lang='grc' dir='ltr'>μυριάκις</span> <span class='ocrx_word' id='word_1_336' title='bbox 3664 1902 3802 1978; x_wconf 73' lang='grc' dir='ltr'>ἔξαρ-</span> 
     </span>
    </p>
   </div>
   <div class='ocr_carea' id='block_1_49' title="bbox 2180 1988 3799 2067">
    <p class='ocr_par' dir='ltr' id='par_1_49' title="bbox 2180 1988 3799 2067">
     <span class='ocr_line' id='line_1_49' title="bbox 2180 1988 3799 2067; baseline 0.002 -25"><span class='ocrx_word' id='word_1_337' title='bbox 2180 2010 2261 2043; x_wconf 89' lang='grc' dir='ltr'>νοι</span> <span class='ocrx_word' id='word_1_338' title='bbox 2311 1988 2592 2063; x_wconf 85' lang='grc' dir='ltr'>γένωνται,</span> <span class='ocrx_word' id='word_1_339' title='bbox 2655 1989 2806 2044; x_wconf 81' lang='grc' dir='ltr'>αὐτοὶ</span> <span class='ocrx_word' id='word_1_340' title='bbox 2852 1991 2946 2045; x_wconf 84' lang='grc' dir='ltr'>τὸν</span> <span class='ocrx_word' id='word_1_341' title='bbox 3002 1992 3140 2066; x_wconf 83' lang='grc' dir='ltr'>πρὸς</span> <span class='ocrx_word' id='word_1_342' title='bbox 3189 1994 3366 2067; x_wconf 78' lang='grc' dir='ltr'>βραχῦ</span> <span class='ocrx_word' id='word_1_343' title='bbox 3415 2015 3486 2060; x_wconf 85' lang='grc' dir='ltr'>τι,</span> <span class='ocrx_word' id='word_1_344' title='bbox 3543 1994 3799 2046; x_wconf 80' lang='grc' dir='ltr'>τοσούτων</span> 
     </span>
    </p>
   </div>
   <div class='ocr_carea' id='block_1_50' title="bbox 2179 2073 3790 2156">
    <p class='ocr_par' dir='ltr' id='par_1_50' title="bbox 2179 2073 3790 2156">
     <span class='ocr_line' id='line_1_50' title="bbox 2179 2073 3790 2156; baseline 0 -24"><span class='ocrx_word' id='word_1_345' title='bbox 2179 2073 2366 2156; x_wconf 74' lang='grc' dir='ltr'>φόϐων</span> <span class='ocrx_word' id='word_1_346' title='bbox 2423 2079 2878 2151; x_wconf 82' lang='grc' dir='ltr'>περιεστηκότων,</span> <span class='ocrx_word' id='word_1_347' title='bbox 2945 2080 3276 2155; x_wconf 84' lang='grc' dir='ltr'>ἀνθρώπινόν</span> <span class='ocrx_word' id='word_1_348' title='bbox 3320 2102 3369 2134; x_wconf 88' lang='grc' dir='ltr'>τι</span> <span class='ocrx_word' id='word_1_349' title='bbox 3429 2080 3654 2135; x_wconf 86' lang='grc' dir='ltr'>παθόντα</span> <span class='ocrx_word' id='word_1_350' title='bbox 3706 2078 3790 2133; x_wconf 81' lang='grc' dir='ltr'>καὶ</span> 
     </span>
    </p>
   </div>
   <div class='ocr_carea' id='block_1_51' title="bbox 2179 2164 3788 2242">
    <p class='ocr_par' dir='ltr' id='par_1_51' title="bbox 2179 2164 3788 2242">
     <span class='ocr_line' id='line_1_51' title="bbox 2179 2164 3788 2242; baseline 0.001 -21"><span class='ocrx_word' id='word_1_351' title='bbox 2179 2168 2313 2241; x_wconf 82' lang='grc' dir='ltr'>πρὸς</span> <span class='ocrx_word' id='word_1_352' title='bbox 2369 2167 2588 2242; x_wconf 82' lang='grc' dir='ltr'>ἄρνησιν</span> <span class='ocrx_word' id='word_1_353' title='bbox 2651 2166 3108 2239; x_wconf 71' lang='grc' dir='ltr'>ὑπολισθήσαντα,</span> <span class='ocrx_word' id='word_1_354' title='bbox 3156 2164 3461 2239; x_wconf 74' lang='grc' dir='ltr'>ἀπόϐλητον</span> <span class='ocrx_word' id='word_1_355' title='bbox 3525 2166 3788 2230; x_wconf 81' lang='grc' dir='ltr'>παντελῶς</span> 
     </span>
    </p>
   </div>
   <div class='ocr_carea' id='block_1_52' title="bbox 2179 2255 3795 2336">
    <p class='ocr_par' dir='ltr' id='par_1_52' title="bbox 2179 2255 3795 2336">
     <span class='ocr_line' id='line_1_52' title="bbox 2179 2255 3795 2336; baseline -0.001 -25"><span class='ocrx_word' id='word_1_356' title='bbox 2179 2257 2266 2311; x_wconf 83' lang='grc' dir='ltr'>καὶ</span> <span class='ocrx_word' id='word_1_357' title='bbox 2300 2257 2671 2331; x_wconf 75' lang='grc' dir='ltr'>ἀποτρόπαιον</span> <span class='ocrx_word' id='word_1_358' title='bbox 2717 2258 2975 2328; x_wconf 77' lang='grc' dir='ltr'>τίθενται,</span> <span class='ocrx_word' id='word_1_359' title='bbox 3028 2259 3087 2314; x_wconf 82' lang='grc' dir='ltr'>οὖ</span> <span class='ocrx_word' id='word_1_360' title='bbox 3144 2255 3212 2312; x_wconf 87' lang='grc' dir='ltr'>δι’</span> <span class='ocrx_word' id='word_1_361' title='bbox 3267 2260 3297 2313; x_wconf 87' lang='grc' dir='ltr'>’ὸ</span> <span class='ocrx_word' id='word_1_362' title='bbox 3352 2260 3457 2328; x_wconf 80' lang='grc'>(53)</span> <span class='ocrx_word' id='word_1_363' title='bbox 3510 2256 3795 2336; x_wconf 70' lang='grc' dir='ltr'>προσφασί-</span> 
     </span>
    </p>
   </div>
   <div class='ocr_carea' id='block_1_53' title="bbox 2183 2345 3798 2423">
    <p class='ocr_par' dir='ltr' id='par_1_53' title="bbox 2183 2345 3798 2423">
     <span class='ocr_line' id='line_1_53' title="bbox 2183 2345 3798 2423; baseline 0 -23"><span class='ocrx_word' id='word_1_364' title='bbox 2183 2351 2385 2414; x_wconf 85' lang='grc' dir='ltr'>ζονται,</span> <span class='ocrx_word' id='word_1_365' title='bbox 2443 2346 2568 2402; x_wconf 83' lang='grc' dir='ltr'>ἀλλ’</span> <span class='ocrx_word' id='word_1_366' title='bbox 2627 2347 2655 2402; x_wconf 76' lang='grc' dir='ltr'>’ὁ</span> <span class='ocrx_word' id='word_1_367' title='bbox 2714 2353 2903 2422; x_wconf 81' lang='grc' dir='ltr'>σιγῶσι</span> <span class='ocrx_word' id='word_1_368' title='bbox 2970 2349 3056 2402; x_wconf 78' lang='grc' dir='ltr'>καὶ</span> <span class='ocrx_word' id='word_1_369' title='bbox 3138 2347 3583 2423; x_wconf 75' lang='grc' dir='ltr'>ἀποκρύπτονται.</span> <span class='ocrx_word' id='word_1_370' title='bbox 3655 2345 3798 2402; x_wconf 86' lang='grc' dir='ltr'>Διότι</span> 
     </span>
    </p>
   </div>
   <div class='ocr_carea' id='block_1_54' title="bbox 2181 2434 3788 2509">
    <p class='ocr_par' dir='ltr' id='par_1_54' title="bbox 2181 2434 3788 2509">
     <span class='ocr_line' id='line_1_54' title="bbox 2181 2434 3788 2509; baseline -0.001 -19"><span class='ocrx_word' id='word_1_371' title='bbox 2181 2437 2302 2504; x_wconf 74' lang='grc' dir='ltr'>περὶ</span> <span class='ocrx_word' id='word_1_372' title='bbox 2366 2443 2465 2504; x_wconf 82' lang='grc' dir='ltr'>τῆς</span> <span class='ocrx_word' id='word_1_373' title='bbox 2535 2436 2862 2498; x_wconf 85' lang='grc' dir='ltr'>ἁποστασίας</span> <span class='ocrx_word' id='word_1_374' title='bbox 2919 2435 3094 2492; x_wconf 81' lang='grc' dir='ltr'>αὐτῶν</span> <span class='ocrx_word' id='word_1_375' title='bbox 3159 2437 3544 2509; x_wconf 74' lang='grc' dir='ltr'>προανεκήρυξι</span> <span class='ocrx_word' id='word_1_376' title='bbox 3598 2434 3788 2509; x_wconf 63' lang='grc' dir='ltr'>λὲγων,</span> 
     </span>
    </p>
   </div>
   <div class='ocr_carea' id='block_1_55' title="bbox 2187 2523 3802 2600">
    <p class='ocr_par' dir='ltr' id='par_1_55' title="bbox 2187 2523 3802 2600">
     <span class='ocr_line' id='line_1_55' title="bbox 2187 2523 3802 2600; baseline -0.001 -19"><span class='ocrx_word' id='word_1_377' title='bbox 2187 2523 2588 2581; x_wconf 76' lang='grc' dir='ltr'>αΣπουδάσατε</span> <span class='ocrx_word' id='word_1_378' title='bbox 2635 2528 2749 2598; x_wconf 76' lang='grc'>(54)</span> <span class='ocrx_word' id='word_1_379' title='bbox 2800 2525 3024 2581; x_wconf 73' lang='grc' dir='ltr'>ἄσπιλοι</span> <span class='ocrx_word' id='word_1_380' title='bbox 3069 2526 3157 2580; x_wconf 81' lang='grc' dir='ltr'>καὶ</span> <span class='ocrx_word' id='word_1_381' title='bbox 3210 2524 3432 2599; x_wconf 79' lang='grc' dir='ltr'>ἄμωμοι</span> <span class='ocrx_word' id='word_1_382' title='bbox 3480 2525 3622 2596; x_wconf 78' lang='grc' dir='ltr'>αὖτῷ</span> <span class='ocrx_word' id='word_1_383' title='bbox 3667 2525 3802 2600; x_wconf 81' lang='grc' dir='ltr'>εὑρε-</span> 
     </span>
    </p>
   </div>
   <div class='ocr_carea' id='block_1_56' title="bbox 2181 2615 3800 2690">
    <p class='ocr_par' dir='ltr' id='par_1_56' title="bbox 2181 2615 3800 2690">
     <span class='ocr_line' id='line_1_56' title="bbox 2181 2615 3800 2690; baseline 0 -21"><span class='ocrx_word' id='word_1_384' title='bbox 2181 2617 2335 2684; x_wconf 80' lang='grc' dir='ltr'>Θῆναι</span> <span class='ocrx_word' id='word_1_385' title='bbox 2367 2615 2417 2670; x_wconf 87' lang='grc' dir='ltr'>ἐν</span> <span class='ocrx_word' id='word_1_386' title='bbox 2462 2615 2671 2690; x_wconf 73' lang='grc' dir='ltr'>εῗρήνῃ,</span> <span class='ocrx_word' id='word_1_387' title='bbox 2722 2617 2810 2670; x_wconf 81' lang='grc' dir='ltr'>καὶ</span> <span class='ocrx_word' id='word_1_388' title='bbox 2858 2617 2956 2684; x_wconf 80' lang='grc' dir='ltr'>τήν</span> <span class='ocrx_word' id='word_1_389' title='bbox 3004 2619 3102 2670; x_wconf 70' lang='grc' dir='ltr'>τοῦ</span> <span class='ocrx_word' id='word_1_390' title='bbox 3153 2615 3350 2690; x_wconf 87' lang='grc' dir='ltr'>Κυρίου</span> <span class='ocrx_word' id='word_1_391' title='bbox 3405 2617 3560 2688; x_wconf 75' lang='grc' dir='ltr'>ἡμῶν</span> <span class='ocrx_word' id='word_1_392' title='bbox 3607 2634 3800 2687; x_wconf 73' lang='grc' dir='ltr'>μακροο</span> 
     </span>
    </p>
   </div>
   <div class='ocr_carea' id='block_1_57' title="bbox 2179 2703 3803 2780">
    <p class='ocr_par' dir='ltr' id='par_1_57' title="bbox 2179 2703 3803 2780">
     <span class='ocr_line' id='line_1_57' title="bbox 2179 2703 3803 2780; baseline -0.002 -21"><span class='ocrx_word' id='word_1_393' title='bbox 2179 2704 2372 2777; x_wconf 85' lang='grc' dir='ltr'>Θυμίαν</span> <span class='ocrx_word' id='word_1_394' title='bbox 2443 2706 2717 2779; x_wconf 85' lang='grc' dir='ltr'>σωτηρίαν</span> <span class='ocrx_word' id='word_1_395' title='bbox 2778 2706 3014 2780; x_wconf 77' lang='grc' dir='ltr'>ἡγεῖσθε,</span> <span class='ocrx_word' id='word_1_396' title='bbox 3076 2706 3260 2766; x_wconf 84' lang='grc' dir='ltr'>καθὼς</span> <span class='ocrx_word' id='word_1_397' title='bbox 3315 2705 3406 2760; x_wconf 86' lang='grc' dir='ltr'>καὶ</span> <span class='ocrx_word' id='word_1_398' title='bbox 3457 2706 3482 2758; x_wconf 92' lang='grc' dir='ltr'>ὁ</span> <span class='ocrx_word' id='word_1_399' title='bbox 3538 2703 3803 2778; x_wconf 82' lang='grc' dir='ltr'>ἀγαπητὸς</span> 
     </span>
    </p>
   </div>
   <div class='ocr_carea' id='block_1_58' title="bbox 2179 2786 3800 2871">
    <p class='ocr_par' dir='ltr' id='par_1_58' title="bbox 2179 2786 3800 2871">
     <span class='ocr_line' id='line_1_58' title="bbox 2179 2786 3800 2871; baseline -0.002 -23"><span class='ocrx_word' id='word_1_400' title='bbox 2179 2796 2338 2867; x_wconf 79' lang='grc' dir='ltr'>ἡμῶν</span> <span class='ocrx_word' id='word_1_401' title='bbox 2371 2793 2586 2855; x_wconf 76' lang='grc' dir='ltr'>Ηαῦλος</span> <span class='ocrx_word' id='word_1_402' title='bbox 2617 2797 2752 2850; x_wconf 87' lang='grc' dir='ltr'>κατὰ</span> <span class='ocrx_word' id='word_1_403' title='bbox 2777 2796 2876 2863; x_wconf 83' lang='grc' dir='ltr'>τήν</span> <span class='ocrx_word' id='word_1_404' title='bbox 2931 2791 3180 2849; x_wconf 84' lang='grc' dir='ltr'>δοθεῖσαν</span> <span class='ocrx_word' id='word_1_405' title='bbox 3239 2794 3387 2862; x_wconf 79' lang='grc' dir='ltr'>αὖτῷ</span> <span class='ocrx_word' id='word_1_406' title='bbox 3430 2791 3604 2871; x_wconf 79' lang='grc' dir='ltr'>σοφίαν</span> <span class='ocrx_word' id='word_1_407' title='bbox 3652 2786 3800 2865; x_wconf 80' lang='grc' dir='ltr'>ἔγρα-</span> 
     </span>
    </p>
   </div>
   <div class='ocr_carea' id='block_1_59' title="bbox 2179 2879 3798 2957">
    <p class='ocr_par' dir='ltr' id='par_1_59' title="bbox 2179 2879 3798 2957">
     <span class='ocr_line' id='line_1_59' title="bbox 2179 2879 3798 2957; baseline -0.003 -18"><span class='ocrx_word' id='word_1_408' title='bbox 2179 2886 2272 2956; x_wconf 80' lang='grc' dir='ltr'>ψεν</span> <span class='ocrx_word' id='word_1_409' title='bbox 2308 2885 2456 2957; x_wconf 86' lang='grc' dir='ltr'>ὑμῖν,</span> <span class='ocrx_word' id='word_1_410' title='bbox 2498 2885 2586 2938; x_wconf 81' lang='grc' dir='ltr'>καὶ</span> <span class='ocrx_word' id='word_1_411' title='bbox 2628 2883 2678 2939; x_wconf 80' lang='grc' dir='ltr'>ἐν</span> <span class='ocrx_word' id='word_1_412' title='bbox 2725 2890 2919 2946; x_wconf 81' lang='grc' dir='ltr'>πασαῖς</span> <span class='ocrx_word' id='word_1_413' title='bbox 2967 2889 3084 2946; x_wconf 83' lang='grc' dir='ltr'>ταῖς</span> <span class='ocrx_word' id='word_1_414' title='bbox 3138 2883 3479 2945; x_wconf 79' lang='grc' dir='ltr'>Ἐπιπολαῖς</span> <span class='ocrx_word' id='word_1_415' title='bbox 3526 2882 3674 2936; x_wconf 73' lang='grc' dir='ltr'>αὐτοῦ</span> <span class='ocrx_word' id='word_1_416' title='bbox 3713 2879 3798 2935; x_wconf 83' lang='grc' dir='ltr'>λα·</span> 
     </span>
    </p>
   </div>
   <div class='ocr_carea' id='block_1_60' title="bbox 2181 2969 3805 3046">
    <p class='ocr_par' dir='ltr' id='par_1_60' title="bbox 2181 2969 3805 3046">
     <span class='ocr_line' id='line_1_60' title="bbox 2181 2969 3805 3046; baseline -0.003 -18"><span class='ocrx_word' id='word_1_417' title='bbox 2181 2972 2291 3028; x_wconf 82' lang='grc' dir='ltr'>λῶν</span> <span class='ocrx_word' id='word_1_418' title='bbox 2333 2973 2384 3028; x_wconf 85' lang='grc' dir='ltr'>ἐν</span> <span class='ocrx_word' id='word_1_419' title='bbox 2438 2972 2619 3034; x_wconf 81' lang='grc' dir='ltr'>αὐταῖς</span> <span class='ocrx_word' id='word_1_420' title='bbox 2658 2972 2780 3046; x_wconf 83' lang='grc' dir='ltr'>περὶ</span> <span class='ocrx_word' id='word_1_421' title='bbox 2841 2973 3074 3041; x_wconf 81' lang='grc' dir='ltr'>τούτων,</span> <span class='ocrx_word' id='word_1_422' title='bbox 3133 2972 3188 3028; x_wconf 80' lang='grc' dir='ltr'>ἒν</span> <span class='ocrx_word' id='word_1_423' title='bbox 3248 2975 3336 3035; x_wconf 77' lang='grc' dir='ltr'>οἷς</span> <span class='ocrx_word' id='word_1_424' title='bbox 3394 2973 3501 3027; x_wconf 77' lang='grc' dir='ltr'>ἐστι</span> <span class='ocrx_word' id='word_1_425' title='bbox 3556 2969 3805 3039; x_wconf 76' lang='grc' dir='ltr'>δυσνόητά</span> 
     </span>
    </p>
   </div>
   <div class='ocr_carea' id='block_1_61' title="bbox 2180 3057 3804 3136">
    <p class='ocr_par' dir='ltr' id='par_1_61' title="bbox 2180 3057 3804 3136">
     <span class='ocr_line' id='line_1_61' title="bbox 2180 3057 3804 3136; baseline -0.004 -19"><span class='ocrx_word' id='word_1_426' title='bbox 2180 3083 2320 3132; x_wconf 86' lang='grc' dir='ltr'>τινα,</span> <span class='ocrx_word' id='word_1_427' title='bbox 2353 3062 2386 3116; x_wconf 82' lang='grc' dir='ltr'>’ὰ</span> <span class='ocrx_word' id='word_1_428' title='bbox 2436 3064 2485 3117; x_wconf 73' lang='grc' dir='ltr'>οἱ</span> <span class='ocrx_word' id='word_1_429' title='bbox 2536 3063 2760 3136; x_wconf 83' lang='grc' dir='ltr'>ἀμαθεῖς</span> <span class='ocrx_word' id='word_1_430' title='bbox 2809 3062 2898 3118; x_wconf 84' lang='grc' dir='ltr'>καὶ</span> <span class='ocrx_word' id='word_1_431' title='bbox 2947 3063 3270 3134; x_wconf 82' lang='grc' dir='ltr'>ἀστήρικτοι</span> <span class='ocrx_word' id='word_1_432' title='bbox 3320 3057 3684 3136; x_wconf 77' lang='grc' dir='ltr'>στρεϐλοῦσιν,</span> <span class='ocrx_word' id='word_1_433' title='bbox 3737 3059 3804 3120; x_wconf 86' lang='grc' dir='ltr'>ὡς</span> 
     </span>
    </p>
   </div>
   <div class='ocr_carea' id='block_1_62' title="bbox 424 3122 2068 3226">
    <p class='ocr_par' dir='ltr' id='par_1_62' title="bbox 424 3122 2068 3224">
     <span class='ocr_line' id='line_1_62' title="bbox 424 3122 2068 3224; baseline 0.003 -20"><span class='ocrx_word' id='word_1_434' title='bbox 424 3149 497 3204; x_wconf 91' lang='lat' dir='ltr'>ad</span> <span class='ocrx_word' id='word_1_435' title='bbox 521 3165 683 3204; x_wconf 91' lang='lat' dir='ltr'>suam</span> <span class='ocrx_word' id='word_1_436' title='bbox 709 3122 966 3222; x_wconf 77' lang='lat' dir='ltr'>ipsorum</span> <span class='ocrx_word' id='word_1_437' title='bbox 994 3122 1439 3222; x_wconf 79' lang='lat' dir='ltr'>perditionem.»</span> <span class='ocrx_word' id='word_1_438' title='bbox 1465 3151 1610 3208; x_wconf 88' lang='lat' dir='ltr'>Nam</span> <span class='ocrx_word' id='word_1_439' title='bbox 1635 3151 1756 3208; x_wconf 78' lang='lat' dir='ltr'>hzec</span> <span class='ocrx_word' id='word_1_440' title='bbox 1779 3122 2068 3224; x_wconf 65' lang='lat' dir='ltr'>coryphei</span> 
     </span>
    </p>
   </div>
   <div class='ocr_carea' id='block_1_63' title="bbox 2184 3122 3806 3226">
    <p class='ocr_par' dir='ltr' id='par_1_63' title="bbox 2184 3148 3806 3226">
     <span class='ocr_line' id='line_1_63' title="bbox 2184 3148 3806 3226; baseline -0.003 -18"><span class='ocrx_word' id='word_1_441' title='bbox 2184 3151 2270 3208; x_wconf 86' lang='grc' dir='ltr'>καὶ</span> <span class='ocrx_word' id='word_1_442' title='bbox 2333 3152 2428 3213; x_wconf 83' lang='grc' dir='ltr'>τὰς</span> <span class='ocrx_word' id='word_1_443' title='bbox 2497 3151 2695 3213; x_wconf 77' lang='grc' dir='ltr'>λοιπὰς</span> <span class='ocrx_word' id='word_1_444' title='bbox 2773 3152 2985 3226; x_wconf 73' lang='grc' dir='ltr'>Γραφὰς</span> <span class='ocrx_word' id='word_1_445' title='bbox 3050 3154 3187 3226; x_wconf 88' lang='grc' dir='ltr'>πρὸς</span> <span class='ocrx_word' id='word_1_446' title='bbox 3259 3153 3352 3220; x_wconf 70' lang='grc' dir='ltr'>τὴν</span> <span class='ocrx_word' id='word_1_447' title='bbox 3435 3148 3573 3204; x_wconf 74' lang='grc' dir='ltr'>ἰδίαν</span> <span class='ocrx_word' id='word_1_448' title='bbox 3637 3149 3806 3204; x_wconf 77' lang='grc' dir='ltr'>αὕτῶν</span> 
     </span>
    </p>
   </div>
   <div class='ocr_carea' id='block_1_64' title="bbox 433 3238 2073 3316">
    <p class='ocr_par' dir='ltr' id='par_1_64' title="bbox 433 3238 2073 3316">
     <span class='ocr_line' id='line_1_64' title="bbox 433 3238 2073 3316; baseline 0.002 -20"><span class='ocrx_word' id='word_1_449' title='bbox 433 3238 668 3312; x_wconf 88' lang='lat' dir='ltr'>eloquia</span> <span class='ocrx_word' id='word_1_450' title='bbox 699 3243 957 3312; x_wconf 90' lang='lat' dir='ltr'>ipsorum</span> <span class='ocrx_word' id='word_1_451' title='bbox 991 3243 1298 3298; x_wconf 87' lang='lat' dir='ltr'>audaciam</span> <span class='ocrx_word' id='word_1_452' title='bbox 1330 3248 1387 3298; x_wconf 89' lang='lat' dir='ltr'>et</span> <span class='ocrx_word' id='word_1_453' title='bbox 1414 3242 1772 3314; x_wconf 89' lang='lat' dir='ltr'>impietatem</span> <span class='ocrx_word' id='word_1_454' title='bbox 1802 3261 2073 3316; x_wconf 63' lang='lat' dir='ltr'>praenun-</span> 
     </span>
    </p>
   </div>
   <div class='ocr_carea' id='block_1_65' title="bbox 423 3329 2074 3404">
    <p class='ocr_par' dir='ltr' id='par_1_65' title="bbox 423 3329 2074 3404">
     <span class='ocr_line' id='line_1_65' title="bbox 423 3329 2074 3404; baseline 0.003 -20"><span class='ocrx_word' id='word_1_455' title='bbox 423 3329 600 3394; x_wconf 88' lang='lat' dir='ltr'>tiant,</span> <span class='ocrx_word' id='word_1_456' title='bbox 625 3330 724 3400; x_wconf 92' lang='lat' dir='ltr'><strong>qui</strong></span> <span class='ocrx_word' id='word_1_457' title='bbox 761 3331 889 3402; x_wconf 90' lang='lat' dir='ltr'>ipsa</span> <span class='ocrx_word' id='word_1_458' title='bbox 920 3331 1149 3386; x_wconf 89' lang='lat' dir='ltr'>Domini</span> <span class='ocrx_word' id='word_1_459' title='bbox 1183 3332 1434 3403; x_wconf 89' lang='lat' dir='ltr'>eloquia,</span> <span class='ocrx_word' id='word_1_460' title='bbox 1469 3349 1574 3389; x_wconf 91' lang='lat' dir='ltr'>nec</span> <span class='ocrx_word' id='word_1_461' title='bbox 1614 3351 1728 3389; x_wconf 91' lang='lat' dir='ltr'>non</span> <span class='ocrx_word' id='word_1_462' title='bbox 1760 3335 2074 3404; x_wconf 86' lang='lat' dir='ltr'>apostolica</span> 
     </span>
    </p>
   </div>
   <div class='ocr_carea' id='block_1_66' title="bbox 437 3417 2072 3492">
    <p class='ocr_par' dir='ltr' id='par_1_66' title="bbox 437 3417 2072 3492">
     <span class='ocr_line' id='line_1_66' title="bbox 437 3417 2072 3492; baseline 0.004 -20"><span class='ocrx_word' id='word_1_463' title='bbox 437 3417 701 3489; x_wconf 87' lang='lat' dir='ltr'>aliasque</span> <span class='ocrx_word' id='word_1_464' title='bbox 719 3420 1283 3491; x_wconf 87' lang='lat' dir='ltr'>Scripturas,nempe</span> <span class='ocrx_word' id='word_1_465' title='bbox 1307 3425 1475 3476; x_wconf 84' lang='lat' dir='ltr'>Actus</span> <span class='ocrx_word' id='word_1_466' title='bbox 1492 3421 1882 3492; x_wconf 88' lang='lat' dir='ltr'>apostolorum</span> <span class='ocrx_word' id='word_1_467' title='bbox 1904 3425 2072 3478; x_wconf 87' lang='lat' dir='ltr'>etCa-</span> 
     </span>
    </p>
   </div>
   <div class='ocr_carea' id='block_1_67' title="bbox 436 3505 2070 3582">
    <p class='ocr_par' dir='ltr' id='par_1_67' title="bbox 436 3505 2070 3582">
     <span class='ocr_line' id='line_1_67' title="bbox 436 3505 2070 3582; baseline 0.004 -21"><span class='ocrx_word' id='word_1_468' title='bbox 436 3505 704 3574; x_wconf 88' lang='lat' dir='ltr'>tholicas,</span> <span class='ocrx_word' id='word_1_469' title='bbox 739 3511 804 3562; x_wconf 88' lang='lat' dir='ltr'>ut</span> <span class='ocrx_word' id='word_1_470' title='bbox 834 3512 1060 3574; x_wconf 86' lang='lat' dir='ltr'>vocant,</span> <span class='ocrx_word' id='word_1_471' title='bbox 1084 3507 1366 3580; x_wconf 83' lang='lat' dir='ltr'>Epistolas</span> <span class='ocrx_word' id='word_1_472' title='bbox 1388 3509 1938 3582; x_wconf 73' lang='lat' dir='ltr'>admittunt,pra3ter</span> <span class='ocrx_word' id='word_1_473' title='bbox 1956 3527 2070 3579; x_wconf 89' lang='lat' dir='ltr'>eas,</span> 
     </span>
    </p>
   </div>
   <div class='ocr_carea' id='block_1_68' title="bbox 437 3597 2077 3669">
    <p class='ocr_par' dir='ltr' id='par_1_68' title="bbox 437 3597 2077 3669">
     <span class='ocr_line' id='line_1_68' title="bbox 437 3597 2077 3669; baseline 0.004 -20"><span class='ocrx_word' id='word_1_474' title='bbox 437 3611 566 3666; x_wconf 70' lang='lat' dir='ltr'>quae</span> <span class='ocrx_word' id='word_1_475' title='bbox 597 3597 900 3668; x_wconf 73' lang='lat' dir='ltr'>coryphazo</span> <span class='ocrx_word' id='word_1_476' title='bbox 933 3597 1145 3669; x_wconf 86' lang='lat' dir='ltr'>(Petro)</span> <span class='ocrx_word' id='word_1_477' title='bbox 1194 3598 1573 3667; x_wconf 89' lang='lat' dir='ltr'>tribuuntur;</span> <span class='ocrx_word' id='word_1_478' title='bbox 1625 3598 1755 3654; x_wconf 90' lang='lat' dir='ltr'>illas</span> <span class='ocrx_word' id='word_1_479' title='bbox 1803 3601 1959 3654; x_wconf 89' lang='lat' dir='ltr'>enim</span> <span class='ocrx_word' id='word_1_480' title='bbox 2003 3617 2077 3658; x_wconf 89' lang='lat' dir='ltr'>ne</span> 
     </span>
    </p>
   </div>
   <div class='ocr_carea' id='block_1_69' title="bbox 435 3685 2074 3762">
    <p class='ocr_par' dir='ltr' id='par_1_69' title="bbox 435 3685 2074 3762">
     <span class='ocr_line' id='line_1_69' title="bbox 435 3685 2074 3762; baseline 0.003 -23"><span class='ocrx_word' id='word_1_481' title='bbox 435 3685 609 3740; x_wconf 90' lang='lat' dir='ltr'>verbo</span> <span class='ocrx_word' id='word_1_482' title='bbox 640 3685 875 3756; x_wconf 88' lang='lat' dir='ltr'>quidem</span> <span class='ocrx_word' id='word_1_483' title='bbox 928 3685 1264 3758; x_wconf 87' lang='lat' dir='ltr'>recipiunt:</span> <span class='ocrx_word' id='word_1_484' title='bbox 1316 3687 1422 3754; x_wconf 90' lang='lat' dir='ltr'>illi,</span> <span class='ocrx_word' id='word_1_485' title='bbox 1465 3688 1726 3759; x_wconf 88' lang='lat' dir='ltr'>inquam,</span> <span class='ocrx_word' id='word_1_486' title='bbox 1771 3693 1928 3757; x_wconf 87' lang='lat' dir='ltr'>sunt,</span> <span class='ocrx_word' id='word_1_487' title='bbox 1975 3689 2074 3762; x_wconf 92' lang='lat' dir='ltr'><strong>qui</strong></span> 
     </span>
    </p>
   </div>
   <div class='ocr_carea' id='block_1_70' title="bbox 433 3775 2075 3851">
    <p class='ocr_par' dir='ltr' id='par_1_70' title="bbox 433 3775 2075 3851">
     <span class='ocr_line' id='line_1_70' title="bbox 433 3775 2075 3851; baseline 0.002 -23"><span class='ocrx_word' id='word_1_488' title='bbox 433 3789 565 3829; x_wconf 88' lang='lat' dir='ltr'>vere</span> <span class='ocrx_word' id='word_1_489' title='bbox 595 3775 963 3847; x_wconf 84' lang='lat' dir='ltr'>detorquent,</span> <span class='ocrx_word' id='word_1_490' title='bbox 983 3780 1042 3832; x_wconf 87' lang='lat' dir='ltr'>et</span> <span class='ocrx_word' id='word_1_491' title='bbox 1056 3780 1316 3832; x_wconf 89' lang='lat' dir='ltr'>evertunt</span> <span class='ocrx_word' id='word_1_492' title='bbox 1337 3776 1394 3832; x_wconf 93' lang='lat' dir='ltr'>in</span> <span class='ocrx_word' id='word_1_493' title='bbox 1420 3777 1712 3849; x_wconf 89' lang='lat' dir='ltr'>propriam</span> <span class='ocrx_word' id='word_1_494' title='bbox 1737 3778 1848 3833; x_wconf 89' lang='lat' dir='ltr'>sibi</span> <span class='ocrx_word' id='word_1_495' title='bbox 1878 3779 2075 3851; x_wconf 85' lang='lat' dir='ltr'>perni-</span> 
     </span>
    </p>
   </div>
   <div class='ocr_carea' id='block_1_71' title="bbox 435 3863 2070 3937">
    <p class='ocr_par' dir='ltr' id='par_1_71' title="bbox 435 3863 2070 3937">
     <span class='ocr_line' id='line_1_71' title="bbox 435 3863 2070 3937; baseline 0.004 -20"><span class='ocrx_word' id='word_1_496' title='bbox 435 3863 604 3919; x_wconf 89' lang='lat' dir='ltr'>ciem.</span> <span class='ocrx_word' id='word_1_497' title='bbox 637 3865 816 3920; x_wconf 85' lang='lat' dir='ltr'><strong>Actus</strong></span> <span class='ocrx_word' id='word_1_498' title='bbox 856 3880 987 3921; x_wconf 90' lang='lat' dir='ltr'>vero</span> <span class='ocrx_word' id='word_1_499' title='bbox 1033 3865 1429 3937; x_wconf 89' lang='lat' dir='ltr'>apostolorum</span> <span class='ocrx_word' id='word_1_500' title='bbox 1483 3872 1539 3922; x_wconf 94' lang='lat' dir='ltr'>et</span> <span class='ocrx_word' id='word_1_501' title='bbox 1587 3867 1910 3925; x_wconf 86' lang='lat' dir='ltr'>Catholicas</span> <span class='ocrx_word' id='word_1_502' title='bbox 1957 3885 2070 3924; x_wconf 92' lang='lat' dir='ltr'>non</span> 
     </span>
    </p>
   </div>
   <div class='ocr_carea' id='block_1_72' title="bbox 434 3954 2071 4028">
    <p class='ocr_par' dir='ltr' id='par_1_72' title="bbox 434 3954 2071 4028">
     <span class='ocr_line' id='line_1_72' title="bbox 434 3954 2071 4028; baseline 0.004 -20"><span class='ocrx_word' id='word_1_503' title='bbox 434 3969 638 4009; x_wconf 91' lang='lat' dir='ltr'>omnes</span> <span class='ocrx_word' id='word_1_504' title='bbox 661 3954 791 4010; x_wconf 92' lang='lat' dir='ltr'>aliis</span> <span class='ocrx_word' id='word_1_505' title='bbox 815 3956 1270 4028; x_wconf 85' lang='lat' dir='ltr'>adjungunt,sed</span> <span class='ocrx_word' id='word_1_506' title='bbox 1297 3957 1530 4028; x_wconf 92' lang='lat' dir='ltr'>quidam</span> <span class='ocrx_word' id='word_1_507' title='bbox 1556 3956 1750 4014; x_wconf 80' lang='lat' dir='ltr'>exillis</span> <span class='ocrx_word' id='word_1_508' title='bbox 1769 3975 1900 4015; x_wconf 92' lang='lat' dir='ltr'>cum</span> <span class='ocrx_word' id='word_1_509' title='bbox 1917 3968 2071 4015; x_wconf 74' lang='lat' dir='ltr'>caele-</span> 
     </span>
    </p>
   </div>
   <div class='ocr_carea' id='block_1_73' title="bbox 432 4041 2072 4120">
    <p class='ocr_par' dir='ltr' id='par_1_73' title="bbox 432 4041 2072 4120">
     <span class='ocr_line' id='line_1_73' title="bbox 432 4041 2072 4120; baseline 0.005 -24"><span class='ocrx_word' id='word_1_510' title='bbox 432 4041 510 4097; x_wconf 88' lang='lat' dir='ltr'>ris</span> <span class='ocrx_word' id='word_1_511' title='bbox 550 4049 960 4100; x_wconf 89' lang='lat' dir='ltr'>annumerant.</span> <span class='ocrx_word' id='word_1_512' title='bbox 1010 4045 1120 4101; x_wconf 89' lang='lat' dir='ltr'>Sed</span> <span class='ocrx_word' id='word_1_513' title='bbox 1169 4045 1325 4102; x_wconf 92' lang='lat' dir='ltr'>circa</span> <span class='ocrx_word' id='word_1_514' title='bbox 1367 4047 1680 4120; x_wconf 89' lang='lat' dir='ltr'>prophetas</span> <span class='ocrx_word' id='word_1_515' title='bbox 1730 4047 1967 4120; x_wconf 85' lang='lat' dir='ltr'><strong>quidem</strong></span> <span class='ocrx_word' id='word_1_516' title='bbox 2017 4054 2072 4104; x_wconf 91' lang='lat' dir='ltr'>et</span> 
     </span>
    </p>
   </div>
   <div class='ocr_carea' id='block_1_74' title="bbox 427 4133 2067 4202">
    <p class='ocr_par' dir='ltr' id='par_1_74' title="bbox 427 4133 2067 4202">
     <span class='ocr_line' id='line_1_74' title="bbox 427 4133 2067 4202; baseline 0.004 -17"><span class='ocrx_word' id='word_1_517' title='bbox 427 4134 603 4188; x_wconf 86' lang='lat' dir='ltr'>Vetus</span> <span class='ocrx_word' id='word_1_518' title='bbox 625 4133 1088 4202; x_wconf 85' lang='lat' dir='ltr'>Testamentum,</span> <span class='ocrx_word' id='word_1_519' title='bbox 1115 4139 1170 4190; x_wconf 90' lang='lat' dir='ltr'>et</span> <span class='ocrx_word' id='word_1_520' title='bbox 1191 4137 1345 4191; x_wconf 88' lang='lat' dir='ltr'>circa</span> <span class='ocrx_word' id='word_1_521' title='bbox 1376 4143 1607 4192; x_wconf 66' lang='lat' dir='ltr'>caeteros</span> <span class='ocrx_word' id='word_1_522' title='bbox 1640 4141 1869 4190; x_wconf 89' lang='lat' dir='ltr'>sanctos</span> <span class='ocrx_word' id='word_1_523' title='bbox 1895 4139 2067 4202; x_wconf 91' lang='lat' dir='ltr'>viros,</span> 
     </span>
    </p>
   </div>
   <div class='ocr_carea' id='block_1_75' title="bbox 2183 3237 3804 3318">
    <p class='ocr_par' dir='ltr' id='par_1_75' title="bbox 2183 3237 3804 3318">
     <span class='ocr_line' id='line_1_75' title="bbox 2183 3237 3804 3318; baseline -0.002 -22"><span class='ocrx_word' id='word_1_524' title='bbox 2183 3240 2480 3297; x_wconf 85' lang='grc' dir='ltr'>ἀπώλειαν.</span> <span class='ocrx_word' id='word_1_525' title='bbox 2527 3266 2554 3293; x_wconf 88' lang='grc'>››</span> <span class='ocrx_word' id='word_1_526' title='bbox 2613 3242 2692 3298; x_wconf 83' lang='grc' dir='ltr'>Τὰ</span> <span class='ocrx_word' id='word_1_527' title='bbox 2750 3242 2852 3318; x_wconf 74' lang='grc' dir='ltr'>γὰρ</span> <span class='ocrx_word' id='word_1_528' title='bbox 2911 3245 3005 3296; x_wconf 79' lang='grc' dir='ltr'>τοῦ</span> <span class='ocrx_word' id='word_1_529' title='bbox 3077 3243 3380 3318; x_wconf 77' lang='grc' dir='ltr'>κορυφαίου</span> <span class='ocrx_word' id='word_1_530' title='bbox 3435 3245 3596 3295; x_wconf 77' lang='grc' dir='ltr'>ταῦτα</span> <span class='ocrx_word' id='word_1_531' title='bbox 3651 3237 3804 3312; x_wconf 82' lang='grc' dir='ltr'>λόγια</span> 
     </span>
    </p>
   </div>
   <div class='ocr_carea' id='block_1_76' title="bbox 2183 3324 3806 3403">
    <p class='ocr_par' dir='ltr' id='par_1_76' title="bbox 2183 3324 3806 3403">
     <span class='ocr_line' id='line_1_76' title="bbox 2183 3324 3806 3403; baseline -0.002 -19"><span class='ocrx_word' id='word_1_532' title='bbox 2183 3328 2435 3403; x_wconf 77' lang='grc' dir='ltr'>ἀντικρὺς</span> <span class='ocrx_word' id='word_1_533' title='bbox 2483 3331 2580 3396; x_wconf 77' lang='grc' dir='ltr'>τὴν</span> <span class='ocrx_word' id='word_1_534' title='bbox 2635 3327 2808 3384; x_wconf 77' lang='grc' dir='ltr'>αὕτῶν</span> <span class='ocrx_word' id='word_1_535' title='bbox 2857 3330 3324 3403; x_wconf 79' lang='grc' dir='ltr'>προανακηρύττει</span> <span class='ocrx_word' id='word_1_536' title='bbox 3372 3327 3576 3401; x_wconf 85' lang='grc' dir='ltr'>τόλμαν</span> <span class='ocrx_word' id='word_1_537' title='bbox 3625 3347 3680 3381; x_wconf 89' lang='grc' dir='ltr'>τε</span> <span class='ocrx_word' id='word_1_538' title='bbox 3724 3324 3806 3380; x_wconf 82' lang='grc' dir='ltr'>καὶ</span> 
     </span>
    </p>
   </div>
   <div class='ocr_carea' id='block_1_77' title="bbox 2185 3414 3809 3493">
    <p class='ocr_par' dir='ltr' id='par_1_77' title="bbox 2185 3414 3809 3493">
     <span class='ocr_line' id='line_1_77' title="bbox 2185 3414 3809 3493; baseline -0.001 -21"><span class='ocrx_word' id='word_1_539' title='bbox 2185 3414 2513 3486; x_wconf 77' lang='grc' dir='ltr'>δυσσέϐειαν,</span> <span class='ocrx_word' id='word_1_540' title='bbox 2573 3417 2624 3472; x_wconf 76' lang='grc' dir='ltr'>ο⁹ί</span> <span class='ocrx_word' id='word_1_541' title='bbox 2681 3417 2814 3474; x_wconf 76' lang='grc' dir='ltr'>αὔτα</span> <span class='ocrx_word' id='word_1_542' title='bbox 2878 3439 2934 3474; x_wconf 87' lang='grc' dir='ltr'>τε</span> <span class='ocrx_word' id='word_1_543' title='bbox 2979 3418 3046 3472; x_wconf 79' lang='grc' dir='ltr'>τὰ</span> <span class='ocrx_word' id='word_1_544' title='bbox 3099 3419 3341 3493; x_wconf 85' lang='grc' dir='ltr'>Κυριακᾶ</span> <span class='ocrx_word' id='word_1_545' title='bbox 3393 3416 3556 3492; x_wconf 85' lang='grc' dir='ltr'>λόγια</span> <span class='ocrx_word' id='word_1_546' title='bbox 3608 3417 3694 3470; x_wconf 81' lang='grc' dir='ltr'>καὶ</span> <span class='ocrx_word' id='word_1_547' title='bbox 3747 3415 3809 3470; x_wconf 79' lang='grc' dir='ltr'>τὰ</span> 
     </span>
    </p>
   </div>
   <div class='ocr_carea' id='block_1_78' title="bbox 2185 3503 3810 3585">
    <p class='ocr_par' dir='ltr' id='par_1_78' title="bbox 2185 3503 3810 3585">
     <span class='ocr_line' id='line_1_78' title="bbox 2185 3503 3810 3585; baseline -0.003 -22"><span class='ocrx_word' id='word_1_548' title='bbox 2185 3508 2521 3564; x_wconf 85' lang='grc' dir='ltr'>ἀποστολικά</span> <span class='ocrx_word' id='word_1_549' title='bbox 2576 3508 2663 3563; x_wconf 79' lang='grc' dir='ltr'>καὶ</span> <span class='ocrx_word' id='word_1_550' title='bbox 2719 3508 2812 3569; x_wconf 74' lang='grc' dir='ltr'>τὰς</span> <span class='ocrx_word' id='word_1_551' title='bbox 2870 3507 3043 3570; x_wconf 74' lang='grc' dir='ltr'>ἄλλας</span> <span class='ocrx_word' id='word_1_552' title='bbox 3103 3509 3334 3585; x_wconf 61' lang='grc' dir='ltr'>Γραφᾶς,</span> <span class='ocrx_word' id='word_1_553' title='bbox 3394 3506 3536 3585; x_wconf 78' lang='grc' dir='ltr'>φημὶ</span> <span class='ocrx_word' id='word_1_554' title='bbox 3591 3503 3653 3573; x_wconf 80' lang='grc' dir='ltr'>δὴ</span> <span class='ocrx_word' id='word_1_555' title='bbox 3716 3505 3810 3565; x_wconf 82' lang='grc' dir='ltr'>τάς</span> 
     </span>
    </p>
   </div>
   <div class='ocr_carea' id='block_1_79' title="bbox 2188 3592 3812 3672">
    <p class='ocr_par' dir='ltr' id='par_1_79' title="bbox 2188 3592 3812 3672">
     <span class='ocr_line' id='line_1_79' title="bbox 2188 3592 3812 3672; baseline -0.004 -19"><span class='ocrx_word' id='word_1_556' title='bbox 2188 3618 2240 3653; x_wconf 84' lang='grc' dir='ltr'>τε</span> <span class='ocrx_word' id='word_1_557' title='bbox 2271 3598 2493 3672; x_wconf 70' lang='grc' dir='ltr'>Πραξεις</span> <span class='ocrx_word' id='word_1_558' title='bbox 2542 3603 2650 3652; x_wconf 82' lang='grc' dir='ltr'>τῶν</span> <span class='ocrx_word' id='word_1_559' title='bbox 2701 3596 3024 3652; x_wconf 82' lang='grc' dir='ltr'>ἀποστόλων</span> <span class='ocrx_word' id='word_1_560' title='bbox 3079 3597 3169 3652; x_wconf 83' lang='grc' dir='ltr'>καὶ</span> <span class='ocrx_word' id='word_1_561' title='bbox 3223 3600 3318 3660; x_wconf 76' lang='grc' dir='ltr'>τὰς</span> <span class='ocrx_word' id='word_1_562' title='bbox 3373 3593 3668 3654; x_wconf 74' lang='grc' dir='ltr'>Καθολικάς</span> <span class='ocrx_word' id='word_1_563' title='bbox 3720 3592 3812 3647; x_wconf 87' lang='grc' dir='ltr'>λε-</span> 
     </span>
    </p>
   </div>
   <div class='ocr_carea' id='block_1_80' title="bbox 2185 3681 3810 3765">
    <p class='ocr_par' dir='ltr' id='par_1_80' title="bbox 2185 3681 3810 3765">
     <span class='ocr_line' id='line_1_80' title="bbox 2185 3681 3810 3765; baseline -0.005 -24"><span class='ocrx_word' id='word_1_564' title='bbox 2185 3684 2442 3761; x_wconf 76' lang='grc' dir='ltr'>γομένας,</span> <span class='ocrx_word' id='word_1_565' title='bbox 2508 3684 2654 3755; x_wconf 73' lang='grc' dir='ltr'>πλὴν</span> <span class='ocrx_word' id='word_1_566' title='bbox 2714 3691 2820 3740; x_wconf 84' lang='grc' dir='ltr'>τῶν</span> <span class='ocrx_word' id='word_1_567' title='bbox 2876 3685 3289 3765; x_wconf 75' lang='grc' dir='ltr'>ἀναφερομένων</span> <span class='ocrx_word' id='word_1_568' title='bbox 3347 3681 3418 3746; x_wconf 75' lang='grc' dir='ltr'>εἲς</span> <span class='ocrx_word' id='word_1_569' title='bbox 3499 3684 3586 3737; x_wconf 81' lang='grc' dir='ltr'>τὸν</span> <span class='ocrx_word' id='word_1_570' title='bbox 3653 3700 3810 3754; x_wconf 83' lang='grc' dir='ltr'>κορυ-</span> 
     </span>
    </p>
   </div>
   <div class='ocr_carea' id='block_1_81' title="bbox 2183 3767 3812 3850">
    <p class='ocr_par' dir='ltr' id='par_1_81' title="bbox 2183 3767 3812 3850">
     <span class='ocr_line' id='line_1_81' title="bbox 2183 3767 3812 3850; baseline -0.005 -20"><span class='ocrx_word' id='word_1_571' title='bbox 2183 3781 2338 3850; x_wconf 81' lang='grc' dir='ltr'>φαῖον</span> <span class='ocrx_word' id='word_1_572' title='bbox 2371 3780 2513 3848; x_wconf 74' lang='grc'>(55)*</span> <span class='ocrx_word' id='word_1_573' title='bbox 2552 3774 2757 3837; x_wconf 80' lang='grc' dir='ltr'>ἐκείνας</span> <span class='ocrx_word' id='word_1_574' title='bbox 2785 3777 2886 3850; x_wconf 71' lang='grc' dir='ltr'>γὰρ</span> <span class='ocrx_word' id='word_1_575' title='bbox 2920 3773 3044 3830; x_wconf 78' lang='grc' dir='ltr'>οὒδὶ</span> <span class='ocrx_word' id='word_1_576' title='bbox 3072 3781 3186 3836; x_wconf 80' lang='grc' dir='ltr'>τοῖς</span> <span class='ocrx_word' id='word_1_577' title='bbox 3230 3775 3434 3849; x_wconf 83' lang='grc' dir='ltr'>ῥήμασι</span> <span class='ocrx_word' id='word_1_578' title='bbox 3481 3767 3812 3844; x_wconf 75' lang='grc' dir='ltr'>παραδέχον-</span> 
     </span>
    </p>
   </div>
   <div class='ocr_carea' id='block_1_82' title="bbox 2181 3857 3816 3937">
    <p class='ocr_par' dir='ltr' id='par_1_82' title="bbox 2181 3857 3816 3937">
     <span class='ocr_line' id='line_1_82' title="bbox 2181 3857 3816 3937; baseline -0.006 -16"><span class='ocrx_word' id='word_1_579' title='bbox 2181 3887 2286 3922; x_wconf 89' lang='grc' dir='ltr'>ται.</span> <span class='ocrx_word' id='word_1_580' title='bbox 2322 3866 2480 3920; x_wconf 78' lang='grc' dir='ltr'>Οὗτοί</span> <span class='ocrx_word' id='word_1_581' title='bbox 2524 3866 2655 3920; x_wconf 84' lang='grc' dir='ltr'>εἰσιν</span> <span class='ocrx_word' id='word_1_582' title='bbox 2699 3867 2749 3920; x_wconf 73' lang='grc' dir='ltr'>οἱ</span> <span class='ocrx_word' id='word_1_583' title='bbox 2801 3866 2875 3929; x_wconf 87' lang='grc' dir='ltr'>ὡς</span> <span class='ocrx_word' id='word_1_584' title='bbox 2923 3865 3143 3935; x_wconf 76' lang='grc' dir='ltr'>ἂληθῶς</span> <span class='ocrx_word' id='word_1_585' title='bbox 3197 3859 3583 3937; x_wconf 73' lang='grc' dir='ltr'>στρεϐλοῦντές</span> <span class='ocrx_word' id='word_1_586' title='bbox 3629 3881 3687 3914; x_wconf 87' lang='grc' dir='ltr'>τε</span> <span class='ocrx_word' id='word_1_587' title='bbox 3730 3857 3816 3912; x_wconf 80' lang='grc' dir='ltr'>καὶ</span> 
     </span>
    </p>
   </div>
   <div class='ocr_carea' id='block_1_83' title="bbox 2182 3947 3816 4035">
    <p class='ocr_par' dir='ltr' id='par_1_83' title="bbox 2182 3947 3816 4035">
     <span class='ocr_line' id='line_1_83' title="bbox 2182 3947 3816 4035; baseline -0.007 -24"><span class='ocrx_word' id='word_1_588' title='bbox 2182 3953 2587 4035; x_wconf 69' lang='grc' dir='ltr'>διαστρέφοντες</span> <span class='ocrx_word' id='word_1_589' title='bbox 2646 3955 2781 4030; x_wconf 80' lang='grc' dir='ltr'>πρὸς</span> <span class='ocrx_word' id='word_1_590' title='bbox 2848 3956 2946 4022; x_wconf 81' lang='grc' dir='ltr'>τήν</span> <span class='ocrx_word' id='word_1_591' title='bbox 3007 3953 3144 4008; x_wconf 83' lang='grc' dir='ltr'>ἰδίαν</span> <span class='ocrx_word' id='word_1_592' title='bbox 3199 3953 3500 4008; x_wconf 85' lang='grc' dir='ltr'>ἀπώλειαν.</span> <span class='ocrx_word' id='word_1_593' title='bbox 3578 3947 3672 4005; x_wconf 78' lang='grc' dir='ltr'>Καί</span> <span class='ocrx_word' id='word_1_594' title='bbox 3728 3947 3816 4035; x_wconf 73' lang='grc' dir='ltr'>τάς</span> 
     </span>
    </p>
   </div>
   <div class='ocr_carea' id='block_1_84' title="bbox 2181 4032 3806 4119">
    <p class='ocr_par' dir='ltr' id='par_1_84' title="bbox 2181 4032 3806 4119">
     <span class='ocr_line' id='line_1_84' title="bbox 2181 4032 3806 4119; baseline -0.007 -19"><span class='ocrx_word' id='word_1_595' title='bbox 2181 4046 2401 4119; x_wconf 74' lang='grc' dir='ltr'>Πράξεις</span> <span class='ocrx_word' id='word_1_596' title='bbox 2463 4043 2518 4098; x_wconf 71' lang='grc' dir='ltr'>δὲ</span> <span class='ocrx_word' id='word_1_597' title='bbox 2574 4051 2681 4099; x_wconf 79' lang='grc' dir='ltr'>τῶν</span> <span class='ocrx_word' id='word_1_598' title='bbox 2740 4042 3059 4099; x_wconf 87' lang='grc' dir='ltr'>ἀποστόλων</span> <span class='ocrx_word' id='word_1_599' title='bbox 3115 4041 3204 4096; x_wconf 79' lang='grc' dir='ltr'>καί</span> <span class='ocrx_word' id='word_1_600' title='bbox 3241 4043 3336 4103; x_wconf 71' lang='grc' dir='ltr'>τὰς</span> <span class='ocrx_word' id='word_1_601' title='bbox 3391 4038 3693 4100; x_wconf 75' lang='grc' dir='ltr'>Καθολικὰς</span> <span class='ocrx_word' id='word_1_602' title='bbox 3748 4032 3806 4089; x_wconf 73' lang='grc' dir='ltr'>οὒ</span> 
     </span>
    </p>
   </div>
   <div class='ocr_carea' id='block_1_85' title="bbox 2179 4124 3812 4207">
    <p class='ocr_par' dir='ltr' id='par_1_85' title="bbox 2179 4124 3812 4207">
     <span class='ocr_line' id='line_1_85' title="bbox 2179 4124 3812 4207; baseline -0.006 -21"><span class='ocrx_word' id='word_1_603' title='bbox 2179 4135 2368 4196; x_wconf 72' lang='grc' dir='ltr'>πάντες</span> <span class='ocrx_word' id='word_1_604' title='bbox 2434 4132 2608 4187; x_wconf 79' lang='grc' dir='ltr'>αῢτῶν</span> <span class='ocrx_word' id='word_1_605' title='bbox 2669 4133 3069 4207; x_wconf 87' lang='grc' dir='ltr'>συναρμόζουσι</span> <span class='ocrx_word' id='word_1_606' title='bbox 3117 4132 3234 4204; x_wconf 83' lang='grc'>(56)</span> <span class='ocrx_word' id='word_1_607' title='bbox 3288 4136 3407 4192; x_wconf 83' lang='grc' dir='ltr'>τοῖς</span> <span class='ocrx_word' id='word_1_608' title='bbox 3467 4128 3656 4188; x_wconf 80' lang='grc' dir='ltr'>ἄλλοις</span> <span class='ocrx_word' id='word_1_609' title='bbox 3714 4124 3812 4180; x_wconf 81' lang='grc' dir='ltr'>εἰσὶ</span> 
     </span>
    </p>
   </div>
   <div class='ocr_carea' id='block_1_86' title="bbox 1595 4223 2654 4282">
    <p class='ocr_par' dir='ltr' id='par_1_86' title="bbox 1595 4223 2654 4282">
     <span class='ocr_line' id='line_1_86' title="bbox 1595 4223 2654 4282; baseline 0.004 -6"><span class='ocrx_word' id='word_1_610' title='bbox 1595 4223 1833 4278; x_wconf 78' lang='lat' dir='ltr'>VARle</span> <span class='ocrx_word' id='word_1_611' title='bbox 1871 4224 2258 4282; x_wconf 86' lang='lat' dir='ltr'>LECTIONES</span> <span class='ocrx_word' id='word_1_612' title='bbox 2297 4225 2386 4279; x_wconf 82' lang='lat' dir='ltr'>ET</span> <span class='ocrx_word' id='word_1_613' title='bbox 2423 4223 2654 4280; x_wconf 65' lang='lat' dir='ltr'>NO&#39;I‘IE.</span> 
     </span>
    </p>
   </div>
   <div class='ocr_carea' id='block_1_87' title="bbox 498 4291 2067 4369">
    <p class='ocr_par' dir='ltr' id='par_1_87' title="bbox 498 4291 2067 4369">
     <span class='ocr_line' id='line_1_87' title="bbox 498 4291 2067 4369; baseline 0.003 -26"><span class='ocrx_word' id='word_1_614' title='bbox 498 4291 604 4369; x_wconf 88' lang='lat'>(50)</span> <span class='ocrx_word' id='word_1_615' title='bbox 637 4291 995 4369; x_wconf 34' lang='grc' dir='ltr'>Κορυφαῖον.-</span> <span class='ocrx_word' id='word_1_616' title='bbox 1021 4294 1121 4348; x_wconf 85' lang='lat' dir='ltr'>His</span> <span class='ocrx_word' id='word_1_617' title='bbox 1160 4303 1213 4349; x_wconf 89' lang='lat' dir='ltr'>et</span> <span class='ocrx_word' id='word_1_618' title='bbox 1252 4293 1549 4369; x_wconf 85' lang='lat' dir='ltr'>similibus</span> <span class='ocrx_word' id='word_1_619' title='bbox 1593 4293 1799 4369; x_wconf 63' lang='lat' dir='ltr'>elogiis</span> <span class='ocrx_word' id='word_1_620' title='bbox 1837 4294 2067 4369; x_wconf 87' lang='lat' dir='ltr'>Petrum</span> 
     </span>
    </p>
   </div>
   <div class='ocr_carea' id='block_1_88' title="bbox 424 4360 2067 4433">
    <p class='ocr_par' dir='ltr' id='par_1_88' title="bbox 424 4360 2067 4433">
     <span class='ocr_line' id='line_1_88' title="bbox 424 4360 2067 4433; baseline 0.004 -19"><span class='ocrx_word' id='word_1_621' title='bbox 424 4360 481 4414; x_wconf 89' lang='lat' dir='ltr'>in</span> <span class='ocrx_word' id='word_1_622' title='bbox 517 4360 766 4433; x_wconf 76' lang='lat' dir='ltr'>vetet-uin</span> <span class='ocrx_word' id='word_1_623' title='bbox 797 4360 1031 4433; x_wconf 80' lang='lat' dir='ltr'>scriptis</span> <span class='ocrx_word' id='word_1_624' title='bbox 1063 4365 1302 4418; x_wconf 88' lang='lat' dir='ltr'>mactari</span> <span class='ocrx_word' id='word_1_625' title='bbox 1337 4370 1588 4419; x_wconf 85' lang='lat' dir='ltr'>constat.</span> <span class='ocrx_word' id='word_1_626' title='bbox 1625 4363 1762 4418; x_wconf 90' lang='lat' dir='ltr'>Vide</span> <span class='ocrx_word' id='word_1_627' title='bbox 1787 4363 1913 4420; x_wconf 89' lang='lat' dir='ltr'>loca</span> <span class='ocrx_word' id='word_1_628' title='bbox 1955 4367 2067 4420; x_wconf 90' lang='lat' dir='ltr'>col-</span> 
     </span>
    </p>
   </div>
   <div class='ocr_carea' id='block_1_89' title="bbox 427 4432 2065 4506">
    <p class='ocr_par' dir='ltr' id='par_1_89' title="bbox 427 4432 2065 4506">
     <span class='ocr_line' id='line_1_89' title="bbox 427 4432 2065 4506; baseline 0.004 -20"><span class='ocrx_word' id='word_1_629' title='bbox 427 4433 574 4506; x_wconf 81' lang='lat' dir='ltr'>lecta</span> <span class='ocrx_word' id='word_1_630' title='bbox 602 4432 951 4506; x_wconf 67' lang='lat' dir='ltr'>aBichardo</span> <span class='ocrx_word' id='word_1_631' title='bbox 983 4436 1359 4500; x_wconf 86' lang='lat' dir='ltr'>Montacutio.</span> <span class='ocrx_word' id='word_1_632' title='bbox 1396 4435 1443 4490; x_wconf 87' lang='lat' dir='ltr'><strong>II</strong></span> <span class='ocrx_word' id='word_1_633' title='bbox 1478 4435 1792 4503; x_wconf 78' lang='lat' dir='ltr'>Originum,</span> <span class='ocrx_word' id='word_1_634' title='bbox 1823 4452 1878 4506; x_wconf 93' lang='lat' dir='ltr'>p.</span> <span class='ocrx_word' id='word_1_635' title='bbox 1927 4438 2065 4505; x_wconf 72' lang='lat' dir='ltr'>U2;</span> 
     </span>
    </p>
   </div>
   <div class='ocr_carea' id='block_1_90' title="bbox 423 4503 2068 4577">
    <p class='ocr_par' dir='ltr' id='par_1_90' title="bbox 423 4503 2068 4577">
     <span class='ocr_line' id='line_1_90' title="bbox 423 4503 2068 4577; baseline 0.005 -21"><span class='ocrx_word' id='word_1_636' title='bbox 423 4503 914 4577; x_wconf 57' lang='lat' dir='ltr'>[saaco_Barrow.</span> <span class='ocrx_word' id='word_1_637' title='bbox 966 4506 1024 4560; x_wconf 91' lang='lat' dir='ltr'>in</span> <span class='ocrx_word' id='word_1_638' title='bbox 1070 4509 1316 4577; x_wconf 81' lang='lat' dir='ltr'>tractatu</span> <span class='ocrx_word' id='word_1_639' title='bbox 1369 4506 1440 4562; x_wconf 80' lang='lat' dir='ltr'>De</span> <span class='ocrx_word' id='word_1_640' title='bbox 1484 4509 1730 4577; x_wconf 78' lang='lat' dir='ltr'>primatu</span> <span class='ocrx_word' id='word_1_641' title='bbox 1781 4503 1958 4577; x_wconf 68' lang='lat' dir='ltr'>pupa&#39;,</span> <span class='ocrx_word' id='word_1_642' title='bbox 2010 4503 2068 4564; x_wconf 80' lang='lat' dir='ltr'>et</span> 
     </span>
    </p>
   </div>
   <div class='ocr_carea' id='block_1_91' title="bbox 426 4574 2065 4649">
    <p class='ocr_par' dir='ltr' id='par_1_91' title="bbox 426 4574 2065 4649">
     <span class='ocr_line' id='line_1_91' title="bbox 426 4574 2065 4649; baseline 0.001 -17"><span class='ocrx_word' id='word_1_643' title='bbox 426 4574 732 4632; x_wconf 89' lang='lat' dir='ltr'>Guilielmo</span> <span class='ocrx_word' id='word_1_644' title='bbox 765 4577 1056 4649; x_wconf 83' lang='lat' dir='ltr'>Forbesio,</span> <span class='ocrx_word' id='word_1_645' title='bbox 1081 4576 1182 4632; x_wconf 90' lang='lat' dir='ltr'>lib.</span> <span class='ocrx_word' id='word_1_646' title='bbox 1215 4595 1308 4646; x_wconf 82' lang='lat' dir='ltr'>xv,</span> <span class='ocrx_word' id='word_1_647' title='bbox 1344 4574 1526 4646; x_wconf 48' lang='lat' dir='ltr'>cap.&#39;t</span> <span class='ocrx_word' id='word_1_648' title='bbox 1563 4584 1619 4632; x_wconf 88' lang='lat' dir='ltr'>et</span> <span class='ocrx_word' id='word_1_649' title='bbox 1649 4574 1810 4649; x_wconf 84' lang='lat' dir='ltr'>seqq.</span> <span class='ocrx_word' id='word_1_650' title='bbox 1845 4574 2065 4634; x_wconf 78' lang='lat' dir='ltr'>Instru-</span> 
     </span>
    </p>
   </div>
   <div class='ocr_carea' id='block_1_92' title="bbox 423 4647 2062 4719">
    <p class='ocr_par' dir='ltr' id='par_1_92' title="bbox 423 4647 2062 4719">
     <span class='ocr_line' id='line_1_92' title="bbox 423 4647 2062 4719; baseline 0.002 -18"><span class='ocrx_word' id='word_1_651' title='bbox 423 4649 687 4716; x_wconf 81' lang='lat' dir='ltr'>cu&#39;onum,</span> <span class='ocrx_word' id='word_1_652' title='bbox 721 4647 818 4719; x_wconf 91' lang='lat' dir='ltr'>qui</span> <span class='ocrx_word' id='word_1_653' title='bbox 851 4656 1041 4704; x_wconf 90' lang='lat' dir='ltr'>tamen</span> <span class='ocrx_word' id='word_1_654' title='bbox 1072 4653 1128 4704; x_wconf 91' lang='lat' dir='ltr'>et</span> <span class='ocrx_word' id='word_1_655' title='bbox 1158 4650 1270 4718; x_wconf 84' lang='lat' dir='ltr'>ipsi</span> <span class='ocrx_word' id='word_1_656' title='bbox 1305 4650 1505 4705; x_wconf 89' lang='lat' dir='ltr'>eadem</span> <span class='ocrx_word' id='word_1_657' title='bbox 1547 4647 2062 4718; x_wconf 46' lang='lat' dir='ltr'>opera—evincunt,</span> 
     </span>
    </p>
   </div>
   <div class='ocr_carea' id='block_1_93' title="bbox 422 4719 2066 4779">
    <p class='ocr_par' dir='ltr' id='par_1_93' title="bbox 422 4719 2066 4779">
     <span class='ocr_line' id='line_1_93' title="bbox 422 4719 2066 4779; baseline 0.005 -8"><span class='ocrx_word' id='word_1_658' title='bbox 422 4719 624 4773; x_wconf 85' lang='lat' dir='ltr'>eadem</span> <span class='ocrx_word' id='word_1_659' title='bbox 675 4722 938 4776; x_wconf 88' lang='lat' dir='ltr'>encomia</span> <span class='ocrx_word' id='word_1_660' title='bbox 983 4725 1040 4776; x_wconf 88' lang='lat' dir='ltr'>et</span> <span class='ocrx_word' id='word_1_661' title='bbox 1078 4721 1136 4774; x_wconf 92' lang='lat' dir='ltr'>in</span> <span class='ocrx_word' id='word_1_662' title='bbox 1178 4720 1420 4777; x_wconf 81' lang='lat' dir='ltr'>Paulum</span> <span class='ocrx_word' id='word_1_663' title='bbox 1453 4740 1484 4776; x_wconf 92' lang='lat' dir='ltr'>a</span> <span class='ocrx_word' id='word_1_664' title='bbox 1517 4721 1808 4777; x_wconf 89' lang='lat' dir='ltr'>veteribus</span> <span class='ocrx_word' id='word_1_665' title='bbox 1857 4723 2066 4779; x_wconf 89' lang='lat' dir='ltr'>collata</span> 
     </span>
    </p>
   </div>
   <div class='ocr_carea' id='block_1_94' title="bbox 426 4790 2063 4866">
    <p class='ocr_par' dir='ltr' id='par_1_94' title="bbox 426 4790 2063 4866">
     <span class='ocr_line' id='line_1_94' title="bbox 426 4790 2063 4866; baseline 0.005 -23"><span class='ocrx_word' id='word_1_666' title='bbox 426 4790 625 4866; x_wconf 82' lang='lat' dir='ltr'>fuisse.</span> <span class='ocrx_word' id='word_1_667' title='bbox 655 4790 861 4866; x_wconf 56' lang='lat' dir='ltr'>Paucis</span> <span class='ocrx_word' id='word_1_668' title='bbox 883 4793 1063 4848; x_wconf 90' lang='lat' dir='ltr'>multa</span> <span class='ocrx_word' id='word_1_669' title='bbox 1097 4791 1262 4866; x_wconf 65' lang='lat' dir='ltr'>affert</span> <span class='ocrx_word' id='word_1_670' title='bbox 1285 4792 1802 4866; x_wconf 86' lang='lat' dir='ltr'>Pseudo-Clemens</span> <span class='ocrx_word' id='word_1_671' title='bbox 1845 4793 1911 4866; x_wconf 25' lang='lat' dir='ltr'>in,</span> <span class='ocrx_word' id='word_1_672' title='bbox 1943 4795 2063 4866; x_wconf 89' lang='lat' dir='ltr'>epi-</span> 
     </span>
    </p>
   </div>
   <div class='ocr_carea' id='block_1_95' title="bbox 423 4861 2066 4956">
    <p class='ocr_par' dir='ltr' id='par_1_95' title="bbox 423 4861 2066 4956">
     <span class='ocr_line' id='line_1_95' title="bbox 423 4861 2066 4956; baseline 0.001 -40"><span class='ocrx_word' id='word_1_673' title='bbox 423 4861 1009 4956; x_wconf 30' lang='lat' dir='ltr'>stolaladJacoburn,</span> <span class='ocrx_word' id='word_1_674' title='bbox 1041 4865 1132 4950; x_wconf 75' lang='lat' dir='ltr'><strong>cui</strong></span> <span class='ocrx_word' id='word_1_675' title='bbox 1157 4865 1359 4956; x_wconf 51' lang='lat' dir='ltr'>Petrus</span> <span class='ocrx_word' id='word_1_676' title='bbox 1391 4866 1541 4950; x_wconf 45' lang='lat' dir='ltr'>est},</span> <span class='ocrx_word' id='word_1_677' title='bbox 1575 4863 1794 4956; x_wconf 62' lang='grc' dir='ltr'>ἀπαρχὴ</span> <span class='ocrx_word' id='word_1_678' title='bbox 1830 4865 1925 4954; x_wconf 70' lang='grc' dir='ltr'>τοῦ</span> <span class='ocrx_word' id='word_1_679' title='bbox 1956 4861 2066 4956; x_wconf 58' lang='grc' dir='ltr'>Κυῖ</span> 
     </span>
    </p>
   </div>
   <div class='ocr_carea' id='block_1_96' title="bbox 423 4931 2062 5009">
    <p class='ocr_par' dir='ltr' id='par_1_96' title="bbox 423 4931 2062 5009">
     <span class='ocr_line' id='line_1_96' title="bbox 423 4931 2062 5009; baseline 0.004 -25"><span class='ocrx_word' id='word_1_680' title='bbox 423 4931 758 5009; x_wconf 33' lang='grc' dir='ltr'>ρίουιὴμῷν,</span> <span class='ocrx_word' id='word_1_681' title='bbox 809 4933 858 5009; x_wconf 81' lang='lat'>6_</span> <span class='ocrx_word' id='word_1_682' title='bbox 885 4937 992 5009; x_wconf 82' lang='grc' dir='ltr'>τῶν</span> <span class='ocrx_word' id='word_1_683' title='bbox 1034 4933 1640 5009; x_wconf 30' lang='grc' dir='ltr'>ἀποστόλωνηπρῷτος,</span> <span class='ocrx_word' id='word_1_684' title='bbox 1689 4931 1758 5009; x_wconf 65' lang='grc' dir='ltr'>ιβ’</span> <span class='ocrx_word' id='word_1_685' title='bbox 1785 4931 1986 5009; x_wconf 80' lang='grc' dir='ltr'>πρῴτῳ</span> <span class='ocrx_word' id='word_1_686' title='bbox 2034 4937 2062 4991; x_wconf 84' lang='grc' dir='ltr'>ὁ</span> 
     </span>
    </p>
   </div>
   <div class='ocr_carea' id='block_1_97' title="bbox 423 5002 2061 5082">
    <p class='ocr_par' dir='ltr' id='par_1_97' title="bbox 423 5002 2061 5082">
     <span class='ocr_line' id='line_1_97' title="bbox 423 5002 2061 5082; baseline 0.019 -27"><span class='ocrx_word' id='word_1_687' title='bbox 423 5002 609 5082; x_wconf 67' lang='grc' dir='ltr'>βατὴρ</span> <span class='ocrx_word' id='word_1_688' title='bbox 655 5005 746 5057; x_wconf 87' lang='grc' dir='ltr'>τὸν</span> <span class='ocrx_word' id='word_1_689' title='bbox 778 5003 900 5082; x_wconf 57' lang='lat' dir='ltr'>rte»</span> <span class='ocrx_word' id='word_1_690' title='bbox 922 5005 1317 5082; x_wconf 52' lang='lat' dir='ltr'>ﬁasxdk’idgav,</span> <span class='ocrx_word' id='word_1_691' title='bbox 1358 5008 1422 5082; x_wconf 60' lang='grc' dir='ltr'>δν</span> <span class='ocrx_word' id='word_1_692' title='bbox 1552 5002 1779 5082; x_wconf 48' lang='grc' dir='ltr'>Χρῖσέδνῗ</span> <span class='ocrx_word' id='word_1_693' title='bbox 1814 5002 2061 5082; x_wconf 49' lang='grc' dir='ltr'>έῆλὸῨως</span> 
     </span>
    </p>
   </div>
   <div class='ocr_carea' id='block_1_98' title="bbox 422 5073 2059 5149">
    <p class='ocr_par' dir='ltr' id='par_1_98' title="bbox 422 5073 2059 5149">
     <span class='ocr_line' id='line_1_98' title="bbox 422 5073 2059 5149; baseline 0.001 -19"><span class='ocrx_word' id='word_1_694' title='bbox 422 5075 830 5149; x_wconf 74' lang='grc' dir='ltr'>ἐμακάρισεν,δ</span> <span class='ocrx_word' id='word_1_695' title='bbox 885 5073 1090 5145; x_wconf 85' lang='grc' dir='ltr'>κλητὸς</span> <span class='ocrx_word' id='word_1_696' title='bbox 1147 5073 1237 5132; x_wconf 73' lang='grc' dir='ltr'>καὶ</span> <span class='ocrx_word' id='word_1_697' title='bbox 1295 5077 1566 5149; x_wconf 85' lang='grc' dir='ltr'>ἐκλεκτὸς,</span> <span class='ocrx_word' id='word_1_698' title='bbox 1599 5073 1712 5132; x_wconf 77' lang='grc' dir='ltr'>¹καὶ</span> <span class='ocrx_word' id='word_1_699' title='bbox 1764 5073 2059 5149; x_wconf 81' lang='grc' dir='ltr'>συνέστίος,</span> 
     </span>
    </p>
   </div>
   <div class='ocr_carea' id='block_1_99' title="bbox 417 5145 1898 5224">
    <p class='ocr_par' dir='ltr' id='par_1_99' title="bbox 417 5145 1898 5224">
     <span class='ocr_line' id='line_1_99' title="bbox 417 5145 1898 5224; baseline 0.003 -23"><span class='ocrx_word' id='word_1_700' title='bbox 417 5145 508 5224; x_wconf 67' lang='grc' dir='ltr'>καί</span> <span class='ocrx_word' id='word_1_701' title='bbox 539 5145 953 5224; x_wconf 68' lang='grc' dir='ltr'>συνοδοιπόρος,</span> <span class='ocrx_word' id='word_1_702' title='bbox 989 5150 1016 5202; x_wconf 90' lang='lat'>6</span> <span class='ocrx_word' id='word_1_703' title='bbox 1045 5150 1211 5212; x_wconf 89' lang='grc' dir='ltr'>καλὸς</span> <span class='ocrx_word' id='word_1_704' title='bbox 1243 5149 1330 5204; x_wconf 81' lang='grc' dir='ltr'>καὶ</span> <span class='ocrx_word' id='word_1_705' title='bbox 1364 5147 1592 5222; x_wconf 88' lang='grc' dir='ltr'>δόκιμος</span> <span class='ocrx_word' id='word_1_706' title='bbox 1627 5153 1898 5224; x_wconf 75' lang='grc' dir='ltr'>μαθητής.</span> 
     </span>
    </p>
   </div>
   <div class='ocr_carea' id='block_1_100' title="bbox 493 5214 2062 5292">
    <p class='ocr_par' dir='ltr' id='par_1_100' title="bbox 493 5214 2062 5292">
     <span class='ocr_line' id='line_1_100' title="bbox 493 5214 2062 5292; baseline 0.004 -18"><span class='ocrx_word' id='word_1_707' title='bbox 493 5220 609 5292; x_wconf 78' lang='grc'>(51)</span> <span class='ocrx_word' id='word_1_708' title='bbox 656 5214 1020 5292; x_wconf 37' lang='grc' dir='ltr'>ἘμϐοῶΑντος.</span> <span class='ocrx_word' id='word_1_709' title='bbox 1082 5224 1166 5278; x_wconf 90' lang='lat' dir='ltr'>Ita</span> <span class='ocrx_word' id='word_1_710' title='bbox 1231 5225 1461 5278; x_wconf 86' lang='lat' dir='ltr'>restitui</span> <span class='ocrx_word' id='word_1_711' title='bbox 1493 5214 1502 5222; x_wconf 80' lang='grc'><em>’</em></span> <span class='ocrx_word' id='word_1_712' title='bbox 1538 5214 1637 5279; x_wconf 61' lang='grc' dir='ltr'>δι’</span> <span class='ocrx_word' id='word_1_713' title='bbox 1680 5214 1900 5288; x_wconf 77' lang='lat' dir='ltr'>nostro,</span> <span class='ocrx_word' id='word_1_714' title='bbox 1961 5240 2062 5292; x_wconf 92' lang='lat' dir='ltr'>pro</span> 
     </span>
    </p>
   </div>
   <div class='ocr_carea' id='block_1_101' title="bbox 419 5287 2060 5367">
    <p class='ocr_par' dir='ltr' id='par_1_101' title="bbox 419 5287 2060 5367">
     <span class='ocr_line' id='line_1_101' title="bbox 419 5287 2060 5367; baseline 0.004 -22"><span class='ocrx_word' id='word_1_715' title='bbox 419 5287 766 5367; x_wconf 49' lang='lat' dir='ltr'>Coisli&#39;nian&#39;o</span> <span class='ocrx_word' id='word_1_716' title='bbox 798 5287 1119 5354; x_wconf 82' lang='grc' dir='ltr'>ἐκϐοῶντος.</span> <span class='ocrx_word' id='word_1_717' title='bbox 1145 5295 1444 5350; x_wconf 85' lang='lat' dir='ltr'>Consentit</span> <span class='ocrx_word' id='word_1_718' title='bbox 1476 5287 2060 5367; x_wconf 13' lang='lat' dir='ltr'>EuthymiusE’ad&#39;em</span> 
     </span>
    </p>
   </div>
   <div class='ocr_carea' id='block_1_102' title="bbox 423 5364 1371 5437">
    <p class='ocr_par' dir='ltr' id='par_1_102' title="bbox 423 5364 1371 5437">
     <span class='ocr_line' id='line_1_102' title="bbox 423 5364 1371 5437; baseline 0.006 -22"><span class='ocrx_word' id='word_1_719' title='bbox 423 5380 559 5437; x_wconf 88' lang='lat' dir='ltr'>voce</span> <span class='ocrx_word' id='word_1_720' title='bbox 592 5364 774 5437; x_wconf 87' lang='lat' dir='ltr'>utitur</span> <span class='ocrx_word' id='word_1_721' title='bbox 806 5371 1002 5420; x_wconf 89' lang='lat' dir='ltr'>noster</span> <span class='ocrx_word' id='word_1_722' title='bbox 1028 5367 1197 5433; x_wconf 84' lang='lat' dir='ltr'>infra,</span> <span class='ocrx_word' id='word_1_723' title='bbox 1228 5371 1255 5437; x_wconf 84' lang='lat'><strong>§</strong></span> <span class='ocrx_word' id='word_1_724' title='bbox 1283 5367 1371 5422; x_wconf 81' lang='grc'>24.</span> 
     </span>
    </p>
   </div>
   <div class='ocr_carea' id='block_1_103' title="bbox 486 5436 2052 5510">
    <p class='ocr_par' dir='ltr' id='par_1_103' title="bbox 486 5436 2052 5510">
     <span class='ocr_line' id='line_1_103' title="bbox 486 5436 2052 5510; baseline 0.002 -20"><span class='ocrx_word' id='word_1_725' title='bbox 486 5436 914 5510; x_wconf 39' lang='grc' dir='ltr'>(52)-Λὲγοντος.</span> <span class='ocrx_word' id='word_1_726' title='bbox 975 5436 1362 5494; x_wconf 28' lang='grc' dir='ltr'>Μαιιθιίείιιοο</span> <span class='ocrx_word' id='word_1_727' title='bbox 1401 5439 1793 5510; x_wconf 70' lang='lat' dir='ltr'>fragmentum</span> <span class='ocrx_word' id='word_1_728' title='bbox 1837 5439 2052 5494; x_wconf 88' lang='lat' dir='ltr'>adden-</span> 
     </span>
    </p>
   </div>
   <div class='ocr_carea' id='block_1_104' title="bbox 416 5507 2058 5591">
    <p class='ocr_par' dir='ltr' id='par_1_104' title="bbox 416 5507 2058 5591">
     <span class='ocr_line' id='line_1_104' title="bbox 416 5507 2058 5591; baseline 0.003 -32"><span class='ocrx_word' id='word_1_729' title='bbox 416 5507 556 5591; x_wconf 73' lang='lat' dir='ltr'>dum</span> <span class='ocrx_word' id='word_1_730' title='bbox 591 5507 853 5591; x_wconf 47' lang='lat' dir='ltr'>fuerit-iis</span> <span class='ocrx_word' id='word_1_731' title='bbox 888 5525 1014 5591; x_wconf 44' lang='lat' dir='ltr'>quis</span> <span class='ocrx_word' id='word_1_732' title='bbox 1044 5526 1112 5591; x_wconf 70' lang='lat' dir='ltr'>ex</span> <span class='ocrx_word' id='word_1_733' title='bbox 1141 5510 1360 5591; x_wconf 63' lang='lat' dir='ltr'>Codice</span> <span class='ocrx_word' id='word_1_734' title='bbox 1383 5509 1654 5591; x_wconf 37' lang='lat' dir='ltr'>quodam.</span> <span class='ocrx_word' id='word_1_735' title='bbox 1682 5527 1787 5563; x_wconf 91' lang='lat' dir='ltr'>ms.</span> <span class='ocrx_word' id='word_1_736' title='bbox 1822 5510 2058 5591; x_wconf 68' lang='lat' dir='ltr'>Qollegii</span> 
     </span>
    </p>
   </div>
   <div class='ocr_carea' id='block_1_105' title="bbox 416 5578 2060 5652">
    <p class='ocr_par' dir='ltr' id='par_1_105' title="bbox 416 5578 2060 5652">
     <span class='ocr_line' id='line_1_105' title="bbox 416 5578 2060 5652; baseline 0.002 -20"><span class='ocrx_word' id='word_1_737' title='bbox 416 5578 692 5652; x_wconf 72' lang='lat' dir='ltr'>Ludovici</span> <span class='ocrx_word' id='word_1_738' title='bbox 725 5578 916 5652; x_wconf 79' lang='lat' dir='ltr'>Magni</span> <span class='ocrx_word' id='word_1_739' title='bbox 950 5581 1008 5636; x_wconf 92' lang='lat' dir='ltr'>S.</span> <span class='ocrx_word' id='word_1_740' title='bbox 1041 5579 1094 5636; x_wconf 85' lang='lat' dir='ltr'>J.</span> <span class='ocrx_word' id='word_1_741' title='bbox 1138 5580 1368 5636; x_wconf 84' lang='lat' dir='ltr'>exhibet</span> <span class='ocrx_word' id='word_1_742' title='bbox 1403 5578 1795 5652; x_wconf 76' lang='lat' dir='ltr'>doctissimus</span> <span class='ocrx_word' id='word_1_743' title='bbox 1840 5581 1930 5639; x_wconf 87' lang='lat' dir='ltr'>J0.</span> <span class='ocrx_word' id='word_1_744' title='bbox 1962 5578 2060 5636; x_wconf 76' lang='lat' dir='ltr'>Al-</span> 
     </span>
    </p>
   </div>
   <div class='ocr_carea' id='block_1_106' title="bbox 413 5649 2057 5721">
    <p class='ocr_par' dir='ltr' id='par_1_106' title="bbox 413 5649 2057 5721">
     <span class='ocr_line' id='line_1_106' title="bbox 413 5649 2057 5721; baseline 0.004 -17"><span class='ocrx_word' id='word_1_745' title='bbox 413 5649 612 5704; x_wconf 87' lang='lat' dir='ltr'>hertus</span> <span class='ocrx_word' id='word_1_746' title='bbox 643 5649 941 5707; x_wconf 82' lang='lat' dir='ltr'>Fabricius</span> <span class='ocrx_word' id='word_1_747' title='bbox 983 5656 1180 5708; x_wconf 88' lang='lat' dir='ltr'>noster</span> <span class='ocrx_word' id='word_1_748' title='bbox 1227 5653 1327 5708; x_wconf 90' lang='lat' dir='ltr'>lib.</span> <span class='ocrx_word' id='word_1_749' title='bbox 1368 5668 1401 5706; x_wconf 93' lang='lat' dir='ltr'>v</span> <span class='ocrx_word' id='word_1_750' title='bbox 1448 5651 1792 5708; x_wconf 70' lang='lat' dir='ltr'>Bibliotheca:</span> <span class='ocrx_word' id='word_1_751' title='bbox 1843 5653 2057 5721; x_wconf 71' lang='lat' dir='ltr'>Graecas,</span> 
     </span>
    </p>
   </div>
   <div class='ocr_carea' id='block_1_107' title="bbox 415 5723 798 5795">
    <p class='ocr_par' dir='ltr' id='par_1_107' title="bbox 415 5723 798 5795">
     <span class='ocr_line' id='line_1_107' title="bbox 415 5723 798 5795; baseline -0.003 -17"><span class='ocrx_word' id='word_1_752' title='bbox 415 5738 472 5793; x_wconf 90' lang='lat' dir='ltr'>p.</span> <span class='ocrx_word' id='word_1_753' title='bbox 501 5723 606 5776; x_wconf 79' lang='grc'>284</span> <span class='ocrx_word' id='word_1_754' title='bbox 637 5737 798 5795; x_wconf 82' lang='lat' dir='ltr'>seqq.</span> 
     </span>
    </p>
   </div>
   <div class='ocr_carea' id='block_1_108' title="bbox 2099 4405 2146 4470">
    <p class='ocr_par' dir='ltr' id='par_1_108' title="bbox 2099 4405 2146 4470">
     <span class='ocr_line' id='line_1_108' title="bbox 2099 4405 2146 4470; baseline 0 0"><span class='ocrx_word' id='word_1_755' title='bbox 2099 4405 2146 4470; x_wconf 92' lang='lat' dir='ltr'>D</span> 
     </span>
    </p>
   </div>
   <div class='ocr_carea' id='block_1_109' title="bbox 2252 4293 3819 4369">
    <p class='ocr_par' dir='ltr' id='par_1_109' title="bbox 2252 4293 3819 4369">
     <span class='ocr_line' id='line_1_109' title="bbox 2252 4293 3819 4369; baseline -0.004 -19"><span class='ocrx_word' id='word_1_756' title='bbox 2252 4297 2364 4368; x_wconf 83' lang='lat'>(53)</span> <span class='ocrx_word' id='word_1_757' title='bbox 2397 4294 2669 4369; x_wconf 38' lang='grc' dir='ltr'>Δι’-ό.ηιιιι</span> <span class='ocrx_word' id='word_1_758' title='bbox 2699 4301 2755 4351; x_wconf 92' lang='lat' dir='ltr'>et</span> <span class='ocrx_word' id='word_1_759' title='bbox 2803 4296 3169 4369; x_wconf 83' lang='lat' dir='ltr'>Euthymius,</span> <span class='ocrx_word' id='word_1_760' title='bbox 3224 4297 3377 4350; x_wconf 89' lang='lat' dir='ltr'>recte</span> <span class='ocrx_word' id='word_1_761' title='bbox 3435 4293 3718 4349; x_wconf 79' lang='lat' dir='ltr'>omnino:</span> <span class='ocrx_word' id='word_1_762' title='bbox 3767 4295 3819 4344; x_wconf 89' lang='lat' dir='ltr'>at</span> 
     </span>
    </p>
   </div>
   <div class='ocr_carea' id='block_1_110' title="bbox 2181 4363 2614 4422">
    <p class='ocr_par' dir='ltr' id='par_1_110' title="bbox 2181 4363 2614 4422">
     <span class='ocr_line' id='line_1_110' title="bbox 2181 4363 2614 4422; baseline -0.002 0"><span class='ocrx_word' id='word_1_763' title='bbox 2181 4363 2378 4422; x_wconf 78' lang='lat' dir='ltr'>noster</span> <span class='ocrx_word' id='word_1_764' title='bbox 2409 4363 2531 4420; x_wconf 69' lang='grc' dir='ltr'>ουδὲ</span> <span class='ocrx_word' id='word_1_765' title='bbox 2561 4366 2614 4422; x_wconf 80' lang='grc' dir='ltr'>ὃ.</span> 
     </span>
    </p>
   </div>
   <div class='ocr_carea' id='block_1_111' title="bbox 2246 4432 3812 4511">
    <p class='ocr_par' dir='ltr' id='par_1_111' title="bbox 2246 4432 3812 4511">
     <span class='ocr_line' id='line_1_111' title="bbox 2246 4432 3812 4511; baseline -0.004 -18"><span class='ocrx_word' id='word_1_766' title='bbox 2246 4440 2359 4511; x_wconf 77' lang='grc'>(54)</span> <span class='ocrx_word' id='word_1_767' title='bbox 2414 4435 2788 4493; x_wconf 74' lang='grc' dir='ltr'>Σπουδάσατε.</span> <span class='ocrx_word' id='word_1_768' title='bbox 2852 4441 2999 4510; x_wconf 83' lang='lat' dir='ltr'>Lege</span> <span class='ocrx_word' id='word_1_769' title='bbox 3083 4439 3277 4511; x_wconf 77' lang='lat' dir='ltr'>locum</span> <span class='ocrx_word' id='word_1_770' title='bbox 3357 4435 3708 4511; x_wconf 76' lang='lat' dir='ltr'>Petrinum:</span> <span class='ocrx_word' id='word_1_771' title='bbox 3767 4432 3812 4487; x_wconf 89' lang='lat' dir='ltr'><strong>II</strong></span> 
     </span>
    </p>
   </div>
   <div class='ocr_carea' id='block_1_112' title="bbox 2178 4507 3817 4579">
    <p class='ocr_par' dir='ltr' id='par_1_112' title="bbox 2178 4507 3817 4579">
     <span class='ocr_line' id='line_1_112' title="bbox 2178 4507 3817 4579; baseline -0.003 -14"><span class='ocrx_word' id='word_1_772' title='bbox 2178 4507 2351 4565; x_wconf 46' lang='lat' dir='ltr'>Petrﬁ</span> <span class='ocrx_word' id='word_1_773' title='bbox 2386 4528 2448 4576; x_wconf 85' lang='grc' dir='ltr'>ιι,</span> <span class='ocrx_word' id='word_1_774' title='bbox 2527 4512 2708 4566; x_wconf 71' lang='grc'>14-16.</span> <span class='ocrx_word' id='word_1_775' title='bbox 2765 4513 2900 4577; x_wconf 65' lang='lat' dir='ltr'>Quae</span> <span class='ocrx_word' id='word_1_776' title='bbox 2935 4507 3105 4564; x_wconf 50' lang='lat' dir='ltr'>&#39;inter</span> <span class='ocrx_word' id='word_1_777' title='bbox 3162 4509 3314 4564; x_wconf 91' lang='lat' dir='ltr'>hanc</span> <span class='ocrx_word' id='word_1_778' title='bbox 3387 4507 3817 4579; x_wconf 83' lang='lat' dir='ltr'>allegationem,</span> 
     </span>
    </p>
   </div>
   <div class='ocr_carea' id='block_1_113' title="bbox 2177 4576 3822 4657">
    <p class='ocr_par' dir='ltr' id='par_1_113' title="bbox 2177 4576 3822 4657">
     <span class='ocr_line' id='line_1_113' title="bbox 2177 4576 3822 4657; baseline -0.004 -21"><span class='ocrx_word' id='word_1_779' title='bbox 2177 4597 2309 4636; x_wconf 90' lang='lat' dir='ltr'><strong>cum</strong></span> <span class='ocrx_word' id='word_1_780' title='bbox 2335 4588 2532 4657; x_wconf 70' lang='lat' dir='ltr'>quaet</span> <span class='ocrx_word' id='word_1_781' title='bbox 2563 4576 2919 4657; x_wconf 70' lang='lat' dir='ltr'>Euthymius</span> <span class='ocrx_word' id='word_1_782' title='bbox 2936 4597 3180 4657; x_wconf 82' lang='lat' dir='ltr'>prorsus</span> <span class='ocrx_word' id='word_1_783' title='bbox 3213 4576 3552 4657; x_wconf 64' lang='lat' dir='ltr'>concordat,</span> <span class='ocrx_word' id='word_1_784' title='bbox 3607 4588 3659 4634; x_wconf 88' lang='lat' dir='ltr'>et</span> <span class='ocrx_word' id='word_1_785' title='bbox 3695 4576 3822 4657; x_wconf 76' lang='lat' dir='ltr'>vul—</span> 
     </span>
    </p>
   </div>
   <div class='ocr_carea' id='block_1_114' title="bbox 2176 4650 3816 4728">
    <p class='ocr_par' dir='ltr' id='par_1_114' title="bbox 2176 4650 3816 4728">
     <span class='ocr_line' id='line_1_114' title="bbox 2176 4650 3816 4728; baseline -0.005 -21"><span class='ocrx_word' id='word_1_786' title='bbox 2176 4650 2594 4728; x_wconf 38' lang='lat' dir='ltr'>gatos—codices</span> <span class='ocrx_word' id='word_1_787' title='bbox 2624 4658 2692 4728; x_wconf 62' lang='lat' dir='ltr'>N.</span> <span class='ocrx_word' id='word_1_788' title='bbox 2721 4650 2786 4708; x_wconf 68' lang='grc' dir='ltr'>Τ.</span> <span class='ocrx_word' id='word_1_789' title='bbox 2815 4650 3141 4728; x_wconf 70' lang='lat' dir='ltr'>differentia</span> <span class='ocrx_word' id='word_1_790' title='bbox 3167 4650 3494 4715; x_wconf 88' lang='lat' dir='ltr'>intercedit,</span> <span class='ocrx_word' id='word_1_791' title='bbox 3529 4665 3656 4728; x_wconf 87' lang='lat' dir='ltr'>eam</span> <span class='ocrx_word' id='word_1_792' title='bbox 3697 4650 3816 4728; x_wconf 69' lang='lat' dir='ltr'>ipse</span> 
     </span>
    </p>
   </div>
   <div class='ocr_carea' id='block_1_115' title="bbox 2175 4717 3815 4780">
    <p class='ocr_par' dir='ltr' id='par_1_115' title="bbox 2175 4717 3815 4780">
     <span class='ocr_line' id='line_1_115' title="bbox 2175 4717 3815 4780; baseline -0.005 -2"><span class='ocrx_word' id='word_1_793' title='bbox 2175 4724 2343 4779; x_wconf 79' lang='lat' dir='ltr'>facile</span> <span class='ocrx_word' id='word_1_794' title='bbox 2382 4726 2718 4780; x_wconf 72' lang='lat' dir='ltr'>observabis</span> <span class='ocrx_word' id='word_1_795' title='bbox 2749 4730 2806 4780; x_wconf 86' lang='lat' dir='ltr'>et</span> <span class='ocrx_word' id='word_1_796' title='bbox 2836 4724 3059 4778; x_wconf 89' lang='lat' dir='ltr'>tribues</span> <span class='ocrx_word' id='word_1_797' title='bbox 3103 4733 3362 4778; x_wconf 84' lang='lat' dir='ltr'>veterum</span> <span class='ocrx_word' id='word_1_798' title='bbox 3409 4717 3815 4778; x_wconf 89' lang='lat' dir='ltr'>consuetudini</span> 
     </span>
    </p>
   </div>
   <div class='ocr_carea' id='block_1_116' title="bbox 2172 4789 3818 4866">
    <p class='ocr_par' dir='ltr' id='par_1_116' title="bbox 2172 4789 3818 4866">
     <span class='ocr_line' id='line_1_116' title="bbox 2172 4789 3818 4866; baseline -0.005 -15"><span class='ocrx_word' id='word_1_799' title='bbox 2172 4813 2239 4851; x_wconf 81' lang='lat' dir='ltr'>ex</span> <span class='ocrx_word' id='word_1_800' title='bbox 2288 4796 2560 4851; x_wconf 89' lang='lat' dir='ltr'>memoria</span> <span class='ocrx_word' id='word_1_801' title='bbox 2603 4798 2914 4866; x_wconf 61' lang='lat' dir='ltr'>Scriptura;</span> <span class='ocrx_word' id='word_1_802' title='bbox 2962 4811 3138 4850; x_wconf 67' lang='lat' dir='ltr'>sacrae</span> <span class='ocrx_word' id='word_1_803' title='bbox 3187 4792 3723 4866; x_wconf 15' lang='lat' dir='ltr'>oraculaicitandit</span> <span class='ocrx_word' id='word_1_804' title='bbox 3749 4789 3818 4843; x_wconf 89' lang='lat' dir='ltr'>de</span> 
     </span>
    </p>
   </div>
   <div class='ocr_carea' id='block_1_117' title="bbox 2173 4863 3823 4938">
    <p class='ocr_par' dir='ltr' id='par_1_117' title="bbox 2173 4863 3823 4938">
     <span class='ocr_line' id='line_1_117' title="bbox 2173 4863 3823 4938; baseline -0.005 -16"><span class='ocrx_word' id='word_1_805' title='bbox 2173 4883 2286 4938; x_wconf 88' lang='lat' dir='ltr'>qua</span> <span class='ocrx_word' id='word_1_806' title='bbox 2315 4868 2400 4923; x_wconf 85' lang='lat' dir='ltr'>Jo.</span> <span class='ocrx_word' id='word_1_807' title='bbox 2429 4867 2632 4938; x_wconf 82' lang='lat' dir='ltr'>Crojus</span> <span class='ocrx_word' id='word_1_808' title='bbox 2655 4868 2711 4922; x_wconf 91' lang='lat' dir='ltr'>in</span> <span class='ocrx_word' id='word_1_809' title='bbox 2733 4863 3041 4938; x_wconf 10' lang='lat' dir='ltr'>Dbservﬁatt.</span> <span class='ocrx_word' id='word_1_810' title='bbox 3065 4882 3231 4938; x_wconf 61' lang='lat' dir='ltr'>sacra,</span> <span class='ocrx_word' id='word_1_811' title='bbox 3252 4863 3588 4938; x_wconf 33' lang='lat' dir='ltr'>JqlMillius</span> <span class='ocrx_word' id='word_1_812' title='bbox 3610 4865 3667 4918; x_wconf 90' lang='lat' dir='ltr'>in</span> <span class='ocrx_word' id='word_1_813' title='bbox 3689 4863 3823 4938; x_wconf 79' lang='lat' dir='ltr'>I_’ro-</span> 
     </span>
    </p>
   </div>
   <div class='ocr_carea' id='block_1_118' title="bbox 2173 4935 3822 5062">
    <p class='ocr_par' dir='ltr' id='par_1_118' title="bbox 2173 4935 3822 5062">
     <span class='ocr_line' id='line_1_118' title="bbox 2173 4935 3822 5062; baseline -0.002 -70"><span class='ocrx_word' id='word_1_814' title='bbox 2173 4935 2370 5009; x_wconf 64' lang='lat' dir='ltr'>lcgom.</span> <span class='ocrx_word' id='word_1_815' title='bbox 2405 4939 2474 4993; x_wconf 88' lang='lat' dir='ltr'>ad</span> <span class='ocrx_word' id='word_1_816' title='bbox 2496 4935 2562 4993; x_wconf 81' lang='grc' dir='ltr'>Ν.</span> <span class='ocrx_word' id='word_1_817' title='bbox 2600 4940 2674 5006; x_wconf 90' lang='grc' dir='ltr'>Τ.,</span> <span class='ocrx_word' id='word_1_818' title='bbox 2704 4945 2760 4994; x_wconf 88' lang='lat' dir='ltr'>et</span> <span class='ocrx_word' id='word_1_819' title='bbox 2781 4941 2837 4992; x_wconf 93' lang='lat' dir='ltr'>in</span> <span class='ocrx_word' id='word_1_820' title='bbox 2864 4937 3065 5010; x_wconf 90' lang='lat' dir='ltr'>primis</span> <span class='ocrx_word' id='word_1_821' title='bbox 3089 4936 3286 4993; x_wconf 89' lang='lat' dir='ltr'>Daniel</span> <span class='ocrx_word' id='word_1_822' title='bbox 3311 4936 3583 5062; x_wconf 45' lang='lat' dir='ltr'>Whitby,</span> <span class='ocrx_word' id='word_1_823' title='bbox 3608 4938 3664 4990; x_wconf 89' lang='lat' dir='ltr'>in</span> <span class='ocrx_word' id='word_1_824' title='bbox 3687 4935 3822 4990; x_wconf 72' lang='lat' dir='ltr'>Exa-</span> 
     </span>
     <span class='ocr_line' id='line_1_119' title="bbox 2173 5008 3816 5062; baseline -0.002 0"><span class='ocrx_word' id='word_1_825' title='bbox 2173 5013 2320 5062; x_wconf 78' lang='lat' dir='ltr'>mine</span> <span class='ocrx_word' id='word_1_826' title='bbox 2349 5012 2682 5062; x_wconf 80' lang='lat' dir='ltr'>variantz&#39;um</span> <span class='ocrx_word' id='word_1_827' title='bbox 2713 5011 3004 5062; x_wconf 73' lang='lat' dir='ltr'>lectionum</span> <span class='ocrx_word' id='word_1_828' title='bbox 3035 5010 3098 5062; x_wconf 85' lang='grc' dir='ltr'>Ν.</span> <span class='ocrx_word' id='word_1_829' title='bbox 3132 5010 3186 5062; x_wconf 84' lang='grc' dir='ltr'>Ἰ.</span> <span class='ocrx_word' id='word_1_830' title='bbox 3228 5008 3477 5062; x_wconf 76' lang='lat' dir='ltr'>Millianz&#39;</span> <span class='ocrx_word' id='word_1_831' title='bbox 3550 5012 3816 5062; x_wconf 64' lang='lat' dir='ltr'>eaantur.</span> 
     </span>
    </p>
   </div>
   <div class='ocr_carea' id='block_1_119' title="bbox 2172 5008 3816 5078">
    <p class='ocr_par' dir='ltr' id='par_1_119' title="bbox 2172 5008 3816 5078">
     <span class='ocr_line' id='line_1_120' title="bbox 2172 5008 3816 5078; baseline -0.003 -14"><span class='ocrx_word' id='word_1_832' title='bbox 2172 5008 2320 5065; x_wconf 65' lang='lat' dir='ltr'>mine</span> <span class='ocrx_word' id='word_1_833' title='bbox 2349 5012 2682 5065; x_wconf 78' lang='lat' dir='ltr'>variann&#39;um</span> <span class='ocrx_word' id='word_1_834' title='bbox 2713 5008 3004 5066; x_wconf 60' lang='lat' dir='ltr'>lectionum</span> <span class='ocrx_word' id='word_1_835' title='bbox 3035 5010 3098 5065; x_wconf 83' lang='grc' dir='ltr'>Ν.</span> <span class='ocrx_word' id='word_1_836' title='bbox 3132 5010 3186 5064; x_wconf 85' lang='grc' dir='ltr'>Ἰ.</span> <span class='ocrx_word' id='word_1_837' title='bbox 3228 5008 3477 5063; x_wconf 76' lang='lat' dir='ltr'>Millianz&#39;</span> <span class='ocrx_word' id='word_1_838' title='bbox 3527 5008 3816 5078; x_wconf 72' lang='lat' dir='ltr'>legantur.</span> 
     </span>
    </p>
   </div>
   <div class='ocr_carea' id='block_1_120' title="bbox 2241 5076 3818 5154">
    <p class='ocr_par' dir='ltr' id='par_1_120' title="bbox 2241 5076 3818 5154">
     <span class='ocr_line' id='line_1_121' title="bbox 2241 5076 3818 5154; baseline -0.003 -18"><span class='ocrx_word' id='word_1_839' title='bbox 2241 5084 2356 5152; x_wconf 83' lang='lat'>(55)</span> <span class='ocrx_word' id='word_1_840' title='bbox 2391 5085 2710 5154; x_wconf 79' lang='grc' dir='ltr'>Κορυφαῖον.</span> <span class='ocrx_word' id='word_1_841' title='bbox 2757 5081 2846 5154; x_wconf 15' lang='lat' dir='ltr'>,Hi</span> <span class='ocrx_word' id='word_1_842' title='bbox 2909 5081 3086 5152; x_wconf 87' lang='lat' dir='ltr'>igitur</span> <span class='ocrx_word' id='word_1_843' title='bbox 3144 5081 3286 5136; x_wconf 85' lang='lat' dir='ltr'>forte</span> <span class='ocrx_word' id='word_1_844' title='bbox 3335 5080 3481 5154; x_wconf 83' lang='lat' dir='ltr'>_soli_</span> <span class='ocrx_word' id='word_1_845' title='bbox 3522 5076 3616 5154; x_wconf 53' lang='lat' dir='ltr'>ef</span> <span class='ocrx_word' id='word_1_846' title='bbox 3662 5076 3818 5154; x_wconf 77' lang='lat' dir='ltr'>omni</span> 
     </span>
    </p>
   </div>
   <div class='ocr_carea' id='block_1_121' title="bbox 2168 5149 3819 5222">
    <p class='ocr_par' dir='ltr' id='par_1_121' title="bbox 2168 5149 3819 5222">
     <span class='ocr_line' id='line_1_122' title="bbox 2168 5149 3819 5222; baseline -0.003 -16"><span class='ocrx_word' id='word_1_847' title='bbox 2168 5149 2630 5207; x_wconf 82' lang='lat' dir='ltr'>Christianorum</span> <span class='ocrx_word' id='word_1_848' title='bbox 2650 5149 2990 5222; x_wconf 70' lang='lat' dir='ltr'>antiquitate</span> <span class='ocrx_word' id='word_1_849' title='bbox 3013 5161 3320 5222; x_wconf 85' lang='lat' dir='ltr'>utramque</span> <span class='ocrx_word' id='word_1_850' title='bbox 3335 5149 3482 5206; x_wconf 85' lang='lat' dir='ltr'>Petri</span> <span class='ocrx_word' id='word_1_851' title='bbox 3505 5149 3819 5220; x_wconf 88' lang='lat' dir='ltr'>epistolam</span> 
     </span>
    </p>
   </div>
   <div class='ocr_carea' id='block_1_122' title="bbox 2171 5223 3819 5294">
    <p class='ocr_par' dir='ltr' id='par_1_122' title="bbox 2171 5223 3819 5294">
     <span class='ocr_line' id='line_1_123' title="bbox 2171 5223 3819 5294; baseline -0.004 -14"><span class='ocrx_word' id='word_1_852' title='bbox 2171 5226 2416 5280; x_wconf 89' lang='lat' dir='ltr'>aversati</span> <span class='ocrx_word' id='word_1_853' title='bbox 2445 5233 2602 5294; x_wconf 86' lang='lat' dir='ltr'>sunt,</span> <span class='ocrx_word' id='word_1_854' title='bbox 2638 5241 2768 5280; x_wconf 91' lang='lat' dir='ltr'>cum</span> <span class='ocrx_word' id='word_1_855' title='bbox 2804 5225 3106 5292; x_wconf 86' lang='lat' dir='ltr'>Eusebius,</span> <span class='ocrx_word' id='word_1_856' title='bbox 3151 5223 3253 5278; x_wconf 89' lang='lat' dir='ltr'>lib.</span> <span class='ocrx_word' id='word_1_857' title='bbox 3303 5240 3390 5290; x_wconf 88' lang='grc' dir='ltr'>ιιι,</span> <span class='ocrx_word' id='word_1_858' title='bbox 3424 5238 3475 5278; x_wconf 87' lang='lat' dir='ltr'>c.</span> <span class='ocrx_word' id='word_1_859' title='bbox 3516 5223 3574 5286; x_wconf 87' lang='lat'>3,</span> <span class='ocrx_word' id='word_1_860' title='bbox 3616 5223 3819 5277; x_wconf 73' lang='lat' dir='ltr'>Hister.</span> 
     </span>
    </p>
   </div>
   <div class='ocr_carea' id='block_1_123' title="bbox 2167 5295 3824 5368">
    <p class='ocr_par' dir='ltr' id='par_1_123' title="bbox 2167 5295 3824 5368">
     <span class='ocr_line' id='line_1_124' title="bbox 2167 5295 3824 5368; baseline -0.004 -15"><span class='ocrx_word' id='word_1_861' title='bbox 2167 5298 2634 5368; x_wconf 10' lang='lat' dir='ltr'>ecclesitestetur</span> <span class='ocrx_word' id='word_1_862' title='bbox 2684 5298 2933 5368; x_wconf 89' lang='lat' dir='ltr'>priorem</span> <span class='ocrx_word' id='word_1_863' title='bbox 2980 5296 3051 5351; x_wconf 90' lang='lat' dir='ltr'>ab</span> <span class='ocrx_word' id='word_1_864' title='bbox 3098 5296 3395 5368; x_wconf 86' lang='lat' dir='ltr'>omnibus,</span> <span class='ocrx_word' id='word_1_865' title='bbox 3437 5295 3824 5368; x_wconf 77' lang='lat' dir='ltr'>posteriorem</span> 
     </span>
    </p>
   </div>
   <div class='ocr_carea' id='block_1_124' title="bbox 2170 5366 3824 5438">
    <p class='ocr_par' dir='ltr' id='par_1_124' title="bbox 2170 5366 3824 5438">
     <span class='ocr_line' id='line_1_125' title="bbox 2170 5366 3824 5438; baseline -0.002 -16"><span class='ocrx_word' id='word_1_866' title='bbox 2170 5369 2242 5422; x_wconf 92' lang='lat' dir='ltr'>ab</span> <span class='ocrx_word' id='word_1_867' title='bbox 2271 5366 2698 5438; x_wconf 83' lang='lat' dir='ltr'>antiquioribus</span> <span class='ocrx_word' id='word_1_868' title='bbox 2731 5385 2843 5424; x_wconf 90' lang='lat' dir='ltr'>non</span> <span class='ocrx_word' id='word_1_869' title='bbox 2869 5373 3157 5434; x_wconf 80' lang='lat' dir='ltr'>receptam</span> <span class='ocrx_word' id='word_1_870' title='bbox 3185 5367 3382 5422; x_wconf 75' lang='lat' dir='ltr'>fuisse.</span> <span class='ocrx_word' id='word_1_871' title='bbox 3410 5368 3482 5421; x_wconf 84' lang='lat' dir='ltr'>At</span> <span class='ocrx_word' id='word_1_872' title='bbox 3505 5367 3563 5420; x_wconf 91' lang='lat' dir='ltr'>hi</span> <span class='ocrx_word' id='word_1_873' title='bbox 3584 5366 3824 5438; x_wconf 83' lang='lat' dir='ltr'>quidem</span> 
     </span>
    </p>
   </div>
   <div class='ocr_carea' id='block_1_125' title="bbox 2169 5437 3824 5508">
    <p class='ocr_par' dir='ltr' id='par_1_125' title="bbox 2169 5437 3824 5508">
     <span class='ocr_line' id='line_1_126' title="bbox 2169 5437 3824 5508; baseline -0.002 -14"><span class='ocrx_word' id='word_1_874' title='bbox 2169 5441 2226 5494; x_wconf 90' lang='lat' dir='ltr'>id</span> <span class='ocrx_word' id='word_1_875' title='bbox 2263 5437 2540 5506; x_wconf 85' lang='lat' dir='ltr'>fecerunt,</span> <span class='ocrx_word' id='word_1_876' title='bbox 2564 5441 2789 5508; x_wconf 89' lang='lat' dir='ltr'>oborta,</span> <span class='ocrx_word' id='word_1_877' title='bbox 2827 5456 2898 5494; x_wconf 90' lang='lat' dir='ltr'>an</span> <span class='ocrx_word' id='word_1_878' title='bbox 2959 5439 3109 5493; x_wconf 89' lang='lat' dir='ltr'>Petri</span> <span class='ocrx_word' id='word_1_879' title='bbox 3158 5455 3225 5493; x_wconf 89' lang='lat' dir='ltr'>ea</span> <span class='ocrx_word' id='word_1_880' title='bbox 3266 5438 3365 5504; x_wconf 89' lang='lat' dir='ltr'>sit,</span> <span class='ocrx_word' id='word_1_881' title='bbox 3416 5437 3824 5503; x_wconf 87' lang='lat' dir='ltr'>dubitatione;</span> 
     </span>
    </p>
   </div>
   <div class='ocr_carea' id='block_1_126' title="bbox 2170 5508 3678 5580">
    <p class='ocr_par' dir='ltr' id='par_1_126' title="bbox 2170 5508 3678 5580">
     <span class='ocr_line' id='line_1_127' title="bbox 2170 5508 3678 5580; baseline -0.003 -14"><span class='ocrx_word' id='word_1_882' title='bbox 2170 5510 2251 5566; x_wconf 93' lang='lat' dir='ltr'>illi</span> <span class='ocrx_word' id='word_1_883' title='bbox 2283 5527 2416 5564; x_wconf 89' lang='lat' dir='ltr'>vero</span> <span class='ocrx_word' id='word_1_884' title='bbox 2448 5528 2514 5565; x_wconf 85' lang='lat' dir='ltr'>ex</span> <span class='ocrx_word' id='word_1_885' title='bbox 2545 5510 2848 5566; x_wconf 80' lang='lat' dir='ltr'>temerario</span> <span class='ocrx_word' id='word_1_886' title='bbox 2880 5510 3130 5580; x_wconf 90' lang='lat' dir='ltr'>quodam</span> <span class='ocrx_word' id='word_1_887' title='bbox 3167 5510 3222 5564; x_wconf 89' lang='lat' dir='ltr'>in</span> <span class='ocrx_word' id='word_1_888' title='bbox 3257 5509 3486 5580; x_wconf 83' lang='lat' dir='ltr'>Petrum</span> <span class='ocrx_word' id='word_1_889' title='bbox 3519 5508 3678 5580; x_wconf 84' lang='lat' dir='ltr'>odio.</span> 
     </span>
    </p>
   </div>
   <div class='ocr_carea' id='block_1_127' title="bbox 2243 5578 3826 5654">
    <p class='ocr_par' dir='ltr' id='par_1_127' title="bbox 2243 5578 3826 5654">
     <span class='ocr_line' id='line_1_128' title="bbox 2243 5578 3826 5654; baseline -0.002 -20"><span class='ocrx_word' id='word_1_890' title='bbox 2243 5583 2353 5650; x_wconf 84' lang='lat'>(56)</span> <span class='ocrx_word' id='word_1_891' title='bbox 2411 5582 2846 5654; x_wconf 86' lang='grc' dir='ltr'>Συναρμόζουσι.</span> <span class='ocrx_word' id='word_1_892' title='bbox 2892 5578 2977 5637; x_wconf 86' lang='lat' dir='ltr'>lla</span> <span class='ocrx_word' id='word_1_893' title='bbox 3044 5581 3284 5654; x_wconf 89' lang='lat' dir='ltr'>Coislin,</span> <span class='ocrx_word' id='word_1_894' title='bbox 3337 5587 3393 5635; x_wconf 89' lang='lat' dir='ltr'>et</span> <span class='ocrx_word' id='word_1_895' title='bbox 3437 5578 3826 5648; x_wconf 86' lang='lat' dir='ltr'>Euthymius:</span> 
     </span>
    </p>
   </div>
   <div class='ocr_carea' id='block_1_128' title="bbox 2173 5653 3826 5727">
    <p class='ocr_par' dir='ltr' id='par_1_128' title="bbox 2173 5653 3826 5727">
     <span class='ocr_line' id='line_1_129' title="bbox 2173 5653 3826 5727; baseline -0.002 -19"><span class='ocrx_word' id='word_1_896' title='bbox 2173 5668 2284 5708; x_wconf 88' lang='lat' dir='ltr'>me.</span> <span class='ocrx_word' id='word_1_897' title='bbox 2318 5658 2513 5727; x_wconf 74' lang='lat' dir='ltr'>noster</span> <span class='ocrx_word' id='word_1_898' title='bbox 2543 5653 2716 5711; x_wconf 85' lang='lat' dir='ltr'>habet</span> <span class='ocrx_word' id='word_1_899' title='bbox 2745 5654 3157 5727; x_wconf 79' lang='grc' dir='ltr'>συναριθμοῦσι,</span> <span class='ocrx_word' id='word_1_900' title='bbox 3190 5653 3249 5708; x_wconf 91' lang='lat' dir='ltr'>id</span> <span class='ocrx_word' id='word_1_901' title='bbox 3295 5657 3385 5708; x_wconf 86' lang='lat' dir='ltr'>est</span> <span class='ocrx_word' id='word_1_902' title='bbox 3423 5656 3826 5718; x_wconf 75' lang='lat' dir='ltr'>annumerant,</span> 
     </span>
    </p>
   </div>
   <div class='ocr_carea' id='block_1_129' title="bbox 2173 5724 2603 5782">
    <p class='ocr_par' dir='ltr' id='par_1_129' title="bbox 2173 5724 2603 5782">
     <span class='ocr_line' id='line_1_130' title="bbox 2173 5724 2603 5782; baseline 0 -1"><span class='ocrx_word' id='word_1_903' title='bbox 2173 5740 2350 5781; x_wconf 84' lang='lat' dir='ltr'>sensu</span> <span class='ocrx_word' id='word_1_904' title='bbox 2379 5724 2603 5782; x_wconf 89' lang='lat' dir='ltr'>eodem.</span> 
     </span>
    </p>
   </div>
  </div>
