4074 6208
339 387 409 446 31
1534 378 1800 440 ΡΗΟῚῚΙ
1850 378 1994 438 PAT

2111 377 2373 438 lRC-HAS
2419 376 2533 436 (ΣΡ.

3667 378 3766 436 32

403 523 477 578 Χ.
512 517 908 594 Evangelium,
933 520 1084 593 quod
1118 518 1271 589 apud
1306 534 1409 573 nos
1442 516 1703 580 habetur,
1737 515 1979 571 adorare

2164 516 2223 568 l'.
2258 511 2328 566 Τὸ
2361 508 2418 564 δὲ
2451 511 2574 583 παρ’
2609 511 2763 583 ἡμῶν
2799 504 3137 583 Εὐαγγὲλιον
3166 510 3279 582 (67)
3329 508 3429 563 οὐκ
3460 506 3770 564 ἐπιδιστάο

342 629 458 668 non
507 610 780 666 dubitant
809 627 921 664 non
970 609 1224 680 quidem,
1260 607 1353 661 ubi
1404 605 1744 660 venerande
1789 604 1981 660 crucis

339 701 524 771 ﬁgura
557 699 900 766 delineatur,
935 699 1034 752 sed
1067 698 1123 751 in
1158 695 1396 765 reliquis
1429 694 1558 750 libri
1590 693 1982 764 partibus,ubi

337 789 526 860 imago
557 789 745 842 crucis
779 803 889 842 non
939 789 1396 858 repraesentetur.
1431 783 1643 838 Dicunt
1688 788 1882 838 autem
1916 799 1978 837 se

338 877 548 932 librum
599 878 861 939 adorare,
913 879 1108 944 utpote
1157 874 1256 943 qui
1307 873 1636 928 Dominicos
1687 887 1982 927 sermones

338 965 877 1037 complectatur,sed
912 968 1190 1035 quantum
1229 963 1298 1016 ad
1332 963 1662 1032 dogmatum
1697 962 1979 1016 rationem

335 1058 606 1128 pertinet,
641 1056 724 1110 ita
774 1059 910 1110 sunt
942 1053 1105 1124 impii
1159 1069 1224 1108 ac
1257 1060 1456 1107 contra
1486 1053 1808 1120 veritatem,
1842 1069 1983 1107 con-

337 1148 546 1216 traque
577 1161 639 1198 se
678 1142 924 1198 invicem
959 1143 1199 1196 omnino
1233 1145 1576 1212 pugnantes.
1612 1142 1822 1196 Eorum
1854 1141 1984 1196 vita:

336 1249 520 1304 genus
556 1231 795 1286 libidine
830 1231 1067 1303 plenum
1091 1230 1227 1284 item
1264 1229 1985 1300 nefandisimpuritatibus

337 1339 402 1376 ac
433 1321 810 1387 fmditatibus,
842 1337 964 1391 qua:
999 1321 1059 1375 in
1111 1325 1362 1374 mentem
1409 1336 1521 1374 non
1571 1320 1805 1374 cadunt.
1840 1319 1984 1374 Nam

340 1410 649 1482 utriusque
682 1415 900 1464 naturis
934 1409 1444 1464 commistionibus
1478 1412 1739 1474 utuntur,
1765 1408 1984 1463 nullam

337 1516 450 1554 non
488 1499 574 1554 vel
627 1499 1076 1554 inenarrabilem
1133 1499 1546 1554 obscenitatem
1600 1498 1722 1554 sine
1772 1499 1988 1569 pudore

341 1589 752 1644 admittentes:
786 1589 1192 1644 tantummodo
1211 1588 1767 1657 dicitur,nonnullos
1788 1603 1986 1642 eorum

343 1695 377 1732 a
409 1677 561 1732 coitu
593 1693 726 1731 cum
760 1677 1044 1732 matribus
1075 1678 1385 1741 abstinere,
1421 1677 1677 1732 ebrietati
1711 1682 1906 1732 autem
1933 1681 1990 1732 et

343 1767 504 1823 luxui
539 1781 639 1838 per
671 1771 844 1822 totam
879 1767 1054 1821 vitam
1085 1782 1146 1822 se
1176 1767 1782 1838 dedunt,omnemque
1813 1768 1986 1820 aliam

2093 607 2243 670 ζουσι
2273 605 2589 676 προσκυνεῖν
2621 602 2756 672 (68),
2785 598 2844 654 οὐ
2897 601 3029 671 μὴν,
3071 596 3192 652 ἔνθα
3221 602 3318 654 τοῦ
3365 596 3554 670 τιμίου
3588 621 3769 654 σταυ-

2093 696 2189 765 ροῦ
2221 693 2247 744 ὁ
2297 690 2465 752 τύπος
2517 688 2963 762 διακεχάρακται,
3014 686 3141 742 ἀλλ’
3183 688 3233 742 ἐν
3289 691 3367 760 τῷ
3407 686 3588 760 λοιπῷ
3643 693 3765 743 τοῦ

2095 775 2316 855 βιϐλίου
2369 780 2538 854 μέρει,
2574 777 2624 833 ἐν
2660 779 2704 850 ᾦ
2753 778 2816 833 τὸ
2856 778 3219 850 ἀπεικὸνισμα
3261 781 3358 832 τοῦ
3390 780 3616 852 σταυροῦ
3663 780 3751 851 μῆ

2093 867 2525 941 διασημαίνεται.
2587 869 2726 923 Φασὶ
2788 865 2843 921 δὲ
2899 867 2961 921 τὸ
3021 863 3244 941 βιϐλίον
3303 872 3620 939 προσκυνεῖν
3666 868 3757 930 ὡς

2093 959 2218 1021 τους
2269 957 2628 1018 Δεσποτικοῦς
2684 956 2941 1032 περιέχον
3001 955 3224 1030 λόγους.
3275 955 3428 1012 Ἀλλ’
3489 956 3588 1011 ὅσα
3645 957 3746 1029 μὶν

2094 1049 2168 1109 εἷς
2219 1046 2508 1125 δογμάτων
2567 1047 2756 1116 ἀνήκει
2809 1046 3009 1120 λόγον,
3064 1044 3239 1109 οὕτως
3288 1045 3390 1100 εἶσὶ
3441 1041 3749 1116 δυσσεϐεῖς,

2094 1138 2180 1191 καὶ
2213 1138 2347 1211 πρὸς
2394 1139 2492 1206 τήν
2541 1135 2801 1205 ἀλήθειαν
2844 1134 2936 1189 καὶ
2994 1135 3134 1208 πρὸς
3183 1135 3406 1196 ἑαυτοὺς
3460 1133 3754 1195 παντελῶς

2098 1226 2436 1302 ἀσύμφωνοι.
2477 1231 2538 1280 Ἦ
2589 1221 2644 1278 δὲ
2692 1223 2944 1278 πολιτεία
3001 1225 3208 1278 τούτων
3262 1222 3416 1301 γέμει
3474 1225 3570 1298 μὲν
3621 1224 3758 1277 ἀκο-

2097 1313 2310 1384 λασίας,
2356 1314 2507 1388 γέμει
2559 1311 2616 1368 δὲ
2664 1315 2750 1367 καὶ
2808 1317 3062 1386 μιασμῶν
3114 1312 3368 1388 ἀρρήτων
3421 1313 3514 1368 καὶ
3573 1312 3761 1387 ῥυπα-

2098 1404 2316 1476 σμάτων
2369 1404 2759 1471 ἀνεπινοήτων.
2811 1405 3055 1476 Χρῶνται
3102 1403 3218 1473 (69)
3251 1401 3344 1472 μὲν
3390 1401 3490 1477 γὰρ
3544 1401 3756 1474 μίξεσιν

2096 1492 2346 1566 ἑκατέρας
2406 1493 2639 1569 φύσεως,
2703 1493 2836 1564 πρὸς
2912 1491 3116 1544 ἅπασαν
3179 1488 3582 1566 ἆρῥητουργίαν
3655 1493 3752 1544 ἀνα

2099 1583 2459 1656 ερυθριάστως
2508 1574 2748 1655 ἔχοντες.
2792 1579 2943 1648 Πλὴν
2995 1577 3168 1640 ἐνίους
3197 1578 3351 1640 τινὰς
3398 1579 3578 1634 αὐτῶν
3624 1600 3756 1656 qua:

2096 1673 2195 1741 τὴν
2229 1672 2363 1745 πρὸς
2393 1670 2489 1732 τὰς
2536 1668 2928 1742 γεννησαμένας
2961 1671 3074 1740 (70)
3130 1667 3449 1722 ἀποκλίνειν
3486 1672 3600 1740 (71)
3630 1689 3754 1722 συν-

2099 1762 2284 1836 άφειαν
2319 1783 2332 1798 ο
2374 1761 2505 1835 μέθῃ
2557 1758 2613 1814 δὶ
2655 1761 2741 1814 καὶ
2795 1759 3000 1828 ἀσωτίᾳ
3049 1759 3139 1812 τὸν
3179 1758 3292 1833 βίον
3354 1758 3486 1813 ὅλον
3528 1753 3746 1814 ἔκδοτον

345 1871 578 1910 morum
614 1856 999 1927 corruptelam
1041 1860 1362 1911 sectantur.
1398 1855 1542 1922 Quid
1578 1871 1710 1911 vero
1759 1856 1993 1928 singula

2111 1852 2312 1927 ἔχουσι,
2370 1851 2459 1905 καὶ
2525 1855 2698 1903 πᾶσαν
2777 1846 2956 1918 ἄλλην
3017 1849 3164 1918 ἠθῶν
3241 1845 3537 1924 διαφθορὰν
3595 1869 3746 1922 περι-

347 1946 712 2016 persequar?
742 1950 800 1998 at
841 1943 985 1999 illud
1029 1949 1222 1999 tamen
1255 1944 1588 2012 dicendum,
1622 1945 1795 2000 vitam
1841 1945 1989 2014 apud

345 2049 443 2089 eos
482 2034 541 2088 in
575 2032 734 2090 nullo
765 2050 797 2088 a
825 2033 1086 2089 doctrina
1115 2033 1361 2088 diti'erre.

418 2210 518 2265 XI.
553 2213 616 2263 Et
646 2209 746 2264 illa
776 2209 1008 2280 quidem
1044 2209 1346 2265 hactenus.
1372 2209 1428 2265 Si
1462 2209 1562 2282 qui
1595 2217 1787 2267 autem
1818 2211 1996 2267 velint

345 2315 378 2354 a
408 2297 695 2370 principio
727 2314 929 2353 eorum
962 2299 1354 2369 impietatem,
1385 2304 1442 2354 et
1487 2299 1638 2354 unde
1671 2301 1861 2370 prima
1907 2316 1997 2356 sa-

347 2387 509 2443 mina
532 2389 686 2458 jacla
718 2387 954 2456 fuerint,
988 2390 1348 2458 conspicere,
1381 2387 1650 2458 Cyrillus,
1698 2389 1790 2444 cui
1824 2406 1997 2444 sacrae

347 2476 512 2532 urbis
545 2476 942 2548 gubernacula
973 2478 1188 2532 tradita
1220 2477 1398 2544 fuere,
1431 2477 1574 2546 ipsis
1605 2478 1664 2532 in
1699 2477 1998 2534 historiam

351 2566 468 2620 dux
500 2565 626 2630 erit,
663 2581 768 2620 nec
818 2581 930 2620 non
967 2565 1268 2621 miraculis
1319 2582 1566 2632 magnus
1613 2567 2000 2639 Epiphanius,

352 2652 610 2724 itemque
643 2669 756 2708 non
785 2653 951 2725 pauci
1000 2670 1220 2720 eorum,
1255 2653 1356 2726 qui
1405 2655 1684 2711 Historias
1730 2656 2002 2714 ecclesia-

357 2743 538 2798 sticas
565 2743 942 2798 adornarunt.
973 2744 1138 2799 Titus
1169 2760 1397 2816 quoque
1428 2746 1840 2802 Bostrenorum
1880 2749 2002 2819 epi-

359 2837 656 2906 scopus.et
686 2833 966 2906 Sarapion
997 2835 1387 2892 Thmuitanus
1416 2855 1428 2904 ;
1455 2837 1779 2894 Alexander
1799 2839 1998 2908 etiam,

2104 1941 2316 1996 έπουσι.
2365 1939 2464 1994 Καὶ
2518 1937 2568 1993 τί
2634 1935 2714 1992 δεῖ
2768 1938 2887 1992 καθ’
2936 1935 3184 2006 ἕκαστον,
3244 1935 3389 1992 ἀλλὰ
3442 1939 3519 2011 μή
3581 1938 3753 1992 ἐκεῖνο

2106 2036 2307 2104 eaut;
2353 2026 2504 2082 οὐδὲν
2551 2028 2645 2082 τὸν
2681 2025 2802 2101 βίον
2855 2023 3132 2096 ἀπᾴδοντα
3159 2031 3277 2088 τοῖς
3317 2023 3546 2100 δόγμασι
3589 2046 3746 2100 περι.

2108 2122 2353 2198 φέρουσι.

2181 2211 2286 2266 1Α’.
2321 2208 2419 2262 Καὶ
2449 2210 2613 2261 ταῦτα
2658 2207 2752 2279 μὲν
2804 2206 2892 2261 ἐπὶ
2931 2210 3208 2263 τοσοῦτον.
3243 2205 3301 2262 El
3337 2203 3390 2260 δέ
3420 2225 3529 2258 τισι
3578 2205 3741 2278 φίλον

2105 2299 2195 2353 καὶ
2228 2298 2428 2352 ἄνωθεν
2479 2298 2642 2351 ποθεν
2674 2293 2806 2350 ἰδεῖν
2854 2297 3030 2350 αὐτῶν
3062 2298 3160 2366 τὴν
3211 2289 3510 2350 δυσσέϐειαν
3538 2295 3630 2349 καὶ
3678 2295 3748 2348 τὰ

2108 2394 2299 2462 πρῶτα
2345 2384 2626 2459 σπέρματα
2673 2385 2789 2440 ὅθεν
2838 2380 3177 2456 κατεϐλήθη,
3225 2382 3492 2458 Κύριλλός
3522 2384 3642 2457 (72)
3689 2405 3752 2439 τε

2109 2477 2317 2540 αὐτοῖς,
2353 2476 2380 2529 6
2427 2476 2492 2529 τὰ
2536 2481 2635 2543 τῆς
2689 2476 2835 2549 ἱερᾶς
2867 2474 3081 2536 πόλεως
3128 2473 3593 2549 ἐγκεχειρισμένος
3641 2494 3754 2543 πη-

2112 2566 2293 2634 δάλια,
2353 2568 2451 2634 τῆς
2495 2567 2740 2640 ἱστορίας
2799 2567 3192 2640 καθηγήσεται,
3246 2563 3336 2619 καὶ
3395 2565 3422 2618 6
3479 2563 3652 2623 πολὺς
3701 2563 3755 2618 ἐν

2112 2659 2376 2730 θαύμασιν
2429 2659 2744 2734 Ἐπιφάνιος
2789 2659 2922 2730 (73),
2971 2657 3059 2711 καὶ
3115 2653 3180 2725 δὴ
3242 2661 3351 2710 τῶν
3413 2655 3508 2715 τὰς
3556 2652 3762 2723 ἐκκλη-

2113 2751 2388 2808 σιαστικὰς
2422 2750 2536 2820 (74)
2593 2747 2857 2819 ’ἱστορίας
2914 2745 3330 2818 ἀναταξαμένων
3390 2746 3495 2800 οὐκ
3552 2742 3760 2820 ὀλίγοι,

2111 2836 2266 2899 Τίτος
2330 2858 2386 2891 τε
2446 2838 2558 2910 (75)
2599 2837 2626 2889 ὁ
2689 2839 3006 2910 Βοστρήνῶν
3071 2833 3394 2904 ἐπίσκοπος,
3433 2834 3523 2888 καὶ
3588 2839 3760 2907 Σαρα-

1520 2961 1759 3018 VARI/E
1797 2963 2190 3020 LECTIONES
2228 2963 2320 3018 ET
2363 2962 2592 3020 NOT/E.

361 3085 593 3170 siastica
639 3084 989 3170 exciperent,
1038 3088 1339 3170 et,'p_rout
1387 3102 1478 3142 res
1518 3087 1766 3170 ferebat,
1812 3087 1998 3170 instar
2028 3089 2070 3156 C
2109 3087 2547 3170 excerpendum
2609 3086 2848 3170 accedit,
2925 3083 3239 3170 praemissis
3275 3088 3505 3170 .tamg‘n
3565 3083 3754 3170 adhuc

357 3155 1382 3231 lectorum,populogsacrasLitteras
1400 3155 1790 3229 praelegerent.
1814 3163 1998 3231 Atque

359 3229 469 3282 hoc
500 3228 734 3283 nomine
764 3227 1082 3283 Pauliciani
1107 3228 1192 3284 illi
1219 3231 1548 3285 sacerdotes
1575 3227 1710 3286 suos
1741 3227 1999 3288 notarios

357 3298 681 3424 appiellasse
724 3300 1012 3356 videntur.
1065 3301 1271 3356 Confer
1320 3311 1581 3358 nostrum
1635 3303 1785 3358 infra
1831 3305 1858 3372 §
1906 3305 1996 3371 25,

357 3387 415 3424 in
495 3386 583 3424 ne.

356 3387 415 3426 ιο
451 3386 583 3425 une.

431 3442 540 3512 (67)
574 3439 933 3514 Εὐαγγὲλιον.
990 3442 1052 3496 Id
1103 3446 1210 3507 est,
1259 3449 1527 3514 quatuor,
1576 3459 1699 3514 quis
1745 3449 1998 3513 exstant,

356 3513 844 3587 evangelistarum
923 3514 1305 3587 narrationes,
1358 3515 1513 3587 sicut
1589 3513 1766 3587 supra
1833 3515 1999 3571 Ἀπό-

357 3579 551 3636 στολσῖν
613 3584 684 3638 de
736 3584 969 3652 scriptis
1027 3586 1208 3640 sacris
1264 3579 1682 3655 apostolorum-
1710 3589 1999 3655 omnium,

355 3659 591 3727 excepto
641 3658 827 3724 Petro,
861 3655 1146 3737 adhibuit.
1197 3658 1451 3738 Antiqua
1498 3660 1998 3740 vero.admodum

357 3727 479 3782 haec
511 3732 597 3781 est
639 3725 969 3799 appellatio,
1005 3744 1122 3799 qua
1169 3730 1373 3784 divinis
1406 3730 1474 3783 de
1523 3729 1750 3785 Christo
1801 3747 1998 3784 narra-

357 3799 548 3874 tiones
578 3797 877 3874 evangelia
907 3797 1204 3874 dicuntur,
1238 3810 1288 3874 et
1324 3801 1435 3870 ipsi
1474 3799 1709 3856 Justino
1740 3802 1998 3874 martyri,

358 3870 415 3947 i_n
453 3870 801 3947 .qulogia},
856 3887 915 3947 p._
956 3872 1200 3947 t30_ed.
1233 3872 1414 3927 Oxon.
1467 3870 2000 3947 receptarO'tffc‘zp

359 3938 684 4016 ᾁπὸστολοὶ,
732 3938 926 4016 inquit
971 3943 1038 4016 is,
1073 3939 1122 3994 ἐν
1151 3947 1284 4016 ,τοῖς
1331 3938 1656 4016 γενομένοις
1690 3943 1777 3998 ὑπ’
1827 3938 2001 3999 αὐτῶν

359 4009 1031 4090 ἀπομνημονεῇμασινηᾶ
1078 4009 1373 4090 καλοῦνται
1437 4009 1762 4090 Εὐαγγέλια,
1821 4017 2000 4078 οὕτως

360 4081 678 4146 παρέδωκαν
719 4081 1029 4139 ἐντετάλθαι
1061 4085 1244 4148 αὐτοῖς
1285 4086 1376 4141 τὸν
1408 4081 1641 4157 Ἰησοῧν.

431 4159 542 4230 (68)
623 4161 966 4231 Προσκυνεῖν.
1056 4161 1129 4214 De
1223 4162 1586 4231 προσκυνήσει
1680 4161 2002 4228 Evangeliis

361 4229 510 4282 facta
561 4231 683 4297 lege
733 4230 896 4284 Rich.
946 4229 1220 4292 Simonis,
1268 4229 1685 4285 Observationes
1733 4247 1900 4284 novus
1942 4231 2000 4283 in

357 4299 420 4370 1!.
460 4301 514 4355 T.
549 4299 766 4353 Gallice
815 4300 1055 4368 scriptas
1089 4318 1142 4370 p.
1197 4302 1316 4353 171.
1359 4300 1568 4354 Confer
1612 4300 1746 4354 Rev.
1793 4299 1997 4370 Georg.

362 4368 536 4423 Henr.
571 4369 788 4430 Gmtzii,
824 4368 1470 4436 prazsulis‘Lubecensis
1508 4370 1854 4430 doctissimi.
1883 4368 2000 4424 Dis-

351 4443 550 4510 putat.
587 4440 651 4493 de
681 4440 831 4510 cultu
861 4440 1144 4507 Evangelii
1185 4447 1432 4503 externo,
1476 4446 1532 4494 et
1575 4440 1742 4506 adde,
1778 4457 1902 4508 quae
1934 4444 2002 4497 de

353 4509 759 4581 jurejurando,
801 4515 950 4581 tacto
1002 4512 1442 4580 Evangeliorum
1495 4515 1708 4573 codice,
1745 4512 1864 4566 ﬁeri
1908 4530 2000 4567 so-

361 4579 499 4649 lito,
534 4581 760 4635 monuit
814 4580 936 4652 .lac.
997 4579 1219 4648 Lydius,
1263 4583 1338 4636 De
1393 4584 1749 4646 Juramentt's,
1793 4599 1841 4637 c.
1891 4586 2002 4652 It,§

358 4653 432 4717 6;
465 4655 599 4708 item
633 4651 977 4708 Gullielmus
1024 4655 1262 4721 Caveus,
1296 4658 1374 4708 De
1413 4653 1696 4724 primitivo
1737 4651 2000 4710 Chrz'stiaé

355 4725 552 4790 nismo,
591 4729 735 4790 part.
770 4740 854 4790 ιιι,
888 4742 940 4788 ι).
973 4725 1098 4779 216.

429 4795 840 4869 (69)ΑΧρῷνται.
888 4796 1189 4852 Exciderat
1225 4797 1343 4851 haec
1392 4813 1496 4853 vox
1541 4814 1606 4852 ex
1659 4797 2000 4869 interpreta-

356 4864 515 4920 tione
550 4864 772 4920 Latina.

435 4938 548 5008 (70)
606 4937 1029 5012 Γεννησαμένας.
1087 4938 1286 4994 Scelus
1345 4940 1453 4995 hoc
1524 4958 1638 4996 non
1715 4941 2000 5012 refugisse

358 5009 584 5074 Persas,
608 5011 771 5064 testis
820 5015 908 5064 est
953 5010 1138 5075 Philo,
1175 5012 1243 5066 De
1286 5013 1615 5082 speciﬂibus
1665 5009 1898 5080 legibui,
1929 5014 1998 5067 ad

357 5098 410 5136 v1
442 5085 499 5134 et
531 5097 605 5135 m
657 5087 1030 5151 praeceptum.
1065 5083 1152 5136 Ab
1204 5082 1297 5137 his
1347 5084 1489 5138 forte
1543 5084 1746 5138 didicit
1785 5085 2000 5148 Manes,

357 5154 547 5226 Persa,
582 5156 636 5205 et
662 5154 747 5226 gad
783 5169 921 5226 suos
953 5152 1251 5226 transtulit
1297 5156 1466 5209 etiam
1501 5155 1788 5226 sequioris
1818 5157 2003 5210 aetatis

358 5223 633 5295 asseclas.
659 5224 735 5278 De
765 5224 893 5278 aliis
915 5225 1205 5295 gentibus.
1242 5242 1353 5281 non
1380 5223 1598 5281 rectius
1625 5227 1714 5280 hic
1747 5227 1999 5281 sentien-

359 5294 693 5367 tibus,lege
722 5294 1113 5367 Alexandrum
1157 5297 1580 5367 Turaquellum,
1616 5297 1716 5360 lib.
1751 5315 1827 5354 vu
1860 5301 2003 5354 Con-

356 5366 570 5425 nubial.
607 5382 763 5420 num.
797 5369 910 5440 227:7
940 5366 1136 5422 Mosen
1169 5366 1566 5440 Amyraldum.
1602 5373 1660 5426 in
1695 5371 1999 5440 Disquisit.

363 5442 434 5496 de
474 5441 609 5512 jure
668 5439 916 5512 naturali
965 5439 1620 5512 connubia'dirigente,
1677 5460 1730 5512 p.
1780 5439 1887 5507 70;
1946 5448 2005 5498 et

360 5510 548 5582 Egid.
584 5511 909 5584 Mienagium
964 5511 1032 5584 ad
1073 5511 1340 5584 Diogenis
1388 5507 1590 5584 Laertii
1641 5507 1743 5567 li'b.
1775 5530 1812 5573 ι.
1858 5515 2000 5584 §95.

362 5581 546 5656 etivu,
582 5582 670 5636 33.
700 5584 842 5656 item
878 5581 908 5654 §
940 5583 1060 5656 l81.
1095 5589 1283 5656 Atque
1313 5582 1370 5656 in
1406 5583 1498 5636 bis
1543 5584 1754 5637 desinit
1784 5581 2006 5656 Euthy-

359 5654 462 5711 mii
497 5653 776 5726 narratio,
810 5653 1053 5726 totidem
1087 5663 1142 5707 ut
1184 5653 1503 5726 plurimum
1538 5655 1729 5710 verbis
1759 5671 1826 5710 ex
1857 5653 2005 5711 Pho-

356 5727 439 5782 tio
485 5724 793 5793 descripta,
829 5725 928 5796 qui
983 5724 1254 5796 deinceps
1314 5725 1381 5780 ad
1443 5724 1658 5780 librum
1719 5742 1759 5780 ιι
1817 5726 2002 5782 Photii

2031 4406 2078 4470 D

2111 3155 2487 3234 paucistquaa
2517 3159 2586 3234 de
2616 3158 2865 3234 Tychico
2900 3155 3090 3234 noster
3121 3155 3362 3234 interius
3394 3157 3612 3211 afferet.

2179 3233 2291 3302 (71)
2347 3227 3124 3302 Ἀποκλίνειν.πϐοιιὶι·αιλιιιω
3185 3227 3321 3302 huic
3398 3228 3750 3302 sententiam

2110 3298 2312 3359 Franc.
2346 3303 2464 3356 Zini
2500 3303 2682 3357 versio
2732 3300 3042 3371 Euthymii,
3083 3317 3136 3369 p.
3169 3301 3297 3366 205,
3335 3300 3627 3368 exprimit,
3662 3298 3756 3354 bis

2107 3374 2336 3430 verbis:
2371 3396 2398 3422 «
2433 3374 2574 3428 adeo
2609 3378 2670 3426 ut
2702 3373 2961 3443 ipsorum
2990 3371 3226 3443 quidam
3255 3372 3432 3424 etiam
3465 3387 3596 3443 cum
3634 3386 3757 3424 ma-

2107 3447 2289 3500 tribus
2335 3441 2814 3499 consuetudinem
2847 3441 3061 3498 habere
3111 3441 3402 3496 dicantur.
3439 3464 3466 3491 »
3520 3441 3664 3495 Hinc
3696 3445 3757 3495 et

2109 3517 2318 3579 legisse
2352 3518 2594 3588 _vide_tur
2628 3533 2642 3571 :
2693 3511 2844 3581 Πλήν
2879 3512 3052 3588 ἐνίους
3077 3511 3472 3588 Δτινᾶιςκιότῖιῖιν
3519 3532 3646 3588 φασι
3681 3511 3760 3570 εἰς

2107 3589 2206 3656 τὴν
2267 3586 2402 3657 πρὸς
2455 3586 2548 3646 τὰς
2605 3585 3004 3658 γεννησαμένας
3073 3581 3386 3658 ἀποκλίνειν
3441 3581 3756 3658 συνίὶςμειιιινἴ

2110 3655 2179 3715 Et
2209 3661 2266 3712 in
2302 3655 2489 3730 ipsam
2534 3655 2682 3712 hanc
2727 3655 3034 3730 lectionem
3076 3657 3442 3730 vehementer
3485 3655 3756 3730 me_ra_pi

2111 3723 2547 3799 scntiofNeque
2595 3731 2750 3784 enim
2802 3729 3042 3784 verbum
3076 3723 3383 3799 ἀποκλίνειν
3429 3741 3526 3799 pro
3572 3725 3758 3799 decli-

2109 3818 2245 3857 nare
2276 3807 2376 3855 aut
2404 3795 2679 3856 alistinere
2709 3817 2742 3855 a
2776 3816 2834 3856 re
2861 3803 3049 3870 aliqua
3082 3797 3524 3868 adhiberi,quod
3540 3795 3754 3870 sciam,

2111 3875 2277 3942 solet,
2302 3875 2402 3928 sed
2447 3873 2880 3927 inclinationem
2915 3868 3113 3941 potius
3146 3877 3201 3926 et
3231 3870 3504 3925 allectum
3538 3868 3598 3942 in
3630 3883 3756 3921 rem

2110 3940 2364 4017 aliquam
2419 3947 2609 4000 infert.
2656 3943 2755 4000 Vel
2807 3940 3039 4009 saltem,
3071 3942 3116 3997 si
3161 3943 3412 4014 priorem
3463 3940 3756 4017 notionem

2111 4013 2382 4074 hic'tueri
2435 4017 2686 4078 debebit,
2731 4031 2962 4070 necesse
3004 4013 3175 4084 erat,
3204 4019 3269 4068 ut
3315 4028 3451 4066 cum
3503 4013 3752 4084 genitivo

2110 4105 2250 4144 casu
2307 4090 2755 4157 conjungeretur
2811 4083 3118 4139 ἀποκλίνειν
3173 4089 3298 4157 τῆς
3333 4081 3639 4157 συναφείας.
3679 4081 3753 4135 Τὸ

2111 4158 2255 4225 πλὴν
2295 4155 2684 4227 non‘semper
2731 4157 3153 4212 adversativam
3206 4156 3306 4210 sed
3357 4155 3752 4224 ampliativam

2112 4245 2340 4300 quoque
2388 4230 2681 4283 notionem
2732 4230 2928 4296 habet,
2978 4235 3041 4284 ut
3082 4227 3235 4282 idem
3285 4227 3380 4294 sit,
3429 4227 3584 4298 quod
3645 4228 3754 4281 imo

2115 4317 2256 4355 vero.

2183 4371 2296 4441 (7‘2)
2332 4366 2628 4440 Κύριλλος.
2678 4371 2951 4428 Catechesi
2997 4371 3218 4428 scilicet
3265 4369 3418 4442 vt.7§
3477 4370 3544 4423 12
3591 4383 3755 4438 seqq.

2113 4461 2164 4512 p.
2197 4443 2287 4508 91,
2322 4444 2592 4497 editionis
2625 4442 2806 4499 Oxon.
2841 4461 2871 4499 a
2903 4443 2986 4498 Cl.
3029 4444 3250 4498 Thoma
3301 4441 3488 4496 Milles
3519 4445 3758 4512 curata},

2111 4510 2210 4569 ubi
2237 4515 2292 4567 in
2324 4515 2668 4582 compendio
2701 4514 3048 4585 habes,un
3079 4514 3148 4568 de
3171 4512 3483 4585 Scythiano
3516 4510 3757 4585 Mjinetis

2112 4581 2490 4658 przecursore,
2523 4591 2578 4640 et
2607 4587 2831 4641 Manete
2864 4581 3012 4658 ipso,
3048 4586 3119 4658 ab
3159 4581 3438 4658 Archelao
3487 4581 3759 4658 episcopo

2112 4655 2429 4718 contutato,
2472 4658 2530 4710 in
2563 4658 2724 4712 Actis
2753 4655 3040 4723 Archelai,
3073 4657 3144 4712 de
3175 4656 3391 4727 quibus
3427 4655 3593 4727 paulo
3624 4656 3755 4723 post

2112 4729 2321 4790 fusius,
2360 4730 2651 4798 leguntur.

2185 4802 2290 4876 t73l
2321 4801 2654 4876 Ἐπιφρνιος,
2691 4799 2904 4876 Haeres.
2937 4799 3026 4853 66.

2185 4872 2302 4997 (7421
2343 4867 2827 4954 Ἐκκλησιαστικᾶς
2887 4867 3152 4941 ἱστορίας.
3191 4870 3279 4952 ,ν.

2222 4988 2236 4997 .
2269 4982 2282 4996 .
2312 4947 2357 4997 l.
2391 4944 2589 4997 Histor.
2623 4943 2812 4997 eccles.
2862 4943 3126 4997 Socrates
3164 4941 3265 4997 lib.

2111 4939 2236 5006 VII.
2269 4939 2357 5007 3t,
2391 4944 2589 4997 Πέδιον.
2623 4943 2812 4997 eccles.
2862 4939 3126 4997 Socrates
3164 4941 3265 4998 lib.
3305 4957 3348 5008 ι,
3379 4939 3519 4995 Hist.
3571 4940 3758 4994 coclea.

2113 5031 2162 5069 c.
2185 5017 2253 5068 2'2
2281 5032 2295 5081 ;
2320 5014 2740 5082 Theodoretus,
2762 5014 3014 5070 Haerctic.
3051 5013 3228 5083 fabul.
3263 5013 3361 5067 lib.
3379 5028 3418 5079 ι,
3442 5011 3674 5076 c.26,et
3702 5025 3756 5076 ν,

2111 5087 2166 5140 9.
2198 5087 2316 5140 alii.

2152 5129 2479 5226 ’(7έ)’Τίτος
2511 5175 2590 5211 τε.
2627 5155 2810 5228 Hujus
2843 5153 2974 5211 libri
3004 5161 3256 5228 quatuor
3305 5152 3608 5208 dimidiam
3641 5152 3759 5228 fere

2117 5223 2337 5294 partem
2371 5228 2562 5282 Grece
2595 5227 2837 5298 periisse
2868 5227 2972 5281 visi
3022 5223 3184 5294 sunt,
3217 5228 3300 5281 ita
3331 5231 3395 5280 ut
3439 5223 3758 5298 tantum_li-

2114 5299 2217 5354 ber
2247 5318 2263 5355 ι
2297 5304 2353 5354 et
2385 5295 2780 5368 ii,cum'parte
2812 5299 3020 5369 exigua
3050 5299 3204 5353 tertii
3237 5311 3542 5365 superesse
3562 5295 3762 5350 crede-

2117 5381 2291 5437 retur,
2344 5372 2667 5427 secundum
2715 5370 2971 5426 codicem
3022 5371 3247 5426 scilicet
3290 5369 3764 5431 Holstenianum,

2115 5443 2304 5498 obiter
2334 5444 2686 5514 inspectum,
2720 5447 2794 5510 et,
2831 5448 3001 5512 prout
3037 5459 3065 5497 a
3103 5443 3338 5497 librario
3371 5445 3559 5514 textus
3586 5439 3766 5493 series

2114 5514 2346 5569 turbata
2388 5511 2528 5578 erat,
2562 5511 3025 5569 consideratam.
3062 5514 3224 5569 Nunc
3256 5528 3389 5568 vero
3434 5511 3616 5565 libros
3643 5517 3766 5565 tres

2117 5587 2337 5657 priores
2369 5586 2622 5657 integros
2653 5586 2844 5657 Graece
2875 5594 2924 5639 et
2953 5587 3152 5640 Latine
3181 5601 3248 5657 ex
3281 5586 3405 5657 ipso
3435 5582 3536 5657 illo
3567 5581 3766 5657 codice

2116 5653 2521 5721 Holsteniano‘,
2552 5658 2608 5711 in
2655 5655 3007 5727 bibliotheca
3054 5653 3762 5727 publica'liamburgensi

2115 5728 2304 5797 obvio,
2336 5733 2391 5784 et
2420 5746 2451 5783 a
2501 5729 2637 5783 Rev.
2669 5726 2758 5783 Jo.
2811 5724 3096 5783 Frideric'o
3131 5725 3476 5793 Wincklero,
3523 5724 3762 5796 conjun-

3339 4886 3388 4924 c.
3450 4865 3756 4934 Eusebius,
