4074 6208
277 373 352 430 33

287 510 418 563 πίω-δ
443 509 564 578 (76)
589 507 617 561 6
634 509 737 570 τῆς
765 503 1046 575 Θμούεως,
1071 507 1100 560 6'
1119 526 1174 560 τε
1201 512 1302 575 τῆς
1334 505 1549 568 πόλεως
1568 506 1940 581 ΛόκωνἈλὲξ-
1970 513 2022 578 Α

577 598 696 668 (77)
773 593 900 654 τοὺς
976 593 1393 669 ἀρχιερατικοὺς
1477 595 1944 672 ἐγκεχειρισμένος

309 687 515 758 νόμους.
561 683 686 739 Ἐπὶ
722 679 779 736 δὲ
810 687 926 744 τοῖς
975 681 1282 756 εἰρημένοις
1315 683 1403 739 καὶ
1463 686 1491 738 6
1553 685 1755 740 τούτων
1805 684 1948 738 πάν-

300 795 389 828 των
449 774 594 828 κατᾶ
643 773 849 847 κράτος
911 770 1148 845 μάλιστα
1206 768 1573 848 Θριαμὸεόσας
1630 795 1687 828 τε
1729 773 1816 828 καὶ
1861 771 1944 828 δι-

295 864 507 938 ελέγξας
562 865 664 931 τήν
715 863 1079 937 προκειμένην
1128 859 1373 919 ἀσέϐειαν
1405 864 1788 940 Ἦρακλειανὸς
1837 867 1944 938 (78)

287 956 310 1008 ὁ
363 950 734 1028 Καλχηδόνος
790 951 1116 1022 ἐπίσκοπος,
1157 951 1208 1005 ἐν
1265 953 1439 1007 εἷ’κοσι
1511 950 1752 1027 βιϐλίοις
1819 951 1948 1016 τοὺς

281 1043 424 1098 κατὰ
485 1046 586 1108 τῆς
646 1041 978 1103 ἀποστασίας
1045 1041 1258 1115 ἀγῶνας
1322 1039 1798 1116 καταϐαλόμενος,
1855 1041 1944 1098 καὶ

278 1131 540 1187 πλεῖστοι
593 1128 773 1206 ’ἕτεροι
836 1132 971 1204 (79).
1035 1129 1188 1200 Πλὴν
1223 1132 1316 1188 καὶ
1366 1137 1476 1202 νῦν,
1537 1134 1565 1186 6
1622 1131 1792 1208 λόγος
1849 1133 1948 1186 οὐκ

282 1222 608 1299 ἀσύμφορον
669 1225 832 1276 τοῦτο
885 1218 1270 1295 λογιζόμενος,
1329 1227 1446 1277 κατ’
1511 1221 1816 1299 ἒπιδρομγςν
1884 1243 2004 1276 τινα

281 1332 460 1370 σεται.

352 1404 460 1458 IB'.
516 1399 818 1461 Σκυθιανός
882 1420 967 1462 τις
1031 1403 1138 1470 (80)
1200 1403 1298 1470 τήν
1340 1399 1576 1476 πατρίδα
1625 1402 1939 1476 Αἰγύπτιος,

278 1493 341 1546 τὸ
406 1489 465 1546 δὲ
520 1490 569 1560 ἒξ
606 1489 906 1564 ανθρώπων
973 1488 1128 1563 γένος
1214 1493 1529 1566 Σαρακηνὸς
1604 1493 1703 1560 τὴν
1760 1490 1945 1559 Ἀλεξ-

282 1577 525 1651 ανδρὲων
593 1576 750 1651 ᾤκει,
799 1575 922 1634 οὕτε
972 1585 1323 1652 Χριστιανοῖς
1379 1580 1813 1658 συμφερόμενος,
1852 1579 1942 1634 καὶ

286 1669 358 1724 τᾶ
388 1666 668 1724 Ἰουδαίων
703 1667 765 1722 οὐ
811 1666 1194 1742 προσιέμενος.
1227 1669 1394 1730 Οὗτος
1436 1670 1495 1724 ἐκ
1541 1674 1649 1725 τῶν
1700 1671 1943 1744 Ἀριστο-

286 1757 524 1814 νελικῶν
555 1758 1027 1834 παρακουσμάτων
1050 1753 1302 1831 ἐντριϐὴς
1322 1761 1420 1828 τὴν
1448 1756 1696 1834 γλῶσσαν
1722 1761 1834 1833 (81)
1855 1779 1944 1834 γε·

308 593 488 669 mago:

1403 373 1712 435 CONTRA
1758 376 2219 438 MANlCl-leOS
2269 377 2500 440 LIBER
2533 385 2595 441 -I.

3622 395 3704 451 δι

2055 512 2152 582 qui
2185 513 2532 584 Cyropoleor
2555 515 3119 587 archiepiscopatum
3145 520 3572 577 tenuiLPraater
3597 521 3699 578 bos

2057 612 2244 656 autem
2279 602 2352 668 is,
2386 603 2483 673 qui
2517 605 2586 657 de
2624 604 2694 658 iis
2723 606 2994 660 omnibus
3039 607 3262 664 fortiter
3294 610 3698 681 triumphavit,

2056 696 2112 745 et
2157 691 2326 758 hanc,
2359 692 2428 746 de
2469 708 2584 762 qua
2640 695 2852 764 agitur,
2921 695 3280 766 impietatem
3334 700 3698 772 confutavit;

2055 777 2451 849 Heraclianus,
2510 781 2889 837 Chalcedonis
2944 783 3273 856 episcopus,
3336 787 3437 859 qui
3494 788 3702 860 viginti

2057 866 2222 923 libris
2253 869 2570 924 certamina
2592 876 2795 925 contra
2816 887 3016 926 eorum
3046 875 3399 944 apostasiam
3422 877 3698 936 instituit.

2057 957 2338 1012 Caeterum
2373 974 2486 1012 non
2520 958 2624 1013 abs
2657 975 2716 1014 re
2747 974 2935 1029 neque
2967 960 3171 1017 inutile
3214 963 3333 1018 fore
3373 965 3532 1035 duxi,
3565 983 3701 1022 cur-

2057 1045 2168 1100 sim
2203 1050 2255 1100 et
2295 1046 2546 1101 strictim
2578 1049 2839 1117 quaedam
2869 1063 3065 1104 eorum
3115 1067 3436 1122 recensere,
3469 1071 3598 1126 qua:
3626 1057 3698 1112 ad

2059 1134 2324 1189 notitiam
2350 1135 2522 1205 hujus
2546 1136 2873 1206 argumenti
2905 1138 3434 1208 exploratissimam
3459 1143 3703 1203 faciunt.

2058 1226 2164 1277 τῶν
2225 1223 2300 1285 εἷς
2351 1229 2547 1298 γνῶτιν
2603 1223 2841 1299 ἐχόντων
2896 1226 2957 1280 τὸ
3031 1224 3399 1300 ἀπαραίτητον
3488 1229 3699 1289 διελεῦ-

2123 1403 2249 1459 ΧΙΙ.
2324 1403 2674 1475 Scythianus
2749 1406 3011 1476 quidam,
3101 1408 3286 1476 patria
3366 1409 3693 1481 Egyptius,

2052 1508 2259 1562 genere
2309 1502 2501 1550 autem
2552 1498 2892 1561 Saracenus,
2948 1496 3310 1552 Alexandria».
3367 1498 3692 1571 habitabat,

2053 1598 2244 1654 neque
2274 1599 2407 1638 cum
2457 1583 2799 1639 Christianis
2850 1600 3084 1640 versans
3139 1601 3326 1657 neque
3357 1588 3694 1644 Judzeorum

2051 1671 2379 1728 doctrinam
2440 1672 2762 1744 amplexus.
2821 1673 2922 1730 Hic
2987 1691 3056 1730 ex
3112 1675 3488 1733 Aristotelicis
3546 1678 3696 1736 male

2053 1761 2364 1818 intellectis
2395 1761 2562 1818 libris
2594 1762 2802 1833 lingua:
2833 1763 3086 1836 (Graecae)
3139 1782 3312 1822 usum
3364 1773 3695 1839 assecutus,

297 1848 508 1924 γονὼς,
549 1849 800 1922 τὲσσαρας
830 1849 950 1920 (82)
989 1846 1259 1902 συντάττει
1309 1843 1542 1923 βίϐλους
1587 1850 1660 1903 ὢν
1686 1849 1784 1917 τὴν
1826 1851 1937 1922 (83)

2063 1857 2298 1924 ιυαῑυοιο
2344 1852 2672 1924 composuit
2725 1852 2905 1909 libros
2937 1871 3188 1925 quorum
3233 1873 3415 1913 unum
3448 1836 3689 1930 quidem

1471 1957 1713 2014 VARUE
1756 1958 2145 2015 LECTIONES
2185 1960 2276 2015 ET
2315 1959 2539 2015 NOTIE.

309 2065 576 2120 ctissime
605 2065 806 2137 collega
839 2064 1286 2137 meo,descripto
1317 2065 1724 2134 exbibebit,vel
1749 2066 1944 2137 potius

309 2082 576 2120 ευθειωο
605 2082 806 2190 σουεέ
839 2082 1286 2137 meo,aescripto
1317 2082 1724 2134 exntnenit,vei
1749 2082 1942 2137 ponus

289 2137 707 2216 j_am_exhibuit
742 2137 956 2216 __l._Jac.
985 2141 1230 2216 Bzisnag.
1258 2137 1323 2216 in
1357 2154 1528 2216 nova,
1550 2154 1722 2216 quam
1761 2142 1942 2216 parat,

293 2210 526 2279 Antiqu.
570 2207 779 2262 Canisii
814 2210 1104 2264 lectionum
1134 2207 1406 2275 editione,
1441 2207 1608 2279 cujus
1641 2207 1944 2278 Specimen

291 2282 410 2335 luci
443 2282 741 2351 superiore
764 2296 916 2335 anno
949 2283 1361 2352 expositum,et
1385 2281 1499 2336 Titi
1531 2287 1587 2336 et
1607 2280 1944 2350 Serapionis

288 2354 820 2407 commentationes
856 2354 1008 2407 inter
1038 2358 1242 2408 caetera
1273 2353 1449 2408 sistit.
1475 2356 1526 2408 Is
1547 2353 1699 2408 enim
1726 2353 1780 2405 in
1810 2368 1948 2421 prae-

287 2423 473 2477 missa
527 2424 1036 2478 animadversione
1087 2425 1433 2493 observavit,
1486 2423 1746 2480 codicem
1809 2421 1944 2478 Hol-

287 2497 633 2549 stenianum
657 2493 1148 2565 Hamburgensem
1177 2496 1394 2566 passim
1419 2513 1546 2550 esse
1568 2496 1944 2562 mutilom,et,

284 2567 519 2620 inverso
554 2566 781 2629 ordine,
815 2567 1131 2634 turbatum,
1157 2585 1331 2638 quem
1365 2573 1556 2622 tamen
1581 2569 1752 2622 ductu
1788 2567 1942 2622 desi-

291 2640 598 2708 gnatioms
657 2644 1132 2708 argumentorum
1192 2658 1223 2692 a
1283 2639 1411 2694 Tito
1455 2641 1564 2708 ipsi
1615 2638 1944 2692 tractationi

288 2712 637 2778 praemissae,
675 2709 752 2762 ita
811 2725 965 2763 nunc
1015 2710 1286 2774 restituit,
1322 2717 1386 2765 ut
1425 2709 1556 2764 libri
1589 2717 1703 2764 tres
1734 2709 1944 2779 integri

288 2787 638 2851 appareant.
668 2780 947 2834 Caaterum
979 2790 1180 2835 auctor
1211 2784 1334 2852 ipse
1361 2784 1717 2850 argumentis
1752 2782 1945 2850 philo-

283 2853 556 2920 sophicis
609 2852 958 2922 frequenter,
1009 2853 1310 2922 Scriptura
1340 2869 1467 2908 vero
1499 2853 1782 2907 diviniore
1816 2869 1944 2906 raro

281 2927 503 2980 utitur.

351 2997 480 3067 (Ἶὸ)
515 2991 829 3066 Σαραπίων.
883 2995 968 3049 Ita
1019 3011 1230 3052 nomen
1288 2995 1563 3051 scribitur
1619 2995 1676 3049 in
1741 2993 1943 3067 Coisli-

275 3065 471 3123 niano
515 3072 574 3120 et
602 3065 813 3121 nostro
835 3067 1052 3130 codice,
1073 3071 1220 3136 quod
1245 3067 1340 3121 alii
1376 3084 1472 3138 per
1497 3069 1765 3137 Serapion
1798 3065 1941 3120 olfe-

272 3144 429 3194 runt
464 3138 706 3203 rectius,
745 3139 913 3207 cujus
937 3140 1194 3194 nominis
1243 3145 1299 3194 et
1329 3136 1427 3194 alii
1460 3136 1945 3206 interscriplores
1979 3136 2021 3202 C

276 3213 550 3274 Graecos,
574 3210 633 3263 in
675 3209 881 3280 primis
925 3208 1191 3280 sophista
1220 3210 1455 3280 quidam
1497 3216 1552 3264 et
1582 3211 1861 3276 comicus,
1892 3217 1949 3262 ut

274 3289 538 3338 caeteros
597 3285 842 3346 taceam,
902 3287 1150 3336 exstant.
1209 3281 1349 3350 Ejus
1409 3288 1712 3348 tractatus,
1755 3281 1948 3344 GNBCG

278 3354 477 3426 apud,
509 3368 618 3406 nos
669 3368 802 3426 cum
841 3353 967 3407 Tito
1011 3353 1301 3426 Bostrensi
1333 3360 1569 3408 exstans
1601 3353 1826 3426 paginis
1854 3353 1946 3426 2i,

273 3424 519 3481 iri-folio
553 3425 906 3491 continetur,
940 3429 995 3478 et
1026 3424 1086 3478 in
1120 3427 1366 3495 repetita
1415 3426 1733 3480 Lectionum
1775 3424 1948 3477 Cani-

277 3500 601 3552 sianarum
636 3497 886 3550 editione
924 3497 1094 3566 juxta
1137 3496 1393 3550 Latinam
1437 3497 1755 3550 versionem
1806 3495 1950 3548 Tur-

282 3569 442 3624 riani
479 3567 755 3622 exstabit.
793 3567 1024 3621 Interim
1061 3568 1118 3621 in
1151 3569 1408 3623 secunda
1438 3573 1493 3622 et
1527 3567 1694 3622 tertia
1741 3566 1952 3621 codicis

285 3639 486 3695 nostri
523 3639 735 3709 pagina
769 3639 924 3692 varia
964 3639 1393 3706 desiderantur,
1419 3655 1654 3694 sensum
1690 3639 1951 3691 hiulcum

286 3711 628 3767 reddentia.
689 3709 878 3765 Unum
939 3714 1165 3764 tantum
1219 3710 1464 3765 Manetis
1515 3727 1793 3776 errorem,
1837 3725 1951 3778 quo

278 3799 494 3851 corpus
527 3790 578 3836 et
608 3783 844 3836 materia
865 3780 926 3835 in
947 3798 1004 3836 se
1023 3783 1172 3837 mata
1197 3784 1589 3844 venditantur,
1615 3796 1956 3851 oppugnan-

284 3858 430 3909 dum
469 3853 863 3923 sibisumpsit
892 3852 1194 3924 Serapion.
1221 3853 1557 3923 Utriusque,
1589 3853 1702 3906 Titi
1736 3853 1956 3906 scilicet

303 3935 358 3980 et
409 3925 764 3996 Serapionis,
794 3926 1346 3996 commentationem
1381 3925 1572 3980 Graice
1603 3923 1952 3996 descriptam

293 3993 584 4051 habuisse
621 3995 681 4048 Β.
716 3995 940 4050 Sebast.
995 3996 1198 4052 Gotttr.
1241 3996 1596 4060 Starchium,
1629 3996 1710 4050 Cl.
1757 3993 1955 4047 Marti-

289 4084 416 4124 nus
468 4066 761 4122 Dieterich
817 4067 874 4122 in
909 4068 1137 4122 funebri
1194 4069 1322 4138 ejus
1381 4069 1820 4138 Programmate
1868 4071 1953 4120 te-

285 4147 512 4195 statur.

364 4211 492 4278 (77)
525 4204 899 4282 '{Aéﬁavapog
936 4209 1102 4282 Liber
1149 4211 1277 4281 ejus
1324 4207 1458 4282 πρὸς
1502 4209 1598 4271 τὰς
1647 4204 1954 4282 Μανιχαίου

287 4279 459 4352 δόξας
494 4299 524 4333 a
558 4279 1143 4337 FrancﬂCombeﬁsio
1175 4279 1378 4337 editus
1398 4288 1484 4337 est
1513 4289 1670 4336 tomo
1725 4281 1771 4334 lI
1816 4279 1954 4334 Auc-

285 4357 436 4408 tarii
469 4354 784 4420 novissimi,
817 4352 999 4407 Paris.
1035 4355 1172 4407 1672
1206 4354 1301 4408 l'ol.
1336 4354 1413 4408 Ex
1441 4369 1528 4419 eo,
1555 4359 1678 4407 tum
1715 4352 1954 4416 inetlito,

289 4428 498 4518 ticum
531 4425 844 4518 unedeam
866 4424 1029 4518 attert
1051 4425 1376 4480 Alexander
1393 4425 1588 4480 Morus
1613 4425 1668 4478 in
1694 4423 1856 4478 Notis
1880 4423 1949 4477 ad
1991 4455 2031 4518 Π

287 4500 514 4554 Novum
545 4495 752 4565 Foedus,
790 4513 844 4565 p.
879 4496 1004 4550 243.

370 4568 494 4636 (78)
527 4563 935 4637 Ἠρακλειᾶινός.
981 4567 1198 4622 Laudat
1229 4566 1405 4636 hujus
1455 4567 1554 4622 XX
1586 4566 1765 4622 libros
1796 4565 1955 4620 Pho-

293 4641 414 4694 tius
453 4647 655 4692 noster
685 4641 739 4692 in
775 4638 1114 4693 Bibliotheca
1144 4640 1339 4695 codice
1364 4640 1453 4694 85.

369 4710 496 4778 (79)
531 4707 785 4762 Πλεῖστοι
832 4705 1028 4782 ἕτεροι.
1082 4715 1190 4764 Eos
1247 4715 1524 4766 consueta
1574 4715 1631 4782 et
1684 4707 1951 4782 familiari

289 4783 414 4838 sibi
481 4782 770 4853 industria
821 4789 878 4836 et
924 4779 1201 4836 doctrina
1249 4783 1544 4853 congessit
1593 4781 1781 4853 Celeb.
1817 4779 1949 4835 Joh.

289 4854 580 4910 Albertos
641 4852 962 4920 Fabricius,
1020 4854 1077 4907 in
1142 4851 1400 4909 Bibliotli.
1476 4853 1650 4910 (ἶνα-ε.
1712 4851 1810 4906 lib.
1898 4867 1949 4917 v,

289 4943 354 4997 p.
387 4924 501 4977 289
533 4940 692 4996 seqq.
721 4924 948 4997 Mireris
983 4926 1143 4997 forte,
1170 4924 1319 4980 Petri
1369 4925 1571 4997 Siculi,
1604 4939 1770 4994 quem
1801 4923 1952 4978 Pbo-

289 4995 378 5051 tio
413 4995 747 5068 temporum
781 4995 1037 5050 rationes
1071 4995 1185 5051 fere
1215 4996 1494 5068 aequalem
1533 4997 1949 5068 faciunt,men.

293 5069 528 5123 tionem
565 5066 656 5140 hic
687 5067 1226 5140 noutactamesse,
1259 5063 1430 5139 cujus
1460 5063 1817 5140 inopiz_mpi
1849 5069 1949 5140 τῇς

291 5144 469 5211 κενῆς
521 5136 610 5211 καὶ
664 5136 895 5211 ματαίας
952 5136 1208 5211 αῗρέσεως
1273 5136 1381 5192 τῶν
1443 5136 1792 5211 Μανιχαίων,
1827 5138 1952 5211 ,τῶν

287 5210 385 5264 καὶ
428 5207 831 5282 ,Παυλικιανῶν
879 5207 1184 5282 λεγομένων
1217 5228 1359 5266 cura
1418 5207 1670 5266 Muttltéi
1724 5209 1950 5282 Raderi,

293 5280 518 5355 prodiit
551 5281 913 5355 Ingoistadii,
951 5279 1106 5344 i605,
1142 5283 1284 5336 ἰπὶ-4.
1312 5283 1572 5354 Cumque
1594 5279 1950 5355 comparatio

293 5351 508 5422 ἐτι-ἱριὶ
564 5351 888 5422 utriusque,
924 5371 956 5408 a
1011 5355 1216 5408 Photio
1247 5361 1302 5408 et
1359 5351 1553 5410 Siculo
1588 5352 1843 5423 profecti,
1879 5351 1949 5405 ad

293 5427 532 5481 oculum
556 5425 847 5491 ostendat,
868 5425 1113 5480 alterum
1137 5424 1375 5480 alterius
1402 5442 1574 5496 cpera
1599 5441 1770 5479 usum
1799 5438 1948 5489 esse,

293 5513 412 5552 non
474 5496 760 5564 dubitem,
814 5497 898 5551 vel
959 5498 1092 5551 hinc
1151 5497 1465 5561 affirmare,
1521 5497 1783 5550 Siculum
1823 5500 1952 5564 post

295 5569 573 5623 Pbotium
597 5583 699 5622 sua
726 5569 932 5623 litteris
956 5571 1356 5638 consignasse,
1379 5572 1476 5636 qui
1503 5567 1763 5637 alioquin
1790 5567 1950 5620 illius

295 5657 434 5696 cum
467 5641 701 5694 caeteris
739 5645 1086 5695 mentionem
1124 5641 1384 5695 facturus
1415 5640 1598 5694 fuisse
1627 5642 1874 5693 videtur.

369 5711 488 5782 (80)
521 5709 820 5770 Σκυθιανός
855 5730 952 5771 τις.
989 5711 1115 5767 Haec
1147 5711 1388 5768 Pbotius
1414 5711 1608 5768 hausit
1648 5726 1715 5765 ex
1755 5706 1948 5780 Cyrilli

297 5782 580 5844 Catechesi
599 5799 676 5856 vr,
707 5784 734 5854 θ
765 5783 832 5838 13
859 5799 873 5852 ;
906 5799 1037 5855 qua
1065 5783 1240 5841 etiam
1271 5785 1331 5840 in
1364 5799 1473 5840 sua
1517 5782 1712 5840 retulit
1743 5782 1947 5839 Petrus

2055 2067 2286 2145 Siculus
2352 2068 2435 2145 ἱηῇ
2465 2067 3205 2145 Ηξξρρνίαλριαηίεὴᾼωονιιγη,
3262 2073 3444 2145 ρ.η20
3531 2089 3691 2145 seqq.

2055 2136 2311 2214 Uterque
2341 2154 2373 2214 a
2397 2137 2592 2214 Cyriili
2614 2140 2804 2214 verbis
2829 2143 3049 2214 passim
3083 2143 3222 2214 abit,
3256 2136 3468 2214 quibus
3501 2136 3695 2202 tamen

2057 2225 2169 2279 prie
2203 2210 2407 2263 Photio
2437 2209 2654 2284 insistit
2673 2209 2874 2284 Pe_tru’s
2897 2209 3520 2284 Siculus.Comparavit
3541 2216 3693 2271 inter

2055 2295 2141 2356 se__
2173 2285 2489 2356 utrumque
2537 2279 2706 2356 Rev._
2732 2280 2985 2356 Thomas
3032 2283 3222 2356 Milles
3269 2279 3328 2356 in
3357 2301 3465 2356 sua
3496 2285 3691 2356 Cyrilli

2056 2350 2308 2428 editione
2341 2369 2395 2422 p.
2519 2351 2848 2428 seq‘._Nosl_ri
2886 2353 3320 2428 itaquejudicio
3345 2350 3694 2428 Scythianus

2057 2422 2162 2499 hic
2179 2422 2572 2499 primosinter
2593 2422 2957 2499 Christianos
2979 2422 3167 2499 stulta:
3191 2425 3261 2481 de
3283 2422 3514 2482 duobus
3534 2429 3694 2499 prin-

2056 2494 2223 2561 cipiis
2245 2495 2545 2568 _opinionis
2579 2500 2779 2568 auctor
2808 2497 3209 2568 exstitit,quod
3236 2500 3426 2564 ipsum
3455 2494 3694 2554 tradunt

2055 2565 2370 2642 Archelaus
2411 2567 2486 2642 ‘in
2546 2565 2695 2642 Actis
2740 2566 3024 2642 Disputat.
3073 2565 3195 2623 cum
3240 2570 3466 2642 Manele,
3503 2588 3557 2642 p.
3599 2572 3691 2638 95,

2055 2643 2111 2710 ct
2141 2637 2752 2710 Epiphanius,ibzeresi
2783 2639 2873 2703 66,
2898 2638 3128 2710 aliique.
3165 2642 3250 2696 Ab
3274 2641 3364 2696 his
3396 2637 3692 2699 discedere

2054 2709 2321 2782 videntur
2350 2709 3254 2782 Theoderetus,Haeretibfabut.
3291 2713 3390 2767 lib.
3427 2731 3465 2781 ι,
3498 2731 3548 2768 c.
3582 2715 3690 2782 35;

2052 2781 2343 2853 Cedrenus
2377 2796 2429 2853 ρ,
2463 2780 2608 2845 259;
2641 2786 2696 2834 et
2727 2780 2862 2853 hinc
2896 2782 3062 2847 forte,
3095 2780 3460 2853 quiaiisdem
3497 2780 3692 2842 verbis

2055 2853 2256 2918 utitur,
2289 2851 2521 2918 Suidas,
2575 2860 2716 2905 tom.
2763 2851 2834 2918 ΙΙ,
2869 2868 2925 2920 p.
2959 2854 3081 2908 491.
3113 2851 3224 2908 *ιω
3279 2856 3433 2911 enim
3489 2872 3691 2912 omnes

2054 2927 2333 2998 Manetem
2393 2926 2560 2978 etiam
2625 2921 2920 2998 Σκυθιανὸν
2977 2924 3331 2996 appellatum
3395 2929 3684 2998 scribunt,

2054 2997 2202 3071 quod
2236 3011 2301 3049 eo
2329 3010 2502 3071 sensu
2539 2994 2700 3049 multi
2730 2994 3098 3071 acceperunt,
3133 3003 3195 3051 ut
3233 3002 3436 3071 Manes
3466 3003 3523 3054 et
3551 2994 3688 3071 Sey;

2055 3066 2307 3141 thianus
2325 3067 2592 3141 eumdem
2607 3067 3020 3141 eosjudicasse
3045 3078 3369 3141 censerent.
3390 3070 3511 3125 Meo
3530 3066 3691 3141 judi-

2058 3138 2148 3213 cio
2181 3137 2264 3213 illi
2295 3137 2403 3213 hac
2443 3137 2763 3213 Scytbiani
2785 3138 3166 3213 appellatione
3196 3143 3405 3213 erroris
3440 3137 3689 3213 primam

2059 3209 2338 3278 originem
2377 3210 2628 3284 indicare
2669 3209 3000 3284 voluerunt,
3026 3211 3097 3284 in_
3118 3212 3322 3280 primis
3355 3209 3506 3279 ideo,
3538 3214 3693 3284 quod

2058 3285 2354 3334 versutum
2393 3279 2638 3354 Manetis
2667 3280 2964 3354 ingenium
2989 3287 3043 3335 et
3075 3279 3206 3336 felix
3229 3285 3282 3337 in
3317 3279 3696 3354 negotio‘suc-

2064 3367 2266 3406 cessus
2322 3356 2378 3405 et
2426 3351 2716 3419 Scytbiani
2783 3360 2837 3407 et
2891 3353 3249 3419 Terebintbi,
3326 3351 3697 3410 decessurum

2060 3423 2209 3497 ejus,
2243 3422 2586 3497 memoriam
2617 3423 2845 3479 abolere
2875 3425 3183 3497 videretur.
3221 3425 3278 3480 Id
3322 3433 3474 3481 certe
3503 3425 3697 3497 suspi-

2059 3496 2175 3549 cari
2210 3495 2431 3563 malim,
2475 3511 2642 3562 quam
2676 3511 2809 3549 cum
2859 3496 3256 3552 eruditissimo
3291 3495 3690 3553 Pearsonio'in

2060 3566 2396 3637 Adversarii:
2431 3566 2811 3637 Misceltaneis,
2845 3583 2894 3621 c.
2918 3568 3008 3636 35,
3043 3585 3097 3637 p.
3129 3568 3255 3636 355,
3304 3572 3392 3624 vel
3445 3569 3698 3624 auctoris

2061 3634 2295 3714 asilus
2347 3635 2703 3714 μνημονικὸν,
2771 3637 2865 3714 vel
2920 3634 3139 3714 librarii
3199 3634 3460 3714 γραφικὸν
3521 3641 3702 3714 άμᾷρ-

2061 3707 2333 3778 τὴμαὺὶο
2364 3712 2636 3783 cogitare.
2672 3709 3054 3783 Scythianum
3091 3707 3246 3766 hunc
3293 3707 3364 3767 ad
3413 3707 3702 3783 apostolo-

2063 3796 2194 3835 rum
2227 3779 2483 3850 tsmpor’a
2514 3781 2585 3834 ab
2632 3779 2909 3835 Archelao
2941 3781 2980 3835 l.
3015 3797 3068 3836 c.
3117 3784 3312 3838 referri
3358 3779 3560 3838 mei-ito
3593 3782 3701 3837 mi-

2065 3853 2370 3926 reri_s_,cum
2405 3851 2590 3922 ipsius
2613 3853 2866 3907 narratio
2887 3851 3117 3926 inferat,
3142 3853 3294 3926 inter
3315 3856 3699 3926 Scythianum

2064 3929 2120 3977 et
2168 3923 2477 3984 Manetem,
2511 3940 2688 3976 unum
2745 3929 2972 3978 tantum
3033 3923 3472 3993 Terebintbum,
3533 3925 3700 3992 primi

2064 3993 2220 4066 illius
2250 3994 2632 4066 discipulum,
2667 3993 3087 4062 intercessisse,
3121 4005 3178 4048 ut
3214 3997 3454 4066 proinde
3502 3996 3705 4052 Manes

2064 4064 2468 4133 Scythianum,
2501 4065 2549 4118 si
2586 4065 2729 4118 forte
2757 4071 2922 4118 aetate
2948 4064 3268 4132 provectior
3298 4067 3488 4131 fuerit,
3512 4068 3706 4122 videre

2066 4135 2337 4206 potuerit,
2400 4136 2452 4189 id
2502 4135 2660 4207 quod
2716 4135 3066 4207 persuadere
3113 4136 3280 4190 nobis
3329 4144 3549 4207 poterat
3587 4140 3705 4192 fra-

2065 4205 2364 4277 gmentum
2423 4205 2675 4278 epistolis
2719 4208 2788 4260 ad
2838 4206 3236 4278 Scytbianum,
3271 4205 3442 4262 modo
3473 4207 3625 4262 idem
3657 4209 3706 4263 is

2066 4293 2196 4333 cum
2226 4283 2423 4332 nostro
2456 4278 2552 4340 sit,
2585 4295 2617 4332 a
2647 4282 2867 4350 Manete
2900 4278 3316 4350 scriptaquod
3349 4279 3527 4334 babes
3549 4279 3704 4349 apud

2065 4351 2150 4405 CI.
2177 4350 2498 4421 Fabricium
2535 4351 2591 4403 in
2625 4348 2890 4421 Biblioth.
2926 4348 3094 4405 Graec.
3127 4348 3228 4406 lib.
3263 4368 3314 4416 ν,
3350 4369 3402 4421 p.
3437 4351 3561 4406 285.

2135 4414 2565 4494 (81)²Εντριϐᾐς
2598 4421 2694 4487 τήν
2724 4417 2993 4492 γλῶσσαν.
3031 4422 3224 4477 Refert
3269 4414 3388 4479 huic
3433 4425 3502 4478 ad
3554 4421 3703 4494 peri-

2065 4493 2202 4566 tiam
2245 4493 2453 4566 linguze
2485 4493 2691 4566 Graeca:
2743 4495 3258 4566 praestantissimus
3287 4493 3705 4566 interpres._At

2064 4565 2292 4618 videtur
2333 4565 2578 4619 Pbotius
2625 4565 2694 4620 de
2744 4564 3021 4619 doctrinis
3078 4567 3269 4634 potius
3331 4564 3708 4621 Aristolelicis

2065 4643 2450 4706 promptaque
2470 4652 2566 4689 eas
2587 4635 2719 4690 aliis
2754 4637 3100 4706 propinandi
3129 4637 3397 4692 facultate
3419 4639 3512 4692 hic
3535 4635 3661 4706 cogi
3679 4664 3703 4676 -

2061 4709 2302 4762 tasse.ld
2331 4707 2528 4761 suadet
2553 4707 2745 4779 Cyrilli
2764 4709 2943 4779 ipsius
2966 4708 3314 4779 phrasis,qui
3335 4725 3436 4779 pro
3456 4708 3702 4779 his.tu

2064 4779 2300 4860 Eiiotius
2354 4779 2546 4860 habet,
2587 4774 2798 4860 scribit
2827 4774 3282 4860 ᾋριιάιτςοτιελικὸν⁹
3310 4774 3700 4860 μιμησᾴμενος

2066 4847 2207 4920 βίον,
2242 4849 2294 4922 id
2329 4855 2439 4917 est,
2475 4855 2538 4904 ut
2584 4847 2950 4918 interpretor,
3003 4847 3404 4906 Aristotelicum
3445 4847 3696 4922 philoso-

2057 4917 2271 4992 phandi
2299 4924 2564 4993 rationem
2589 4917 2840 4993 sectatus.
2877 4922 3015 4976 Bion
3047 4922 3199 4993 enim
3230 4923 3402 4978 etiam
3433 4917 3503 4977 de
3538 4917 3700 4993 τέχνῃ
3771 4987 3774 4990 ἢ

2061 5008 2158 5046 seu
2212 4997 2331 5048 arte
2389 4992 2814 5064 etidisciplina,
2868 4992 3406 5064 usurparipridem
3477 4992 3703 5048 monuit

2058 5064 2288 5119 Tzctzes
2332 5066 2398 5118 ad
2450 5063 2785 5136 Hesiodum,
2831 5068 2888 5117 et
2936 5063 3243 5134 Menagius
3275 5066 3343 5120 ad
3378 5065 3694 5136 Diogenem

2063 5136 2378 5205 Laertium,
2415 5151 2470 5205 p.
2503 5133 2610 5190 439
2643 5134 2695 5188 b.

2132 5209 2239 5278 (82)
2287 5204 2578 5274 Τέσσαρας.
2628 5204 2838 5261 Confer
2892 5204 3158 5261 Archelai
3230 5206 3508 5278 Disputat.
3569 5221 3693 5261 cum

2061 5279 2285 5338 .‘tlanete.
2321 5294 2371 5345 p.
2407 5278 2497 5331 96.

2131 5350 2244 5419 (83)
2275 5351 2366 5401 Ὧν
2408 5348 2507 5414 τήν
2543 5347 2658 5420 μὲν.
2692 5347 2749 5402 Si
2784 5347 2879 5402 hic
2912 5347 3101 5402 Photii
3153 5347 3315 5403 locus
3357 5365 3489 5404 cum
3542 5347 3695 5403 Petri

2059 5420 2460 5491 Sicultverbis
2509 5419 2859 5491 cOnl‘erator,
2895 5419 3114 5491 patebit
3159 5423 3406 5474 alterum
3457 5419 3698 5475 alterius

2058 5490 2342 5564 vestigiis
2371 5492 2676 5546 institisse.
2730 5490 2868 5564 Cum
2901 5490 3070 5546 enim
3105 5491 3352 5564 Cyrillus
3383 5491 3421 5547 Ι.
3447 5509 3497 5546 c.
3523 5507 3697 5564 quem

2061 5569 2301 5633 uterque
2330 5562 2488 5634 legit,
2522 5573 2766 5634 quatuor
2809 5562 2939 5616 illos
2972 5562 3158 5617 libros
3183 5564 3429 5618 breviter
3456 5567 3514 5618 et
3545 5563 3698 5618 nude

2059 5639 2285 5690 tantum
2347 5637 2534 5705 quoad
2592 5634 2794 5705 titulos
2853 5645 3163 5700 recenseat,
3200 5648 3438 5704 morque
3487 5634 3696 5705 horum

2059 5709 2316 5776 quaedam
2351 5704 2510 5762 addit
2540 5706 2650 5760 sibi
2685 5704 2928 5776 invicem
2964 5705 3310 5776 similianEn
3342 5705 3442 5759 tibi
3476 5704 3697 5776 descri-

2062 5769 2321 5854 ptionem
2367 5777 2517 5836 Petri
2545 5775 2756 5834 Siculi:
2809 5773 3080 5858 Τέσσαρας
3133 5769 3364 5850 βίϐλους
3395 5771 3695 5848 συνέταξεν,
