4074 6208
69 5669 76 5766 ἱ

209 390 272 448 ιί
1306 381 1622 442 CONTRA
1664 381 1882 443 MANlt

1994 383 2150 444 EOS
2200 384 2432 446 LIBER
2475 387 2524 445 Ι.
3551 391 3629 451 42

215 520 578 592 πλανώμενον
635 518 688 572 o't
745 519 844 570 τοῦ
894 518 1114 589 Περσῶν
1189 512 1460 587 βασιλέως
1552 509 1868 590 δορυφόροι,

1994 517 2089 588 qui
2121 533 2182 573 se
2214 517 2472 574 miserat.
2505 515 2610 583 Qui
2637 533 2769 573 cum
2792 517 2921 589 ejus
2948 519 3632 590 mendacium,t’allaciam

227 613 313 666 ἅτε
359 610 652 685 πανταχοῦ
704 606 797 660 τὸν
847 601 1133 676 ἀλιτήριον
1212 599 1648 676 διερευνώμενοι,
1699 603 1880 674 εὗρόν-

233 720 311 760 τις
347 695 543 774 ἄγουσι
603 695 744 769 πρὸς
793 693 886 748 τὸν
948 689 1338 746 ἀποστείλαντα
1387 688 1624 763 δεσμιον.
1677 691 1772 746 Καὶ
1818 691 1879 750 ὅς

235 793 314 844 τοὸ
345 807 400 841 τε
452 782 697 860 ψεύδους
745 782 836 837 καὶ
881 788 981 850 τῆς
1028 783 1206 857 φυγῆς
1255 779 1433 836 πολλὲ
1469 779 1745 855 χλευᾶσας
1789 779 1878 835 καὶ

229 873 609 946 κατονειδίσας,
671 871 829 943 δίκην
883 865 1074 926 ἔλαϐεν
1128 870 1243 924 ἀντὶ
1305 869 1519 924 πάντων
1584 871 1731 942 μίαν,
1785 870 1876 926 τὸν

229 967 309 1021 τοῦ
369 965 692 1024 {mareva
751 961 982 1033 κάκείνῳ
1050 960 1203 1033 μόνῳ
1275 958 1548 1033 πρέποντα
1631 959 1876 1016 θάνατον.

224 1056 276 1111 El.
332 1056 442 1131 γὰρ
518 1054 612 1108 καὶ
702 1048 935 1126 μηδαμῆ
1015 1047 1285 1122 μηδαμῶς

223 1148 429 1220 ούσεως
461 1145 536 1214 ἦν
589 1145 728 1216 μήτε
777 1143 966 1196 παθεῖν
1016 1141 1155 1212 μήτε
1212 1136 1405 1213 δράσαι
1445 1138 1614 1208 ἄξιος,
1648 1137 1792 1193 ἀλλά
1820 1160 1879 1213 γε

223 1239 322 1289 τῶν
409 1232 692 1293 Μᾶνεντος
776 1224 1208 1304 ἀνυπερϐλήτων
1276 1223 1702 1302 δυσσεϐημάτων
1779 1229 1881 1283 οὐκ

223 1323 458 1392 ἀνάξιος.
492 1325 616 1377 "Et:
656 1321 764 1394 γὰρ
823 1319 875 1373 ἐν
926 1322 1086 1387 ζῶσιν
1138 1316 1292 1378 ὄντος
1331 1321 1426 1371 τοῦ
1455 1314 1878 1390 κακοδαίμονος,

226 1411 299 1474 εἷς
338 1412 507 1466 ἀσκὸν
565 1411 630 1465 τὸ
677 1414 841 1482 σῶμα
892 1403 1275 1480 ἀποδείραντες
1343 1405 1486 1461 οὕτω
1560 1413 1659 1475 τῆς
1737 1413 1884 1476 ζωῆς

226 1500 492 1556 διασπῶσι
553 1500 647 1555 καὶ
706 1496 1152 1573 διαρῥηγνύουσι,
1201 1495 1264 1550 τὸ
1314 1493 1510 1550 λοιπὸν
1540 1500 1636 1550 τοῦ
1682 1498 1879 1568 σώμα-

226 1611 316 1652 τος
354 1592 520 1665 βορὰν
579 1587 797 1662 Θηρίοις
856 1585 1272 1660 προσρίψαντες,
1309 1582 1440 1638 αὺτὸ
1498 1582 1556 1639 δε
1599 1586 1661 1639 τὸ
1711 1583 1881 1660 δερμα

229 1682 465 1734 Θυλακου
515 1679 720 1754 τρόπον
776 1673 1170 1749 πληρώσαντες
1219 1673 1526 1748 πνεύματος
1591 1675 1698 1748 πρὸ
1771 1679 1878 1730 τῶν

1370 1056 1435 1118 τῇ
1447 1070 1468 1110 ς
1533 1049 1842 1123 ἀνθρωπίνη
1854 1071 1876 1111 ς

1991 611 2049 662 et
2078 606 2274 677 fugam
2310 606 2608 672 irrisisset,
2643 623 2894 679 eumque
2945 609 3272 681 opprobriis
3315 610 3637 669 insectatus

1991 705 2155 762 esset,
2189 696 2463 752 ultionem
2501 697 2754 769 sumpsit
2787 716 2886 770 pro
2918 698 3195 756 omnibus
3249 716 3449 769 unam,
3484 719 3636 758 mor-

1991 791 2107 842 tem
2162 787 2452 859 infligens,
2496 803 2623 858 quas
2674 787 2774 842 uni
2826 789 2958 844 huic
3011 788 3183 861 plano
3233 793 3635 849 conveniebat.

1989 876 2146 931 Licet
2177 877 2332 932 enim
2367 876 2422 930 id
2458 876 2722 931 humanae
2759 885 2977 932 naturas
3027 879 3368 936 nullatenus
3400 881 3498 950 sit,
3534 897 3638 938 nec

1989 965 2324 1037 quempiam
2358 965 2471 1020 tale
2515 965 2599 1020 vel
2655 965 2767 1035 pati
2810 965 2896 1020 vel
2931 967 3112 1022 facere
3148 969 3234 1024 fas
3273 986 3402 1025 esse
3436 970 3634 1026 videa-

1992 1061 2086 1110 tur
2116 1073 2130 1122 ;
2167 1059 2416 1110 attamen
2452 1054 2818 1110 borribilium
2853 1055 3100 1111 Manetis
3127 1056 3495 1130 impietatum
3519 1076 3633 1116 non

1991 1143 2235 1216 indigna
2266 1160 2419 1200 mors
2448 1150 2588 1199 erat.
2622 1147 2762 1198 Cum
2799 1145 2949 1200 enim
2990 1144 3190 1201 infelix
3219 1146 3316 1203 ille
3347 1149 3539 1205 adhuc
3571 1150 3632 1206 in

1991 1234 2131 1289 vivis
2163 1237 2336 1302 esset,
2371 1249 2603 1304 corpus,
2636 1234 2896 1289 detracta
2925 1233 3093 1305 pelle,
3131 1235 3187 1290 in
3223 1241 3411 1292 utrem
3464 1254 3636 1294 exco-

1992 1322 2205 1377 riantes
2236 1323 2316 1377 sic
2350 1337 2417 1376 ex
2446 1322 2565 1376 vita
2604 1321 2938 1389 detrahunt,
2993 1326 3048 1378 et
3091 1324 3258 1394 quasi
3304 1325 3632 1392 dissecant;

1993 1411 2282 1483 reliquum
2319 1427 2449 1467 vero
2498 1427 2711 1483 corpus
2753 1410 2813 1467 in
2846 1413 3098 1483 praedam
3135 1413 3267 1469 feris
3317 1415 3635 1487 proiiciunt

1993 1501 2298 1572 ipsamque
2330 1500 2541 1572 pellem
2575 1501 2720 1556 utris
2753 1501 2938 1556 instar
2967 1510 3136 1557 vento
3186 1502 3468 1575 repletam
3517 1520 3632 1577 prae

1995 1591 2212 1645 foribus
2247 1590 2699 1659 suspenderunt.
2722 1589 2922 1646 Talem
2955 1595 3216 1660 apostata
3245 1595 3301 1648 et
3342 1593 3632 1650 scelestis-

1995 1677 2180 1734 simus
2213 1677 2385 1734 homo
2415 1680 2546 1734 vitae
2579 1678 2891 1735 terminum
2924 1689 3268 1736 consecutus
3296 1687 3404 1738 est.

240 1767 432 1824 πυλῶν
488 1768 883 1841 ἂνηρτήσαντο.
934 1762 1112 1821 Ἀλλᾶ
1158 1764 1258 1832 τὴν
1293 1768 1514 1836 μεντοῦ
1577 1764 1700 1838 βίου
1758 1767 2134 1842 καταστροφὴν
2193 1768 2221 1820 ὁ
2279 1765 2591 1837 ἀποστάτης
2624 1763 2788 1828 οὗτος
2818 1767 2906 1821 καὶ
2936 1767 3346 1841 τρισαλιτήριος
3383 1769 3642 1840 τοιαύτην

255 1858 500 1935 ἆπεὶληιξ
506 1880 555 1913 εν
567 1902 579 1914 .

322 1952 401 2005 15⁸
431 1951 643 2023 Ἕτερος
677 1946 732 2003 δὲ
757 1952 834 2020 τῷ
862 1946 1050 2023 χρόνῳ
1111 1947 1291 2022 βραχύ
1335 1968 1386 2002 τι
1439 1946 1635 2002 τούτου
1675 1967 1880 2023 προγε-

2063 1949 2218 2006 XIV.
2276 1949 2439 2006 Alius
2490 1967 2654 2021 porro
2686 1955 2949 2023 tempore
2989 1952 3161 2023 paulo
3205 1953 3315 2010 hoc
3344 1954 3641 2028 antiquior

254 2039 524 2112 νέστερος,
556 2038 810 2109 ὁμότιμος
865 2035 924 2092 δὲ
967 2037 1065 2105 την
1108 2030 1443 2105 δυσσέϐειαν,
1484 2036 1728 2110 Ζαρεξνης
1769 2039 1881 2108 (10)

239 2126 434 2202 ὄνομα,
470 2129 557 2182 καὶ
622 2129 779 2189 αὐτὸς
838 2127 938 2182 οὐκ
1018 2126 1182 2202 ὀλίγα
1236 2132 1356 2188 ταῖς
1417 2122 1748 2187 δυσσεϐείαις
1801 2131 1880 2199 τῷ

236 2217 559 2293 ἀνθρωπίνῳ
605 2217 744 2292 γένει
795 2215 1197 2288 ἐπελυμῆνατο.
1258 2216 1506 2285 Μαθηταὶ
1554 2215 1736 2287 μέντοι
1783 2220 1880 2269 τοῦ

236 2305 558 2380 δυσωνύμου
616 2305 891 2369 Μάνεντος
946 2305 1202 2381 γεγόνασι
1251 2301 1480 2375 δώδεκα,
1531 2303 1802 2366 Σισίνθιος
1851 2305 1878 2358 ὁ

229 2399 313 2451 καί
375 2397 439 2452 τὸ
497 2395 713 2468 ἀξίωμα
751 2394 920 2450 αὐτοῦ
984 2401 1084 2463 τῆς
1166 2388 1454 2454 δυσσεϐοῦς
1531 2390 1880 2456 διδασκαλίας

227 2484 636 2558 ἀναδεξάμενος,
667 2484 759 2538 καὶ
817 2488 1014 2557 Θωμᾶς
1061 2485 1177 2556 (11)
1226 2483 1252 2536 ὁ
1297 2484 1357 2537 τὸ
1397 2488 1512 2536 κατ’
1555 2484 1715 2537 αὐτὸν
1758 2483 1881 2538 ὀνο·

229 2577 539 2648 μαζόμενον
592 2573 982 2646 συνταξάμενος
1031 2570 1385 2646 Εύαγγέλιον.
1448 2569 1657 2634 Βούδας
1688 2593 1747 2627 τε
1789 2573 1881 2628 καὶ

223 2667 450 2738 Ἑρμᾶς,
497 2659 842 2735 ’Δδάμαντος
902 2664 1013 2733 (12)
1073 2661 1159 2716 καὶ
1219 2659 1589 2733 ’Λδείμαντος,
1653 2662 1710 2716 ’ὀν
1767 2663 1880 2735 (13)

221 2755 304 2807 καὶ
369 2749 664 2830 διαφόροις
725 2747 984 2822 διέπεμψε
1042 2747 1274 2821 κλίμασι
1337 2755 1438 2818 τῆς
1499 2747 1714 2819 πλάνης
1790 2749 1880 2804 καὶ

224 2847 320 2910 τῆς
384 2839 720 2899 ἀποστασίας
784 2837 961 2892 αὐτῶν
1011 2839 1239 2911 κήρυκα.
1299 2839 1591 2912 Ἐξηγηταὶ
1631 2835 1688 2892 δὲ
1719 2839 1883 2894 αὐτοῦ

223 2930 307 2985 καὶ
372 2932 492 2984 οἷον
545 2926 1030 3001 ὐπομνηματισταὶ
1089 2927 1374 3003 γεγόνασιν
1428 2926 1588 3002 Ἱέραξ
1660 2948 1718 2982 τε
1792 2926 1882 2982 καὶ

225 3015 600 3096 Ἡρακλείδης
673 3019 762 3071 καὶ
830 3015 1132 3092 Ἀφθόνιος.
1221 3017 1588 3090 Ἠριθμοῦντο
1675 3015 1731 3071 δὲ
1805 3022 1884 3090 τῷ

235 3114 396 3184 χορῷ
455 3112 564 3162 τῶν
631 3105 1077 3180 μαθητευθὲντων
1128 3105 1276 3176 αὐτῷ
1346 3105 1433 3160 καὶ
1505 3105 1789 3182 Ἀγάπιος,
1855 3107 1884 3160 ὁ

226 3201 323 3267 τὴν
390 3195 738 3270 Ἐπταλογον
808 3194 1154 3268 καλουμένην
1216 3194 1471 3265 συντάξας
1510 3195 1600 3249 καὶ
1641 3197 1883 3268 Ζαρούας

228 3290 312 3342 καὶ
383 3281 733 3360 Γαυριαϐιος.
793 3284 898 3341 Καὶ
957 3285 984 3339 ὁ
1045 3286 1138 3358 μὲν
1196 3289 1302 3339 τῶν
1351 3287 1476 3339 τότε
1508 3286 1873 3358 συνακμασὰνο
1911 3267 1954 3334 C

227 3399 329 3431 των
383 3383 488 3445 τῆς
538 3369 788 3437 ἀσεϐείας
837 3374 1008 3448 χορὸς
1055 3372 1108 3428 ἐν
1176 3373 1458 3435 τοσούτοις
1519 3374 1880 3447 παρετείνετο,

228 3468 295 3520 ὧν
324 3471 443 3527 πῶς
486 3462 544 3519 ἄν
583 3485 666 3526 τις
709 3463 853 3519 εἴποι
892 3463 988 3524 τὰς
1027 3463 1264 3537 πράξεις,
1299 3467 1417 3524 πῶς
1472 3460 1528 3517 δὲ
1569 3461 1778 3518 διέλθοι
1819 3463 1884 3518 τὰ

235 3554 527 3629 δόγματα;
586 3553 712 3610 Ἐπὶ
768 3557 1028 3608 τοσοῦτον
1087 3553 1192 3625 γὰρ
1251 3551 1459 3620 ἤλασαν
1524 3552 1700 3622 πάσης
1785 3552 1879 3624 μὲν

241 3646 582 3718 ἀκαθαρσίας,
635 3644 813 3715 πάσης
876 3643 934 3698 δὲ
993 3642 1259 3718 ῥυπαρίας
1315 3643 1404 3697 καὶ
1465 3643 1644 3713 πάσης
1709 3643 1880 3698 ἀθεωο

247 3738 396 3792 τᾶτου
456 3733 641 3808 δόξης,
692 3734 782 3788 καὶ
833 3732 1109 3788 τοσούτων
1176 3734 1287 3804 (14)
1356 3731 1530 3788 αὐτᾶν
1598 3733 1754 3809 γέμει
1815 3734 1880 3788 τὰ

263 3821 442 3897 publi:
493 3823 861 3899 ῥυπασμάτων
918 3841 976 3876 τε
1030 3820 1122 3875 καὶ
1179 3819 1678 3894 ἀτοπημάτων,ὡς
1739 3819 1879 3894 μηδὲ

263 3915 374 3974 τους
403 3913 455 3982 ἒξ
489 3914 656 3968 αὐτῶν
699 3911 921 3967 ἐκείνῶν
971 3908 1436 3986 προεληλυθότας,
1469 3911 1556 3964 καὶ
1605 3909 1671 3964 τὰ
1716 3908 1878 3966 πλεῖ-

1994 2057 2098 2111 par
2126 2039 2448 2110 impietate,
2479 2041 2717 2096 Zaranis
2762 2041 3017 2110 nomine,
3069 2059 3184 2098 non
3218 2060 3401 2115 pauca
3430 2043 3636 2117 impie-

1991 2128 2208 2183 tatibus
2257 2129 2381 2183 suis
2431 2127 2691 2183 humano
2739 2131 2931 2200 generi
2988 2131 3204 2187 damna
3275 2133 3632 2204 importavit.

1988 2215 2270 2288 Discipuli
2298 2220 2491 2272 autem
2525 2217 2761 2272 infausti
2797 2219 3051 2276 nominis
3074 2220 3176 2275 viri
3208 2222 3454 2277 Manetis
3478 2223 3636 2279 fuere

1989 2305 2338 2372 duodecim;
2372 2305 2690 2373 Sisinnius,
2723 2307 2818 2377 qui
2851 2307 3244 2380 principatum
3275 2310 3404 2380 ejus
3433 2310 3492 2365 in
3526 2313 3636 2368 im-

1991 2396 2086 2465 pia
2121 2395 2385 2451 doctrina
2417 2396 2633 2450 tuenda
2655 2396 2905 2468 accepit;
2933 2397 3212 2466 Thomas,
3238 2400 3336 2470 qui
3375 2400 3634 2470 Evange-

1991 2483 2134 2537 lium
2161 2499 2266 2538 suo
2293 2483 2526 2538 nomine
2557 2482 2826 2554 scripsit;
2862 2484 3478 2556 Budas,Adamantus,
3498 2487 3636 2542 Adi-

1994 2575 2428 2642 mantus,quem
2452 2570 2510 2624 in
2535 2571 2762 2627 diversa
2783 2572 2939 2628 orbis
2968 2572 3444 2640 climata,erroris
3467 2581 3525 2632 et
3545 2577 3641 2632 de-

1993 2658 2258 2716 fectionis
2283 2675 2602 2730 praeconem
2639 2661 3240 2732 misit.Explanatores
3261 2680 3394 2720 vero
3417 2669 3472 2720 et
3495 2680 3638 2736 qua-

1992 2751 2041 2804 si
2069 2754 2551 2805 commentatores
2573 2749 2698 2819 ejus
2718 2750 2953 2805 fuerunt
2985 2751 3544 2818 liierax,Heraclidss
3579 2758 3638 2812 et

1991 2840 2378 2913 Aphthonius.
2414 2841 2478 2896 In
2528 2840 2942 2912 discipulorum
2983 2842 3120 2898 item
3154 2844 3283 2914 ejus
3313 2843 3487 2902 choro
3518 2862 3638 2901 nu-

1994 2930 2371 2985 merabantur
2417 2929 2696 3000 Agapius,
2729 2930 2828 3000 qui
2871 2931 3273 3004 ileptalogum,
3308 2940 3367 2988 ul
3400 2938 3628 3000 vocant,

1992 3018 2359 3090 conscripsit,
2391 3019 2606 3074 Zaruas
2655 3023 2712 3074 et
2757 3019 3128 3076 Gauriabius.
3164 3021 3384 3078 Chorus
3443 3027 3636 3080 autem

1993 3107 2309 3179 impietatis
2358 3123 2582 3176 eorum,
2631 3107 2727 3180 qui
2782 3112 2921 3163 tunc
2961 3111 3239 3180 temporis
3276 3127 3388 3166 una
3417 3111 3639 3168 ﬂorue-

1992 3201 2146 3266 runt,
2178 3197 2284 3252 hos
2334 3196 2845 3268 complectebatur,
2898 3214 3150 3268 quorum
3201 3205 3325 3254 acta
3370 3215 3629 3269 narrare,

1993 3285 2078 3340 vel
2109 3285 2381 3355 dogmata
2419 3299 2718 3341 recensere
2767 3285 2900 3356 quis
2929 3285 3164 3341 valeat?
3193 3287 3271 3341 Eo
3320 3287 3477 3342 enim
3516 3288 3630 3344 im-

1993 3373 2269 3445 puritatis
2300 3373 2455 3430 omni
2481 3373 2652 3430 modo
2681 3374 3127 3443 devenerunt,eo
3158 3391 3345 3447 usque
3374 3377 3629 3432 immun-

1993 3463 2170 3529 ditias,
2203 3479 2268 3519 eo
2319 3479 2503 3534 usque
2551 3463 2741 3535 impia:
2790 3463 3085 3532 doctrinm,
3119 3470 3322 3538 totque
3369 3466 3636 3523 sordibus

1992 3557 2049 3608 et
2079 3553 2533 3608 absurditatibus
2581 3569 2782 3609 eorum
2843 3553 2972 3610 libri
3025 3553 3228 3626 repleti
3279 3559 3436 3623 sunt,
3470 3559 3635 3612 utne

1993 3646 2228 3716 quidem
2262 3661 2631 3701 successores
2661 3645 2912 3714 illorum,
2947 3647 3043 3717 qui
3079 3647 3394 3703 maximam
3426 3663 3627 3703 eorum

1991 3734 2309 3806 impietatis
2366 3744 2586 3807 partem
2640 3736 3028 3804 retinuerunt,
3087 3752 3188 3792 eos
3253 3736 3524 3809 amplecti
3582 3740 3640 3791 et

1992 3825 2244 3896 recipere
2301 3826 2590 3891 audeant;
2643 3829 2765 3880 tum
2818 3825 2972 3897 quod
3021 3825 3524 3882 abominationum
3573 3825 3633 3880 in

1988 3913 2106 3969 illis
2155 3918 2561 3970 contentarum
2611 3914 3080 3986 exsuperantiam
3127 3914 3318 3987 legere
3366 3932 3482 3971 non
3526 3931 3632 3971 va-

1394 4058 1636 4114 VARIE
1677 4059 2068 4116 LECTIONES
2108 4059 2198 4115 ET
2237 4058 2464 4114 NO'I‘IE.

300 4183 406 4253 (10)
454 4177 745 4254 Ζαράνῃςη
784 4180 870 4235 Ita
904 4177 1312 4254 rCoislinian_us
1369 4181 1424 4232 et
1453 4174 1870 4254 ‘Colbertinus,

238 4248 423 4310 noster
451 4248 587 4310 vero
608 4248 955 4323 Ζανᾶρης.Αι
983 4265 1112 4323 cum
1136 4253 1193 4304 et
1223 4248 1425 4323 Petrus
1449 4248 1870 4323 Siculus,p._30,

238 4327 482 4398 priorem
531 4319 841 4398 lectionem
897 4321 1256 4398 probettnec
1290 4319 1471 4398 _in_t_er
1508 4319 1875 4398 P_ersas_hoe

237 4389 1045 4486 50'“ini%-198“di‘°‘3'_§i‘_
1070 4389 1493 4486 9162-109}:
1534 4392 1684 4486 ’ἐξα
1721 4391 1877 4486 teli:
1911 4423 1954 4486 υ

235 4488 353 4525 cum
380 4487 437 4541 p.
473 4468 618 4541 :35).
651 4482 775 4541 eam
807 4465 1047 4541 omnino
1079 4464 1496 4541 prm[erendam
1549 4467 1707 4541 puto.
1737 4467 1880 4541 Lege

237 4543 307 4596 de
353 4534 462 4595 isto
519 4534 612 4594 Jo.
649 4537 1018 4593 Pearsonium
1078 4535 1149 4588 ad
1199 4534 1535 4605 Symbolum
1587 4534 1879 4604 Apostoli-

237 4627 366 4668 cum
399 4628 454 4682 p.
489 4611 625 4676 116,
657 4608 790 4682 edit.
828 4609 1037 4682 Latinae
1059 4606 1119 4682 in
1145 4604 1318 4682 n_oti_s,
1339 4605 1440 4660 ubi
1471 4604 1519 4660 is
1539 4605 1882 4682 persuadere

234 4676 499 4748 conatur,
535 4688 617 4749 ut,
652 4681 861 4735 inserto
886 4676 1220 4734 Manichaais
1250 4678 1488 4742 Zarane,
1522 4677 1621 4746 qui
1663 4678 1885 4749 Manete

235 4772 351 4811 una
381 4770 514 4808 cum
549 4748 860 4822 Scythiano
887 4750 1182 4821 antiquior
1228 4755 1372 4816 erat,
1404 4748 1884 4822 credamussey-

233 4828 506 4882 thianum
544 4819 1000 4894 ad'Apostolicai
1029 4819 1290 4894 tempora
1319 4819 1885 4894 accessisse._l:3nimf

232 4914 393 4961 vero,
455 4888 728 4967 quamvis
788 4911 916 4967 non
974 4888 1233 4947 dubitem
1309 4897 1587 4946 Zaranem
1669 4888 1886 4967 Maneti

235 4960 408 5026 aetate
464 4960 788 5038 proximum
838 4964 1053 5038 fuisse,
1091 4980 1224 5038 cum
1273 4968 1469 5018 noster
1532 4977 1664 5038 eum
1698 4960 1887 5038 ⁸ραιιζο

234 5033 620 5112 antiquiorem
652 5039 868 5094 diserte
891 5035 1182 5112 nominet,
1211 5035 1334 5112 ipsa
1355 5040 1549 5112 tamen
1575 5033 1672 5088 illa
1693 5033 1888 5112 brevis

241 5106 527 5182 temporis
577 5109 948 5182 intercapedo
997 5106 1180 5176 magis
1227 5107 1423 5182 efﬁcit,
1458 5110 1531 5182 _ut
1577 5106 1889 5182 credamus

232 5176 622 5256 Scythianum
675 5186 732 5236 et
775 5176 1054 5256 Zaranem
1084 5177 1353 5256 _eq_uales
1392 5176 1570 5256 fuisse
1601 5180 1802 5256 aetate,
1834 5180 1891 5256 et

236 5248 334 5312 eo'
358 5259 588 5310 tantum
647 5253 877 5308 nomine
910 5269 943 5307 a
973 5266 1034 5305 se
1082 5250 1323 5304 invicem
1375 5248 1707 5315 distinctos,
1739 5248 1889 5316 quod

236 5328 390 5384 alius
447 5341 650 5380 eorum
701 5322 832 5380 aliis
880 5323 939 5380 in
992 5321 1134 5378 locis
1181 5320 1453 5378 doctrinas
1503 5337 1624 5376 sua:
1665 5320 1893 5376 semina

247 5405 686 5595 ερόΐῆρὲἓιὶιᾶς.
713 5467 797 5522 De
829 5467 938 5523 hoc
982 5469 1039 5521 et
1097 5463 1476 5537 sequentibus
1515 5462 1756 5544 Manetis
1781 5463 1898 5518 dis-

247 5542 406 5595 scinu
439 5542 485 5595 is
517 5539 640 5595 leae
680 5538 766 5594 Cl.
801 5537 1159 5595 Fabricium.
1194 5537 1294 5593 lib.
1328 5552 1384 5595 ν.
1407 5553 1462 5595 ι).
1496 5535 1895 5595 287,82blioth,

240 5535 485 5613 sci‘pulis
517 5535 640 5610 lege
680 5538 766 5594 Cl.
801 5535 1294 5606 FabriciumJib.
1328 5552 1384 5605 ν,
1407 5553 1462 5607 p.
1496 5535 1895 5604 287,8ibliolh.

241 5613 423 5670 Graec.

319 5687 436 5755 (t2)
497 5677 858 5754 Ἀθάμαντος.
926 5681 1222 5739 Adantum
1281 5693 1415 5738 eum
1473 5681 1641 5736 vocat
1695 5678 1901 5737 Petrus

250 5755 491 5814 Siculus
521 5772 578 5827 p.
602 5755 693 5809 30.

575 5853 856 5916 PATROL.
900 5855 1008 5916 Gn.
1054 5853 1177 5916 Cll.

2057 4176 2170 4246 (13)
2226 4176 2341 4228 Ὃν.
2396 4175 2538 4231 Tres
2594 4174 2838 4232 Manstis
2895 4175 3166 4247 discipuli
3200 4177 3258 4232 in
3290 4180 3408 4232 tres
3465 4176 3626 4233 orbis

1985 4246 2184 4320 plagas
2244 4247 2417 4320 missi
2459 4248 2942 4320 memoranturin
2975 4246 3135 4304 Actis
3192 4247 3452 4304 Archelai
3491 4264 3625 4304 cum

1983 4318 2230 4389 Manete,
2264 4336 2317 4387 p.
2364 4319 2453 4374 22.
2504 4320 2699 4375 Addas
2749 4318 2992 4387 scilicet,
3021 4319 3123 4390 qui
3168 4320 3322 4376 idem
3375 4324 3466 4376 est
3493 4336 3628 4376 cum

1988 4391 2201 4457 Budda,
2255 4391 2504 4445 Thomas
2561 4399 2616 4446 et
2673 4391 2934 4447 Hermas.
2985 4392 3232 4447 Eosdem
3284 4393 3630 4448 nominatim

1989 4466 2261 4542 recenset
2280 4461 2554 4542 Cyrinus,
2588 4479 2646 4542 p._
2677 4464 2764 4527 98,
2810 4463 3208 4542 Buddampro
3241 4463 3402 4518 Adda
3433 4462 3630 4534 appel-

1994 4534 2146 4596 lans,
2214 4533 2568 4605 stilistoria
2626 4533 2896 4605 ingressos
2935 4533 3392 4605 pilento/raeorum,
3452 4533 3632 4605 quam

1989 4605 2221 4659 doctiss.
2257 4603 2591 4673 Cbristoph.
2636 4604 2839 4658 Matth.
2878 4604 3117 4660 Pfaftius
3167 4622 3299 4661 cum
3352 4603 3632 4660 Lactantii

1988 4677 2246 4748 Epitome
2294 4677 2724 4748 Institutionum
2784 4675 3123 4742 divinarum,
3192 4693 3246 4748 ρ.
3321 4677 3423 4730 182
3504 4693 3629 4748 seq.

1989 4747 2305 4830 edidilzlhi
2329 4747 2476 4830 haec
2524 4748 2678 4830 inter
2723 4754 2927 4801 cmtera
2975 4764 3030 4818 p.
3059 4748 3197 4830 .183,
3230 4747 3357 4830 lego
3391 4764 3404 4801 :
3441 4769 3470 4797 «
3502 4747 3636 4804 Post

1989 4819 2156 4888 cujus
2186 4818 2488 4888 (Curbicii)
2521 4826 2767 4872 mortem
2816 4834 2933 4873 non
2976 4817 3180 4873 solum
3233 4817 3434 4882 libros,
3485 4835 3632 4888 quos

1987 4889 2378 4972 Terebinthus
2411 4891 2742 4972 reliquerat,
2785 4889 2885 4972 sed
2916 4892 2972 4944 et
3020 4888 3322 4972 pecuniam
3381 4889 3634 4946 Curbicii

1991 4977 2253 5025 sumens,
2307 4959 2553 5032 Trembi;
2597 4959 2916 5030 discipulos
2972 4959 3353 5032 acquisivit,“
3383 4976 3634 5029 quorum

1994 5049 2169 5101 unus,
2197 5033 2474 5098 Thomas,
2505 5030 2657 5086 alius
2688 5033 2866 5095 Abda,
2912 5030 3116 5087 tertius
3171 5036 3262 5086 est
3309 5030 3568 5090 Hermas.
3603 5053 3632 5081 »

1993 5105 2077 5159 Ibi
2111 5121 2225 5158 non
2251 5103 2448 5158 dubito
2486 5119 2588 5174 pro
2622 5103 2831 5174 Trembi
2863 5104 3172 5173 legendum
3206 5117 3332 5158 esse
3380 5112 3488 5159 tre:
3525 5102 3636 5159 sibi

1993 5175 2259 5248 (totidem
2289 5174 2461 5248 enim
2483 5172 2752 5248 discipuli
2804 5172 3454 5248 postea_memorantur
3484 5191 3498 5242 ;
3534 5191 3638 5245 pro

1995 5245 2142 5302 Abda
2175 5252 2368 5301 autem
2401 5245 2594 5311 Abdus,
2629 5261 2801 5316 quem
2847 5245 3035 5300 caateri
3071 5247 3387 5316 scriptores
3435 5261 3640 5301 omnes

1995 5324 2220 5374 vocant.
2282 5318 2374 5372 Sic
2429 5334 2484 5387 p.
2540 5318 2662 5384 182,
2720 5322 2792 5388 ut
2833 5317 3019 5371 obiter
3049 5318 3156 5372 hoc
3205 5334 3494 5384 moneam,
3537 5333 3641 5388 pro

1995 5390 2386 5461 capitulorum,
2419 5388 2607 5461 legere
2661 5387 2862 5461 malim
2916 5389 3243 5457 capitulum.
3310 5394 3424 5445 Hoc
3481 5387 3644 5461 enim

2001 5457 2233 5534 nomine
2291 5457 2612 5516 secundum
2672 5459 2957 5534 librorum
3018 5477 3258 5516 suorum
3330 5459 3646 5534 appellavit

1997 5533 2365 5604 Scythiaeque,
2400 5548 2503 5604 ceu
2536 5549 2604 5588 ex
2633 5533 3034 5604 superioribus
3067 5536 3314 5604 constat.

2072 5601 2189 5674 (14)
2236 5602 2547 5660 Τοσούτων.
2600 5605 2682 5660 Ita
2712 5601 2786 5660 ὀι
2842 5609 3042 5661 nostro
3114 5603 3446 5661 Colbertino
3519 5601 3647 5674 lege

2004 5693 2105 5750 pro
2133 5677 2390 5730 τοσοῦτον
