4074 6208
364 341 442 399 43

1565 332 1826 395 PHOTII
1872 331 2396 393 PATRIARCHIE
2437 330 2555 392 ΟΡ.

3689 338 3769 402 44

361 474 566 542 leant;
606 475 733 529 tum
781 471 937 544 quod
970 469 1536 526 irrationabilitatem
1578 471 1998 540 praeceptorum

2129 487 2214 521 ττα
2267 470 2368 534 τῆς
2416 463 2594 520 αὐτῶν
2637 459 2920 530 δυσσεϐίας
2987 467 3512 542 παρακατασχόντας
3573 469 3773 545 ἂνὲχε-

361 561 689 620 ratiociniis
738 561 1027 631 subjicere
1056 576 1171 616 non
1215 558 1459 632 possint,
1491 562 1617 613 tum
1648 557 1819 612 etiam
1851 557 2006 630 quod

370 654 640 708 metuant
669 655 726 707 et
772 657 1031 720 caveant,
1075 666 1145 704 ne
1179 647 1555 720 approbrium
1598 646 1781 703 risum
1834 653 2011 719 atque

362 742 566 800 odium
625 739 780 812 apud
838 754 1039 795 omnes
1071 737 1183 794 sibi
1244 736 1568 793 concilient.
1623 736 2009 803 Quamobrem

371 832 493 887 haac
529 846 716 902 nuper
745 834 942 885 exorta
979 833 1238 885 veterum
1275 825 1506 882 illorum
1557 827 2010 883 abominationis

366 921 664 978 seminum
693 919 1037 985 fructicatio,
1062 924 1121 971 ut
1143 933 1320 989 supra
1345 917 1624 988 diximus,
1648 934 1773 989 quae
1800 918 1871 973 ab
1896 917 2011 974 illis

369 1010 509 1066 olim
543 1008 838 1080 magistris
872 1007 1086 1076 scripto
1117 1004 1230 1061 sibi
1261 1006 1470 1061 tradita
1502 1011 1854 1077 sunt,neque
1885 1023 2011 1062 am-

374 1099 726 1173 plectuntur,
759 1114 942 1169 neque
975 1103 1211 1154 tuentur
1239 1113 1252 1166 ;
1284 1098 1381 1154 sed
1409 1099 1481 1154 iis
1512 1098 1701 1154 solum
1732 1115 1796 1155 se
1823 1097 2015 1153 adhaac

371 1205 494 1247 rere
524 1188 681 1245 Vafre
711 1192 764 1244 et
799 1187 1006 1244 callide
1038 1186 1342 1253 simulant,
1372 1186 1436 1243 in
1469 1187 1685 1260 quibus
1726 1185 2014 1244 Dominica

375 1277 610 1335 oracula
639 1285 691 1333 et
731 1277 928 1348 magni
960 1277 1208 1348 apostoli
1231 1276 1396 1331 Pauli
1419 1275 1686 1348 Epistolas
1709 1275 2012 1345 descriptas

369 1374 535 1436 sunt;
560 1366 860 1423 nonnullis
872 1366 1048 1423 etiam
1071 1370 1207 1422 Acta
1229 1364 1626 1438 apostolorum
1649 1371 1706 1422 et
1722 1365 2014 1422 catholicae

367 1457 660 1531 Epistula,
705 1461 914 1529 praeter
953 1471 1075 1522 eas,
1115 1472 1239 1527 qua:
1287 1454 1573 1527 corypheei
1620 1453 1814 1524 (Petri)
1855 1459 2013 1522 sunt,

363 1546 780 1602 admittuntur.
813 1544 1162 1615 Hujusmodi
1211 1560 1374 1600 sacra
1399 1543 1630 1614 eloquia
1659 1542 1810 1598 tueri
1841 1560 1903 1598 se
1934 1543 2020 1599 si-

367 1634 629 1704 mulant,
654 1638 717 1690 ut
735 1650 834 1690 eos
856 1635 954 1705 qui
979 1633 1129 1690 circa
1151 1633 1304 1705 piam
1331 1632 1669 1705 religionem
1694 1631 2018 1688 hebetiores

367 1727 427 1778 et
452 1722 843 1794 imperitiores
874 1725 1031 1792 sunt,
1056 1720 1283 1777 facilius
1313 1721 1579 1792 decipere
1611 1719 2018 1791 queant,quasi

2120 557 2239 608 σθαι
2284 557 2381 608 τοῦ
2458 551 2656 608 λοιποῦ
2714 553 2952 630 στέργειν
3009 552 3184 610 ἰκεῖνα
3233 557 3323 611 καὶ
3381 553 3776 632 ἀποδέχεσθαι,

2115 645 2279 697 τοῦτο
2334 643 2427 716 μὶν
2480 643 2542 697 τὸ
2588 638 2995 718 ἀνυπέρϐλητον
3044 651 3143 714 τῆς
3195 641 3486 720 βδελυρίας
3539 647 3600 702 οὐ
3653 649 3777 704 στέ-

2119 754 2313 807 γοντας
2339 736 2473 805 (15),
2505 737 2666 788 τοῦτο
2717 731 2775 788 δὲ
2821 738 2928 789 τῶν
2976 734 3408 812 προσταγμάτων
3448 738 3510 791 τὸ
3570 738 3775 815 ἀλόγιο

2122 843 2244 878 στον
2287 821 2582 899 λογισμοῖς
2613 819 2949 880 ὑποϐάλλειν
2981 823 3081 879 ούκ
3113 821 3366 903 ἔχοντας,
3398 830 3558 881 τοῦτο
3590 825 3648 882 δὲ
3675 830 3773 885 τὸν

2121 913 2266 987 παρά
2316 918 2474 968 πᾶσιν
2544 910 2752 968 ὄνειδον
2785 915 2872 968 καὶ
2933 917 3034 984 τὴν
3067 912 3298 990 χλεύην,
3331 915 3422 970 καὶ
3479 916 3571 972 τὸν
3603 921 3776 974 κατά-

2119 1000 2294 1076 γελων
2351 1003 2439 1057 καὶ
2510 1006 2572 1058 τὸ
2625 1009 2782 1077 μῖσος
2841 1002 3023 1077 ὣσπερ
3098 998 3590 1078 διευλαϐουμένους
3680 1009 3772 1063 καὶ

2123 1089 2529 1154 ἀποκλίνοντας.
2565 1093 2662 1147 Διά
2701 1097 2864 1148 τοῦτο
2904 1094 2996 1148 καὶ
3054 1094 3191 1164 αὕτη
3253 1097 3287 1164 ἡ
3331 1097 3603 1170 νεοφανής
3666 1102 3776 1153 τῶν

2122 1179 2368 1236 παλαιῶν
2429 1180 2646 1237 ἐκείνων
2695 1189 2795 1251 τῆς
2859 1179 3151 1257 βδελυρίας
3212 1186 3541 1258 σπερμάτων
3599 1205 3778 1260 παρα-

2125 1273 2285 1349 φυάς,
2341 1269 2523 1346 ὥσπερ
2574 1271 2667 1327 καί
2732 1271 2961 1348 πρόσθεν
3019 1268 3343 1351 ἔφημεν,τά
3403 1277 3528 1348 παρ’
3559 1275 3780 1330 ἐκείνων

2121 1365 2228 1415 τῶν
2309 1358 2651 1416 διδασκάλων
2730 1358 3009 1441 ἐγγράφως
3107 1361 3295 1427 αὐτοῖς
3380 1364 3780 1440 συντεταγμένο

2127 1451 2188 1506 ού
2259 1451 2353 1523 μὲν
2433 1449 2523 1505 οὖν
2621 1451 2720 1506 οὐκ
2812 1452 3112 1526 ἀγαπῶσιν,
3210 1449 3334 1508 οὐδὲ
3408 1455 3779 1530 περιέπουσιν.

2127 1538 2285 1598 Ἀλλ’
2313 1538 2534 1603 ἐκείνοις
2571 1542 2759 1613 μόνοις
2807 1542 3128 1619 κακούργως
3174 1544 3264 1597 καὶ
3313 1548 3572 1620 πονηρῶς
3603 1564 3782 1619 προσ-

2127 1630 2338 1706 ανέχειν
2416 1629 2880 1702 ὑποπλάττονται,
2965 1631 3018 1687 ἐν
3102 1634 3187 1694 οῖς
3260 1633 3327 1688 τά
3390 1654 3450 1688 τε
3541 1634 3785 1709 Κυριακά

2126 1719 2523 1795 ἀναγέγραπται
2590 1718 2750 1796 λόγια
2805 1720 2894 1776 καὶ
2967 1724 3063 1776 τοῦ
3145 1721 3386 1798 μεγάλου
3463 1723 3779 1779 ἀποστόλου

364 1812 439 1868 ab
472 1812 602 1883 ipso
648 1810 872 1867 Christo
904 1818 957 1866 et
1010 1827 1042 1865 a
1074 1809 1372 1882 discipulis
1413 1809 1543 1880 ejus
1571 1825 1634 1865 ea
1670 1809 2011 1881 receperint,

2129 1809 2341 1864 [Ιαύλου
2373 1812 2428 1864 αὶ
2467 1807 2813 1881 Ἐπιστολαὶ,
2845 1812 2931 1865 καὶ
2959 1814 3086 1886 παρ’
3117 1809 3280 1874 ἐνίοις
3308 1817 3419 1868 τῶν
3450 1811 3774 1869 ἀποστόλων

365 1920 493 1975 qua:
529 1903 870 1959 defectionis
899 1916 1012 1960 sue
1047 1901 1276 1958 insania
1310 1900 1547 1973 peperit.

2128 1899 2182 1953 αἱ
2231 1900 2484 1973 ΙΙράξεις,
2516 1901 2608 1954 καί
2663 1905 2772 1954 τῶν
2815 1898 3134 1957 Καθολικῶν
3182 1899 3300 1956 ὅσαι
3353 1903 3499 1978 παρὰ
3548 1904 3645 1967 τὰς
3681 1906 3782 1958 τοῦ

362 1988 668 2070 κορυφαίου
722 1992 1113 2064 τυγχάνουσιν.
1167 1990 1386 2044 Τούτων
1457 1986 1514 2043 δὲ
1577 1992 1684 2044 τῶν
1740 1989 1898 2061 ἱερῶν
1960 1986 2351 2043 ἀντιποιεῖσθαι
2420 1989 2856 2062 σχηματίζονται
2905 1987 3135 2064 λογίων,
3195 1990 3272 2053 ὡς
3330 1988 3388 2046 ἂν
3453 1985 3633 2068 ἔχοιεν
3665 1990 3772 2065 ῥᾳ-

359 2077 493 2141 δίῶς
540 2077 799 2149 ἐξαπατᾷν
856 2079 989 2140 τοὺς
1039 2078 1397 2152 νωθεστέρους
1453 2097 1512 2132 τε
1570 2076 1707 2151 πρὸς
1767 2073 2037 2131 εὐσέϐειαν
2093 2078 2184 2132 καὶ
2245 2076 2668 2152 ἀμαθεστέρους,
2719 2078 2794 2140 ὡς
2861 2080 2986 2152 παρ’
3051 2077 3216 2134 αὐτοῦ
3264 2085 3495 2156 Χριστου
3579 2078 3770 2150 εἷήσαν

367 2167 774 2243 παρειληφότες
805 2167 893 2221 καὶ
923 2168 1031 2222 τῶν
1061 2165 1225 2222 αὑτοῦ
1261 2170 1537 2240 μαθητῶν,
1570 2165 1603 2220 ἃ
1627 2172 1726 2236 τῆς
1765 2166 2093 2229 ἀποστασίας
2125 2166 2311 2229 αὐτοῖς
2342 2166 2592 2222 ἀπέτεκεν
2625 2170 2659 2237 ἡ
2691 2168 2940 2226 ἀπόνοια.

439 2257 665 2316 XV.llic
685 2258 882 2330 itaque
917 2259 1316 2329 Manes,tant:s
1345 2257 1684 2314 defectionis
1717 2259 2010 2330 princeps,

370 2364 525 2404 anno
583 2346 875 2402 Valeriani
926 2351 982 2402 et
1015 2347 1283 2414 Gallieni,
1325 2347 1520 2402 Romae
1571 2347 2013 2416 imperatorum,

366 2453 522 2493 nono
553 2451 581 2490 e
613 2437 880 2491 custodia
912 2437 1214 2491 Persarum
1245 2435 1476 2506 elapsos
1507 2435 1674 2504 (nihil
1722 2435 1878 2490 enim
1912 2438 2016 2490 im-

367 2524 755 2596 pedit,quomi
768 2543 799 2579 n
812 2541 878 2579 us
903 2541 971 2580 ea
987 2540 1557 2595 persequamur,quaz
1574 2540 1750 2594 supra
1766 2523 2014 2579 historias

373 2614 555 2670 series
588 2613 1002 2685 pratermisit),
1027 2618 1084 2668 et
1114 2612 1172 2667 in
1201 2613 1675 2684 Mesopotamiam
1704 2612 2014 2681 profectus,

372 2721 406 2760 a
436 2704 634 2760 divino
667 2703 969 2774 Archelao,
1001 2708 1202 2760 sancto
1242 2704 1384 2773 viro,
1418 2702 1517 2774 qui
1549 2707 1673 2758 tum
1702 2703 2016 2759 Carcharo-

382 2809 514 2848 rum
547 2793 604 2848 in
636 2808 704 2848 ea
734 2793 968 2863 regione
1002 2792 1208 2863 przesul
1242 2797 1387 2862 erat,
1438 2792 1636 2848 multis
1680 2794 2020 2864 magnisque

370 2881 947 2954 contraimpietatem
971 2897 1140 2938 suam
1171 2882 1536 2953 argumentis
1557 2880 1878 2954 exagitatus
1910 2885 2018 2936 est.

2194 2263 2294 2315 IE‘.
2328 2259 2384 2311 Ὀ
2446 2258 2542 2329 μὲν
2594 2256 2684 2312 οὖν
2747 2259 2938 2328 Μάνης
2989 2258 3144 2320 οὗτος
3185 2260 3214 2313 ὁ
3282 2264 3380 2328 τῆς
3427 2255 3764 2327 τηλικαύτης

2124 2345 2449 2406 ἀποστασίας
2527 2348 2635 2418 (16)
2691 2344 2957 2421 ἒξάρχων,
3010 2343 3114 2401 ἔτει
3171 2350 3281 2421 (17)
3337 2348 3436 2415 τῆς
3489 2343 3774 2420 βασιλείας

2125 2433 2328 2506 ἐννάτῳ
2387 2433 2754 2508 Ούαλεριανοῦ
2810 2437 2924 2509 (ί8)
2983 2435 3074 2490 καὶ
3125 2435 3418 2506 Γαλιηνοῦ,
3458 2433 3512 2489 οτί
3553 2436 3778 2508 Ῥώμης

2128 2525 2278 2598 εἶχον
2308 2525 2368 2578 τὸ
2411 2523 2688 2598 βασίλειον
2731 2525 2950 2599 κράτος,
2977 2527 3077 2595 τήν
3137 2524 3189 2579 ἐν
3242 2525 3472 2600 Πέρσαις
3521 2523 3773 2602 φυλακὴν

2129 2609 2406 2691 διαφυγὼν
2456 2611 2629 2684 (οὐδὲν
2689 2613 2788 2690 γὰρ
2847 2612 3052 2668 κωλύει
3098 2611 3349 2682 διελθεῖν,
3409 2613 3441 2668 ἂ
3495 2621 3594 2683 τῆς
3624 2615 3781 2668 ἰστο-

2131 2703 2248 2779 ρίας
2299 2705 2326 2757 ὁ
2368 2701 2572 2777 δρόμος
2612 2703 2888 2778 παρῆλθεν
2921 2703 3170 2778 ἄνωθεν),
3202 2706 3294 2759 καί
3337 2706 3474 2760 κατὰ
3513 2706 3782 2761 Μεσοπο-

2128 2791 2325 2865 ταμίαν
2369 2793 2628 2868 γεγονὼς,
2680 2793 2782 2847 ὑπὸ
2828 2797 2923 2847 τοῦ
2974 2796 3084 2866 (19)
3141 2794 3426 2849 θεσπεσίου
3467 2793 3782 2868 Ἀρχελάου

2133 2881 2458 2956 (Καρχάρων
2513 2881 2570 2937 δὲ
2607 2889 2705 2952 τῆς
2752 2883 2922 2952 αὐτῆς
2969 2884 3156 2958 χώρας
3195 2883 3351 2947 οὗτος
3401 2884 3429 2937 ὁ
3460 2883 3606 2957 ἱερὸς
3634 2882 3780 2958 ἀνὴρ

371 2971 559 3042 Atque
605 2971 740 3026 inde
786 2970 1079 3042 insperato
1127 2970 1387 3027 suffusus
1432 2971 1670 3042 pudore,
1742 2971 2015 3043 profugus

2129 2963 2322 3048 ἔφορος
2353 2969 2443 3044 ἦν)
2490 2969 2736 3033 πολλούς
2784 2973 2878 3045 μὲν
2919 2972 3010 3026 καὶ
3063 2970 3338 3047 μεγάλους
3373 2970 3639 3048 ἐλέγχους
3670 2975 3773 3038 τῆς

372 3059 684 3127 Dioridem,
737 3060 1155 3116 Carcharorum
1207 3061 1420 3130 vicum,
1478 3059 1677 3116 subit:
1711 3064 1886 3132 atque
1935 3059 2015 3114 ibi

375 3166 508 3206 cum
561 3149 870 3222 Tryphone
927 3151 1209 3222 quodam,
1267 3158 1501 3206 strenuo
1562 3154 1619 3206 et
1675 3166 1840 3206 sacro
1871 3150 2014 3218 viro,

369 3240 806 3312 presbyteratus
838 3241 1079 3310 gradum
1103 3239 1801 3312 obtinente,congressus,
1821 3255 2018 3311 parem

373 3329 559 3385 subiit
587 3345 790 3385 casum
825 3346 840 3397 ;
873 3329 990 3384 imo
1020 3329 1197 3384 etiam
1232 3329 1354 3400 ipse
1375 3328 1716 3397 Archelaus,
1750 3346 1884 3385 cum
1927 3346 2017 3386 se-

376 3423 679 3477 ductorem
711 3437 777 3476 eo
809 3435 871 3475 se
903 3422 1192 3490 recepisse
1225 3421 1668 3492 comperit,acer
1688 3423 1904 3492 quippe
1935 3424 2022 3478 vir

378 3515 522 3580 erat,
555 3517 611 3566 et
643 3510 734 3580 pio
766 3510 958 3565 studio
992 3511 1350 3572 movebatur,
1385 3510 1581 3565 statim
1628 3511 1687 3566 in
1736 3511 1920 3567 vicum
1958 3529 2021 3568 se

381 3599 662 3666 contulit;
696 3617 761 3654 ac
795 3605 1101 3671 postquam
1126 3601 1486 3655 seductorem
1511 3599 1673 3656 illum
1697 3600 1756 3656 in
1781 3618 2021 3672 magnas

379 3687 678 3760 augustius
708 3695 762 3743 et
791 3688 848 3742 in
888 3688 1190 3758 pudorem,
1225 3707 1258 3743 a
1306 3706 1420 3760 quo
1453 3688 1798 3757 declinabat,
1823 3692 2023 3761 conje-

382 3778 576 3848 cisset,
606 3793 670 3832 ac
712 3777 1064 3833 exsecranda
1093 3779 1218 3847 ejus
1250 3779 1518 3851 dogmata
1549 3778 1866 3847 evertisset,
1891 3796 2024 3836 con-

377 3867 763 3937 futassetque,
803 3867 1109 3936 virumque
1141 3867 1412 3923 omnibus
1443 3868 1829 3924 deridendum
1863 3869 2022 3926 dete-

377 3956 771 4027 standamque
793 3955 1184 4028 propinasset,
1209 3973 1337 4012 eum
1363 3958 1433 4014 ad
1462 3958 1654 4030 fugam
1689 3959 1879 4014 denuo
1903 3974 2025 4029 per-

377 4045 550 4118 pulit,
599 4043 660 4100 in
710 4060 823 4117 qua
874 4045 1028 4116 quod
1078 4050 1136 4102 et
1167 4045 1436 4116 diximus,
1471 4063 1504 4103 a
1548 4047 2023 4119 perquirentibus

2127 3055 2439 3122 δυσσεϐείας
2479 3061 2760 3135 ἀπῃτήθη.
2817 3063 3048 3118 Ἐκεῖθεν
3101 3059 3158 3116 δὲ
3206 3058 3296 3115 διὰ
3355 3063 3456 3132 τήν
3501 3059 3774 3131 ἀδόκητον

2126 3148 2391 3224 αἰσχύνην
2437 3147 2699 3223 ἀποδρὰς,
2733 3150 2810 3215 εἷς
2859 3147 3096 3226 Διωρίδα
3137 3153 3249 3223 (20)
3303 3152 3607 3228 Καρχάρων
3653 3152 3770 3205 κώ-

2131 3259 2237 3310 μην
2275 3235 2586 3295 ἀποδύεται.
2641 3239 2728 3294 Ἐν
2782 3237 2951 3312 ταύτῃ
2998 3242 3107 3313 (21)
3141 3237 3194 3294 δέ
3239 3239 3497 3317 Τρύφωνί
3528 3242 3636 3311 (22)
3662 3261 3774 3295 τινι

2129 3323 2428 3398 σπουδαίῳ,
2484 3329 2616 3401 ἱερῷ
2675 3328 2771 3400 μὶν
2829 3326 3007 3403 ἀνδρὶ,
3037 3329 3127 3382 τὸν
3173 3325 3230 3382 δὲ
3257 3332 3355 3384 τοῦ
3403 3324 3772 3403 πρεσϐυτέρου

2129 3415 2366 3474 διέποντι
2412 3419 2621 3493 βαθμὸν
2655 3418 2919 3495 ἐντυχὼν,
2950 3420 3016 3473 τὰ
3050 3416 3139 3473 ἴσα
3179 3420 3404 3490 ὑπέστη.
3441 3419 3594 3488 ΙΙλὴν
3623 3418 3776 3474 ἀλλὰ

2127 3507 2218 3561 καὶ
2276 3505 2434 3569 αὐτός
2491 3528 2553 3582 γε
2611 3509 2638 3562 ὁ
2685 3507 2991 3586 Ἀρχέλαος
3041 3510 3142 3577 τήν
3190 3507 3360 3565 ἐκεῖσε
3424 3506 3772 3583 παρείσδυσιν

2128 3600 2224 3651 τοῦ
2273 3595 2480 3650 πλάνου
2534 3597 2715 3670 μαθὼν
2780 3597 2926 3668 (ὀξὺς
2978 3597 3079 3672 γὰρ
3139 3598 3208 3667 ἦν
3273 3598 3358 3652 καί
3414 3596 3609 3669 θερμὸς
3671 3599 3770 3651 τὸν

2130 3681 2320 3755 εὐσεϐῆ
2357 3683 2578 3756 ζῆλον),
2609 3682 3016 3759 καταλαμϐάνει
3049 3688 3111 3741 τὸ
3140 3685 3379 3762 γχωρίον,
3410 3686 3497 3739 καὶ
3545 3682 3768 3753 πολλῆς

2129 3773 2439 3848 ἐμπλήσας,
2497 3777 2588 3831 τὸν
2648 3775 2853 3831 πλάνον
2901 3776 3243 3851 ἀμηχανίας,
3300 3775 3388 3831 καὶ
3443 3775 3506 3844 ἣν
3551 3770 3767 3850 ἔφευγεν

2131 3865 2418 3941 αἰσχύνης,
2461 3867 2546 3929 οἷς
2599 3865 2762 3921 αὐτοῦ
2799 3867 2866 3921 τα
2927 3867 3138 3940 μυσαρὰ
3187 3870 3295 3921 τῶν
3353 3862 3633 3938 δογμάτων
3677 3862 3776 3920 ἀν-

2130 3957 2318 4031 έτρεπέ
2372 3977 2428 4011 τε
2471 3957 2560 4013 καὶ
2619 3956 2957 4027 ἀνεσκεύαζε,
3015 3957 3108 4011 καὶ
3159 3953 3439 4032 προὺτίθει
3493 3958 3623 4009 πᾶσι
3677 3955 3776 4030 γέ-

2128 4045 2281 4101 λωτά
2310 4066 2368 4102 τε
2398 4047 2505 4120 ,καὶ
2557 4043 2861 4123 βδέλυγμα,
2901 4046 3285 4120 ααρασκευάζει
3343 4043 3508 4100 πάλιν
3563 4041 3775 4122 φαγάδα

1545 4283 1780 4340 VARUS
1821 4283 2211 4344 LECTIONES
2251 4285 2343 4341 ET
2382 4284 2616 4342 ΝΟΤιΕ.

445 4481 578 4558 (ᾧ)Δ
617 4478 694 4558 ot
754 4479 1059 4558 στέγοντας.
1121 4483 1351 4558 Noster~
1398 4479 1540 4558 legit
1584 4480 1679 4558 _o:’)
1725 4557 1728 4558 ν
1783 4480 2015 4558 στέργονι

2133 4487 2378 4558 uterque
2434 4486 2753 4558 mendose:
2824 4487 3151 4558 rectissime
3217 4485 3540 4558 Zacagnius
3584 4480 3780 4542 Photii

374 4573 489 4614 τας.
525 4553 720 4608 Malim
748 4553 879 4611 vero
911 4555 1077 4622 illud,
1110 4554 1289 4610 menti
1319 4554 1630 4623 Scriptoris
1674 4557 1738 4608 ut
1766 4553 2019 4620 videtur,

375 4626 836 4682 convenientius.
870 4627 1047 4682 Haasit
1076 4629 1219 4682 forte
1276 4627 1332 4680 in
1384 4625 1605 4680 librarii
1641 4626 1921 4682 memoria
1956 4626 2018 4680 τὸ

374 4695 624 4768 στέργειν
641 4698 900 4768 proxime
931 4700 1302 4754 antecedens.

443 4767 556 4837 (l6)
617 4767 974 4830 ’Ᾱποστασίας
1042 4768 1308 4843 ἐξάρχων.
1361 4772 1446 4843 I_ta
1498 4769 1676 4843 malui
1737 4785 1864 4843 cum
1909 4787 2016 4826 no-

372 4841 509 4904 stro,
545 4856 716 4916 quam
767 4858 916 4916 c_um_
959 4839 1312 4898 Coiin'n'i'ano
1341 4839 2014 4916 κάποστάσεωίέξαρχοςη

371 4913 640 4986 quamvis
663 4914 817 4986 quod
849 4914 922 4968 ad
956 4931 1196 4986 sensum
1231 4914 1376 4969 nihil
1426 4915 1670 4970 intersit.
1690 4913 2014 4986 Zaca’guius

371 4998 436 5038 ex
455 4997 573 5059 suo
596 4982 770 5059 liabet
797 4984 1123 5059 ἀποστασίας
1169 4983 1418 5059 ἔξαρχος.

444 5053 557 5125 (17)
599 5053 765 5110 Ἔτει.
803 5057 887 5111 lta
927 5074 1057 5112 cum
1090 5053 1414 5127 nostro'pro
1446 5056 1556 5126 ἐπί,
1590 5058 1745 5128 quod
1780 5056 1849 5112 ad
1882 5071 2015 5128 sen-

377 5139 512 5200 _s_t_tm_
538 5140 686 5200 gpus
719 5143 842 5200 non,
887 5137 996 5197 est,
1029 5146 1161 5184 cum
1195 5129 1449 5185 vicissim
1482 5133 1562 5199 τῷ
1593 5127 1794 5200 ἔννάτῳ
1855 5127 2015 5199 prius

369 5189 658 5277 illudmé'ret.
687 5199 958 5277 requirat.
985 5189 1070 5277 ita
1101 5209 1154 5256 et
1175 5201 1313 5272 legit
1341 5189 1667 5277 chqgriius.

441 5267 560 5342 (18)
591 5265 978 5342 Ούαλεριανοῦ.
1016 5274 1100 5328 Ita
1158 5265 1312 5327 recte
1370 5265 1786 5337 Coislinianus,
1820 5274 2014 5327 noster

370 5337 549 5421 habet
595 5337 1072 5421 _O_'.’m)t_e'vrt_vmoﬁ_
1101 5345 1413 5421 mendose:
1449 5360 1584 5399 nam
1619 5344 1896 5421 temporis
1920 5359 2013 5397 ra-

367 5413 559 5486 tiones
593 5413 646 5466 id
682 5416 1001 5484 refugiunt.
1035 5415 1335 5471 Gonsentit
1365 5432 1496 5471 cum
1542 5413 2014 5486 proba’lectione

364 5481 591 5558 Petrus,
620 5501 671 5552 p.
695 5486 784 5558 36,
809 5481 866 5539 et
885 5487 943 5540 in
971 5489 1268 5543 referendo
1299 5487 1490 5541 Photii
1523 5481 1648 5542 loco
1668 5487 2010 5558 Zacagnius.

437 5554 554 5628 (19)
602 5555 741 5628 ,Ὑπὸ
782 5558 917 5628 τοῦ.
970 5560 1180 5614 Inserit
1237 5558 1331 5614 hic
1386 5560 1692 5628 Zacagnius
1749 5554 1841 5624 δεῖ
1861 5560 2012 5628 quod

363 5627 646 5701 orationis
679 5626 861 5701 series
885 5645 1013 5701 (non
1043 5630 1305 5701 requirit.

440 5697 557 5775 (20)
587 5694 846 5773 Διωρίδα.
881 5700 965 5758 Ita
1012 5694 1428 5772 Coislinianus,
1458 5705 1515 5758 at
1552 5707 1749 5758 noster
1777 5694 2008 5777 Δωρίδα·

2133 4554 2298 4631 hunc
2321 4558 2509 4631 locum
2569 4557 2838 4631 recitatis,
2892 4554 3218 4631 Διοδωρίδα,
3252 4554 3430 4630 quain
3465 4558 3776 4631 lectionem

2130 4628 2294 4684 l'ulcit
2322 4629 2700 4699 Epiphanius,
2725 4701 2730 4702 γ
2753 4630 2954 4702 hzeres.
2987 4628 3082 4697 66,
3121 4648 3178 4686 n.
3211 4628 3294 4702 n';
3319 4636 3376 4685 et
3406 4630 3504 4702 qui
3535 4630 3604 4702 ad
3633 4644 3771 4684 eum

2126 4709 2413 4782 provocat,
2451 4704 2654 4756 Petrus
2679 4701 3010 4782 Siculust.
3033 4701 3249 4782 36,_ubi
3273 4700 3471 4782 tamen
3499 4700 3770 4782 utrinque

2123 4768 2526 4845 in_scriptione
2561 4789 2660 4842 per
2691 4768 2978 4845 Διοδορίδᾶ
2995 4768 3242 4845 erratur.
3278 4775 3470 4844 Pagus
3503 4772 3649 4845 enim
3673 4768 3771 4826 hic

2125 4859 2156 4916 a
2188 4842 2435 4916 Diodoro
2486 4847 2758 4913 quodam,
2791 4842 2958 4915 quasi
2990 4844 3227 4900 Diodori
3258 4842 3417 4900 vicus
3444 4842 3772 4916 appellatus

2123 4914 2252 4980 fuit,
2287 4915 2440 4984 quod
2475 4917 2616 4970 Acta
2639 4914 2918 4980 Archelai,
2946 4917 3109 4988 p.68,
3138 4914 3772 4988 indicanthisverhis:

2125 5007 2152 5058 ς(
2173 4989 2366 5058 Manes
2380 4991 2573 5058 autem
2604 4988 2830 5057 fugiens
2853 4989 3085 5042 advenit
3117 4989 3186 5043 ad
3209 4987 3532 5058 quemdam,
3551 4987 3773 5058 vicum,

2121 5056 2291 5130 longe
2323 5057 2394 5130 ab
2421 5057 2561 5130 urbe
2594 5056 2868 5130 positum,
2903 5061 3004 5130 qui
3037 5056 3442 5130 appellabatur
3478 5057 3772 5130 Diodori.»

2192 5129 2300 5199 (21)
2335 5127 2418 5180 ’Ev
2451 5126 2643 5199 ταύτη.
2691 5129 2777 5184 Ita
2823 5126 2974 5185 malo
3005 5126 3141 5186 cum
3199 5138 3396 5185 nostro
3443 5135 3501 5186 et
3548 5128 3780 5186 Cotber-

2119 5199 2409 5325 tZino,pro
2456 5198 2679 5254 ἐνθαυτα
2741 5200 3103 5258 Coisliniani.
3155 5202 3531 5272 Astipulatur
3599 5199 3779 5256 nobis

2164 5287 2460 5325 acaanius.

2164 5287 2460 5327 ιιοξιιιωυε.

2668 5345 2757 5400 Ita
2812 5349 2868 5400 et
2919 5343 3308 5424 Epiphanius,
3333 5342 3371 5398 l.
3406 5360 3482 5424 οε,
3513 5346 3572 5398 et
3601 5357 3669 5424 en
3709 5357 3782 5424 eo

2119 5413 2327 5469 Petrus
2357 5413 2591 5470 Siculus
2617 5424 2838 5482 vocant,
2867 5413 3062 5472 minus
3086 5415 3313 5482 recte,si
3342 5413 3616 5471 audimus
3638 5417 3788 5470 Acta

2123 5485 2410 5551 Archelai,
2446 5487 2565 5553 ubi,
2603 5504 2659 5558 p.
2693 5487 2785 5554 68,
2823 5487 3134 5558 aliquoties
3165 5487 3402 5543 Diodori
3430 5487 3789 5558 nomineqvo—

2119 5563 2306 5632 catur,
2341 5564 2400 5632 et_
2447 5559 2576 5632 ipsa
2603 5555 2862 5632 'quoque
2895 5555 3128 5616 Diodori
3161 5558 3424 5632 episcopi
3455 5559 3526 5614 ad
3554 5555 3788 5632 Arche-

2118 5626 2276 5758 {illim
2315 5626 2560 5699 epistola
2594 5626 2724 5686 cum
2761 5626 2938 5702 hujus
2974 5633 3046 5688 ad
3077 5626 3603 5704 eam-responsoria
3625 5627 3790 5686 exhi-

2161 5716 2188 5758 e
2222 5717 2307 5758 ur.

2161 5716 2307 5758 Bllll‘.
