4074 6208
402 390 480 448 47
1606 379 1872 443 PHOTII
1913 380 2055 442 PA'I

2172 379 2441 442 ARCHIE
2483 383 2600 444 ΟΡ.
3725 387 3806 445 48

399 525 516 578 tem
549 521 966 595 opportuniora
1013 524 1071 578 et
1114 520 1454 592 perfectiora
1497 523 1685 587 erant,
1738 519 1938 576 fovens
1986 525 2041 574 et

2172 514 2391 592 τηφόρον
2447 515 2530 570 ἱὸν
2589 517 2699 570 τῶν
2765 511 3122 586 δηλητηρίων
3199 513 3367 569 αὑτοῦ
3454 512 3814 590 δοξασμάτων

398 611 777 683 amplectens,
800 610 1018 666 nullam
1044 628 1158 666 non
1184 610 1512 666 machinam
1538 612 1595 664 et
1609 609 2042 665 contentionem

399 701 735 766 adhibebat,
769 709 831 755 ut
861 716 959 755 eas
1005 699 1324 755 Dominicis
1356 698 1820 770 apostolocisque
1869 697 2041 754 dictis

395 788 714 858 subjiceret
745 789 1178 859 adaptaretque.
1225 787 1516 843 Valentini
1566 793 1758 842 autem
1809 792 2046 858 porten-

395 884 584 934 tosam
616 878 686 932 de
715 877 956 948 triginta
986 877 1245 932 eeonibus
1275 880 1330 932 et
1359 876 1469 932 diis
1491 877 1916 943 doctrinam,et
1937 877 2047 931 Cu-

395 969 542 1026 briei
573 967 1023 1025 abominandam
1047 968 1118 1021 de
1145 965 1335 1036 pluvia
1357 966 1632 1034 fabulam,
1660 966 2047 1037 Basilidisque

398 1060 598 1117 sordes
617 1063 670 1115 et
695 1058 981 1123 lascivias,
1005 1072 1109 1113 nec
1137 1075 1250 1113 non
1275 1057 1545 1129 putidum
1571 1058 1846 1129 quodque
1877 1056 2046 1112 simi-

396 1150 545 1206 lium
577 1148 883 1205 hominum
917 1163 1167 1213 cceuum,
1200 1163 1363 1218 aeque
1393 1146 1746 1202 conﬁdenter
1775 1149 1831 1202 et
1853 1145 2043 1218 palam

398 1239 869 1310 amplectebatur,
944 1253 1132 1310 neque
1193 1237 1516 1292 secundum
1576 1235 1930 1292 sententiam
1987 1238 2047 1290 et

396 1326 825 1400 mystagogiam
859 1342 1020 1382 suam
1072 1325 1394 1396 rejiciebat,
1446 1326 1549 1381 sed
1597 1325 1754 1381 velut
1805 1325 2045 1396 quidam

397 1433 599 1474 recens
657 1431 962 1488 novusque
1019 1414 1332 1486 legislator,
1381 1431 1450 1471 ex
1506 1413 1808 1471 meretrice
1864 1418 1922 1470 et
1979 1429 2049 1469 ex

393 1506 552 1563 varie
582 1505 887 1562 commista
917 1504 1214 1576 impietate
1244 1506 1514 1574 dogmata
1530 1503 1796 1575 gignens,
1822 1505 2049 1575 aposta-

393 1597 492 1652 siaa
525 1595 642 1651 dux
671 1599 728 1650 et
760 1593 1140 1666 praefectusin
1164 1597 1481 1650 extremam
1514 1592 2046 1664 obtemperantium

394 1685 712 1758 perniciem
747 1684 1096 1741 declaratur.
1131 1683 1520 1748 Quamobrem
1557 1681 1817 1738 hodierni
1859 1680 2045 1737 Mani-

395 1776 559 1844 chai,
593 1779 659 1830 ut
688 1773 958 1845 superius
980 1772 1122 1841 dixi,
1144 1773 1545 1846 Scytbianum,
1581 1772 1802 1828 Budem
1833 1775 1889 1828 et
1931 1773 2045 1826 Ma-

2152 602 2456 679 ἐγκεράσαι.
2505 603 2667 662 Ἀλλ’
2715 603 3094 676 ἀποπέμπεταί
3148 604 3266 676 μὲν,
3336 601 3522 678 ὥσπερ
3570 606 3810 681 εἴρηται,

2151 695 2401 772 σχήματι
2466 695 2613 767 μόνῳ
2669 694 2756 748 καὶ
2813 692 3094 765 πλάσματι
3163 695 3262 756 τὰς
3319 697 3426 748 τῶν
3483 695 3808 770 Μανιχαίων

2160 779 2412 859 βίϐλους,
2454 785 2547 840 ἅτε
2578 781 2644 852 δὴ
2688 783 2778 838 καί
2818 784 2958 858 ὁρῶν
3003 785 3133 846 τοὺς
3180 787 3287 838 τῶν
3337 789 3681 858 Χριστιανῶν
3726 786 3810 840 νό-

2161 894 2294 945 μους
2352 872 2501 943 τοὺς,
2564 873 2680 929 ὅσοι
2741 871 3041 948 κέχρηνται
3095 877 3215 935 ταῖς
3286 879 3386 943 τῆς
3481 875 3811 936 ἆποστασίας

2162 959 2402 1037 βιϐλοις,
2435 967 2514 1034 τῷ
2546 963 2686 1038 ξίφει
2718 959 3113 1037 παραδιδόντας
3163 965 3276 1036 (31)
3320 963 3409 1018 καὶ
3461 963 3626 1025 αὐτὰς
3671 963 3807 1019 ἐκεί-

2155 1071 2246 1113 νας
2277 1052 2446 1125 πυρὸς
2480 1049 2719 1121 δαπάνην
2751 1054 2864 1124 (32)
2911 1048 3298 1124 ποιουμένους.
3350 1053 3428 1108 Τά
3479 1052 3663 1125 μέντοι
3702 1057 3803 1108 τῶν

2157 1137 2506 1214 δοξασμάτων
2551 1139 2934 1215 ἐπικαιρότατα
2974 1140 3064 1194 καὶ
3101 1138 3311 1211 τέλεια,
3364 1141 3500 1215 πρὸς
3561 1136 3807 1196 ἀσέϐειαν

2153 1229 2507 1304 περιθάλπων
2553 1250 2612 1284 τε
2653 1231 2745 1284 καὶ
2801 1228 3325 1302 περιπτυσσόμενος,
3385 1236 3505 1292 τοῖς
3551 1238 3812 1286 Δεσποτι-

2155 1324 2273 1380 κοῖς
2313 1321 2399 1374 καὶ
2433 1318 2826 1382 ἀποστολικοῖς
2875 1313 3209 1374 ὑποϐάλλειν
3255 1339 3312 1374 τε
3359 1319 3450 1374 καὶ
3501 1321 3809 1376 ὑποτιθέναι

2158 1406 2420 1483 ῥήμασιν,
2493 1410 2750 1485 μηχανήν
2805 1412 2978 1464 πᾶσαν
3038 1407 3128 1463 καί
3179 1409 3360 1485 ἀγῶνα
3418 1408 3648 1467 ἐτίθετο.
3707 1411 3811 1474 Τὰς

2157 1494 2214 1552 δέ
2243 1518 2303 1573 γε
2333 1496 2698 1554 Οὐαλεντίνου
2741 1497 3133 1574 τερατολογίας
3177 1499 3284 1552 τῶν
3336 1498 3634 1574 τριάκοντα
3686 1500 3813 1556 αἰώ-

2153 1607 2262 1643 νων
2319 1586 2407 1641 καὶ
2467 1588 2603 1642 θεῶν
2665 1586 2758 1643 καὶ
2822 1589 2924 1657 τήν
2980 1590 3076 1642 τοῦ
3133 1583 3438 1658 Κουϐρίκου
3517 1591 3643 1664 περί
3719 1594 3811 1646 τοῦ

2161 1677 2317 1732 ὑετοῦ
2367 1678 2479 1751 (33)
2524 1674 2828 1751 βδελυκτῆν
2875 1676 3228 1750 μυθοποιίαν,
3281 1677 3610 1736 Βασιλείδόυ
3655 1701 3714 1734 τε
3748 1681 3810 1735 τὰ

2160 1766 2438 1838 μιάσματα
2477 1766 2566 1820 καὶ
2611 1767 2709 1826 τὰς
2755 1766 3058 1840 ἀσελγείας,
3107 1767 3197 1822 καὶ
3247 1773 3356 1823 τῶν
3410 1769 3812 1844 παραπλησίων

396 1870 588 1922 netem
619 1863 864 1920 libenter
904 1863 1272 1919 anathemate
1318 1862 1552 1930 feriunt,
1605 1861 2046 1918 Constantinum

2172 1855 2246 1910 τὸν
2283 1851 2499 1925 δυσώδη
2548 1850 2840 1928 βόρϐορον,
2896 1853 3021 1910 οὔτε
3059 1857 3151 1910 σὺν
3192 1854 3472 1930 παρρησίᾳ
3515 1859 3809 1928 ἠσπάζετο,

398 1971 528 2010 vero
558 1955 810 2009 maxime
839 1952 1135 2009 celebrant
1164 1956 1222 2007 et
1249 1951 1486 2020 colunt;
1531 1952 1771 2021 ejusque
1820 1966 2051 2006 succes-

397 2060 554 2100 sores
576 2058 746 2116 pares
778 2041 1060 2114 apostolis
1087 2041 1322 2109 Christi,
1373 2057 1444 2097 ne
1488 2040 1627 2112 quid
1671 2038 1922 2111 amplius
1955 2039 2046 2095 di-

398 2146 526 2187 cam
559 2129 894 2200 praedicant.

2161 1940 2282 1998 οὕτε
2339 1943 2477 1999 κατά
2527 1945 2756 2020 γνώμην
2822 1943 2911 1999 καὶ
2982 1945 3358 2021 μυσταγωγίαν
3424 1946 3808 2026 ἀπεστρέφετο.

2157 2032 2312 2088 Ἀλλ’
2370 2033 2478 2087 οἶά⁵
2515 2055 2599 2097 τις
2653 2033 2965 2110 πρόσφατος
3019 2033 3112 2089 καὶ
3169 2036 3355 2096 καινὸς
3399 2035 3699 2108 νομοθέτης
3747 2035 3807 2090 ἐκ

2155 2122 2366 2197 πόρνης
2420 2143 2479 2178 τε
2523 2121 2614 2177 καὶ
2665 2121 3026 2178 πολυπλόκου
3075 2119 3382 2187 δυσσεϐείας
3427 2123 3671 2199 δόγματα
3714 2146 3798 2180 τεο

393 2217 529 2286 κὼν,
583 2216 916 2280 ἀποστασίας
966 2213 1170 2290 ὁδηγὸς
1226 2215 1316 2272 καὶ
1374 2212 1687 2292 προστᾶτης
1737 2219 1855 2278 τοῖς
1904 2213 2248 2286 πειθομένοις
2319 2211 2557 2287 ἐσχάτης
2613 2211 2890 2274 ἀπωλείας
2943 2209 3335 2271 ἀναδείκνυται.
3391 2216 3540 2269 Ὅθεν
3599 2215 3652 2270 οἱ
3707 2219 3805 2269 νῦν

394 2313 503 2364 τῶν
545 2305 865 2382 Μανιχαίων
911 2303 1123 2377 παῖδες,
1171 2307 1244 2366 ὡς
1290 2305 1381 2360 καὶ
1437 2305 1563 2377 πρὶν
1621 2298 1786 2381 ἔφθην
1848 2303 2041 2372 εἰπὼν,
2098 2301 2394 2356 Σκυθιανὸν
2458 2300 2554 2373 μὲν
2610 2300 2699 2355 καὶ
2759 2298 2990 2371 Βούδην,
3047 2301 3135 2356 καὶ
3196 2303 3443 2360 Μάνεντα
3506 2303 3814 2377 προθύμως

396 2401 478 2470 τῷ
537 2396 832 2469 ἆναθέματι
883 2396 1216 2467 πέμπουσιν,
1278 2397 1678 2449 Κωνσταντῖνον
1728 2389 1785 2446 δὶ
1848 2391 1923 2454 εἷς
1974 2392 2042 2446 τὰ
2101 2388 2337 2463 μάλιστα
2403 2390 2674 2458 θειάζουσί
2749 2411 2806 2445 τε
2871 2389 2960 2445 καὶ
3036 2389 3376 2464 περιέπουσι·
3441 2391 3532 2446 καὶ
3600 2389 3670 2461 δή
3723 2394 3813 2448 καὶ

398 2487 526 2546 τοὺς
563 2486 678 2558 μετ’
708 2485 868 2538 αὑτὸν
906 2479 1324 2558 ἀναδειχθέντας
1357 2479 1677 2556 διαδόχους,
1710 2480 1799 2536 ἴσα
1829 2482 1919 2536 καὶ
1951 2483 2184 2555 Χριστοῦ
2217 2478 2584 2553 γεραίρουσιν,
2613 2480 2700 2534 ἳνα
2735 2481 2810 2552 μή
2845 2478 3011 2535 πλέον
3053 2479 3213 2551 εἷ’πω,
3245 2481 3598 2545 ἀποστόλοις.

471 2577 654 2632 XVII.
689 2575 792 2630 Hic
824 2591 995 2646 porro
1035 2574 1475 2642 Constantinus,
1509 2573 1610 2644 qui
1658 2577 1714 2629 et
1760 2573 2052 2636 Silvanus,

402 2663 641 2722 mutatis
673 2663 935 2732 sedibus,
980 2662 1276 2718 Mananali
1315 2662 1612 2718 Cibossam
1663 2663 1954 2733 profectus
1999 2662 2055 2733 (ο

403 2753 643 2825 impiam
695 2751 976 2819 animam,
1027 2760 1399 2822 menlemque
1466 2751 1839 2823 impudentiaa
1885 2756 2056 2822 atque

407 2841 704 2900 mendacio
737 2840 986 2896 deditam
1007 2841 1048 2912 ἰ)
1073 2856 1134 2896 se
1165 2840 1466 2897 Silvanum
1499 2857 1628 2896 esse
1650 2841 1879 2897 dicebat
1899 2857 2054 2909 eum,

407 2947 579 3004 quem
615 2929 795 2986 divini
830 2929 993 2984 Pauli
1025 2928 1293 3000 Epistolas
1339 2933 1686 2986 memorant.
1729 2930 1875 2995 Quid
1923 2946 2056 2986 vero

410 3022 636 3078 dicetur
664 3023 826 3076 tanta
857 3018 1084 3074 insania
1115 3018 1358 3091 dignum
1381 3019 1409 3072 ?
1440 3018 1504 3074 In
1537 3023 1815 3090 quantam
1848 3019 2056 3075 absur-

410 3109 652 3166 ditatem
685 3107 1002 3180 delapsus;
1053 3111 1270 3179 quanto
1312 3107 1536 3179 pudore
1577 3108 1878 3164 convictus
1929 3125 2057 3180 per-

2237 2570 2333 2625 lZ'.
2363 2567 2521 2624 Ἀλλ’
2552 2570 2710 2630 οὗτος
2750 2571 2778 2624 ὁ
2803 2568 2862 2624 ἐκ
2903 2571 3312 2626 Κωνσταντίνου
3361 2571 3668 2634 Σιλουανὸς
3703 2575 3816 2648 (34)

2165 2657 2243 2719 είς
2323 2653 2605 2714 Κίϐωσσαν
2665 2659 2771 2713 ἀπὸ
2837 2659 3140 2722 Μανάλεως
3408 2659 3688 2736 μετελθὼν
3750 2661 3815 2735 (ὢ

2165 2749 2351 2821 ψυχῆς
2407 2747 2566 2801 ἀθέου
2624 2755 2714 2802 καί
2773 2747 3004 2824 γνώμης
3071 2755 3243 2803 πᾶσαν
3299 2748 3692 2825 ἀναισχυντίαν
3729 2751 3815 2806 καὶ

2166 2834 2362 2909 ψεῦδος
2397 2832 2565 2909 μηδὲν
2595 2836 2906 2913 ἡγουμένης
2933 2840 2994 2911 ί),
3039 2838 3225 2894 ἑαυτὸν
3258 2841 3373 2913 (36)
3423 2838 3608 2916 ἔλεγεν
3661 2843 3815 2911 εἶναι,

2167 2925 2226 2978 δν
2282 2925 2335 2978 αἱ
2389 2927 2485 2978 τοῦ
2543 2925 2825 2980 θεσπεσίου
2884 2923 3104 2980 Παύλου
3162 2929 3279 2998 (37)
3344 2926 3675 2985 Ἐπιστολαὶ
3733 2929 3816 2985 ἐπὶ

2172 3013 2400 3086 μνήμης
2429 3011 2652 3089 φέρουσι
2688 3013 3007 3070 Σιλουανόν.
3045 3015 3142 3072 Καὶ
3171 3015 3224 3070 τί
3255 3018 3313 3070 ἄν
3351 3038 3434 3079 τις
3486 3015 3635 3073 εἷ’ποι
3687 3018 3817 3094 πρὸς

2165 3102 2433 3174 τοσαύτην
2481 3099 2931 3179 ἐμϐροντησίανς
2996 3105 3071 3169 εἷς
3138 3112 3295 3162 ποῖον
3357 3105 3416 3162 δὲ
3469 3106 3675 3164 ἄτοπον
3724 3109 3818 3166 άπ-

413 3197 689 3253 t'undelur
718 3195 790 3267 is,
817 3195 917 3266 qui
958 3195 1032 3251 ab
1061 3195 1190 3267 ipso
1221 3194 1506 3266 principio
1536 3211 1639 3266 per
1689 3196 2055 3252 manifestam

2172 3193 2453 3266 ενεχθέντα
2506 3195 2616 3266 (38)
2672 3213 2756 3257 τις
2806 3191 3229 3268 ἐπιδειξάμενος,
3304 3196 3668 3271 αἰσχυνθῆναι
3727 3219 3822 3253 πα-

411 3289 675 3344 fraudem
701 3290 760 3341 et
788 3285 1073 3340 insaniam
1097 3300 1476 3356 prorumpere
1507 3300 1620 3341 non
1653 3286 1931 3342 erubuit?
1958 3288 2062 3342 At-

412 3383 635 3442 tamen,
667 3374 804 3430 licet
833 3375 913 3428 ita
943 3374 1256 3445 conspicue
1298 3378 1563 3444 portenta
1610 3375 1967 3446 confingeret
1997 3391 2061 3430 ac

415 3465 781 3533 mentiretur,
824 3479 939 3518 non
986 3463 1240 3528 defuere,
1289 3462 1389 3532 qui
1439 3464 1568 3533 ejus
1617 3464 1786 3519 dictis
1835 3463 2059 3535 pellecti

415 3553 530 3626 ipsi
589 3554 1084 3622 obtemperarent.
1146 3550 1211 3604 Et
1267 3549 1364 3605 ille
1415 3550 1652 3620 quidem
1714 3551 2059 3609 Macedonas

417 3642 660 3700 vocabat
693 3639 1010 3710 discipulos
1045 3655 1206 3708 suos,
1259 3654 1457 3708 seque,
1519 3645 1576 3693 ut
1615 3655 1792 3710 supra
1837 3641 2055 3698 dictum

415 3735 522 3799 est,
556 3729 882 3796 Silvanum,
915 3745 1094 3800 seque
1122 3746 1154 3783 a
1185 3726 1378 3783 divino
1408 3725 1587 3783 Paulo
1622 3729 1870 3784 missum
1896 3731 2057 3801 jacti-

416 3820 594 3888 tabat,
628 3819 859 3890 aliaque
898 3817 1119 3873 similia
1156 3815 1338 3872 multa
1377 3816 1694 3873 eliutiebat.
1741 3820 1848 3874 Sed
1895 3825 2054 3891 post-

418 3925 594 3982 quam
629 3913 957 3964 monstrum
1009 3905 1151 3960 illud
1200 3905 1533 3962 seducendo
1588 3907 1799 3979 populo
1852 3915 2056 3965 natum

415 3998 621 4071 viginti
649 4001 871 4069 septem
905 4011 1089 4052 annos
1121 3996 1177 4051 in
1208 3995 1383 4052 dictis
1423 3995 1566 4053 locis
1611 4004 1923 4070 manserat,
1974 3999 2061 4056 in-

415 4089 793 4158 colarumque
818 4085 1035 4142 multos
1066 4085 1123 4140 in
1155 4087 1414 4142 eamdem
1437 4090 1691 4143 traxerat
1720 4089 2057 4159 perniciem,

413 4178 475 4234 in
516 4176 817 4247 impietate
849 4175 1242 4246 deprehensus
1273 4191 1402 4242 sua,
1434 4191 1568 4230 cum
1594 4177 1751 4244 jactu
1799 4178 2054 4248 lapidum

416 4281 616 4337 pcenas
637 4263 912 4328 dedisset,
937 4262 994 4316 in
1013 4262 1307 4317 infernum
1334 4260 1636 4332 ingressus
1654 4267 1759 4317 est.
1785 4263 1866 4318 Re
1896 4281 2056 4319 com-

2174 3282 2487 3356 ρασκευάσει
2518 3283 2614 3350 τήν
2658 3283 2748 3337 ἀπ’
2788 3283 2954 3352 αὐτῆς
3000 3283 3181 3359 ἀρχῆς
3236 3284 3380 3341 οὕτω
3432 3283 3521 3340 διὰ
3568 3288 3822 3363 καταφώ-

2173 3391 2269 3446 ρου
2335 3368 2551 3441 κλοπῆς
2617 3373 2707 3426 καὶ
2773 3370 3200 3450 φρενοϐλαϐείας
3270 3375 3369 3430 οὐκ
3431 3375 3820 3451 ἐρυθριάσαντα

2169 3460 2497 3534 προελθεῖν;
2549 3461 2700 3529 Πλὴν
2750 3461 2879 3518 ἀλλ’
2912 3462 3054 3518 οὕτω
3099 3470 3407 3540 περιφανῶς
3460 3467 3820 3541 τερατευόμε-

2168 3570 2257 3610 νος
2297 3551 2386 3604 καὶ
2443 3547 2819 3627 ψευδολογῶν,
2879 3572 3048 3625 ευρεν,
3108 3552 3199 3615 οὓς
3251 3553 3490 3624 εἷ’λκυσε,
3544 3556 3814 3610 πείθεσθαι

2170 3639 2339 3710 αύτῷ,
2395 3639 2491 3692 Καὶ
2541 3638 2848 3703 Μακεδόνας
2891 3642 2986 3715 μὲν
3047 3641 3228 3698 ἐκάλει
3278 3644 3404 3706 τοὺς
3460 3647 3559 3713 τῆς
3604 3645 3811 3714 ἀπάτης

2172 3727 2440 3800 μαθητάς,
2505 3729 2693 3783 ἑαυτὸν
2762 3727 2840 3798 δὶ,
2909 3730 2983 3793 ὡς
3059 3731 3406 3807 προείρηται,
3491 3731 3801 3788 Σιλουανόν·

2168 3817 2500 3872 ἀπεστάλθαι
2549 3839 2607 3874 τε
2659 3820 2805 3894 παρὰ
2858 3824 2955 3874 τοῦ
3024 3821 3305 3877 θεσπεσίου
3387 3821 3602 3877 Παύλου
3670 3822 3805 3896 πρὸς

2169 3907 2388 3977 αὐτοὺς,
2427 3907 2734 3964 καὶπολλὰ
2759 3912 2983 3964 τοιαῦτα
3033 3909 3181 3965 ἄλλα
3229 3909 3586 3986 διερῥαψῴδει
3615 3933 3672 3966 τε
3719 3912 3810 3966 καὶ

2170 3996 2546 4055 συνέπλαττεν.
2600 3997 2754 4054 Ἀλλ’
2819 3997 2990 4054 εἷ’κοσι
3047 4001 3141 4073 μὲν
3205 4003 3294 4056 καὶ
3337 4001 3466 4057 ἐπτὰ
3524 3998 3808 4075 διατρίψας

2168 4084 2260 4159 ἔτη
2294 4087 2418 4159 ὅλα,
2451 4087 2502 4142 ἐν
2532 4091 2615 4151 οἷς
2666 4087 2877 4164 εἶ’ρηται
2924 4089 3136 4162 τόποις,
3185 4091 3248 4146 τὸ
3291 4091 3586 4153 λαοπλανές
3636 4090 3806 4147 ἐκεῖνο

2166 4178 2256 4231 καὶ
2305 4179 2697 4252 κακομήχανον
2733 4179 2914 4253 τέρας,
2970 4177 3219 4241 πολλούς
3269 4201 3326 4236 τε
3371 4185 3478 4237 τῶν
3529 4180 3816 4257 ἐγχωρίων

2166 4274 2265 4336 τῆς
2332 4266 2500 4336 αὐτῆς
2588 4275 2880 4345 μετασχεῖν
2955 4272 3364 4347 παρασκευάσας
3450 4271 3657 4347 λύμης,
3725 4272 3821 4329 καὶ

1585 4388 1828 4445 VARle
1868 4392 2255 4453 LECTIONES
2296 4397 2384 4452 ET
2419 4397 2643 4455 NOT/E.

489 4512 786 4591 (31)Ξίφει
828 4509 1391 4591 παραδιδόντας-δίζε
1435 4530 1500 4570 ex
1550 4514 1735 4573 edicto
1784 4518 2070 4577 Constan-

418 4586 527 4647 tini
560 4586 973 4659 elim'capitale
999 4592 1143 4658 erat,
1175 4587 1294 4661 Arii
1336 4586 1517 4643 libros
1564 4604 1876 4661 asservare,
1921 4598 2068 4650 teste

419 4664 650 4719 Socrate
708 4663 905 4716 Hister.
960 4661 1156 4715 Eccles.
1211 4659 1312 4712 lib.
1365 4675 1402 4726 ι,
1449 4674 1500 4714 c.
1563 4660 1615 4712 9.
1677 4659 1885 4718 Confer
1940 4667 2062 4722 Pet.

419 4733 610 4808 Baebi
645 4733 1050 4788 Diclionarium
1114 4732 1707 4800 liistorico-Criticum,
1781 4741 1936 4792 torno
2013 4738 2058 4808 Ι,

466 4845 480 4861 .
514 4805 640 4860 354.

421 4824 817 4949 ΡοέἓῖῗΠυρὸς
893 4870 1152 4949 δαπάνην.
1211 4875 1314 4949 Sic
1379 4875 1686 4949 Gregorius
1745 4876 1820 4932 M.
1882 4880 2065 4937 anim-

423 4947 666 5004 advertit
697 4947 755 5001 in
807 4947 1209 5003 hereticorum
1259 4947 1460 5016 libros,
1504 4947 1651 5005 teste
1698 4949 1922 5007 Joanne
1970 4954 2065 5009 Sa-

423 5019 784 5084 risberiensi,
815 5020 888 5074 De
917 5036 1081 5088 nugis
1110 5020 1429 5086 curialium,
1468 5021 1566 5075 lib.
1609 5038 1671 5088 ιι,
1705 5039 1753 5077 c.
1793 5025 1881 5079 26.
1936 5025 2063 5081 Alia

421 5091 759 5166 hujusmotli
792 5093 1052 5166 exempla
1071 5090 1259 5166 habes
1283 5095 1432 5166 apud
1451 5091 1544 5166 :Io.
1570 5092 1899 5166 Christoph.
1924 5096 2064 5153 Wa-

421 5163 763 5236 genseilium
802 5164 882 5236 _in
939 5162 1276 5236 Praefatione
1325 5162 1397 5216 ad
1447 5165 1571 5236 Tela
1609 5165 1774 5236 ignea
1801 5162 2060 5236 ’Satanw,

423 5251 481 5308 p.
511 5235 548 5288 7
582 5249 746 5305 seqq.
795 5234 1019 5289 Sixtum
1066 5234 1400 5308 Senensem
1441 5235 1498 5288 in
1549 5235 1813 5308 Biblioth.
1854 5234 2061 5308 sancta,

422 5305 526 5360 lib.
585 5323 646 5375 Ir,
705 5323 758 5376 p.
805 5308 919 5374 63;
966 5312 1022 5361 et
1066 5305 1140 5359 M.
1192 5305 1570 5360 Wilhelmum
1625 5307 1962 5365 Schutzium
2003 5305 2062 5366 in

421 5377 736 5448 Disputatl.
772 5378 925 5432 binis
956 5378 1025 5432 de
1046 5376 1444 5448 combustione
1465 5377 1743 5434 librorum
1768 5380 2061 5439 haeretico-

425 5447 578 5516 rum,
608 5448 765 5519 Lips.
791 5450 925 5502 1697
957 5455 1014 5504 et
1047 5448 1202 5517 1699,
1235 5447 1424 5519 editis.

496 5521 609 5592 (33)
665 5518 772 5574 Τοῦ
815 5519 990 5576 ὑετοῦ.
1053 5520 1333 5576 Disertius
1405 5518 1513 5576 hoc
1560 5524 1795 5592 exponit
1864 5526 2062 5584 Petrus

426 5592 682 5656 Siculus,
717 5609 771 5662 p.
804 5592 892 5648 42.

497 5659 1330 5739 (34)__E'._A_ouzv6<.Aﬁaloivoug
1394 5663 1682 5739 _mendose
1759 5670 1910 5739 apud
1963 5672 2064 5727 Pe-

424 5731 557 5798 rum
591 5731 853 5793 Siculum
887 5753 944 5812 p.
977 5736 1066 5808 42,
1099 5734 1322 5792 librarii
1354 5731 1492 5790 vitio
1521 5750 1536 5790 :
1569 5751 1703 5793 nam
1732 5731 1904 5810 paulo
1927 5747 2059 5814 post

2100 4528 2145 4594 D
2177 4524 2486 4598 aliquoties
2515 4531 2668 4598 recte
2701 4525 2996 4591 Σιλουανὸς
3027 4533 3280 4586 vocatur.

2249 4595 2726 4678 (ᾃὸλΜανοράως.
2780 4606 2952 4678 Δξιειειιι
3033 4600 3412 4678 Μανανάλᾷεως,
3509 4608 3574 4678 ut
3638 4622 3820 4678 supra

2175 4671 2512 4794 δίδλρθτιθ
2543 4671 2746 4729 Petrus
2776 4673 3029 4742 Siculus,
3065 4691 3118 4745 p.
3153 4675 3244 4743 44,
3274 4675 3487 4730 iterum
3527 4677 3665 4749 legit
3697 4671 3820 4732 Sta:-

2175 4759 2305 4794 νανα
2353 4761 2416 4794 ις.

2171 4759 2416 4802 ναναΛις.

2243 4813 2356 4890 (36)
2411 4813 2653 4890 ‘EaUtc'v.
2723 4816 2889 4890 Forte
2929 4815 3132 4890 igitur
3198 4820 3722 4890 metempsycliosin
3786 4839 3821 4879 a

2176 4884 2516 4971 Pythagora,
2549 4887 2642 4941 cui
2670 4888 2871 4971 _etnalia
2910 4884 3124 4971 debent
3165 4884 3516 4971 Manichtei;
3544 4900 3816 4971 m_u_tuam_

2172 4959 2392 5027 accepit
2421 4973 2596 5028 quam
2634 4965 2686 5013 et
2735 4959 2944 5015 Suidas
2997 4965 3138 5017 tom.
3193 4960 3259 5027 ll,
3314 4977 3368 5029 p.
3420 4963 3547 5032 491,
3598 4963 3818 5022 Maneti

2173 5027 2391 5110 tribuit,
2441 5028 2565 5110 .nisi
2622 5029 2831 5110 dicere
2861 5031 3024 5110 malis
3054 5047 3206 5110 _eum
3255 5033 3589 5110 verba_sua_
3627 5041 3814 5110 meta;

2171 5098 2407 5174 phorice
2439 5099 2872 5174 interpretanda
2912 5102 3182 5166 voluisse,
3232 5104 3386 5174 quod
3438 5105 3592 5162 Petri
3635 5108 3818 5164 Siculi

2171 5172 2366 5251 verba,
2423 5187 2479 5240 p.
2539 5171 2636 5251 44,
2685 5171 3284 5251 indicarevideutur,
3344 5175 3444 5251 _ubi
3495 5177 3818 5251 discipulos

2173 5241 2515 5298 Macedonas
2547 5244 2639 5311 (ad
2670 5260 2812 5312 quos
2843 5246 3060 5303 scilicet
3091 5247 3228 5301 olim
3268 5241 3496 5304 'missus
3536 5241 3665 5306 erat
3704 5251 3818 5307 Sil-

2171 5314 2401 5393 vanus),
2423 5329 2484 5368 se
2505 5330 2638 5393 vero
2659 5315 2951 5393 Silvanum
2973 5337 3002 5373 a
3027 5317 3202 5393 _Paulo
3218 5317 3468 5393 missum
3493 5322 3820 5393 appellasse

2172 5385 2372 5462 fertur,
2405 5386 2555 5462 quod
2588 5390 2644 5442 et
2672 5387 2879 5462 Ijloster
2910 5390 3083 5462 paulo
3115 5391 3497 5462 postirecitat.

2242 5455 2653 5536 (9721116101);
2687 5459 2823 5518 Vide
2877 5455 2924 5516 ll
2973 5455 3194 5528 (ἔοι-δι,
3240 5461 3310 5518 49
3351 5479 3366 5531 ;
3437 5463 3460 5518 Ι
3516 5463 3726 5523 Thess.
3771 5483 3817 5536 ι,

2174 5527 2197 5582 1
2227 5545 2240 5596 ;
2275 5528 2294 5583 Ι
2329 5527 2472 5600 Petr.
2504 5546 2558 5600 ν,
2592 5530 2676 5585 12.

2242 5598 2806 5677 (38)-’,Απενεχοέντα
2868 5606 2954 5662 Ita
3035 5604 3222 5663 scribo
3281 5621 3414 5662 cum
3473 5610 3708 5677 Nostro,
3756 5615 3819 5668 et

2169 5670 2519 5802 ξρέἓὲἒιίηο,
2569 5670 2671 5746 pio
2728 5671 3096 5752 ἐπενεχθέντα,
3156 5677 3309 5751 quod
3371 5678 3544 5736 habet
3602 5670 3821 5740 Coisli-
