4074 6208
35 11 568 136 _.

175 109 194 119 Δ

35 11 568 136 _.

175 109 194 119 Δ

175 109 194 119 ..Δ

285 376 366 437 49
465 439 472 444 ,
1386 375 1697 437 CONTRA
1743 377 1937 439 MAN]

2057 377 2231 439 EOS
2276 376 2508 438 LIBER
2550 379 2597 438 Ι.
3620 379 3701 438 50

290 510 606 584 κατάφωρος
658 506 746 585 ἐφ’
796 509 887 571 οἷς
953 506 1243 587 έθεομάχει
1308 511 1567 585 γεγονὼς,
1622 511 1708 564 καὶ
1772 508 1937 566 λίθων

2057 515 2222 584 porta
2277 512 2432 568 enim
2508 513 2928 570 Constantinus
2983 511 3300 584 imperator
3355 513 3695 585 Symeonem

303 597 496 673 βολαῖς
541 597 632 665 τὴν
683 594 846 668 δίκην
894 598 1154 673 ὑποσχὼν
1206 596 1297 653 ἔδυ
1341 599 1417 662 είς
1469 593 1619 669 ᾅδου.
1674 606 1945 654 Κωνσταν-

309 693 447 749 τῖνος
479 685 575 760 γάρ
627 687 656 740 ὁ
711 685 970 760 βασιλεὺς
1019 687 1086 742 τά
1131 689 1248 742 κατ’
1297 687 1456 742 αὐτὸν
1485 687 1944 762 ἀναπεπυσμένος,

306 774 504 830 στέλλει
544 774 670 830 τινά
705 772 960 849 τοῦνεμα
1009 781 1292 849 Συμεῶνα,
1343 777 1437 831 τὸν
1489 777 1584 850 μὶν
1633 776 1944 832 λαοπλάνον

303 868 596 942 ὑπαγαγεῖν
625 870 696 940 τῇ
731 863 879 940 δίκῃ·
917 866 1036 921 ὅσοι
1069 863 1126 921 δὲ
1163 873 1262 937 τῆς
1301 866 1502 922 ἐκείνου
1551 867 1764 937 πλάνης
1817 889 1947 940 μετ-

288 955 474 1030 έσχον,
525 956 643 1010 εἶτα
691 956 896 1026 ταύτης
947 955 1288 1034 ἀφίστανται,
1339 956 1428 1012 καί
1474 958 1574 1026 τήν
1624 962 1731 1013 τῶν
1778 978 1945 1030 μετα-

288 1045 566 1100 νοούντων
618 1045 806 1122 χώραν
871 1043 1171 1120 ὁλοψύχως
1226 1045 1659 1121 ἀναπληροῦσιν,
1716 1047 1944 1108 τούτους

287 1131 386 1207 ἄρα
458 1134 580 1206 (39)
633 1133 774 1209 πρὸς
843 1132 1075 1207 μάθησιν
1135 1139 1243 1190 τῶν
1293 1136 1465 1211 ὀρθῶν
1523 1133 1807 1209 δογμάτων
1852 1136 1942 1190 καὶ

285 1223 636 1298 κατάγνωσιν
668 1220 930 1278 ἐπιπλέον
978 1230 1078 1293 τῆς
1116 1223 1448 1288 ἀποστασίας
1494 1229 1612 1287 ταῖς
1661 1229 1758 1280 τοῦ
1808 1229 1940 1280 Θεοῦ

284 1317 711 1389 προσκαρτερεῖν
771 1309 1106 1388 παραδοῦναι
1169 1311 1536 1385 Ἐκκλησίαις.
1605 1311 1936 1369 Καταλαϐὼν

292 1399 346 1457 δὶ
395 1403 425 1457 ὁ
475 1401 892 1474 ἀπεσταλμένος
937 1402 1035 1470 τὴν
1077 1404 1286 1479 χώραν,
1337 1402 1387 1456 έν
1501 1405 1562 1458 τὸ
1592 1411 1692 1473 τῆς
1723 1402 1936 1474 πλάνης

286 1492 528 1564 ἀνέῳκτο
579 1491 960 1565 ἐργαστήριον,
1009 1491 1099 1546 καὶ
1153 1489 1601 1566 συμπαραλαϐών
1657 1513 1777 1547 τινα
1829 1496 1934 1546 τῶν

284 1578 456 1636 ἐκεῖσε
486 1579 848 1658 ἐπαρχόντων
881 1581 1137 1658 (Τρύφων
1171 1582 1240 1650 ἧν
1269 1585 1346 1652 τῷ
1378 1579 1528 1656 ἀνδρί
1555 1577 1771 1654 ὄνομα),
1804 1583 1934 1637 συλ-

283 1667 558 1743 λαμϐάνει
593 1671 689 1744 μὲν
722 1669 851 1731 τοὺς
899 1669 1307 1742 ἠπατημένους,
1340 1665 1714 1734 συλλαμϐάνει
1758 1669 1814 1727 δὲ
1845 1671 1936 1727 καὶ

282 1759 376 1814 τὸν
424 1766 529 1828 τῆς
576 1757 857 1821 ἀπωλείας
909 1755 1257 1815 διδάσκαλον·
1311 1761 1398 1814 καὶ
1459 1761 1583 1822 τοὺς
1646 1762 1740 1834 μὲν
1799 1763 1935 1836 πρὸς

2057 602 2366 673 quemdam
2403 602 2575 669 misit,
2605 602 2702 672 qui
2735 603 3100 658 seductorem
3150 601 3438 674 supplicio
3491 602 3698 674 plecte-

2055 696 2144 746 ret
2175 708 2186 758 ;
2221 691 2434 747 erroris
2465 706 2596 746 vero
2628 696 2950 760 consortes,
2985 691 3271 761 siquidem
3305 691 3378 746 ab
3427 690 3528 748 illo
3561 693 3700 748 resi-

2056 778 2229 836 lirent
2284 785 2339 835 et
2389 783 2506 835 toto
2557 779 2754 834 animo
2803 779 3153 849 poenitentia:
3203 780 3398 836 locum
3457 779 3699 852 implere

2055 869 2290 937 vellent,
2325 869 2399 924 ad
2431 868 2805 940 disciplinam
2839 885 2992 924 sanae
3016 868 3290 925 doctrinae
3311 874 3367 925 et
3389 869 3696 941 apostasiaa

2054 959 2490 1014 damnationem
2523 957 2796 1013 Ecclesiis
2828 957 3083 1012 traderet
3126 959 3497 1015 erudiendos.
3550 958 3696 1015 Cum

2053 1048 2368 1120 praedictus
2423 1048 2713 1120 (Symeon)
2771 1046 3131 1118 pervenisset
3187 1047 3259 1103 ad
3321 1047 3536 1114 locum,
3595 1048 3696 1103 ubi

2051 1137 2263 1193 erroris
2295 1137 2529 1192 officina
2569 1141 2772 1208 aperta
2815 1135 3016 1190 fuerat.
3063 1135 3434 1206 Tryphonem
3487 1153 3696 1208 quem-

2051 1227 2209 1291 dam,
2245 1225 2322 1281 ibi
2358 1226 2756 1297 praefecturam
2807 1228 3124 1296 gerentem,
3174 1224 3503 1295 adjungens
3555 1225 3691 1294 sibi,

2051 1319 2173 1371 tum
2205 1331 2326 1382 eos,
2359 1314 2458 1386 qui
2490 1315 2711 1370 seducti
2747 1315 2995 1378 fuerant,
3031 1320 3153 1368 tum
3185 1313 3380 1385 ipsum
3415 1313 3690 1383 perniciei

2048 1406 2341 1461 doctorem
2376 1404 2781 1476 apprehendit,
2815 1407 2987 1474 atque
3016 1419 3135 1469 eos,
3172 1403 3273 1474 qui
3305 1403 3374 1457 ad
3403 1402 3690 1474 paeniten-

2046 1495 2188 1550 tiam
2220 1495 2630 1566 respiciebant,
2664 1494 2748 1548 vel
2783 1493 3066 1564 respicere
3099 1509 3160 1548 se
3192 1491 3569 1558 simulabant,
3593 1493 3693 1548 Ec-

2045 1582 2350 1638 clesiarum
2383 1583 2482 1638 Dei
2517 1582 2869 1654 praesulibus
2902 1581 3176 1648 tradidit;
3212 1581 3283 1636 iis
3337 1588 3555 1648 autem,
3589 1581 3691 1652 qui

2044 1673 2235 1727 adhuc
2261 1671 2566 1742 apostasiae
2587 1671 2764 1726 dediti
2787 1675 2974 1738 erant,
3000 1669 3176 1725 simul
3197 1670 3468 1726 adductis
3491 1674 3687 1742 atque,

2045 1766 2107 1816 ut
2139 1778 2243 1834 par
2271 1766 2414 1830 erat,
2447 1761 2781 1828 admonitis,
2838 1762 3044 1816 ducem
3079 1759 3291 1815 erroris
3331 1760 3390 1815 in
3437 1775 3682 1830 scopum

294 1850 584 1921 μετάνοιαν
652 1847 952 1923 ὁλοψύχως
1021 1849 1284 1923 ὁρῶντας,
1343 1851 1379 1918 ἢ
1441 1847 1733 1913 δοκοῦντας
1780 1852 1931 1926 ὁρᾷν,

2053 1853 2372 1923 proposuit,
2428 1850 2818 1922 praecepitque
2864 1853 2928 1904 ut
2976 1849 3200 1919 lapides
3234 1848 3293 1903 in
3324 1864 3457 1904 eum
3492 1848 3691 1904 mitte-

298 1941 412 1991 τῶν
461 1942 562 1991 τοῦ
609 1941 737 1992 Θεοῦ
775 1937 1116 2008 Ἐκκλησιῶν
1165 1943 1283 2000 τοῖς
1345 1938 1564 2014 ἐφόροις
1616 1939 1933 2018 ἐνεχείριζε,

299 2027 436 2089 τοὺς
466 2023 515 2081 δ’
545 2021 620 2082 ἔτι
662 2028 906 2091 πνέοντας
955 2030 1054 2098 τὴν
1097 2028 1424 2084 ἀποστασίαν
1477 2030 1564 2106 ὑφ’
1606 2029 1660 2084 ἓν
1707 2031 1936 2100 ποιησά-

287 2136 480 2189 μενος,
531 2117 620 2170 καί
669 2117 853 2190 εἰπὼν,
903 2116 938 2172 ἃ
984 2122 1100 2180 τοῖς
1142 2118 1416 2181 τοιούτοις
1447 2118 1659 2174 ἀκούειν
1701 2119 1934 2192 ἥρμοζε,

282 2207 494 2262 σκοπὸν
546 2207 642 2279 μὲν
689 2205 874 2272 αὐτοῖς
921 2207 1245 2282 προστίθησι
1297 2211 1406 2280 (40)
1454 2209 1546 2263 τὸν
1589 2209 1934 2283 καθηγεμόνα

274 2301 379 2364 τῆς
414 2292 654 2364 πλάνης,
704 2296 900 2357 αὐτοὺς
949 2293 1007 2351 δὲ
1058 2295 1282 2372 βάλλειν
1331 2297 1623 2369 προτάσσει
1669 2302 1785 2358 τοῖς
1835 2295 1930 2351 λί-

263 2386 410 2446 θοις.
465 2383 630 2442 Ἀλλ’
679 2386 733 2440 οἱ
783 2385 880 2460 μὲν
928 2385 1091 2442 ἄλλοι
1140 2387 1503 2464 ὀκνηρότερόν
1541 2407 1659 2448 πως
1690 2387 1930 2457 ἥπτοντο

263 2479 366 2529 τοῦ
426 2472 619 2551 ἔργου.
671 2475 909 2538 Ἰοῦστος
967 2472 1023 2532 δέ
1069 2497 1152 2539 τις
1203 2475 1396 2550 ὄνομα,
1456 2478 1570 2540 υἱὸς
1620 2479 1757 2534 κατά
1785 2479 1926 2534 θέσιν

263 2562 651 2637 πεποιημένος
691 2568 775 2636 τῷ
824 2564 1228 2639 Κωνσταντίνῳ,
1276 2567 1401 2640 παρ’
1453 2567 1499 2638 ᾧ
1551 2566 1640 2622 καὶ
1679 2567 1778 2635 τήν
1810 2575 1931 2624 Μα-

266 2653 530 2726 νιχαϊκὴν
573 2650 784 2729 α’ίρεσιν
829 2651 1197 2725 ἐμαθητεύθη·
1251 2655 1310 2718 ὃς
1357 2653 1632 2730 ἐπιγνοὺς,
1681 2656 1758 2718 ὡς
1816 2650 1926 2711 ἔοι-

268 2762 378 2812 κεν,
419 2742 498 2804 εἷς
534 2743 662 2798 οἷον
713 2739 874 2798 αὺτὸν
912 2742 1180 2818 βάραθρον
1213 2744 1242 2798 ὁ
1284 2741 1612 2807 διδάσκαλος
1645 2739 1924 2818 ἐμϐεϐλή-

267 2852 373 2902 κει,
406 2830 769 2910 χειροπληθῆ
813 2830 966 2888 λίθον
1001 2835 1114 2906 (41)
1150 2827 1359 2903 λαϐὼν,
1399 2835 1488 2888 καὶ
1528 2833 1749 2909 πληγὴν
1800 2855 1919 2888 και-

2047 1946 2196 1996 rent.
2217 1940 2424 1996 Verum
2451 1939 2547 1995 alii
2566 1939 2798 2010 quidem
2821 1954 2943 1994 rem
2968 1937 3208 2009 segnius
3241 1941 3382 1993 sunt
3405 1936 3687 2009 aggressi.

2044 2029 2246 2085 Justus
2260 2033 2454 2085 autem
2475 2029 2740 2099 quidam,
2755 2027 2856 2098 qui
2880 2028 3192 2098 adoptatus
3213 2026 3272 2081 in
3297 2025 3480 2082 ﬁlium
3505 2026 3692 2082 fuerat

2045 2136 2078 2174 a
2108 2119 2504 2186 Constantino,
2538 2135 2570 2174 a
2601 2133 2716 2189 quo
2755 2117 2932 2172 etiam
2982 2116 3398 2172 Manichaicam
3442 2115 3690 2172 heresin

2043 2209 2283 2266 edoctus
2330 2208 2559 2272 fuerat;
2610 2221 2954 2277 agnoscens,
3002 2209 3068 2259 ut
3111 2203 3424 2259 verisimile
3473 2209 3583 2271 est,
3628 2204 3686 2260 in

2043 2306 2329 2371 quantum
2363 2313 2424 2353 se
2457 2294 2794 2354 barathrum
2846 2293 3122 2362 magister
3169 2292 3269 2347 ille
3316 2292 3682 2364 conjecisset,

2041 2392 2268 2458 arrepto
2293 2385 2499 2458 grandi
2530 2400 2688 2452 saxo,
2710 2381 2988 2438 lethalem
3016 2382 3196 2436 ictum
3228 2381 3288 2437 in
3320 2397 3557 2450 pravum
3585 2381 3690 2436 im-

2041 2477 2201 2534 misit
2231 2477 2550 2544 dootorem,
2574 2475 2976 2544 miserumque
3005 2472 3216 2527 misere
3245 2470 3362 2527 vita
3403 2469 3645 2541 privavit
3669 2484 3682 2524 :

2038 2575 2167 2640 post
2213 2581 2350 2622 eum
2398 2580 2530 2620 vero
2581 2562 2808 2634 reliqua
2855 2559 3192 2630 multitudo,
3236 2575 3476 2615 manum
3526 2557 3688 2629 operi

2039 2657 2378 2720 admovens,
2411 2669 2679 2710 acervum
2719 2650 2982 2722 lapidum
3035 2648 3301 2705 cadaveri
3352 2647 3684 2720 imposuit:

2038 2747 2192 2802 unde
2227 2746 2445 2801 factum
2477 2749 2569 2800 est
2599 2747 2665 2798 ut
2693 2743 2764 2798 ad
2799 2741 2948 2796 hanc
2990 2756 3174 2812 usque
3205 2739 3360 2795 diem
3392 2737 3558 2794 locus
3587 2737 3687 2794 ille

2038 2836 2206 2892 Soros
2239 2851 2338 2891 seu
2372 2848 2598 2890 acervus
2629 2830 2974 2903 appelletur.

273 2923 391 2995 ρίαν
425 2925 506 2992 τῷ
536 2924 691 2993 κακῷ
724 2918 1033 2993 διδασκοίλῷ
1072 2921 1464 2994 ἐντεινάμενος,
1502 2927 1600 2978 τοῦ
1643 2925 1734 2994 ζῇν
1780 2924 1872 2978 τὸν
1922 2921 2110 2978 ἄθλιον
2163 2919 2368 2984 ἀθλίως
2419 2921 2718 2990 ἀπήλασεν·
2774 2918 2891 2992 μεθ’
2939 2918 2998 2972 ὃν
3049 2916 3137 2971 καὶ
3183 2915 3248 2972 τὸ
3293 2913 3488 2970 λοιπὸν
3533 2913 3690 2984 πλῆ-

277 3012 369 3072 θος
401 3011 918 3084 συνεπιθέμενοιτῷ
959 3009 1119 3087 ἔργῳ,
1171 3012 1349 3088 σωρὸν
1396 3012 1562 3068 λίθων
1607 3013 1671 3068 τὸ
1720 3017 1920 3086 πτῶμα
1968 3013 2300 3088 εἰργάσαντο·
2352 3011 2426 3073 ὡς
2474 3010 2564 3066 καὶ
2617 3007 2784 3087 μέχρι
2834 3013 2924 3063 νῦν
2977 3006 3174 3063 ἐκεῖθεν
3218 3005 3405 3081 Σωρὸν
3453 3001 3686 3074 ἐπίκλη-

286 3120 366 3154 σιν
399 3101 494 3154 τὸν
528 3104 716 3176 χῶρον
747 3099 960 3176 λαχεῖν.

357 3197 466 3245 lll'.
498 3191 563 3244 Οἱ
591 3189 777 3262 μέντοι
809 3196 925 3252 ταῖς
953 3196 1052 3246 τοῦ
1083 3196 1218 3247 Θεοῦ
1257 3180 1638 3268 παρατεθέντες
1683 3195 1925 3264 Ἐκκλη-

295 3279 452 3347 σίαις,
483 3279 611 3356 τόγε
648 3279 904 3336 πλεῖστον
957 3280 1134 3336 αότῶν
1179 3281 1296 3338 ἀντὶ
1334 3289 1435 3352 τῆς
1485 3281 1818 3360 ἐπιστροφῆς
1866 3285 1929 3340 τὸ

301 3367 620 3443 ἀδιόρθωτον
649 3367 1005 3442 ἐπεδείξαντο·
1039 3373 1128 3427 καὶ
1162 3373 1253 3447 ὅγε
1289 3372 1642 3448 ταλαίπωρος
1679 3375 1930 3448 Συμεὼν,

306 3458 506 3531 ἀμαθής
535 3465 591 3515 τὲ
624 3458 698 3514 ὢν
731 3463 1008 3536 σωτηρίου
1059 3458 1416 3538 διδάγματος,
1463 3463 1555 3519 καὶ
1605 3462 1792 3526 ἄλλως
1840 3466 1934 3526 τὰς

312 3549 489 3620 ᾳρένας
545 3553 744 3627 κοῦφος
810 3550 901 3604 καὶ
956 3551 1375 3628 εὐπαράγωγος,
1453 3549 1759 3626 λογοθετῶν
1843 3554 1931 3608 καὶ

316 3634 783 3711 ἀναπυνθανόμενος
828 3640 897 3694 τά
941 3640 1076 3694 κατὰ
1123 3641 1249 3702 τοὺς
1297 3640 1624 3710 ἀποστάτας,
1667 3641 1783 3696 ἀντὶ
1839 3647 1936 3697 τοῦ

321 3725 616 3797 μετακαλεῖν
649 3729 781 3800 ’(42)
835 3748 984 3790 τινας
1032 3729 1168 3801 πρὸς
1209 3729 1273 3784 τὸ
1320 3737 1421 3798 τῆς
1483 3725 1754 3792 εὐσεϐείας
1801 3730 1940 3806 φρό-

321 3835 472 3886 νημα,
528 3815 689 3878 αὐτὸς
749 3816 826 3876 εἷς
889 3818 990 3886 τὴν
1052 3816 1265 3873 ἐκείνων
1332 3818 1582 3894 ὀλέθριον
1656 3819 1941 3894 θρησκείαν

333 3896 612 3970 μετέϐαλεν.
649 3904 860 3977 Πράξας
891 3901 940 3957 δ’
971 3903 1087 3972 οῦν,
1121 3903 1253 3980 ὅπερ
1294 3903 1532 3978 εἴρηται,
1581 3905 1672 3961 καὶ
1710 3904 1941 3980 ἀναδρα-

326 3990 432 4060 μὼν
474 3993 599 4066 πρὸς
649 3993 739 4047 τὸν
788 3990 1170 4048 ἀπεσταλκότα
1227 3993 1475 4068 βασιλέα,
1528 3995 1619 4049 καὶ
1685 3995 1937 4069 κρύπτων

320 4073 456 4134 ἔνδον
479 4081 562 4136 καὶ
591 4079 950 4157 περιθάλπων
979 4081 1043 4138 τὸ
1080 4083 1271 4157 θηρίον
1303 4082 1392 4139 ἐπὶ
1423 4079 1517 4155 ἔτη
1547 4082 1693 4158 τρία,
1723 4083 1938 4158 ἐπείπερ

322 4167 469 4225 αὖτοῦ
510 4171 944 4246 κατανεμηθέντα
983 4168 1135 4228 ἔνδον
1179 4175 1350 4230 πάντα
1409 4174 1636 4252 ῥαγῆναι
1689 4173 1799 4245 ἤδη
1851 4177 1937 4231 καὶ

321 4259 441 4332 πρὸς
487 4262 548 4316 τὰ
577 4258 678 4331 ἔξω
710 4257 982 4332 ἐϐιάζετο,
1014 4262 1231 4338 ἀπαίρει
1271 4263 1448 4340 λάθρα
1494 4271 1597 4334 τῆς
1632 4261 1940 4340 βασιλίδος,

321 4347 404 4399 καὶ
454 4348 526 4412 εἷς
579 4351 679 4418 τὴν
737 4352 1148 4426 προειρημένην
1209 4348 1485 4408 Κίϐωσσαν
1527 4353 1942 4431 παραγεγονὼς,

324 4434 536 4509 ἀθροίζει
588 4439 682 4509 μὲν
732 4440 857 4501 τοὺς
909 4439 1187 4513 ὁμιλητὰς
1240 4442 1670 4514 Κωνσταντίνου,
1737 4444 1797 4497 ’ὸν
1846 4442 1944 4498 αὐ-

323 4524 404 4586 τὸς
460 4525 516 4582 ἐκ
578 4528 1001 4603 προστάγματος
1059 4528 1292 4599 ἀνεῖλεν,
1354 4527 1679 4587 διδάσκαλον
1738 4529 1794 4586 δὲ
1852 4531 1941 4586 καὶ

328 4607 558 4691 διάδοχον
590 4617 752 4680 αὐτὸς
805 4618 990 4673 ἑαυτὸν
1035 4626 1136 4688 τῆς
1182 4618 1509 4683 ἀποστασίας
1561 4621 1804 4696 ἐξάρχων
1853 4620 1943 4675 καὶ

320 4701 407 4770 τήν
432 4704 619 4775 κλῆσιν
653 4707 729 4769 εἷς
769 4707 926 4762 Τίτον
965 4707 1239 4782 μετέθετο.
1293 4710 1454 4784 Τρεῖς
1497 4711 1611 4784 (43)
1662 4707 1720 4765 δὲ
1767 4709 1945 4764 ἐνιαυ-

318 4793 429 4855 τοὺς
459 4793 508 4850 ἰν
535 4799 604 4870 τῇ
651 4797 880 4871 τοιαύτῃ
933 4794 1249 4861 διατελέσας
1294 4796 1503 4874 πλάνῃ,
1553 4800 1639 4855 καὶ
1694 4797 1941 4862 πολλοὺς

313 4878 412 4936 ἀπὸ
435 4891 530 4954 τῆς
559 4880 836 4948 εὐσεϐείας
864 4883 1288 4961 συλαγωγήσας,
1328 4883 1513 4944 ἔπειτα
1561 4891 1674 4962 (44)
1720 4892 1945 4942 τοιαῦτα

315 4973 548 5046 πράττων
607 4973 757 5030 ἑάλω
812 4975 904 5030 καὶ
959 4976 1053 5031 τὸν
1114 4971 1204 5031 διά
1276 4977 1447 5053 πυρὸς
1503 4979 1621 5051 (45)
1704 4976 1950 5032 ἀπέτισεν

2106 3193 2298 3251 XVIII.
2324 3191 2492 3249 Etilli
2521 3191 2752 3263 quidem
2773 3190 2874 3248 Dei
2898 3187 3166 3245 Ecclesiis
3191 3186 3452 3257 adjuncti
3487 3185 3647 3242 fuere
3671 3201 3686 3252 ;

2042 3284 2296 3340 maxima
2325 3298 2461 3354 pars
2483 3297 2684 3337 eorum
2710 3280 3002 3336 obstinata
3025 3277 3082 3333 in
3105 3277 3403 3348 proposito
3429 3274 3645 3331 mansit
3670 3290 3684 3329 :

2042 3373 2159 3428 imo
2185 3371 2364 3428 miser
2379 3385 2612 3442 quoque
2624 3369 3092 3438 Symeon,utpote
3110 3364 3384 3420 salutaris
3405 3362 3683 3420 doctrinm

2047 3461 2442 3532 imperitus,et
2469 3459 2702 3515 aliunde
2733 3461 2928 3513 mente
2962 3455 3105 3511 levis
3137 3471 3202 3510 ac
3223 3452 3531 3520 versatilis,
3552 3467 3686 3524 per-

2046 3555 2313 3608 contatus
2331 3566 2396 3606 ac
2417 3548 2640 3606 curiose
2661 3547 3003 3620 perquirens
3024 3561 3115 3612 ea,
3138 3559 3267 3616 quae
3286 3544 3357 3600 ad
3393 3545 3692 3614 apostatas

2051 3638 2444 3712 pertinebant,
2467 3638 2566 3710 qui
2597 3636 2742 3694 alios
2773 3636 2843 3691 ad
2869 3634 3220 3691 sententiam
3242 3647 3505 3688 revocare
3527 3631 3697 3686 debe-

2049 3729 2307 3800 bat,ipse
2325 3729 2400 3784 ad
2419 3726 2806 3799 perniciosam
2831 3739 3034 3780 eorum
3058 3721 3397 3792 religionem
3430 3719 3697 3776 accessit.

2049 3819 2304 3875 Peractis
2333 3819 2517 3890 igitur
2545 3817 2635 3887 iis,
2668 3833 2792 3888 qua:
2819 3832 2995 3884 supra
3025 3814 3181 3869 dicta
3219 3816 3377 3878 sunt,
3412 3814 3469 3866 et
3495 3824 3695 3865 rever-

2049 3925 2152 3965 sus
2183 3909 2254 3964 ad
2288 3910 2714 3979 imperatorem,
2748 3921 2781 3960 a
2821 3920 2937 3975 quo
2988 3903 3204 3958 missus
3253 3901 3467 3967 fuerat,
3519 3899 3698 3954 feram

2050 3998 2209 4056 illam
2243 3997 2506 4068 (erroris)
2537 3995 2692 4051 intra
2723 4010 2783 4049 se
2811 3991 3112 4048 occultans
3147 4006 3332 4046 annos
3365 3991 3698 4056 tres,atque

2053 4091 2407 4155 fovens,cum
2429 4085 2556 4155 jam
2590 4082 2920 4154 proximum
2951 4086 3122 4139 esset,
3146 4084 3209 4134 ut
3230 4076 3504 4132 omnibus
3533 4074 3692 4128 intra

2051 4193 2112 4233 se
2145 4174 2458 4232 devastatis
2491 4174 2644 4229 foras
2668 4173 3024 4242 erumperet,
3052 4184 3121 4224 ex
3148 4163 3524 4237 imperatoria
3552 4163 3697 4218 urbe

2052 4266 2252 4322 furtim
2286 4281 2348 4320 se
2378 4263 2675 4330 subducit,
2706 4275 2960 4332 cumque
2989 4259 3058 4314 ad
3096 4258 3477 4312 memoratam
3502 4250 3699 4307 Cibos-

2051 4371 2176 4413 sam
2209 4355 2607 4426 remigrasset,
2640 4348 3006 4406 Constantini
3056 4348 3356 4402 consortes
3405 4347 3462 4398 et
3508 4338 3698 4398 socios

2052 4448 2348 4513 convocat,
2409 4457 2584 4515 quem
2652 4439 2748 4496 ille
2799 4439 3005 4510 jussus
3069 4435 3454 4500 interfecerat,
3517 4445 3698 4502 seque

2053 4533 2351 4606 apostasia
2386 4533 2678 4588 doctorem
2711 4534 2766 4585 et
2795 4541 3192 4584 successorem
3223 4520 3532 4580 constituit
3565 4535 3580 4573 :
3615 4523 3699 4574 at-

2055 4640 2168 4695 que
2199 4621 2460 4692 exemplo
2491 4636 2714 4687 eorum,
2747 4619 2846 4689 qui
2881 4617 3317 4690 praecesserant,
3360 4607 3700 4666 defectionis

2056 4713 2479 4781 praefectorum,
2515 4712 2732 4763 mutato
2791 4707 3011 4761 nomine
3043 4720 3105 4760 se
3134 4703 3330 4758 Titum
3361 4696 3694 4771 appellavit.

2053 4801 2270 4857 Tribus
2287 4802 2480 4855 autem
2505 4799 2676 4853 annis
2700 4797 2758 4851 in
2784 4791 3120 4865 hujusmodi
3138 4805 3329 4846 errore
3351 4784 3686 4853 transactis,

2059 4907 2194 4946 cum
2228 4888 2442 4945 multos
2473 4906 2506 4943 a
2539 4887 2630 4958 pia
2652 4885 2923 4958 religione
2944 4880 3332 4949 avertisset,in
3356 4875 3701 4950 hujusmodi

2060 4978 2236 5052 gestis
2269 4977 2751 5049 comprehensus,
2785 4973 2916 5046 igne
2948 4971 3173 5029 debitas
3204 4984 3404 5042 pmnas
3435 4966 3704 5034 luit,tam

1438 5125 1680 5182 VARIZE
1721 5127 2108 5184 LECTIONES
2147 5126 2236 5182 ET
2275 5123 2512 5182 ΝΟΤιΕ.

377 5246 482 5331 (3ρ)
512 5247 676 5320 Ἄρα.
705 5249 794 5304 Ita
821 5247 1027 5331 Noster
1057 5249 1408 5331 i‘praemittit
1439 5247 1498 5305 δὴ
1525 5251 1941 5331 Coislinianus,

309 5316 502 5394 preter
532 5316 677 5388 rem,
709 5335 840 5394 eum
874 5319 1020 5394 illud
1053 5316 1258 5392 St'jam
1291 5324 1669 5394 prmeesserit.

375 5390 893 5467 (40)Anpoot£013m.
945 5393 1045 5467 Ita
1077 5390 1321 5467 noster}
1373 5402 1437 5450 ut
1485 5395 1722 5467 Cgoiislin.
1764 5392 1950 5467 προτί-

312 5460 450 5530 θησι,
489 5462 641 5519 forte
670 5463 912 5532 rectius,
947 5464 1088 5537 quia
1135 5465 1206 5521 de
1249 5482 1423 5538 scopo
1474 5465 1604 5522 aliis
1655 5460 1948 5537 proposito

307 5549 494 5589 sermo
522 5541 633 5590 est.

369 5607 476 5676 (41)
500 5604 693 5662 Λίθον.
727 5606 855 5663 Νοιι
886 5607 1060 5665 habet
1088 5609 1314 5668 Noster.

375 5675 484 5753 (ιε)
526 5680 672 5753 -ᾜξοῦ-
714 5677 1065 5753 μετακαλεῖν.
1112 5684 1329 5753 Noster
1411 5675 1759 5753 μεταϐαλεῖν,
1846 5683 1945 5738 sed

311 5748 494 5805 malim
524 5748 871 5823 illud,'quia
900 5751 1011 5811 hoc
1042 5751 1242 5812 minus
1282 5748 1534 5826 quadrat
1580 5755 1650 5811 ad
1699 5748 1951 5825 sequens

2103 5245 2346 5307 ετέόαλε.

2060 5272 2346 5324 μετεοαΛε.

2129 5324 2242 5395 (43)
2273 5324 2450 5395 Τρεῖς.
2487 5319 2835 5395 Ms._Hamb.
2870 5317 3042 5395 habet
3067 5313 3224 5395 1:965,
3255 5313 3554 5395 mendose.

2128 5381 2246 5465 (44)
2299 5381 2542 5447 Ἔπειτα.
2589 5391 2675 5465 Ita
2725 5407 2858 5446 cum
2908 5381 3122 5465 Nostro
3168 5381 3293 5460 lego
3337 5401 3442 5458 pro
3488 5381 3605 5438 ἐπεὶ
3637 5381 3704 5435 τὰ

2059 5463 2421 5530 Coisliniani,
2455 5479 2630 5519 sensu
2663 5463 3055 5518 incommodo.

2131 5540 2244 5608 (άῦ)
2277 5535 2377 5590 Καὶ
2406 5528 2496 5589 τὸν
2529 5531 2618 5608 διὰ
2649 5534 2839 5606 πυρός.
2890 5535 2972 5589 Ita
3012 5533 3139 5608 lego
3180 5547 3248 5586 ex
3294 5528 3524 5608 Nostro,
3571 5539 3702 5608 cum

2058 5597 2453 5667 Coisli'nianus
2492 5605 2582 5661 καὶ
2613 5597 2864 5670 omittat,
2897 5605 3050 5676 quod
3069 5597 3280 5659 'tamen
3311 5601 3554 5658 verbum
3604 5597 3704 5649 ἀπ-

2059 5682 2228 5736 έτισεν
2262 5697 2395 5738 cum
2427 5678 2572 5735 ἑάλω
2603 5679 2926 5752 conjungit.
