4074 6208
288 323 296 330 ’
366 361 439 422 ει
1565 365 1831 427 pnorn
1878 364 2026 426 par

2140 363 2405 424 lRCHJE
2449 363 2564 423 CP.
3691 365 3770 424 52

363 498 492 571 ipse
517 514 692 572 quam
713 501 843 573 ejus
865 501 1164 575 discipuli,
1187 501 1286 574 qui
1313 501 1653 573 resipiscere
1676 499 2008 556 noluerant.

2140 495 2375 571 ίλεθρον,
2425 495 2586 559 αὐτός
2634 515 2691 550 τε
2737 494 2828 551 καὶ
2876 499 2986 550 τῶν
3035 496 3164 572 παρ’
3196 495 3364 552 αὐτοῦ
3398 517 3774 575 μυσταγωγη-

369 587 597 652 Etenim
641 589 850 646 Justus
882 608 1063 663 supra
1114 595 1491 656 memoratus,
1538 590 1636 661 qui
1688 594 2012 662 apostatam

370 693 553 734 manu
585 695 690 735 sua
716 680 1105 749 interfecerat,
1140 685 1268 752 post
1312 680 1458 736 alias
1491 679 1726 748 multas,
1778 684 1843 736 ut
1891 680 2012 735 fieri

372 769 539 838 solet,
588 769 1083 826 confabulationes
1131 785 1198 824 ac
1247 769 1595 841 quaestiones
1629 769 2011 839 apostolicum

374 856 483 914 hoc
504 857 724 914 dictum
748 859 1048 930 proterens
1081 874 1095 916 :
1123 857 1394 925 Quoniam
1422 860 1483 913 in
1517 859 1634 929 ipso
1663 861 1846 914 creata
1883 865 2014 913 sunt

373 949 580 1014 omnia,
614 962 738 1020 qua:
758 949 817 1002 in
849 948 1016 1015 catlis,
1051 954 1101 1003 et
1128 963 1247 1019 quae
1268 948 1328 1002 in
1357 951 1529 1014 terra,
1560 947 1818 1004 visibitia
1849 955 1901 1004 et
1931 950 2015 1002 in-

374 1036 624 1091 visibitia
642 1053 664 1100 ;
693 1039 810 1092 sive
833 1036 1038 1104 throni,
1053 1035 1172 1092 sive
1190 1035 1558 1107 principatus,
1582 1037 1698 1092 sive
1723 1040 2018 1108 potestates

377 1124 567 1180 omnia
595 1140 696 1194 per
723 1124 904 1197 ipsum
932 1130 983 1181 et
1007 1126 1068 1180 in
1101 1127 1219 1194 ipso
1246 1130 1430 1180 creata
1458 1133 1585 1180 sunt
1617 1142 1636 1179 :
1673 1130 1724 1181 et
1772 1125 1887 1197 ipse
1937 1131 2018 1182 est

380 1220 508 1268 ante
534 1211 740 1280 omnia,
764 1222 814 1268 et
843 1213 1030 1269 omnia
1051 1213 1112 1268 in
1135 1215 1250 1285 ipso
1272 1214 1589 1270 constant‘.
1612 1213 2016 1285 Hoc,inquam,

381 1300 594 1355 dictum
622 1300 923 1371 objiciens,
957 1305 1161 1358 contra
1191 1302 1535 1374 Symeonem
1559 1302 1896 1371 insurrexit,
1927 1303 2018 1357 di-

379 1404 562 1444 cens:
613 1389 694 1444 Ne
745 1391 888 1446 forte
932 1390 1044 1462 ipsi
1095 1391 1318 1462 decepti
1368 1395 1585 1459 essent,
1631 1407 2022 1462 sequacesque

378 1494 514 1535 suos
567 1479 921 1550 deciperent,
969 1496 1084 1535 non
1134 1481 1403 1535 eumdem
1456 1481 1730 1536 factorem
1791 1480 1920 1536 cmli
1969 1488 2022 1536 et

380 1571 569 1636 terras,
626 1572 925 1639 Deumque
982 1585 1111 1625 vere
1168 1577 1221 1625 et
1270 1571 1499 1625 Patrem
1556 1569 1788 1626 Domini
1840 1570 2022 1625 nostri

382 1655 592 1711 Christi
616 1656 997 1726 pradicantes
1024 1675 1038 1725 ;
1072 1659 1170 1714 sed
1206 1662 1412 1730 praeter
1431 1658 1591 1716 hunc
1623 1658 1805 1715 alium
1830 1675 2022 1730 quem-

383 1748 541 1814 dam,
565 1763 740 1819 quem
763 1749 1080 1820 apostolica
1097 1749 1327 1821 eloquia
1351 1767 1462 1807 non
1504 1756 1740 1807 norunt.
1782 1755 1922 1806 Cum
1956 1767 2026 1807 ex

2125 585 2342 655 θὲντων,
2395 586 2555 646 ὅσους
2602 582 2814 639 ἀνεῖλεν
2863 584 2925 639 τὸ
2973 583 3416 658 ἀμεταμέλητον.
3467 589 3523 642 Ὁ
3575 588 3774 664 γάρτοι

2124 676 2527 751 προειρημένος
2562 676 2820 741 Ἰοῦστος,
2853 674 2914 728 οὗ
2943 674 3132 749 χειρὸς
3161 673 3314 750 ἔργον
3349 675 3376 729 ὁ
3402 679 3499 730 τοῦ
3535 675 3777 732 ἀποστά-

2122 782 2219 816 του
2250 760 2478 832 κατέστη
2514 761 2758 828 θάνατος,
2795 760 2929 833 μετὰ
2968 757 3187 820 πολλὰς
3229 758 3428 831 ἄλλας,
3479 764 3570 817 οἱα
3602 762 3773 832 εἰκὸς,

2127 849 2350 925 ὁμιλίας
2393 873 2450 907 τε
2499 851 2589 906 καὶ
2641 853 2960 921 συζητήσεις
3011 851 3074 905 τὸ
3122 850 3490 907 ἀποστολικὸν
3523 849 3774 927 προϐαλ-

2126 941 2361 1016 λόμενος
2392 941 2579 1016 λόγιον
2612 941 2673 995 τὸ
2705 941 2927 1017 φάσκονα
2966 963 2988 994 ιι
3023 945 3141 995 ’Ότι
3175 939 3226 995 ἐν
3255 941 3402 1014 αὐτῷ
3433 940 3642 1014 ἐκτίσθη
3701 946 3772 1000 τὰ

2125 1033 2293 1086 πάντα
2340 1031 2408 1085 τᾶ
2451 1030 2502 1084 ἐν
2547 1029 2754 1104 οὐρανῷ
2803 1031 2891 1084 καί
2939 1029 3007 1084 τά
3056 1029 3144 1084 ἐπὶ
3189 1036 3289 1100 τῆς
3338 1037 3464 1104 γῆς,
3506 1032 3571 1086 τὰ
3602 1033 3773 1107 ὁρατά

2125 1121 2215 1176 καὶ
2264 1120 2329 1175 τά
2375 1120 2598 1194 ἀόρατα,
2651 1119 2757 1173 ε’ἰτε
2798 1117 2963 1194 ἀρχαὶ
3014 1117 3122 1174 ε’ίτε
3179 1117 3435 1189 ἐξουσίαι·
3484 1122 3552 1175 τά
3599 1123 3774 1176 πάντα

2129 1206 2197 1264 δι’
2245 1209 2411 1264 αὐτοῦ
2454 1208 2542 1263 καὶ
2583 1207 2660 1271 εἷς
2689 1209 2850 1262 αὐτὸν
2899 1206 3140 1278 ἐκτίσθη,
3191 1211 3282 1262 καί
3324 1207 3485 1270 αὐτός
3526 1207 3636 1264 ἐστι
3667 1210 3774 1282 πρὸ

2129 1298 2366 1366 πάντων,
2399 1299 2488 1352 καὶ
2518 1298 2583 1352 τά
2612 1298 2782 1353 πάντα
2815 1297 2865 1352 ἐν
2899 1299 3049 1368 αὐτῷ
3079 1297 3390 1368 συνέστηκε
3429 1322 3456 1350 ››
3501 1303 3664 1354 τοῦτο
3708 1297 3773 1370 δή

2129 1383 2581 1462 προϐεϐλημένος
2629 1387 2690 1441 τὸ
2742 1387 2906 1460 ῥητὸν
2955 1386 3304 1442 ἀντανίστατο
3361 1393 3441 1460 τῷ
3496 1394 3774 1461 Συμεῶνι,

2131 1477 2370 1556 φάσκων,
2415 1477 2490 1538 ὡς
2537 1474 2636 1552 ἄρα
2680 1478 2892 1551 μήποτε
2943 1477 3094 1532 αὐτοί
3154 1498 3214 1532 τε
3269 1478 3616 1550 ἠπατημένοι
3669 1479 3773 1534 εἶεν

2130 1569 2217 1623 καὶ
2249 1566 2378 1630 τοὺς
2407 1567 2707 1638 ἑπομένους
2739 1572 3134 1635 συναπατῶσιν,
3169 1567 3233 1622 οὐ
3263 1567 3357 1621 τὸν
3389 1570 3503 1640 (46)
3534 1570 3774 1638 ποιητὴν

2133 1655 2364 1729 ούρανοῦ
2409 1655 2501 1710 καὶ
2549 1661 2654 1732 γῆς
2696 1655 2825 1709 Θεὸν
2872 1654 3095 1726 ἀληθῶς
3139 1654 3229 1709 καὶ
3278 1652 3488 1732 Πατέρα
3536 1661 3634 1711 τοῦ
3675 1665 3774 1712 Κο-

2137 1748 2256 1820 ρίου
2320 1748 2472 1818 ἡμῶν
2523 1744 2619 1800 τοῦ
2665 1749 2900 1818 Χριστοῦ
2961 1743 3375 1821 ἐπιγράφοντες,
3435 1745 3581 1801 ἀλλά
3632 1747 3773 1820 παρά

382 1837 728 1908 hujusmodi
747 1841 1133 1896 commotione
1152 1839 1225 1895 lis
1242 1845 1297 1896 et
1312 1857 1506 1913 pugna
1523 1841 2025 1897 irreconciliahilis

2140 1839 2321 1889 τοῦτον
2380 1835 2494 1907 (47)
2551 1831 2733 1908 ἕτερόν
2793 1853 2936 1902 τινα,
2995 1834 3053 1886 ’ὸν
3124 1832 3189 1887 τὰ
3249 1832 3593 1890 ἀποστολικά
3675 1835 3776 1890 ούκ

382 1925 535 1981 inter
567 1942 665 1982 eos
684 1931 809 1983 orta
831 1933 1019 1997 esset;
1040 1930 1234 1984 Justus
1258 1929 1505 1985 Colonia:
1527 1930 1862 2003 episcOpum
1887 1947 2026 1985 con-

381 2015 560 2082 venit,
582 2021 646 2071 ut
677 2017 976 2086 apostolici
1009 2018 1148 2073 dicti
1181 2035 1418 2074 sensum
1449 2019 1668 2075 clarius
1690 2034 2028 2090 assequere-

384 2107 478 2157 tur
523 2119 536 2159 :
570 2102 659 2157 cui
691 2103 788 2158 ille
813 2104 1010 2159 omnia
1041 2105 1344 2174 enarravit,
1370 2123 1497 2176 quas
1529 2107 1678 2163 inter
1699 2123 1827 2162 sese
1859 2111 1914 2162 et
1945 2123 2031 2162 so-

383 2191 541 2246 dates
572 2207 712 2247 suos
741 2193 1118 2264 contigerant.
1155 2193 1253 2250 Ille
1284 2211 1406 2250 rem
1441 2195 1781 2267 Imperatori
1807 2196 2029 2252 denun-

383 2279 564 2338 tiavit.
599 2281 655 2336 Is
684 2283 809 2338 tum
843 2286 964 2338 erat
995 2283 1384 2352 Justiaianus,
1419 2286 1513 2355 qui
1550 2289 1673 2354 post
1704 2285 2030 2340 Heraclium

381 2367 696 2438 imperium
730 2375 1050 2441 acceperat,
1085 2371 1305 2442 quique
1337 2373 1656 2440 mandavit,
1689 2377 1755 2427 ut
1785 2372 1904 2427 hac
1935 2388 2031 2427 ne-

382 2455 542 2527 gotia
572 2457 982 2528 perquisitioni
1015 2459 1252 2527 etjusto
1293 2459 1519 2529 judicio
1567 2460 2029 2530 subjicerentur;

384 2545 464 2600 ita
496 2549 559 2600 ut
590 2545 684 2614 iis,
720 2546 820 2616 qui
854 2547 1194 2618 resipiscere
1224 2547 1467 2616 nollent,
1499 2554 1596 2605 aut
1626 2551 1724 2620 qui
1758 2552 2036 2622 pmniten-

386 2631 528 2688 tiam
561 2631 702 2688 olim
737 2633 1000 2704 polliciti,
1051 2636 1438 2693 nihilominus
1485 2637 1546 2694 in
1595 2640 1882 2711 apostasia
1931 2656 2034 2694 sua

385 2727 845 2793 perseverarent,
880 2722 1033 2794 ignis
1065 2725 1415 2796 supplicium
1470 2727 1753 2784 subirent.
1806 2729 1870 2784 Et
1917 2728 2033 2784 alia

387 2807 629 2880 quidem
659 2809 976 2868 multitudo
1010 2829 1126 2870 una
1157 2830 1290 2872 cum
1321 2817 1750 2890 Symeone,qui
1782 2823 1837 2874 et
1868 2817 2031 2875 Titus

387 2897 726 2966 vocabatur,
759 2901 966 2958 acerbo
999 2903 1200 2959 mortis
1230 2919 1439 2976 genere
1469 2906 1659 2977 periit.

2134 1921 2412 1978 ἐπίσταται
2442 1920 2626 1998 λόγια.
2661 1922 2753 1976 Ἐκ
2781 1921 2981 1989 ταύτης
3012 1917 3069 1976 δὲ
3108 1924 3208 1986 τῆς
3259 1925 3547 1994 κινήσεως,
3598 1918 3781 1997 ἔριδος

2137 2012 2318 2074 αὐτοῖς
2367 2012 2458 2066 καὶ
2511 2014 2698 2087 μάχης
2750 2008 3020 2066 ἀσπόνδου
3079 2013 3367 2084 συστάσης,
3408 2014 3680 2084 πρόσεισιν
3744 2015 3772 2068 ὁ

2138 2101 2374 2162 Ἰοῦστος
2417 2106 2496 2174 τῷ
2553 2099 2874 2165 Κωλωνείας
2921 2101 3225 2174 ὲπισκόπῳ,
3278 2102 3350 2163 ὡς
3393 2100 3450 2156 ἃν
3494 2101 3592 2168 τὴν
3635 2098 3768 2156 διά-

2137 2212 2285 2246 νοιαν
2317 2193 2412 2245 τοῦ
2454 2189 2824 2246 ἀποστολικοῦ
2865 2191 3032 2263 ῥητοῦ
3079 2184 3379 2244 καταλάϐοι
3425 2190 3768 2268 σαφεστερον,

2138 2277 2226 2333 καὶ
2259 2275 2622 2332 ἀνακαλύπτει
2656 2279 2844 2345 πάντα,
2878 2277 2974 2332 ὅσα
3007 2276 3152 2349 αύτῷ
3181 2297 3239 2332 τε
3287 2276 3373 2331 καὶ
3417 2281 3533 2338 τοῖς
3583 2283 3784 2333 συνοῦ-

2140 2389 2222 2423 σιν
2277 2364 2647 2442 διεπράττετο.
2694 2369 2750 2422 Ὀ
2818 2364 2874 2422 δὲ
2917 2366 3166 2444 ἀναφέρει
3224 2371 3391 2421 ταῦτα
3428 2370 3507 2438 τῷ
3568 2366 3788 2442 βασιλεῖ

2141 2457 2544 2528 (Ἰουστινιανὸς
2577 2454 2633 2511 δὲ
2661 2457 2748 2526 ἦν,
2782 2457 2809 2510 ὁ
2845 2457 2977 2530 μετά
3005 2454 3323 2530 Ἡράκλειον
3363 2457 3464 2524 τήν
3499 2455 3782 2531 βασιλείαν

2143 2541 2567 2618 διαδεξάμενος)·
2619 2545 2708 2600 καὶ
2760 2545 2818 2607 ὃς
2869 2543 3057 2618 ἐρεύνῃ
3107 2545 3199 2600 καὶ
3255 2543 3428 2619 κρίσει
3477 2543 3661 2614 δικαία
3715 2547 3786 2601 τά

2141 2635 2258 2690 κατ’
2307 2635 2503 2695 αὐτοὺς
2552 2629 2934 2705 ὑποϐληθῆναι
2973 2633 3257 2702 κελεύσας,
3306 2633 3436 2697 τούς
3485 2655 3544 2690 τε
3581 2634 3784 2709 ἀμετα-

2146 2726 2404 2798 μελήτως
2457 2727 2568 2798 (48)
2628 2719 2882 2803 ἔχοντας,
2933 2725 3022 2780 καὶ
3068 2723 3200 2786 τοὺς
3262 2724 3548 2798 μετάνοιαν
3612 2723 3784 2780 πάλαι

2148 2815 2240 2887 μὶν
2271 2813 2794 2889 ἐπαγγειλαμένους,
2827 2815 3040 2887 ὁμοίως
3073 2811 3129 2868 δὲ
3153 2815 3242 2868 καὶ
3275 2816 3388 2887 (49)
3431 2817 3533 2884 την
3579 2815 3786 2870 ἑαυτῶν

2143 2904 2474 2959 ἀποστασίαν
2505 2904 2862 2979 περιέποντας
2896 2906 3035 2977 (50),
3065 2904 3156 2957 τὸν
3189 2901 3279 2958 διὰ
3315 2905 3487 2978 πυρὸς
3534 2904 3788 2975 ὑποστῆ-

384 3005 471 3040 ναι
519 2986 822 3061 προσάταξε
869 2989 1114 3047 θάνατον.
1168 2992 1266 3046 Καὶ
1306 2993 1368 3047 τὸ
1417 2993 1513 3065 μὲν
1563 2989 1704 3049 ἄλλο
1752 2992 1966 3065 πλῆθος
2016 2995 2130 3068 ἅμα
2175 2997 2447 3066 Συμεῶνι,
2501 2998 2580 3066 τῷ
2636 2993 2725 3048 καὶ
2774 2993 2936 3065 Τίτῳ,
2969 2991 3140 3054 οὕτως
3171 2996 3269 3046 τοῦ
3301 2997 3400 3067 ζῇν
3431 2995 3642 3067 πικρῶς
3681 2993 3787 3048 ἀπ-

384 3075 644 3149 εστερήθη
653 3095 744 3129 σαν
755 3118 767 3130 .

453 3163 607 3220 ΧΙΧ.
631 3165 847 3222 Paulus
873 3183 1006 3225 vero
1024 3169 1288 3240 quidam,
1324 3171 1638 3228 Armenius
1669 3188 1902 3245 genere,
1935 3173 2027 3230 cui
2059 3181 2102 3248 ε

384 3255 498 3311 duo
529 3253 633 3310 filii
667 3260 834 3312 erant
862 3257 1196 3329 Gegnaasius
1218 3264 1274 3315 et
1304 3260 1671 3334 Theodorus,
1711 3262 2022 3336 supplicio,

383 3344 536 3416 quod
565 3343 670 3399 toti
703 3346 1112 3416 Apostatarum
1146 3349 1318 3404 ccetui
1351 3351 1706 3407 destinatum
1743 3353 1950 3420 fuerat,
1969 3369 2032 3408 se

383 3431 521 3502 fuga
550 3433 911 3504 subducens,
942 3433 1001 3490 in
1034 3435 1227 3493 vicum
1261 3454 1440 3509 supra
1471 3441 2028 3512 memoratum,Epi-

382 3519 600 3590 eparim
633 3522 891 3589 nomine,
925 3528 1218 3593 receptum
1253 3525 1480 3594 habuit,
1522 3527 1619 3582 ubi
1668 3528 2030 3600 impietatem

381 3608 768 3664 disseminare
800 3611 1141 3667 conabatur.
1179 3614 1266 3668 Ab
1307 3613 1417 3670 hoc
1460 3619 1654 3673 autem
1685 3617 1862 3674 Paulo
1897 3634 2030 3689 pars

380 3696 722 3753 defectionis
752 3715 870 3754 non
901 3699 1169 3768 minima,
1203 3707 1259 3758 et
1283 3701 1624 3760 detestanda
1672 3705 2030 3763 Manichaeo-

380 3800 512 3840 rum
561 3789 731 3857 putat
777 3802 840 3844 se
891 3788 1432 3848 denominationem
1483 3794 1793 3864 accepisse,
1838 3795 2030 3866 potius

382 3889 561 3946 quam
593 3890 663 3931 ex
693 3873 1000 3933 Callinices
1029 3877 1184 3934 ﬁliis.
1222 3879 1322 3937 Hic
1351 3880 1536 3937 ﬁlium
1569 3899 1743 3938 suum
1785 3887 2026 3957 Gegnaa-

381 3961 533 4019 cium
563 3963 887 4036 impietatis
909 3967 1250 4040 magistrum
1283 3971 1613 4037 constituit,
1638 3973 1766 4044 ejus
1791 3974 2031 4030 nomine

377 4050 437 4108 in
487 4051 852 4110 Timotheum
902 4061 1277 4115 commutato.
1328 4060 1452 4125 Qua
1501 4062 1572 4117 de
1628 4077 1796 4118 causa
1851 4063 2032 4119 frater

377 4142 501 4213 ejus
529 4141 750 4199 invidia
780 4145 1123 4205 stimulatur
1154 4165 1168 4204 :
1204 4149 1424 4206 invidia
1453 4155 1648 4207 autem
1679 4151 2028 4208 seditionem

451 4265 476 4300 ‘
502 4266 722 4325 Coloss.
747 4285 788 4336 ι,
817 4269 1005 4325 16-18.

2213 3175 2312 3228 ΙΘ“.
2355 3169 2572 3232 Παῦλος
2616 3166 2672 3225 δέ
2718 3189 2822 3238 τις,
2871 3169 3027 3244 γένος
3076 3168 3388 3243 Ἀρμένιος,
3431 3165 3528 3224 δύο
3574 3168 3788 3225 παίδων

2136 3260 2338 3333 πατὴρ,
2390 3260 2465 3314 ὧν
2514 3260 2747 3332 (51)τῷ
2801 3259 2895 3331 μὲν
2941 3260 3008 3328 ἦν
3059 3257 3373 3332 Γεγναίσιος
3425 3259 3562 3333 (52),
3608 3263 3688 3331 τῷ
3729 3256 3789 3314 δὲ

2141 3344 2419 3420 Θεόδωρος
2465 3344 2663 3420 ὄνομα,
2719 3351 2816 3402 τοῦ
2867 3348 3097 3402 θανάτου
3146 3344 3514 3420 διαδιδράσκει
3554 3351 3690 3420 (53),
3724 3348 3786 3409 ὃς

2138 3436 2274 3490 κατὰ
2321 3437 2500 3508 πάσης
2550 3443 2648 3506 τῆς
2696 3433 3057 3498 ἀποστάτιδος
3109 3435 3304 3511 μοίρας
3356 3435 3646 3515 ἐψήῳιστο,
3690 3436 3786 3491 καὶ

2139 3525 2490 3602 παραγίνεται
2537 3526 2629 3599 μὲν
2677 3525 2752 3586 εἷς
2800 3527 2900 3595 τήν
2951 3523 3149 3580 ἄνωθεν
3199 3527 3336 3598 ἡμῖν
3393 3525 3783 3599 ὀνομασθεῖσαν

2139 3613 2484 3690 Ἐπίσπαριν,
2543 3615 2634 3668 καὶ
2689 3615 2924 3688 σπείρειν
2993 3611 3290 3684 ἐσπούδαζε
3352 3615 3452 3683 τήν
3510 3609 3779 3670 ἀσέϐειαν.

2140 3704 2238 3758 Ἐκ
2278 3703 2473 3758 τούτου
2525 3701 2590 3773 δὴ
2643 3708 2739 3759 τοῦ
2790 3701 3011 3759 Παύλου
3060 3703 3213 3777 μερὶς
3261 3705 3360 3759 οὐκ
3387 3702 3639 3776 ἐλαχίστη
3671 3705 3776 3772 τῆς

2139 3791 2470 3854 ἀποστασίας
2508 3793 2597 3847 καὶ
2648 3794 2747 3861 τήν
2807 3791 3122 3866 ἐπωνυμίαν
3170 3791 3348 3847 ἕλκειν
3401 3789 3604 3865 μᾶλλον
3645 3791 3682 3860 ἣ
3717 3791 3782 3846 ἐκ

2138 3886 2244 3936 τῶν
2302 3885 2398 3952 τῆς
2447 3882 2780 3953 Καλλινίκης
2843 3885 2954 3957 (54)
3005 3881 3214 3938 παίδων
3264 3884 3326 3938 τὸ
3385 3882 3620 3957 μυσαρὸν
3675 3886 3789 3937 τῶν

2139 3973 2461 4052 Μανιχαίων
2491 3972 2642 4037 ἔθνος
2687 3973 3004 4046 νομίζουσιν
3245 3974 3412 4036 Οὗτος
3461 3974 3552 4028 τὸν
3593 3974 3791 4029 ἑαυτοῦ

2137 4060 2254 4116 υἱὸν
2313 4063 2622 4138 Γεγναίσιον
2698 4061 2775 4125 είς
2837 4063 2899 4117 τὸ
2960 4068 3060 4132 τῆς
3119 4061 3412 4133 ἀθεότητος
3468 4062 3791 4135 προκαθίξει

2139 4147 2539 4222 διδασκαλεῖον,
2573 4152 2952 4225 μετονομάσας
2978 4150 3260 4224 Τιμόθεον.
3297 4151 3383 4220 Ἐξ
3416 4150 3479 4205 οὗ
3530 4147 3598 4219 δὴ
3653 4150 3792 4230 φθό-

1548 4395 1788 4451 ἾΑΒΙᾹΞ
1829 4395 2217 4454 LECTIONES
2257 4399 2344 4454 ΕΤ
2381 4397 2608 4456 NOTAE.

742 4493 853 4576 τρν.
908 4497 1369 4582 Ιιιξνωειιορυω
1401 4499 1632 4582 Nostro,
1661 4518 1838 4576 quam
1869 4501 2028 4556 αὐτὸν

2361 4504 2702 4582 Γεγναίσιος.
2751 4509 2953 4564 Petrus
3001 4507 3254 4578 Siculus,
3302 4508 3341 4563 l.
3374 4523 3446 4582 _c.
3503 4505 3786 4582 Γεγνέσιος

383 4564 924 4641 canoisliniano.
977 4567 1082 4641 Hic
1129 4569 1285 4625 enim
1337 4564 1657 4641 palmariu's
1677 4564 1866 4630 ἐι-τοι·
1911 4583 2032 4630 erat

381 4637 852 4704 Manichaeorum,
887 4640 1040 4709 quod
1075 4656 1184 4696 non
1213 4637 1461 4698 eumdem
1490 4645 1850 4702 conditorem
1901 4647 2028 4702 coeli

383 4713 440 4790 et
470 4712 657 4790 terrae,
691 4725 866 4790 quam
902 4714 1155 4790 Patrem
1169 4714 1414 4790 Christi,
1439 4715 1734 4790 crederent
1765 4723 1822 4774 et
1851 4720 2034 4790 proﬁ-

383 4783 669 4851 terentur,
711 4782 861 4851 quod
895 4788 1092 4840 tamen
1127 4789 1332 4843 Justus
1361 4782 1418 4841 vi
1452 4787 1591 4844 dicti
1629 4782 1868 4846 Paulini
1907 4790 2033 4846 ﬁeri

386 4850 595 4906 debere
623 4850 876 4908 videbat.

602 4921 775 5003 Παρά.
807 4925 903 5003 Ita.
924 4930 1078 5003 recte
1108 4927 1464 5003 C_oislin.,_at
1493 4932 1700 4987 Noster
1727 4931 1872 5003 περί.

455 4993 572 5074 (ιβ)
602 4993 662 5048 Ἀ
675 4993 1094 5074 μεταμελήτως.
1116 4999 1340 5074 _It‘ahex‘
1362 4993 1618 5068 'Nostro,
1670 5020 1772 5074 pro
1799 4993 2029 5074 ’ἀμετα-

389 5063 852 5138 μιλήτουςοιιοᾶ
901 5063 1078 5125 habet
1107 5070 1517 5129 Coislinianus.
1553 5063 1787 5130 Phrasis
1821 5063 2034 5130 Graecis

385 5137 814 5210 perfamiliaris.

459 5207 573 5348 (49)
597 5209 718 5263 Καί.
753 5210 985 5268 Rectius
1017 5227 1132 5267 non
1165 5215 1428 5285 agnoscit
1460 5232 1569 5271 ms.

462 5280 550 5343 (50
617 5283 1000 5348 Περιὲποντας.
1067 5285 1150 5339 Ita
1197 5288 1416 5348 optime
1464 5287 1569 5343 Coi;

462 5280 580 5359 (5Q)-
617 5283 1000 5359 IIepzénovtac.
1067 5285 1150 5339 Ita
1197 5280 1416 5359 optime
1464 5287 1870 5359 Coislinianus,
1932 5306 2032 5359 pro

462 5307 573 5348 \UU}
617 5307 1000 5353 μεριξ-κοντας.
1067 5307 1150 5339 Ita
1197 5307 1416 5356 optime
1464 5307 1870 5359 ueisunianus,
1971 5307 2032 5346 ΓΟ

389 5367 507 5432 _q_uo
533 5350 741 5432 Noster
771 5355 1048 5411 mendose
1069 5357 1480 5426 περιπεσόντας.
1508 5359 1862 5430 Frequenter
1882 5307 2032 5417 Pﬁo-

385 5423 508 5477 tius
541 5423 716 5492 priori
751 5440 889 5480 voce
921 5442 1063 5480 usus
1093 5423 1200 5484 est.

454 5495 565 5564 (5t)
615 5494 734 5568 Ὧν.
785 5497 869 5552 Ita
916 5497 1122 5553 Noster
1171 5515 1271 5568 pro
1311 5497 1386 5553 ὢν
1437 5500 1812 5558 Coisliniano.
1865 5503 2032 5559 Prius

384 5571 541 5620 certe
573 5567 760 5639 magis
792 5567 1431 5641 quadrat,referendum
1455 5572 1678 5627 scilicet
1700 5577 1770 5629 ad
1803 5572 2032 5641 παίδων,

386 5651 566 5716 quam
599 5638 910 5716 posterius,
943 5641 1100 5716 quod
1135 5643 1450 5713 pertineret
1480 5644 1550 5699 ad
1592 5645 1795 5716 πατήρ.
1830 5638 2033 5704 Petrus

387 5707 624 5766 Siculus
655 5710 868 5767 astruit
896 5707 1206 5770 lectionem
1237 5718 1519 5786 nostram,
1552 5731 1608 5787 p.
1633 5714 1720 5770 48.

2140 4577 2212 4631 ob
2243 4577 2495 4648 similem
2512 4577 2575 4648 τὸ
2605 4597 2658 4631 αι
2693 4585 2750 4635 et
2779 4599 2803 4633 ε
2832 4577 3246 4648 pronuntiandi
3281 4579 3586 4648 rationem.

2211 4644 2774 4724 (53)λΔιαδιδράσκει.
2827 4644 3167 4724 ῘῐιιγΝοβῐθιδ
3214 4669 3314 4724 pro
3345 4647 3788 4724 διδράσκειηϐο-

2136 4717 2668 4797 ἀίδιααοίειίηίὶιοὶ
2694 4724 2892 4778 Petrus
2917 4723 3150 4778 Siculus
3192 4717 3365 4779 habet
3393 4717 3784 4797 ἀποδιδράσκει

2135 4791 2338 4846 eodem
2372 4808 2571 4848 sensu.

2193 4865 2324 4987 2(51:)
2357 4861 2710 4933 Καλλινίκης.
2764 4866 2838 4920 De
2881 4863 3058 4936 hujus
3113 4865 3250 4922 ﬁliis
3299 4865 3429 4922 vide
3476 4881 3658 4938 supra
3709 4866 3785 4922 ad

2207 5006 2320 5080 (55)
2367 5007 2690 5080 Μανιχαίων
2739 5001 2930 5068 ἔθνος..
2985 5008 3354 5064 Recentiores
3410 5008 3650 5080 scilicet;
3673 5007 3784 5075 illi,

2137 5077 2232 5150 qui
2264 5077 2582 5133 Pauliciani
2612 5085 2910 5145 vocantur,
2937 5081 3150 5150 quique
3177 5097 3290 5136 non
3325 5096 3358 5134 a
3389 5080 3563 5135 Paulo
3594 5078 3694 5136 illo
3727 5087 3789 5136 et

2133 5149 2374 5222 Joanne,
2407 5151 2477 5204 de
2509 5150 2725 5220 quibus
2756 5151 2793 5206 l.
2828 5167 2878 5206 ο.
2912 5152 3010 5206 sed
3045 5149 3078 5206 a
3107 5150 3283 5207 Paulo
3315 5153 3568 5222 quodam
3589 5154 3788 5207 Arme-

2137 5220 2255 5284 nio,
2281 5221 2422 5294 istis
2442 5223 2780 5290 recentiore,
2807 5221 3062 5278 nominis
3097 5225 3188 5277 sui
3229 5220 3516 5294 originem
3550 5223 3788 5292 repetie-

2137 5298 2294 5366 runt,
2313 5293 2596 5361 majorum
2615 5294 2838 5349 scilicet
2852 5293 3243 5366 exemplo,qui
3261 5293 3580 5366 superioris
3598 5295 3788 5351 aetatis

2135 5363 2400 5419 doctores
2429 5380 2582 5430 suos,
2617 5368 2770 5435 quod
2802 5381 2866 5421 ex
2911 5363 3094 5436 §3et
3139 5363 3196 5430 4',
3247 5363 3536 5432 constant,
3586 5381 3785 5422 recen-

2137 5436 2381 5507 tioribus
2414 5441 2781 5504 postponere,
2805 5453 3122 5507 eorumque
3154 5437 3309 5491 inter
3349 5453 3411 5491 se
3443 5437 3780 5494 memoriam

2135 5506 2470 5561 oblitterare
2519 5514 2966 5563 consueverunt.
3011 5506 3244 5563 Interim
3297 5514 3496 5564 notare
3545 5509 3637 5562 hic
3697 5511 3784 5565 fas

2135 5582 2241 5642 est,
2303 5577 2481 5632 videri
2541 5579 2649 5634 hoc
2704 5578 2830 5634 loco
2885 5586 3115 5634 Petrum
3175 5581 3434 5634 Siculum
3497 5595 3530 5633 a
3570 5581 3782 5636 Photio

2135 5648 2603 5722 abiretquando,
2629 5668 2684 5722 p.
2719 5651 2807 5722 48,
2832 5650 3048 5722 diserte
3069 5651 3539 5707 Paulicianorum
3564 5668 3780 5710 nomen

2135 5735 2170 5774 a
2200 5717 2380 5776 Paulo
2405 5727 2462 5777 et
2487 5717 2734 5793 Joanne,
2767 5721 3078 5781 Callinices
3109 5723 3270 5794 ﬁliis,
3297 5721 3540 5781 derivat.
