4074 6208
305 341 389 401 53
1439 339 1746 402 CONTRA
1792 343 2263 410 MANICHAEOS
2310 351 2538 415 LIBER
2582 359 2632 417 Ι.
2921 337 2926 344 ’
3664 377 3744 436 54

317 511 419 553 νος
464 490 556 563 μὲν
579 485 843 566 ἐμφύεται
876 491 960 561 τῷ
992 486 1353 578 ἀδελφῷηκαὶ
1385 491 1412 545 ὁ
1445 491 1640 567 φθόνος
1690 493 1791 561 τήν
1844 496 1940 550 στά

2086 485 2342 578 peperit:
2445 495 2546 545 aut
2577 493 2761 550 divisa
2793 495 3062 568 impietas
3085 501 3351 574 seipsam
3375 506 3736 578 dilaceraret,

326 600 414 633 σιν
452 578 745 633 ἀπέτικτεν.
800 577 909 634 Καὶ
972 578 1166 646 ἑαυτὴν
1237 575 1564 652 διαιρεθεῖσα
1609 583 1722 656 (56)
1771 583 1943 638 κατενὲ

2093 570 2511 666 altercantibus
2553 579 2667 636 illis
2697 587 2813 639 tam
2848 593 3055 644 natura
3086 570 3263 661 quam
3295 593 3595 666 impietate
3627 570 3736 655 fra;

331 689 457 742 μετο
519 669 553 736 ἠ
612 662 832 722 ἀσέϐεια
888 671 1001 722 τῶν
1060 664 1307 744 ἀδελφῶν
1363 668 1454 723 καὶ
1503 669 1602 738 τὴν
1639 673 1848 746 μήτραν
1891 693 1943 727 κα

2089 661 2304 732 tribus,
2337 665 2450 721 alio
2477 668 2714 738 quidem
2748 673 2995 746 dicente,
3030 677 3272 736 missam
3307 698 3339 737 a
3369 661 3538 741 ῥαίνει
3569 685 3737 744 desu-

323 757 420 823 τὴν
473 749 746 824 ἀσέϐειαν,
806 759 905 810 τοῦ
967 757 1063 829 μὲν
1112 753 1369 829 λέγοντος
1421 759 1521 826 τήν
1593 763 1692 814 τοῦ
1775 762 1980 836 πατρὸς

2091 765 2193 820 per
2250 755 2498 823 gratiam
2548 758 2617 812 ab
2664 775 2750 830 eo,
2785 766 2881 833 qui
2917 774 3237 838 acceperat,
3269 788 3331 827 se
3360 776 3734 846 suscepisse:

316 846 520 899 ἄνωθεν
588 843 1011 918 ἀπεσταλμενην
1065 845 1251 921 χάριν,
1308 846 1496 902 ἑαυτόν
1551 869 1608 903 τε
1673 870 1819 923 παρα
1885 871 1943 906 το

2090 853 2266 911 seque
2297 845 2696 914 prefecturam
2737 850 3054 922 impietatis
3109 862 3360 916 secundo
3393 879 3505 919 non
3538 843 3734 923 cessu-

305 929 586 997 λαϐόντος
636 935 772 1007 (56⁸)
825 931 1178 1006 εἰσδέξασθαι,
1228 935 1315 989 καὶ
1362 939 1461 990 τοῦ
1512 939 1816 1012 προνομίου
1883 946 1943 1009 τῆ

2089 942 2208 984 ram
2250 946 2412 999 esse;
2448 934 2747 992 Theodoro
2781 945 2971 996 autem
3033 943 3183 1002 hanc
3215 949 3284 1002 ad
3342 966 3404 1006 se
3445 953 3730 1016 trahente,

303 1017 572 1085 ἀσεϐείας
608 1027 691 1095 τῷ
723 1020 961 1097 δευτέρῳ
1021 1024 1097 1095 μή
1146 1022 1468 1094 έξίστασθαι’
1535 1030 1633 1081 τοῦ
1683 1023 1739 1082 δὲ
1768 1025 1983 1084 Θεοδώ-

308 1131 412 1186 ρου
461 1110 678 1182 ταύτην
735 1111 1106 1174 ἀντισπῶντος
1153 1111 1233 1190 ἐφ’
1281 1113 1489 1180 ἑαυτὸν,
1524 1117 1613 1170 καί
1667 1119 1742 1190 μή
1775 1119 1980 1193 πατρό-

301 1202 394 1256 θεν
430 1203 556 1276 (57)
587 1201 648 1256 ἐκ
693 1206 792 1256 τοῦ
853 1196 1123 1264 λαϐόντος
1165 1199 1383 1277 δευτέρᾳ
1443 1202 1588 1260 δόσει
1655 1214 1972 1286 μετασχεῖν,

300 1291 439 1349 ἀλλ’
469 1292 535 1349 ἐκ
573 1300 676 1363 τῆς
700 1295 930 1370 πρώτης
971 1292 1197 1368 δωρεᾶς,
1238 1295 1328 1350 καὶ
1361 1297 1479 1351 ὅθεν
1541 1298 1568 1351 ὁ
1609 1301 1788 1374 πατὴρ
1844 1302 1975 1354 ταύ-

294 1404 403 1455 την
438 1381 724 1441 εἵλκυσεν.
759 1385 1007 1458 Ἔμεινεν
1039 1381 1129 1438 οὗν
1184 1386 1218 1454 ἡ
1258 1385 1484 1456 τοιαύτη
1538 1386 1722 1451 στάσις
1761 1387 1850 1442 καὶ
1882 1410 1970 1466 φι-

302 1472 561 1528 λονεικία
604 1472 902 1550 μέχριτοῦ
935 1469 1335 1548 έϐδελυγμένου
1381 1474 1581 1538 τέλους
1636 1484 1738 1546 τῆς
1792 1478 1968 1533 αὐτῶν

2086 1030 2152 1071 ac
2183 1017 2410 1075 dicente
2441 1038 2499 1076 se
2533 1040 2647 1080 non
2680 1042 2712 1080 a
2740 1028 2906 1084 Patre
2954 1045 3020 1085 ex
3069 1033 3218 1103 ejus,
3262 1038 3361 1105 qui
3410 1051 3730 1114 acceperat,

2087 1121 2262 1202 manu
2297 1111 2462 1180 quasi
2493 1115 2748 1170 secundo
2781 1117 2928 1173 dono
2949 1123 3260 1193 accepisse,
3294 1129 3395 1182 sed
3419 1144 3489 1184 ex
3538 1111 3728 1202 primo

2083 1195 2255 1264 dono,
2290 1203 2345 1253 et
2390 1200 2526 1257 inde
2566 1203 2856 1273 hausisse,
2891 1209 3044 1264 unde
3095 1212 3258 1268 Pater
3289 1195 3558 1273 traxerat:
3596 1223 3725 1278 Haec

2082 1302 2253 1356 porro
2284 1291 2492 1347 seditio
2523 1294 2931 1368 contentioque
2962 1299 3030 1352 ad
3067 1315 3248 1372 usque
3286 1304 3457 1361 finem
3491 1307 3716 1380 impiis-

2079 1375 2238 1430 simas
2262 1379 2563 1436 amborum
2599 1383 2729 1438 vitae
2763 1391 3159 1456 perseverarit.
3195 1391 3302 1447 Leo
3333 1398 3549 1464 autem,
3577 1375 3723 1453 tier-

2080 1467 2339 1522 maniciaa
2371 1469 2430 1524 in
2464 1471 2626 1543 Syria
2656 1477 2840 1539 ortus,
2861 1482 2997 1531 tunc
3031 1477 3276 1536 Romani
3305 1482 3532 1555 imperii
3566 1503 3724 1558 scep-

301 1560 750 1634 δυσσεϐεστάτης
785 1569 953 1634 ζωῆς.
987 1566 1048 1621 Ὀ
1077 1559 1135 1618 δὲ
1165 1563 1225 1618 ἐκ
1272 1564 1657 1638 Γερμανικείας
1704 1571 1803 1633 τῆς
1836 1589 1943 1624 κατι

2075 1558 2162 1610 tra
2191 1557 2623 1626 moderabatur,
2658 1563 2756 1632 qui
2791 1567 3100 1637 compertis
3126 1567 3592 1640 impiissimorum
3620 1557 3720 1634 ho-

299 1653 506 1727 Συρίαν
556 1653 706 1709 Λέων
775 1656 914 1727 (57¹”)
970 1657 1261 1722 τηνικαῦτα
1308 1655 1372 1708 τὰ
1403 1661 1650 1729 σκῆπτρα
1689 1664 1788 1726 τῆς
1829 1658 1970 1713 Ῥω-

2075 1646 2300 1700 minum
2333 1649 2532 1719 gestis,
2567 1649 2930 1723 Gegnzesium
2978 1658 3296 1714 accersivit.
3329 1662 3472 1718 Cum
3522 1668 3719 1720 autem

305 1749 524 1816 μαῖκῆς
579 1743 760 1818 ἀρχῆς
816 1745 930 1816 (58)
989 1741 1390 1817 ένεχειρίζετοο
1462 1745 1520 1806 ὅς
1577 1746 1645 1800 τὰ
1695 1747 1818 1819 περὶ
1857 1752 1943 1801 τῶι

2072 1736 2248 1807 probe
2280 1739 2453 1794 sciret
2486 1740 2602 1795 haec
2646 1743 3019 1798 examinandi
3041 1746 3144 1816 jus
3169 1764 3284 1803 non
3319 1749 3429 1806 sibi
3482 1767 3721 1825 compe-

309 1827 687 1888 ἆσεῧεστάτων
745 1832 953 1887 τούτων
1011 1832 1326 1905 ἀναμαθὼν,
1389 1833 1774 1908 μετάπεμπτον
1871 1837 1943 1908 μὶ·

2071 1829 2212 1893 tere,
2247 1843 2408 1882 reum
2457 1831 2524 1883 ad
2560 1830 3120 1900 patriarcbamillius
3155 1840 3433 1910 temporis
3465 1819 3711 1913 remisit,

318 1925 573 1974 ποιεῖται
633 1921 719 1974 τὸν
773 1919 1100 1995 Γεγναίσιον.
1154 1920 1263 1975 Ούκ
1319 1917 1462 1996 ἔχων
1534 1919 1591 1976 δὲ
1646 1923 1818 1998 κρίσιν
1901 1925 1966 1980 τὰ

319 2011 556 2062 τοιαῦτα
601 2005 879 2082 διερευνᾷν,
931 2009 1018 2063 καὶ
1076 2012 1240 2064 τοῦτο
1288 2010 1472 2072 καλῶς
1505 2009 1778 2081 συνειδὼς,
1805 2013 1965 2077 αὐτὸς

312 2097 423 2168 μὲν
453 2095 552 2151 ούκ
592 2095 816 2166 ἐξετάζει
863 2098 960 2152 τὸν
1009 2096 1337 2153 αἲτιαθένταο
1368 2103 1447 2170 τῷ
1490 2096 1546 2154 δὲ
1574 2101 1710 2155 κατὰ
1739 2101 1964 2175 καιροὺς

294 2189 419 2239 τῶν
483 2185 763 2260 ἱερατικῶν
816 2187 1026 2259 θρόνων
1053 2187 1153 2256 τὴν
1198 2183 1490 2262 προεδρίαν
1521 2184 1749 2262 λαχόντι
1783 2189 1960 2259 ἐξετα-

293 2276 644 2347 σθησόμενον
706 2276 840 2352 ὑπὲρ
899 2283 999 2346 τῆς
1046 2278 1336 2351 θρησκείας
1395 2274 1710 2349 διαπέμπει.
1776 2279 1960 2354 Λόγων

291 2361 402 2419 οὖν
443 2361 673 2420 πολλῶν
707 2366 845 2440 πρὸς
881 2366 975 2420 τὸν
1007 2365 1318 2437 ἀποστάτην
1348 2365 1836 2441 προεληλυθότων,
1866 2368 1957 2423 καὶ

283 2452 366 2509 τὰ
419 2454 517 2525 μὲν
571 2458 684 2508 τῶν
739 2450 1124 2528 ἀσεϐημάτων,
1175 2455 1249 2517 ὡς
1299 2453 1422 2518 ἔθος
1471 2457 1656 2518 αὐτοῖς
1703 2454 1794 2512 διὰ
1857 2465 1956 2527 τῆς

287 2546 584 2621 ἀρνήσεως
630 2544 1034 2620 ἀποδυομένου,
1081 2548 1148 2602 τὰ
1197 2545 1274 2617 δὲ,
1334 2549 1573 2622 ῥήμασιν
1640 2547 1954 2624 ὀρθοδόξοις

285 2634 768 2709 ὶπιχρωννύντος,
799 2637 889 2691 καὶ
942 2640 1020 2708 τῷ
1084 2635 1425 2710 πολυπλόκῳ
1479 2641 1588 2692 τῶν
1637 2633 1956 2712 μεταϐολῶν

283 2727 364 2794 ἧς
401 2722 600 2803 ἔνοχος
649 2726 718 2794 ἦν
751 2724 1106 2797 ἀποστασίας,
1137 2723 1530 2789 διεισδύνοντός
1569 2748 1628 2782 τε
1656 2729 1745 2782 καὶ
1777 2725 1954 2783 διολι-

293 2813 640 2886 σθαίνοντος,
700 2815 735 2882 ἡ
793 2817 901 2868 τῶν
960 2815 1238 2890 ἀκροατῶν
1309 2818 1492 2890 ψῆφος
1550 2816 1769 2892 ἀφεώρα
1816 2818 1952 2892 πρὸς

285 2901 581 2958 ἆθώωσιν·
634 2902 725 2958 καὶ
779 2904 807 2958 ὁ
855 2902 1030 2971 πάσης
1089 2898 1336 2965 ἀσεϐείας
1377 2903 1602 2980 πλήρης
1674 2905 1954 2969 ἀνεύθυνος

277 2992 437 3046 εἶναι
486 2998 594 3048 τῶν
657 2991 1052 3065 ἐπικλημάτων
1100 2991 1400 3066 ἐνομίζετο.
1448 2998 1512 3049 Οἱ
1560 2991 1615 3050 δὲ
1656 2992 1841 3070 λόγοι,
1876 2997 1951 3060 ὡς

275 3081 351 3136 ἃν
389 3083 425 3150 ἡ
483 3082 718 3154 μίμησις
776 3080 942 3150 ε’ίποι,
993 3083 1228 3156 τοιούτῳ
1278 3081 1627 3139 διετυποῦντο
1677 3083 1942 3158 σλήματιο

274 3195 310 3222 (ς
353 3173 458 3226 Διά
497 3171 571 3242 τί,
604 3172 763 3248 φησὶν
803 3173 830 3227 ὁ
863 3175 1234 3252 πατριάρχης,
1269 3171 1313 3227 ὦ
1358 3174 1538 3243 οὗτος,
1568 3176 1667 3243 τήν
1715 3173 1944 3250 ὀρθόδο-

271 3263 377 3334 ξον
410 3259 710 3335 ἄπηρνησω
741 3262 961 3331 πίστιν;
997 3286 1024 3313 ››
1068 3265 1127 3320 Ὀ
1177 3259 1233 3317 δὲ
1289 3262 1600 3333 ἀποστάτης
1647 3263 1739 3319 τὸν
1781 3264 1946 3339 ἄρνη-

270 3351 530 3422 σάμενον
588 3351 686 3418 τὴν
743 3350 1032 3423 ὀρθόδοξον
1092 3351 1294 3421 πίοτιν,
1355 3353 1600 3426 ἀναθεμα
1653 3353 1783 3408 εἶναι
1845 3354 1948 3409 ὑπ-

273 3440 563 3513 εκρίνατο,
599 3437 888 3513 ὀρθόδοξον
922 3437 1106 3496 καλῶν
1137 3441 1202 3496 τὸ
1232 3441 1432 3496 οἰκεῖον
1477 3437 1752 3515 ἀσέϐημα,
1790 3444 1944 3499 Ἐπεὶ

273 3527 344 3584 δὲ
373 3530 470 3584 καὶ
505 3526 726 3604 δευτέρα
758 3529 1032 3604 προῆλθεν
1061 3529 1328 3606 ἐρώτησις
1353 3550 1366 3563 ·
1425 3554 1452 3584 ι(
1485 3531 1580 3587 Διά
1609 3532 1660 3586 τί
1689 3533 1751 3586 ού
1781 3553 1946 3608 προσε-

267 3624 460 3680 κυνεῖς
491 3619 586 3673 καὶ
630 3619 1012 3694 περιπτύσσεις
1059 3621 1152 3675 τὸν
1201 3619 1430 3696 σταυρόν
1463 3624 1560 3676 τοῦ
1592 3627 1824 3693 Χριστοῦ
1857 3642 1872 3694 ;
1906 3646 1933 3674 ››

271 3710 306 3763 ὁ
369 3707 690 3777 ἀποστάτης
745 3707 911 3764 πάλιν
965 3712 1032 3781 τῇ
1093 3709 1260 3782 ὁμοίᾳ
1315 3708 1418 3782 ἀρᾷ
1457 3710 1549 3764 τὸν
1587 3713 1660 3782 μὴ
1693 3730 1934 3785 προσκυ-

269 3801 480 3852 νοῦντα
507 3799 604 3852 τὸν
659 3799 927 3866 ζωοποιὸν
978 3799 1205 3873 σταυρὸν
1251 3797 1679 3873 περιεπέμπετο,
1710 3800 1936 3876 σταυρόν

282 3886 317 3940 ὁ
351 3889 522 3957 πάσης
552 3886 688 3961 ἀρᾶς
723 3883 937 3962 ἔνοχος,
985 3889 1075 3944 καὶ
1119 3889 1187 3942 τὰ
1234 3887 1347 3943 ἅνω
1376 3887 1523 3944 κάτω
1549 3893 1743 3961 ποιῶν,
1777 3891 1936 3945 αὐτὸν

281 3974 581 4031 ἀποκαλῶν
640 3976 734 4031 τὸν
791 3977 1023 4051 Χριστόν
1092 3980 1224 4051 (59).
1286 3981 1368 4052 Τῇ
1425 3978 1527 4053 γὰρ
1583 3983 1692 4033 τῶν
1737 3984 1938 4052 χειρῶν

265 4062 487 4120 ἐκτάσει
530 4065 720 4133 αὐτὸς,
775 4065 935 4140 φησὶ,
998 4062 1256 4142 διέγραψε
1309 4069 1400 4122 τὸν
1459 4066 1705 4142 σταυρόν.
1743 4069 1842 4124 Καὶ
1870 4069 1936 4125 τὰ

275 4167 378 4226 μιν
423 4153 652 4229 ῥήματα
709 4156 842 4224 ἦσαν
883 4159 986 4210 τοῦ
1042 4155 1267 4230 θεάτρου
1317 4158 1428 4231 (60)
1459 4156 1547 4210 καὶ
1579 4155 1751 4228 κοινὰ,
1780 4158 1847 4212 τὰ
1879 4155 1936 4214 δὲ

267 4239 364 4297 διὰ
405 4247 518 4298 τῶν
576 4243 841 4316 ῥημάτων
901 4241 1240 4317 δηλούμενα,
1305 4248 1404 4314 τῇς
1453 4245 1783 4308 ἀποστασίας
1841 4246 1932 4302 καί

271 4332 539 4404 μυστικά.
601 4333 724 4388 Ἐπὶ
780 4331 997 4396 τούτοις
1041 4331 1302 4405 έρωτᾶτο·
1365 4357 1393 4386 ‹‹
1451 4336 1512 4388 Τί
1581 4332 1784 4405 δήποτε
1830 4337 1930 4406 τήν

2077 1916 2175 1986 qui
2217 1917 2287 1971 de
2313 1917 2585 1988 religione
2616 1920 2744 1989 ejus
2785 1923 3164 1993 quaestionem
3215 1927 3474 1985 haberet.
3525 1931 3720 1988 Multis

2075 2005 2269 2075 itaque
2296 2005 2513 2062 habitis
2545 2024 2676 2063 cum
2711 2014 2974 2080 apostata
3006 2013 3332 2086 colloquiis,
3374 2033 3507 2074 cum
3541 2018 3636 2076 ille
3657 2019 3717 2076 in

2071 2093 2412 2165 quibusdam
2449 2100 2735 2168 negando,
2765 2105 2829 2155 ut
2861 2117 2988 2158 mos
3018 2103 3162 2173 ipsis
3194 2109 3334 2174 erat,
3364 2106 3713 2176 elaberetur,

2071 2183 2129 2238 in
2153 2182 2285 2238 aliis
2317 2191 2504 2241 autem
2536 2188 2874 2244 defectionis
2901 2193 2958 2245 et
2989 2192 3292 2262 apostasia
3331 2211 3446 2250 suae
3477 2202 3710 2254 senten-

2067 2271 2211 2327 tiam
2235 2273 2570 2329 orthodoxis
2603 2275 2790 2330 verbis
2823 2275 3251 2351 multiplicique
3279 2296 3489 2337 vocum
3515 2288 3712 2340 muta-

2067 2363 2225 2418 tione
2276 2362 2595 2435 obtegeret,
2625 2369 2800 2436 atque
2858 2367 2938 2421 ita
3003 2384 3034 2424 a
3090 2369 3338 2425 crimine
3367 2371 3708 2444 declinaret,

2065 2450 2397 2507 auditorum
2431 2451 2689 2508 calculus
2713 2453 2838 2523 jam
2863 2455 2934 2510 ad
2957 2469 3088 2512 eum
3117 2457 3484 2516 innocentem
3517 2462 3709 2519 decla-

2065 2541 2316 2595 randum
2375 2546 2610 2613 paratus
2667 2546 2822 2598 erat:
2885 2547 2941 2598 et
2989 2545 3338 2602 omnimodis
3386 2549 3710 2620 impietatis

2065 2629 2240 2685 homo
2272 2629 2565 2697 innoxius,
2590 2635 2645 2687 et
2668 2632 2739 2687 ab
2767 2633 2926 2689 omni
2950 2634 3192 2692 crimine
3217 2653 3400 2708 purus
3421 2639 3715 2696 existima-

2064 2717 2256 2774 batur.
2319 2720 2663 2790 llujusmodi
2721 2725 2916 2777 autem
2987 2726 3129 2792 erat,
3199 2725 3446 2796 exempli
3504 2729 3709 2799 gratia,

2063 2807 2336 2880 colloquii
2391 2811 2616 2866 forma:
2660 2831 2688 2860 «
2751 2815 2902 2867 Heus
2958 2815 3044 2879 tu,
3077 2814 3304 2871 dicebat
3349 2818 3706 2889 Patriarcha,

2062 2913 2240 2969 quare
2283 2900 2664 2954 orthodoxam
2717 2901 2891 2956 fidem
2936 2904 3208 2974 negasti?
3234 2926 3262 2954 »
3300 2906 3708 2978 Respondebat

2061 2993 2346 3059 apostata,
2407 3004 2561 3060 eum,
2617 2989 2718 3060 qui
2776 2989 3152 3047 orthodoxam
3213 2993 3388 3050 ﬁdem
3448 3004 3706 3069 negaret,

2061 3078 2377 3135 anathema
2423 3095 2570 3151 esse,
2629 3081 3006 3138 orthodoxam
3057 3099 3271 3140 vocans
3343 3085 3704 3157 impietatem

2060 3183 2250 3222 suam.
2306 3168 2450 3224 Hinc
2496 3169 2672 3228 altera
2717 3173 3013 3243 proposita
3062 3173 3375 3244 quaestione
3417 3193 3483 3231 ει
3520 3178 3706 3241 Quare

2057 3272 2282 3312 crucem
2303 3257 2512 3314 Christi
2534 3275 2647 3314 non
2669 3261 3376 3333 adoras,etamplecteris?
3394 3285 3422 3313 »
3443 3265 3546 3320 Ille
3565 3282 3701 3322 vero

2056 3346 2182 3416 pari
2222 3346 2614 3403 maledictioni
2645 3363 2802 3415 eum,
2827 3349 2922 3420 qui
2970 3350 3257 3406 vivificam
3300 3368 3528 3409 crucem
3578 3371 3694 3412 non

2054 3436 2340 3504 adoraret,
2375 3437 2741 3508 subjiciebat.
2785 3444 2858 3494 At
2888 3438 2984 3496 ille
3017 3441 3174 3496 omni
3197 3445 3586 3500 exsecratione
3608 3445 3695 3501 di-

2052 3542 2205 3598 gnus
2235 3527 2427 3597 homo,
2460 3528 2560 3600 qui
2591 3528 2789 3584 omnia
2820 3544 3032 3600 susque
3062 3530 3250 3602 deque
3280 3534 3694 3604 vertebat,cru-

2053 3633 2175 3673 cem
2207 3618 2451 3673 vocabat
2481 3618 2668 3689 ipsum
2703 3618 3132 3690 Christum,qui
3175 3637 3454 3678 manuum
3487 3628 3685 3680 exten-

2050 3707 2214 3762 sione
2245 3723 2473 3763 crucem
2503 3707 2855 3763 delineabat.
2918 3709 2992 3765 Ac
3031 3710 3204 3765 verba
3251 3711 3488 3782 quidem
3529 3718 3696 3770 erant

2049 3797 2329 3852 theatrica
2358 3801 2414 3851 et
2444 3796 2798 3864 communia,
2826 3798 2926 3852 sed
2959 3813 3046 3866 ea,
3080 3815 3208 3870 quas
3237 3801 3430 3857 verbis
3461 3802 3690 3872 signifi-

2048 3887 2347 3953 cabantur,
2383 3885 2692 3956 apostasia
2722 3887 2956 3958 prepria
3001 3895 3056 3942 et
3105 3889 3371 3960 mystica.
3415 3891 3691 3947 Sciscita-

2045 3975 2493 4031 baturiterum:
2531 3997 2559 4026 «
2609 3976 2722 4030 Cur
2761 3976 3191 4032 sanctissimam
3251 3977 3558 4050 Deiparam
3590 3981 3687 4036 de-

2044 4063 2165 4120 bito
2197 4063 2412 4120 honore
2443 4068 2500 4117 et
2529 4063 2862 4120 adoratione
2885 4080 2997 4118 non
3021 4064 3330 4135 dignaris?
3360 4087 3387 4115 »
3422 4067 3687 4136 llle,con-

2043 4160 2208 4210 sueto
2238 4153 2348 4209 sibi
2382 4151 2880 4223 more,anathema
2908 4151 3054 4208 dixit
3083 4152 3142 4207 in
3171 4169 3268 4209 eos
3287 4153 3385 4224 qui
3416 4161 3681 4212 sanctam

2041 4243 2345 4315 Deiparam
2361 4259 2475 4298 non
2497 4243 2766 4308 adorent;
2790 4241 3117 4313 adjecitque
3138 4257 3200 4298 se
3222 4241 3380 4298 illam
3406 4243 3682 4315 amplecti

2040 4338 2097 4390 et
2134 4335 2344 4400 colere,
2376 4333 2435 4388 in
2469 4349 2644 4404 quam
2675 4332 2998 4404 ingressus,
3030 4336 3087 4388 et
3134 4348 3201 4388 ex
3253 4348 3372 4404 qua
3408 4349 3680 4406 egressus

269 4420 544 4495 παναγίαν
597 4423 717 4492 (61)
767 4423 1030 4477 Θεοτόκον
1082 4429 1183 4492 τῆς
1231 4421 1593 4496 ὀφειλομένης
1632 4431 1802 4497 τιμῆς
1839 4425 1927 4480 καὶ

2062 4429 2129 4480 est
2153 4423 2432 4480 Dominus
2454 4427 2650 4478 noster
2667 4422 2841 4478 Jesus
2857 4421 3399 4492 Christus,eamque
3415 4423 3676 4481 omnium

273 4511 697 4581 προσκυνήσεως
729 4509 826 4566 οὐκ
855 4510 1026 4581 ἀξιοῖς
1060 4529 1073 4579 ;
1107 4536 1136 4565 ›>
1170 4513 1231 4569 Ὁ
1263 4509 1318 4566 δὲ
1371 4512 1434 4568 τὸ
1483 4513 1702 4584 σύνηθες
1761 4515 1927 4569 αὐτοῦ

268 4599 368 4652 καί
401 4599 460 4652 οὗ
491 4601 712 4672 μήποτε
755 4597 963 4670 διέστη,
1003 4599 1245 4674 ἀνάθεμα
1295 4603 1430 4656 κατὰ
1474 4605 1580 4656 τῶν
1627 4605 1702 4675 μὴ
1754 4623 1924 4677 προσ-

258 4690 580 4745 κυνούντων
636 4690 737 4759 τήν
791 4689 943 4764 ἁγίαν
981 4691 1267 4761 Θεοτόκον,
1328 4689 1644 4767 ἂπέῤῥιπτε,
1697 4713 1919 4764 προστιο

253 4777 368 4841 θεὶς
433 4778 765 4848 ἀσπάζεσθαι
824 4777 913 4832 καὶ
953 4774 1268 4849 σίϐάζεσθαι
1320 4779 1511 4852 αὐτὴν,
1551 4779 1603 4834 ἐν
1659 4783 1697 4852 ᾗ
1734 4781 1920 4855 ἐξῆλιν

2039 4517 2304 4568 nostrum
2338 4525 2462 4567 esse
2494 4515 2756 4567 matrem.
2791 4511 2920 4566 Haec
2959 4509 3240 4566 subdolus
3277 4509 3376 4566 ille
3407 4515 3676 4570 oretenus

2037 4603 2260 4672 dicens,
2294 4603 2619 4658 secundum
2665 4601 3079 4657 exsecrandum
3121 4602 3246 4670 ejus
3285 4599 3669 4657 initiationem

2035 4701 2203 4764 atque
2229 4693 2601 4762 sententiam,
2635 4707 2750 4762 qua
2771 4706 3086 4762 supernam
3117 4688 3438 4745 Jerusalem
3469 4689 3671 4761 Deipa-

2035 4799 2157 4837 ram
2190 4797 2318 4837 esse
2343 4781 2709 4853 confingebat
2739 4779 3192 4850 simulabatque,
3224 4777 3284 4834 in
3311 4779 3488 4850 quam
3521 4796 3663 4852 prae-

1439 4901 1676 4957 VARIE
1717 4903 2108 4959 LECTIONES
2147 4902 2236 4958 ET
2273 4901 2505 4956 NOTAE.

328 5005 454 5082 (ξϐ)
487 5006 846 5082 ᾼιαιριθεῖσα,
888 5009 972 5062 Ita
1020 5007 1210 5082 scribo
1259 5025 1364 5080 pro
1397 5004 1724 5082 διερεθεῖσα,
1759 5019 1926 5080 prout

256 5086 315 5135 et
342 5078 563 5152 Bamb.
597 5078 774 5152 codex
801 5078 1277 5152 et‘grAammaticaS
1300 5078 1554 5136 rationes
1606 5078 1920 5152 postulant.

329 5150 476 5222 (56')
510 5146 641 5222 Περὶ
689 5151 793 5202 τοῦ
861 5143 1147 5211 λαϐόντος.
1183 5152 1240 5206 Id
1304 5152 1414 5207 sibi
1469 5143 1638 5208 homo
1671 5152 1922 5208 voluisse

255 5221 521 5285 videtur,
555 5222 708 5290 quod
759 5238 793 5275 a
846 5225 1014 5278 Patre

253 5294 573 5366 acceperit,
596 5292 880 5366 alludens
913 5292 1163 5366 forte’ad
1190 5293 1396 5366 Ephes.
1435 5312 1510 5363 iv,
1542 5297 1595 5352 8.

321 5365 441 5434 (57)
490 5362 884 5440 ’Ege’ﬁaurbv,
944 5363 1069 5440 mi_
1100 5364 1175 5436 μή
1230 5362 1514 5440 πατρόθεν.
1550 5370 1635 5440 Ita
1691 5383 1757 5422 ex
1797 5366 1918 5440 N_o-

250 5439 376 5512 stro
412 5434 647 5512 restitui
681 5451 793 5512 pro
818 5451 884 5512 eo
915 5434 1440 5512 quodlegebatur:
1476 5435 1762 5512 Ecp’tautg’p
1793 5437 1913 5512 οὑκ.

251 5451 376 5491 atro
412 5451 647 5490 resumi
731 5453 793 5494 ro
818 5451 884 5492 eo
915 5451 1071 5508 quoa
1100 5451 1440 5508 legebatur:
1476 5451 1556 5512 εφ’
1590 5451 1762 5505 εαυτῳ
1793 5451 1911 5493 ουκ.

251 5451 996 5591 pensentitpol‘igertj‘nus,
1031 5508 1144 5564 nisi
1187 5510 1360 5591 .quod
1421 5525 1524 5591 pro
1727 5509 1911 5591 ἑαυτρν

251 5579 394 5654 [egit
455 5576 541 5654 ἐφ’
572 5575 766 5650 ἑαυτῷ.
796 5575 1095 5654 _Eamdem
1146 5575 1389 5654 phrasin
1423 5575 1737 5654 legeintra
1766 5581 1793 5653 §
1825 5584 1909 5636 19.

255 5650 508 5722 Sensus
532 5654 749 5707 nostra:
796 5650 1062 5722 lectionis
1112 5650 1306 5708 clarus
1338 5657 1448 5720 est,
1483 5650 1722 5716 scilicet,
1757 5650 1907 5722 quod

254 5721 603 5778 Theodorus
632 5737 761 5779 eam
797 5721 909 5778 sibi
934 5723 1248 5781 vindicarit
1277 5721 1905 5796 prmrc-gativum,quod

1066 5237 1166 5293 per
1204 5224 1502 5279 Christum
1536 5224 1736 5291 gratia
1768 5226 1921 5281 dona
2027 5227 2196 5279 Petro
2228 5225 2444 5290 Siculo,
2478 5240 2511 5293 p

2035 5027 2069 5066 a
2101 5010 2266 5066 Patre
2288 5007 2691 5080 ἀμέσωςωιιὶίο
2714 5007 3028 5080 interprete
3060 5011 3162 5063 aut
3190 5009 3442 5080 parario,
3473 5008 3670 5080 gratim

2034 5082 2186 5136 dona
2217 5081 2515 5152 acceperit.

2098 5154 2233 5224 (57⁸)
2265 5149 2436 5207 Λὲὡν.
2469 5153 2585 5224 Est
2623 5150 2674 5206 is
2723 5150 3119 5224 Leorlsaurus,
3152 5149 3252 5222 qui
3300 5153 3358 5207 et
3395 5150 3605 5208 diserte
3635 5168 3670 5208 ει

2521 5266 2532 5277 .
2567 5223 2655 5290 48,
2699 5223 3058 5278 nominatur.

2107 5297 2222 5370 (5_8_)
2254 5295 2483 5370 ’Apng.
2519 5295 2850 5370 Restituiex
2879 5295 3104 5350 Nostro.

2097 5357 2864 5439 (‘59),T59prt0’16y3‘r/id0
2921 5382 3097 5438 supra
3151 5367 3178 5434 §
3232 5365 3286 5436 8,
3347 5381 3414 5422 ex
3461 5381 3577 5437 quo
3609 5370 3665 5422 et

2027 5437 2324 5508 sequentia
2351 5437 2630 5493 illustrari
2665 5438 2897 5493 debent.

2095 5507 2208 5577 (60)
2259 5511 2370 5583 T05
2403 5510 2676 5583 θεάτρου.
2732 5511 2794 5583 Id,
2843 5508 3208 5583 sibi__procul
3268 5508 3471 5583 dubio
3516 5507 3661 5583 vult,

2023 5581 2225 5636 iisdem
2259 5581 2446 5636 verbis
2477 5579 2686 5637 usuros
2722 5582 2899 5636 fuisse
2941 5579 3087 5636 alios
3127 5597 3348 5651 omnes,
3376 5581 3475 5651 qui
3512 5581 3656 5635 forte

2021 5654 2089 5706 ad
2128 5654 2246 5707 haec
2278 5654 2565 5708 audienda
2596 5654 2840 5708 admissi
2874 5656 3058 5708 erant.

2093 5725 2206 5795 (61)
2237 5723 2528 5798 Παναγίαν.
2556 5726 2636 5781 lta
2654 5727 2883 5781 Noster:
2907 5722 3300 5781 Coislinianus
3317 5738 3450 5780 vero
3481 5723 3658 5794 ἅγιαν.
