4074 6208
360 341 441 404 55

1575 339 1837 401 ΡΗΟἸῚΙ
1882 338 2405 401 PATRIARCHIE
2448 338 2566 401 GP.

3690 331 3773 397 56

362 490 666 535 cursorem
717 492 823 551 pro
875 475 1045 534 nobis
1094 477 1427 551 ingressum
1478 475 1659 534 fuisse
1694 474 2000 545 Christum,

2129 473 2219 529 καὶ
2280 471 2528 544 εἲσῆλθεν
2570 473 2600 528 ὁ
2658 471 2857 547 Κύριος
2898 471 3060 545 ἡμῶν
3097 471 3311 542 Ἰησοῦς
3358 473 3627 546 Χριστος,
3682 471 3785 541 τὴν

359 569 618 643 Apostoli
645 570 823 627 verba
851 570 1186 643 pradicant.
1221 572 1437 637 Quarta
1457 568 1568 641 ipsi
1592 570 1836 641 questio
1869 585 2004 642 pro-

361 660 689 733 ponebatur
747 675 761 716 :
824 681 853 713 «
904 659 1019 716 Cur
1072 657 1518 715 immaculatum
1569 658 2006 715 ettremcndum

361 746 596 818 Christi,
620 746 718 805 Dei
750 747 957 815 nostri,
988 763 1200 821 corpus
1250 751 1307 804 et
1333 745 1681 818 sanguinem
1713 755 2012 805 contume-

358 834 456 893 liis
504 837 758 894 afﬁceret
804 841 862 893 et
899 840 1212 908 respueret,
1257 851 1447 908 neque
1495 835 1607 907 ipsi
1660 836 2005 910 participare

358 924 572 983 vellet?
590 945 612 975 ι
637 925 737 982 Ille
753 924 1205 983 scelestissimus
1224 925 1432 982 iterum
1450 926 1714 998 eum,qui
1738 941 1943 997 corpus
1955 930 2013 983 et

365 1014 707 1089 sanguinem
718 1012 1060 1083 Christi,Dei
1078 1014 1257 1072 nostri
1268 1013 1657 1083 ,contumeliis
1671 1015 2014 1085 aitlceret,et

368 1108 534 1161 extra
560 1101 1059 1176 participationem
1080 1104 1210 1174 ejus
1233 1104 1898 1169 maneret,anathemate
1928 1104 2011 1160 fe-

359 1191 568 1258 riebat,
599 1206 813 1264 corpus
842 1194 900 1247 et
928 1190 1275 1263 sanguinem
1308 1190 1639 1262 intelligens
1660 1191 1835 1248 homo
1856 1192 2012 1248 dete-

358 1280 752 1349 standus,non
771 1295 901 1352 qua
925 1279 1212 1336 Dominus
1236 1288 1431 1336 noster
1451 1295 1661 1351 corpus
1679 1286 1738 1337 et
1769 1281 2013 1353 sangui-

363 1384 495 1425 nem
541 1369 800 1426 vocanda
848 1384 979 1425 esse
1026 1368 1245 1438 docuit,
1276 1369 1375 1425 sed
1413 1369 1715 1426 Dominica
1759 1368 2008 1441 eloquia.

352 1456 435 1517 De
491 1458 775 1517 catholica
827 1457 1082 1515 Ecclesia
1133 1460 1545 1530 interrogatus,
1597 1460 1736 1517 dum
1795 1459 2013 1517 similia

354 1547 759 1619 responderet,
812 1562 916 1618 per
959 1546 1303 1604 catholicam
1360 1547 1674 1605 Ecclesiam
1707 1549 2011 1605 confessus

358 1634 811 1692 Manichaeorum
870 1635 1254 1709 intelligebat,
1306 1636 1581 1710 ipsosque
1638 1637 1747 1694 hoc
1794 1638 2012 1695 honore

364 1721 680 1780 afﬁciebat.
735 1723 867 1780 Haec
906 1730 1107 1781 secuta
1162 1729 1327 1781 sexta
1376 1726 1448 1782 de
1502 1725 1798 1799 baptismo
1836 1727 2010 1783 inter-

2127 563 2337 639 μητέρα
2365 564 2577 620 πάντων
2597 563 2781 637 ἡμῶν.
2818 563 3000 619 Ταῦτα
3032 557 3090 615 δὲ
3120 561 3148 616 ὁ
3196 559 3385 624 δόλιος
3428 564 3500 633 τῇ
3540 559 3766 637 γλώττῃ

2118 651 2316 729 λέγων,
2347 653 2485 709 κατὰ
2511 653 2611 722 τὴν
2639 651 2879 725 μυσαράν
2918 649 3086 705 αὑτοῦ
3124 647 3350 718 τελετήν
3378 649 3472 704 καὶ
3509 646 3773 721 διάνοιαν,

2116 748 2216 812 τήν
2272 740 2403 799 ἅνω.
2466 739 2831 817 Ἰερουσαλὴμ
2886 736 3230 809 ἐσκηνοποίει
3284 739 3373 793 καὶ
3433 735 3770 794 ἂνέπλαττεν

2122 830 2404 887 Θεοτόκονο
2440 828 2492 885 ἐν
2523 851 2558 906 ῃ
2591 829 2680 885 καὶ
2720 824 3041 904 πρόδρομον
3103 826 3234 901 ὑπὶρ
3290 828 3455 901 ἡμῶν
3515 824 3775 883 εἰσελθεῖν

2117 921 2208 977 τὸν
2248 920 2587 994 Χριστὸν,τὰ
2616 917 2713 974 τοῦ
2764 914 3106 973 Ἀποστόλου
3148 916 3408 992 κηρύσσει
3461 912 3770 992 διδάγματα

2118 1010 2389 1084 Τέταρτον
2447 1007 2522 1070 εἷς
2583 1007 2847 1082 ἐρώτησιν
2881 1003 3045 1060 αὐτοῦ
3079 1005 3198 1077 (62)
3225 1000 3541 1079 προῦκειτο,
3572 1002 3625 1059 τί
3659 1001 3768 1075 δή-

2118 1117 2251 1154 ποτε
2300 1096 2570 1176 ἄχραντον
2608 1096 2698 1151 καὶ
2748 1092 2974 1172 φρικτὸν
3024 1096 3184 1166 σῶμα
3229 1092 3322 1148 καὶ
3363 1093 3509 1166 αἷμα
3535 1097 3771 1167 Χριστοῦ

2118 1191 2216 1243 τοῦ
2248 1191 2387 1242 Θεοῦ
2418 1188 2579 1258 ἡμῶν
2617 1180 2825 1260 ὑϐρίζει
2851 1203 2911 1240 τε
2930 1183 3022 1239 καὶ
3053 1179 3328 1251 διαπτῦει,
3352 1182 3444 1237 καὶ
3478 1187 3771 1257 μετασχεῖν

2118 1277 2294 1333 αὐτῶν
2355 1276 2455 1332 οὐκ
2508 1274 2780 1351 ἀνέχεται.
2838 1278 2896 1329 Ὀ
2973 1270 3032 1329 δὲ
3106 1270 3521 1349 τρισαλιτήριος
3598 1271 3766 1329 πάλιν

2116 1366 2209 1423 τόν
2238 1387 2296 1423 τε
2326 1365 2571 1441 ἀτιμίαις
2615 1365 2890 1442 ὑπάγοντα
2919 1363 2981 1419 τὸ
3022 1366 3185 1436 σῶμα
3212 1361 3304 1417 καὶ
3332 1363 3475 1436 αἷμα
3514 1363 3762 1434 Χριστοῦ

2118 1451 2216 1510 τοῦ
2249 1457 2383 1510 Θεοῦ
2414 1456 2575 1527 ἡμῶν
2615 1451 2707 1508 καὶ
2735 1455 2829 1509 τὸν
2854 1454 2954 1521 τῆς
2987 1457 3233 1526 μετοχῆς
3254 1449 3432 1506 αὐτῶν
3461 1444 3564 1523 ἔξω
3584 1447 3771 1526 διαμὲο

2117 1562 2280 1598 νοντα
2334 1547 2414 1615 τῷ
2462 1540 2755 1615 ἀναθέματι
2815 1540 3133 1616 παρετίθετο
3167 1559 3182 1574 ο
3242 1543 3402 1613 σῶμα
3454 1538 3622 1595 πάλιν
3677 1540 3769 1595 καὶ

2118 1633 2259 1705 αἷμα
2300 1631 2328 1687 ὁ
2368 1631 2671 1707 κατάρατος
2719 1629 2934 1701 ἐννοῶν,
2968 1628 3079 1708 οὐχ
3128 1628 3264 1705 ἅπερ
3288 1630 3437 1701 ἡμᾶς
3473 1624 3706 1699 ἐδίδαξεν
3736 1629 3765 1682 ὁ

2116 1722 2301 1784 κοινὸς
2346 1722 2652 1792 Δεσπότης,
2697 1723 2858 1794 σῶμα
2903 1718 2994 1774 καὶ
3046 1719 3185 1791 αἷμα
3225 1716 3439 1787 καλεῖν,
3479 1715 3602 1773 ἀλλ’
3644 1716 3760 1773 ἀντ’

354 1812 619 1885 rogatio:
657 1834 678 1862 ι
713 1812 865 1868 Num
899 1812 1171 1870 videlicet
1199 1812 1390 1886 ipsum
1421 1820 1652 1887 putaret
1695 1832 1825 1873 esse
1871 1833 2000 1889 pur-

2118 1809 2333 1868 ἐκείνων
2382 1811 2450 1868 τά
2502 1811 2741 1885 Κυριακά
2796 1808 2980 1886 λόγια.
3037 1808 3119 1865 Τὰ
3170 1804 3269 1862 ’ίσα
3330 1803 3387 1862 δὲ
3438 1807 3523 1861 καὶ
3591 1805 3761 1880 ὅμοια

352 1900 646 1972 gationem
694 1902 907 1958 animas
954 1907 1014 1958 et
1062 1900 1270 1958 animae
1319 1904 1583 1960 sordium
1614 1921 1681 1961 ac
1708 1905 1999 1962 lavacrum

278 2038 287 2047 ,
355 1989 729 2047 remissionis
758 1993 1145 2063 peccatorum.
1182 2013 1212 2043 ιο
1257 1991 1360 2049 Ille
1406 2007 1541 2049 vero
1587 1993 1715 2065 pari
1760 1994 2002 2051 artiﬁcio

357 2077 743 2150 alacriterque
772 2078 1213 2151 responsionem
1255 2079 1438 2151 dedit,
1479 2097 1596 2154 qua
1642 2082 2002 2154 baptismum

350 2167 736 2223 venerabatur
764 2171 822 2223 et
850 2167 1233 2225 admittebat:
1265 2172 1326 2225 at
1356 2184 1457 2238 per
1487 2169 1760 2243 baptismi
1803 2187 2001 2229 vocem

350 2254 473 2323 ille,
504 2255 707 2311 omnia
736 2254 994 2314 miscens
1026 2261 1084 2314 et
1130 2257 1521 2322 confundens,
1557 2259 1869 2317 Dominum
1900 2278 2002 2317 no-

350 2348 533 2404 strum
554 2344 759 2403 Jesum
776 2343 1072 2402 Christum
1095 2345 1514 2404 subindicabat
1536 2366 1551 2416 ς
1574 2348 1856 2420 scriptum
1879 2366 2006 2407 esse

352 2433 736 2507 enim,ipsum
758 2450 884 2492 esse
906 2450 1119 2506 aquam
1143 2435 1555 2492 viventem.Sic
1576 2436 2004 2495 dolosumillud

351 2531 408 2581 et
439 2522 611 2579 malis
638 2522 867 2579 artibus
900 2521 1135 2593 plenum
1171 2526 1503 2581 monstrum
1531 2542 1547 2594 ;
1587 2524 1709 2594 ille,
1739 2526 2004 2598 inquam,

353 2611 458 2684 qui
482 2609 631 2667 nihil
643 2610 1068 2682 omnino,quod
1083 2610 1381 2670 catholica
1397 2616 1455 2669 et
1465 2614 1801 2686 apostolicae
1816 2613 2007 2673 Eccle-

360 2698 461 2757 sia
481 2702 654 2766 esset,
680 2697 988 2768 sentiebat,
1012 2698 1130 2757 imo
1152 2700 1346 2773 potius
1364 2702 1564 2758 omnia
1582 2703 1692 2776 ipsi
1716 2705 2006 2765 contraria

358 2787 606 2855 fovebat,
658 2787 1011 2856 sectabatur,
1067 2790 1472 2860 venerabatur,
1503 2791 1782 2863 quoniam
1819 2794 2002 2852 eccle-

356 2875 617 2935 siasticis
644 2875 837 2933 verbis
876 2875 972 2950 iis,
1006 2877 1104 2952 qui
1152 2883 1292 2936 tunc
1339 2889 1650 2952 praesentes
1679 2888 1867 2955 erant,
1898 2883 2003 2940 ad-

350 2966 573 3023 versari
605 2981 721 3026 non
747 2964 1051 3024 videbatur
1080 2985 1097 3037 ;
1148 2984 1396 3041 quarum
1442 2969 1762 3029 involucris
1789 2988 1999 3031 vocum

2112 1901 2237 1976 περὶ
2283 1907 2382 1972 τῆς
2433 1897 2741 1969 καθολικῆς
2771 1896 3098 1968 Ἐκκλησίας
3136 1895 3455 1967 ἀπαιτηθεῖς
3497 1896 3586 1951 καὶ
3628 1896 3766 1950 ἀπο-

2114 1989 2447 2063 φηνάμενος,
2485 1988 2553 2045 τά
2609 1983 2858 2062 συνέδρια
2910 1988 3017 2041 τῶν
3077 1982 3403 2060 Μανιχαίων
3460 1983 3767 2053 καθολικὴν

2114 2076 2442 2150 Ἐκκλησίαν
2494 2075 2684 2133 ἐνενόει
2739 2096 2799 2132 τε
2843 2075 2935 2131 καὶ
2990 2073 3375 2148 ἀπεσὲμνυνεν.
3447 2075 3512 2130 Ἣ
3571 2070 3632 2128 δὲ
3676 2070 3767 2129 ἐπὶ

2111 2172 2229 2230 τοῖς
2285 2166 2594 2243 εἰρημένοις
2634 2160 2764 2238 ἕκτη
2814 2164 3081 2241 ἐρώτησις
3129 2164 3254 2239 περὶ
3310 2165 3409 2227 τρῦ
3461 2161 3771 2237 βαπτίσμα-

2113 2276 2206 2321 τος
2258 2255 2418 2312 αὐτὸν
2477 2255 2880 2314 ἀνεπυνθάνετο.
2939 2252 2985 2308 εί
3048 2253 3124 2328 μή
3195 2252 3488 2329 καθάρσιον
3546 2255 3771 2329 ἡγεῖται

2112 2349 2274 2402 τοῦτο
2301 2350 2411 2402 τῶν
2437 2348 2633 2421 ψυχῶν
2663 2343 2754 2400 καὶ
2785 2347 3038 2423 ψυχικῶν
3093 2340 3462 2416 μολυσμάτων
3515 2344 3629 2416 (63)
3672 2343 3772 2398 καὶ

2116 2432 2347 2510 λουτρὸν
2415 2434 2832 2509 ἁμαρτημάτων
2881 2432 3144 2510 ἀφέσεωςο
3202 2432 3261 2487 Ὀ
3327 2431 3385 2487 δὲ
3438 2430 3607 2488 πάλιν
3676 2429 3773 2488 διὰ

2112 2530 2215 2595 τῆς
2247 2525 2446 2597 ὁμοίας
2499 2530 2761 2599 μηχανῆς
2809 2522 2902 2578 καὶ
2949 2520 3252 2597 προθύμως
3290 2518 3547 2577 ἀπεδίδου
3590 2525 3771 2596 τιμῶ-

2115 2634 2208 2669 σαν
2262 2614 2325 2670 τὸ
2390 2612 2671 2690 βάπτισμα
2724 2614 2814 2669 καὶ
2875 2609 3293 2687 ἀποδεχομένην
3346 2609 3633 2688 ἀπόκρισιν
3690 2614 3765 2678 τῆ

2112 2706 2210 2758 τοῦ
2262 2702 2636 2779 βαπτίσματος
2688 2706 2862 2781 φωνῇ,
2922 2701 2951 2757 ὁ
3007 2701 3183 2755 πάντα
3237 2699 3421 2777 φύρων
3481 2699 3572 2756 καὶ
3631 2721 3769 2776 συγ-

2113 2790 2280 2867 χέων,
2336 2791 2427 2847 τὸν
2480 2789 2682 2866 Κύριον
2744 2791 2907 2863 ⁴ἡμῶν
2952 2790 3167 2860 Ἰησοῦν
3207 2788 3435 2865 Χριστὸν
3511 2783 3767 2844 ὖποϐἀλ·

2116 2878 2247 2936 λων’
2280 2878 2580 2957 γεγράφθαι
2608 2881 2711 2956 γάρ
2741 2881 2851 2954 (64)
2878 2875 3037 2934 αὺτὸν
3070 2879 3200 2933 εἶναι
3228 2878 3291 2933 τὸ
3340 2873 3485 2953 ὕδωρ
3517 2878 3581 2934 τὸ
3630 2881 3765 2947 ζῶν.

2109 2969 2293 3035 Οὕτως
2332 2969 2423 3043 δὴ,
2492 2968 2665 3032 οὕτως
2722 2968 2784 3023 τὸ
2834 2965 3020 3024 δόλιον
3068 2964 3241 3023 ἒκεῖνο
3288 2967 3380 3023 καὶ
3427 2969 3768 3046 κακομηχα-

346 3054 447 3113 ille
487 3054 854 3113 mortiferum
912 3056 1254 3116 defectionis
1301 3075 1423 3117 suas
1470 3060 1628 3117 virus
1669 3062 2000 3121 occultabat

2110 3080 2197 3116 νον
2228 3057 2405 3134 τέρας,
2440 3055 2609 3133 μηδὲν
2645 3059 2738 3133 μὶν
2772 3064 2874 3128 τῆς
2932 3055 3319 3127 ἀποστολικῆς
3380 3055 3471 3112 καὶ
3527 3055 3769 3113 καθολι-

355 3142 642 3203 scelestus
671 3144 791 3215 ille,
817 3150 884 3203 ut
922 3146 1088 3205 initio
1116 3146 1394 3219 diximus,
1425 3149 1596 3222 quasi
1627 3150 1848 3209 nullius
1889 3153 2000 3211 im-

2110 3156 2210 3222 κῆς
2243 3130 2569 3221 ’ἐκκλησίας
2624 3130 2686 3207 τὸ
2716 3149 2967 3224 παράπαν
2994 3151 3251 3228 φρονοῦν,
3275 3146 3491 3222 μᾶλλον
3532 3145 3591 3204 δὲ
3619 3146 3767 3204 τάν-

343 3234 584 3308 pietatis
636 3250 795 3304 reus,
838 3236 937 3294 sed
985 3235 1400 3295 Ecclesiasticas
1455 3239 1731 3298 doctrinae
1784 3257 2001 3315 sequax

342 3322 553 3380 evasit.
587 3324 982 3391 Quamobrem
1033 3330 1167 3398 post
1209 3343 1453 3384 examen
1501 3328 1843 3399 absolvitur,
1893 3332 1996 3404 qui

343 3411 560 3484 duplici
592 3412 808 3485 dignus
837 3416 960 3471 erat
990 3415 1300 3488 supplicio,
1332 3417 1407 3473 ob
1438 3421 1741 3489 paternam
1772 3419 1998 3479 scilicet

343 3499 731 3571 impietatem,
762 3505 821 3557 et
853 3502 928 3557 ob
960 3502 1274 3575 fallaciam,
1306 3521 1420 3577 qua
1451 3506 1683 3577 justum
1708 3508 1995 3578 judicium

346 3589 641 3662 pervertit,
670 3606 738 3646 ac
766 3589 902 3659 sibi,
934 3589 1329 3664 impiissimus
1360 3610 1492 3651 cum
1522 3601 1701 3664 esset,
1732 3614 1877 3654 verae
1898 3615 1997 3655 no-

346 3682 479 3735 stris
509 3677 809 3751 religionis
838 3680 1088 3753 gloriam
1121 3683 1473 3741 conciliavit.
1523 3685 1808 3743 Caeterum
1859 3704 1994 3745 cum

345 3766 563 3825 talibus
592 3768 858 3826 artiﬁciis
889 3769 948 3827 in
972 3770 1200 3843 judicio
1219 3773 1526 3833 absolutus
1549 3775 1773 3847 fuisset,
1798 3776 1869 3834 ab
1885 3778 1995 3834 im-

347 3862 610 3929 peratore
639 3857 938 3915 decretum
972 3859 1115 3931 petit
1159 3868 1215 3917 et
1261 3861 1562 3935 impetrat,
1600 3881 1715 3937 qua
1761 3864 1873 3923 sibi
1909 3866 1996 3923 fa-

348 3943 542 4002 cultas
571 3945 743 4003 datur
764 3946 922 4005 domi
951 3963 1155 4008 secure
1195 3952 1483 4021 versandi,
1516 3955 1746 4027 negotia
1775 3954 1994 4029 absque

348 4034 514 4092 obice
541 4036 781 4109 gerendi
802 4053 929 4101 sua.
951 4054 1056 4097 nec
1076 4039 1572 4100 calumniatorum
1594 4043 1824 4116 linguas
1838 4046 1995 4105 ultra

349 4125 674 4184 metuendi.
705 4127 791 4184 Ab
840 4127 1216 4201 imperatoria
1257 4132 1452 4204 itaque
1500 4134 1644 4190 urbe
1677 4135 1990 4207 profectus,

348 4230 484 4271 cum
514 4215 847 4288 Episparim
868 4233 931 4274 se
953 4218 1656 4290 contulisset,defectionis
1675 4223 1994 4294 discipulos

349 4308 627 4359 convocat
651 4320 664 4358 :
685 4308 860 4376 atque
882 4305 1016 4362 inde
1036 4307 1468 4377 Mananalin,ex
1496 4326 1609 4380 qua
1632 4316 1992 4370 memoratus

2110 3238 2260 3295 αντία
2289 3240 2463 3295 πάντα
2518 3238 2856 3315 περιθάλπον
2894 3258 2953 3294 τε
2999 3237 3089 3293 καὶ
3138 3235 3396 3312 περιέπον
3427 3237 3517 3292 καὶ
3546 3240 3767 3310 τιμῶν,

2106 3325 2223 3384 ἐπεὶ
2252 3329 2388 3404 πρὸς
2424 3330 2522 3393 τὰς
2555 3327 3007 3400 ἑκκλησιαστικάς
3079 3325 3341 3400 ἐνομίσθη
3388 3330 3506 3389 τοῖς
3551 3329 3774 3402 παροῦ-

2102 3438 2183 3473 σιν
2215 3417 2315 3474 οὐκ
2343 3417 2729 3498 ἀπομάχεσθαι
2760 3416 2958 3489 λὲξεις,
3005 3416 3091 3497 ὑφ’
3123 3418 3215 3479 αἷς
3254 3414 3459 3479 ἐκεῖνος
3507 3416 3608 3471 τὸν
3661 3416 3771 3473 θά-

2097 3507 2400 3582 νατηφόρον
2454 3511 2554 3574 τῆς
2631 3506 2968 3568 ἀποστασίας
3049 3504 3307 3581 ἔκρυπτεν
3386 3503 3490 3575 ἰὸν,
3553 3501 3766 3578 ἔδοξεν,

2102 3595 2284 3672 ὥσπερ
2341 3592 2551 3672 ἔφημεν
2601 3594 2693 3651 ἀπ’
2734 3596 2936 3671 ἀρχῆς,
2996 3596 3024 3650 ὁ
3081 3593 3500 3670 τρισαλιτηριος
3549 3592 3763 3658 ἐκεῖνος

2102 3685 2202 3742 οὐκ
2257 3682 2448 3762 ἔνοχος
2505 3680 2760 3748 ἀσεϐείας
2806 3685 2960 3755 εἶναι,
3026 3683 3173 3741 ἀλλὰ
3243 3686 3341 3739 τοῦ
3398 3685 3764 3761 φρονήματος

2102 3774 2369 3853 ὑπάρχειν
2425 3778 2522 3830 τοῦ
2589 3771 3064 3844 ἐκκλησιαπικοῦ·
3143 3770 3443 3829 ἀπολύεται
3520 3768 3578 3827 δὲ
3659 3767 3760 3826 διὰ

2098 3870 2260 3922 τοῦτο
2293 3873 2395 3936 τῆς
2438 3864 2668 3928 ἐτάσεως
2715 3862 3074 3938 ἠθωωμὲνος,
3123 3863 3153 3918 ὁ
3202 3860 3406 3932 διπλῆν
3434 3862 3579 3936 ἄξιος
3607 3861 3747 3918 imo-

2101 3961 2255 4031 σχεῖν
2303 3955 2573 4032 τιμωρίαν
2638 3961 2737 4025 τῆς
2784 3974 2844 4009 τε
2888 3953 3146 4027 πατρῴας
3216 3947 3461 4015 ἀσεϐείας
3511 3953 3601 4006 καί
3648 3956 3758 4019 τῆς

2098 4046 2333 4117 ἀπάτης,
2391 4043 2459 4101 δι’
2513 4047 2581 4115 ἧς
2635 4049 2742 4101 τῶν
2791 4064 2852 4101 τε
2896 4042 3185 4119 κρινόντων
3235 4044 3338 4113 τὴν
3374 4043 3538 4118 ὀρθὴν
3564 4038 3743 4115 κρίσιν

2101 4132 2398 4211 διὲστρεψε,
2444 4140 2535 4189 καῖ
2586 4130 2740 4208 δόξαν
2786 4134 2960 4207 ἐαυτῷ
3004 4127 3444 4203 δυσσεϐέστατος,
3494 4124 3593 4199 ὤν,
3641 4131 3752 4195 τῆς

2100 4225 2261 4297 ἡμῶν
2329 4218 2624 4293 εὐσεϐείας,
2682 4223 3013 4299 περιὲφερεν.
3074 4219 3231 4292 Πλὴν
3287 4219 3416 4278 ἀλλ’
3498 4217 3615 4275 ἐπεί
3685 4239 3761 4296 γε

2099 4311 2373 4374 τοιαύταις
2424 4317 2699 4387 μηχαναῖς
2754 4315 2851 4367 τοῦ
2907 4310 3196 4387 κριτηρίου
3265 4309 3560 4373 ἀπολυθεὶς
3607 4309 3759 4365 αἰτεῖ

347 4407 524 4461 supra
554 4390 972 4449 Constantinus
1011 4394 1327 4466 prodierat,
1359 4398 1639 4469 profugus
1662 4415 1795 4455 cum
1820 4400 1993 4457 sociis

2110 4422 2156 4457 rs
2194 4404 2310 4474 (65)
2345 4402 2437 4457 καὶ
2489 4396 2755 4476 Λαμϐάνει
2805 4401 2953 4477 παρά
3007 4398 3110 4457 τοῦ
3144 4397 3385 4471 βασιλέω
3418 4417 3433 4457 :
3473 4398 3643 4455 τόπον
3670 4397 3768 4475 ἔγ-

348 4451 602 4571 advenit.
618 4478 826 4571 ibique
842 4451 1029 4571 annis
1048 4451 1453 4541 commoratus
1857 4451 1993 4561 plu:

2110 4451 2155 4457 ’⁷
2196 4451 2308 4474 \vvi
2348 4451 2435 4457 ’⁷⁷⁷⁷
2489 4451 2754 4476 ’“”Γ“⁷”’”⁷”
2812 4451 2953 4477 ’⁷⁷⁷1⁷⁷⁷
3020 4451 3106 4457 ’⁷⁷
3144 4451 3380 4471 r""“"‘
3420 4451 3432 4457 '
3488 4451 3635 4455 """
3674 4451 3726 4475 ‘I

2110 4510 2328 4571 γραφον,
2373 4494 2543 4546 πᾶσαν
2594 4490 2743 4564 αὐτῷ
2797 4487 3017 4546 διδόντα
3069 4491 3170 4561 τὴν
3244 4486 3427 4544 ἄδειαν
3487 4486 3633 4544 οἴκοι
3696 4509 3769 4546 τε

348 4569 529 4627 rimas
553 4568 731 4625 miser
759 4569 985 4627 animas
1008 4572 1737 4647 corrupisset,pestilentite
1767 4580 1993 4648 morbo,

349 4661 448 4734 qui
478 4665 620 4718 tunc
650 4661 933 4735 temporis
954 4662 1349 4735 grassabatur,
1375 4663 1527 4722 diem
1551 4666 1761 4725 clausit
1807 4675 1996 4729 extre-

351 4766 539 4817 mum,
572 4754 884 4825 postquam
916 4752 1088 4811 annis
1131 4753 1361 4813 circiter
1388 4755 1633 4830 triginta
1676 4757 1996 4831 impietatis

353 4840 656 4911 prefectus
676 4840 996 4899 fuerat.Hic
1012 4841 1471 4903 scelestissimus
1495 4845 1667 4904 homo
1682 4863 1752 4904 ex
1766 4848 1998 4908 occulta

352 4927 760 4989 commistione
789 4929 973 4989 tilium
1010 4933 1290 5007 suscepit,
1320 4933 1653 4994 Zachariam
1682 4938 1957 4997 nomine:

2107 4575 2421 4657 διατρίϐειν,
2480 4579 2570 4635 καὶ
2622 4579 2689 4636 τὰ
2752 4580 2920 4635 αὐτοῦ
2989 4578 3405 4654 ἀνεπηρεάστως
3472 4579 3765 4651 πράττειν,

2103 4671 2193 4726 καὶ
2226 4668 2396 4744 μηδὲν
2437 4668 2515 4727 ἔτι
2542 4675 2651 4726 τῶν
2714 4672 3059 4748 συκοφαντῶν
3123 4664 3357 4724 δεδιὲναι
3395 4667 3494 4731 τάς
3568 4666 3770 4743 γλώσ-

2106 4781 2222 4824 σας.
2254 4761 2494 4836 ’Δπάρας
2534 4758 2630 4816 οὖν
2658 4761 2756 4830 τῆς
2799 4755 3086 4835 βασιλίδος
3135 4756 3228 4814 καὶ
3275 4750 3604 4813 καταλαϐὼν
3656 4758 3766 4828 τὴν

2104 4847 2451 4926 Ἐπίσπαριν,
2506 4847 2843 4923 συναθροίζει
2904 4848 3001 4921 μὶν
3058 4845 3186 4910 τοὺς
3244 4852 3346 4916 τῆς
3425 4845 3766 4910 ἀποστασίας

2109 4938 2391 5012 μαθητάςο
2450 4937 2649 4995 ἐκεῖθεν
2700 4935 2759 4994 δὲ
2797 4936 2935 5013 πρὸς
2981 4938 3082 5007 τήν
3134 4934 3471 5010 Μανάναλιν,
3511 4931 3566 5008 ἐξ
3616 4935 3687 5005 ἧς
3736 4935 3771 4991 ὁ

1522 5106 1761 5165 VARI/ﬁ
1798 5108 2186 5166 LECTIONES
2225 5109 2315 5166 ET
2353 5110 2573 5166 NOTAE.

421 5240 883 5324 (6‘2)_A6105.hl‘ta
919 5246 1234 5324 ex_Nostro
1266 5261 1369 5318 pro
1423 5248 1775 5324 Coisliniano
1825 5249 1995 5324 αὐτῷ,

351 5313 730 5393 quodtameu
762 5315 965 5393 itidem
997 5316 1187 5393 locum
1218 5313 1389 5374 suum
1423 5321 1569 5393 tueri
1608 5327 1818 5393 potest.

583 5389 710 5469 Τῶν.
752 5388 949 5469 ψυχῶν
995 5387 1098 5469 ’καὶ
1162 5389 1415 5462 ψυχικῶν
1442 5386 1856 5469 ῌμολυῖσμΔάτῶν..
1912 5395 2000 5451 Ita

351 5456 586 5538 Nuster,
600 5458 712 5538 ubi
739 5456 1371 5538 Coislinianus'voces
1402 5456 1510 5516 τῶν
1538 5456 1733 5538 ψυχῶν
1760 5464 1848 5520 καί
1882 5483 1997 5523 non

350 5530 652 5603 agnoscit:
686 5534 753 5585 At
808 5536 1030 5587 veteres
1077 5531 1437 5603 baptismum
1499 5530 1687 5592 solent
1757 5540 1997 5595 omnino

347 5601 682 5686 animarum
705 5601 1357 5686 purgationemyocarez
1392 5606 1607 5686 Eadem
1650 5608 1767 5686 fere
1799 5610 1997 5686 phrasi

350 5688 488 5730 cum
511 5672 722 5741 Nostro
749 5672 847 5730 uti
864 5674 1008 5730 mihi
1038 5673 1267 5733 videtur
1294 5674 1685 5737 Theodoretus
1723 5672 1818 5736 in'
1843 5680 1997 5739 Com-

2107 5254 2377 5343 ment}:er
2410 5253 2470 5309 in
2491 5253 2663 5343 ‘Isaim
2693 5249 3164 5343 cap..xxx£n,ﬂubi
3210 5263 3425 5343 aquam
3478 5246 3772 5343 baptinsmi

2104 5331 2272 5381 vocat
2301 5322 2450 5399 ὕδωρ
2491 5319 2902 5396 λυτήριον’τῶν
2949 5319 3389 5395 ἁμαρτημάτων,
3418 5319 3510 5374 καὶ
3556 5319 3769 5394 καθαρ-

2104 5397 2297 5469 τήριον
2328 5401 2439 5452 τῶν
2472 5398 2688 5469 ψυχῶν.
2730 5467 2739 5469 _
2837 5466 2879 5469 __
3227 5461 3241 5469 _
3496 5460 3508 5469 .

2328 5416 2800 5545 ῖγάρ.
2836 5466 2955 5522 Hoc
2985 5461 3245 5549 .reposui
3302 5477 3405 5533 pro
3454 5460 3766 5546 γέγραπται

2143 5537 2229 5596 ἀρ.
2265 5545 2460 5596 Neuue
2490 5542 2644 5596 enim
2678 5539 2799 5595 hec
2833 5537 3076 5594 Photius
3102 5538 3321 5596 narrat.
3345 5533 3442 5591 sed
3473 5549 3540 5589 ex
3572 5538 3763 5592 inter»

2105 5557 2229 5614 γαρ.
2265 5557 2460 5613 neque
2490 5557 2644 5596 enim
2678 5557 2799 5595 nec
2833 5557 3076 5594 rnouus
3102 5557 3321 5604 narrat,

2106 5612 2292 5694 rogati
2324 5613 2923 5694 sententia-et‘me‘nte
2935 5610 3150 5694 ‘refert.
3282 5692 3321 5694 ﬂ

2177 5676 2290 5757 (65)
2321 5680 2553 5741 Αἲτεῖτε.
2588 5682 2795 5740 Noster
2816 5678 2952 5754 legit
2982 5676 3235 5751 αίτεῖται,
3278 5677 3578 5734 mendose.
