4074 6208
405 364 485 425 59
1605 357 1873 418 ΡΗΟΤΙΙ
1920 355 2442 417 ΡΑΤΒῘΑΗΟΗᾸΞ
2483 357 2602 419 CP.
3726 359 3816 421 60

401 499 524 568 bat,
568 501 859 571 quantum
904 496 1234 566 Zacharias,
1277 495 1380 551 sed
1425 492 1680 550 versutia
1727 496 1784 550 et
1825 491 2049 549 artibus

2166 490 2425 563 ποιμένος
2458 493 2566 565 (77)
2599 489 2885 566 ἐπώνυμον
2922 496 3038 554 τοῖς
3087 489 3324 556 πολλοῖς
3355 494 3808 568 περιεποιήσατο.

405 591 542 662 plus
573 589 821 659 valebat,
853 605 986 644 cum
1019 588 1079 643 in
1118 588 1247 660 ipsa
1277 586 1538 642 hostium
1571 583 2053 640 invasioneillius

409 680 564 736 circa
593 679 763 736 ﬁdem
795 677 1179 734 dissensionis
1220 692 1396 732 causa
1439 675 1780 746 aufugeret;
1825 673 2053 730 technis

407 773 618 840 fidens,
663 778 728 828 ut
776 789 955 843 supra
1001 771 1278 838 diximus,
1330 785 1394 824 ac
1439 767 1638 840 procul
1683 767 2051 823 inimicorum

405 879 614 935 agmen
645 861 958 918 adveniens
998 859 1390 930 conspicatus,
1432 857 1678 928 gradum
1720 873 1751 913 e
1781 857 1920 928 fuga
1961 872 2046 913 re-

405 957 590 1020 vocat,
643 952 964 1022 revertique
1000 949 1168 1020 jubet
1203 949 1471 1019 jumenta
1501 951 1558 1004 et
1595 963 1824 1012 currus,
1875 962 1940 1002 ac
1987 961 2051 1002 se

405 1059 660 1114 suosque
715 1041 940 1109 ﬁngens
990 1053 1118 1094 esse
1173 1037 1512 1109 transfugas
1568 1041 1626 1092 et
1681 1036 1930 1107 deditos,
1989 1035 2049 1091 in

408 1147 716 1188 occursum
776 1128 1035 1185 hostium
1091 1128 1273 1196 venit,
1333 1126 1500 1198 quasi
1556 1125 1777 1182 scilicet
1850 1131 2050 1194 sponte

406 1235 540 1275 cum
599 1217 776 1274 sociis
834 1217 962 1273 suis
1015 1217 1333 1280 accederet,
1408 1230 1658 1286 cumque
1715 1213 1864 1270 dolis
1921 1213 2048 1269 suis

405 1309 579 1364 ﬁdem
613 1309 875 1375 adderet,
907 1306 1336 1377 atquejuratus
1369 1303 1596 1360 illorum
1632 1321 1694 1360 se
1726 1304 1898 1359 rebus
1917 1319 2050 1374 pro-

407 1394 630 1466 spicere
651 1394 1044 1458 conﬁrmaret,
1067 1408 1200 1448 cum
1225 1391 1574 1464 sequacibus
1597 1392 1720 1447 suis
1738 1389 2048 1446 incolumis

401 1484 529 1542 sine
561 1483 679 1540 ullo
711 1484 793 1539 rei
826 1481 1132 1538 familiaris
1162 1481 1377 1536 damno
1401 1480 1682 1537 dimissus
1711 1485 1816 1536 est.
1845 1479 2050 1536 Postea

403 1576 636 1646 captato
669 1573 814 1644 fugas
846 1577 1104 1643 tempore
1145 1572 1246 1628 ubi
1285 1571 1644 1627 occasionem
1693 1569 1805 1626 sibi
1856 1569 2050 1624 oﬂ'erri

400 1662 570 1731 vidit,
605 1678 737 1718 cum
766 1662 1114 1734 sequacibus
1155 1663 1371 1735 sepius
1402 1663 1792 1717 memoratum
1831 1659 2045 1724 vicum,

402 1751 734 1824 Episparim
763 1767 993 1822 nempe,
1026 1767 1089 1807 se
1117 1752 1344 1824 recipit,
1379 1749 1478 1806 ubi
1509 1748 1808 1820 splendide
1835 1748 1905 1803 ab
1959 1747 2045 1802 in-

2163 581 2365 656 Ἰωσὴφ
2397 578 2454 636 δὲ
2484 580 2606 656 ἄρα,
2655 587 2771 644 τοῖς
2819 581 2949 637 ποσὶ
3004 582 3098 655 μὲν
3149 580 3328 656 ὥσπερ
3361 584 3389 638 ὁ
3421 583 3697 659 Ζαχαρίας
3743 582 3810 638 οὗ

2164 671 2457 742 πιστεύων,
2487 672 2815 747 πανουργίαν
2849 673 2961 746 (78)
3001 669 3058 726 δὲ
3086 671 3177 727 καὶ
3211 675 3472 752 μηχανὴν
3513 673 3674 748 ῥάψαι
3707 694 3811 728 τα-

2159 762 2388 836 χύτερος
2419 758 2518 830 ὢν,
2562 759 2652 816 καὶ
2692 762 2926 822 πίστεως
2977 758 3238 836 διαφορὰν
3284 762 3346 817 οὗ
3395 760 3566 819 θέλων
3611 759 3810 818 εἲδέναι

2160 846 2440 924 (ἐτύγχανε
2471 849 2574 924 γὰρ
2603 844 3016 920 ἀποδιδράσκων
3043 850 3160 903 κατ’
3194 848 3360 919 αὐτὴν
3389 851 3504 920 ξτὴν
3552 853 3660 905 τῶν
3701 870 3814 905 πο·-

2159 936 2366 1006 λεμίων
2396 932 2636 1012 ἔφοδον),
2677 939 2839 999 οὗτος
2871 935 2937 1006 δὴ
2978 941 3094 1002 τοῖς
3141 937 3462 1014 ἐρῥημένοις
3507 940 3806 1017 θαρρήσας,

2157 1024 2246 1083 καὶ
2284 1027 2546 1101 μακρόθεν
2588 1026 2652 1082 τὸ
2698 1025 2972 1099 πολέμιον
3025 1026 3414 1106 ἐπιφερόμενον
3452 1031 3806 1102 θεασάμενος,

2156 1116 2467 1192 ἀναστρέφει
2539 1116 2632 1190 μὲν
2688 1122 2790 1186 τῆς
2849 1123 3027 1196 φυγῆς
3109 1118 3293 1189 αὐτὸς,
3352 1117 3680 1193 ἀναστρέψαι
3747 1117 3810 1174 δὲ

2157 1207 2224 1263 τά
2251 1227 2310 1261 τε
2339 1204 2612 1283 ὓποζύγια
2639 1205 2729 1260 καὶ
2765 1206 2860 1267 τὰς
2894 1205 3098 1280 ἀμάξας
3138 1212 3258 1268 τοῖς
3306 1207 3595 1282 ἑπομένοις
3639 1227 3812 1284 προσ.

2155 1297 2356 1352 τάττει.
2405 1296 2506 1350 Καὶ
2550 1292 2616 1364 δὴ
2667 1296 3155 1370 κατασχηματίσας
3204 1297 3388 1352 ἑαυτόν
3430 1317 3489 1352 τε
3536 1297 3627 1352 καὶ
3676 1299 3810 1362 τοὺς

2162 1385 2277 1458 μετ’
2308 1384 2472 1438 αὐτοῦ
2511 1384 2648 1457 πρὸς
2678 1384 2739 1438 τὸ
2769 1388 2878 1439 τῶν
2909 1383 3234 1459 αὐτομόλων
3269 1393 3480 1462 σχῆμα,
3521 1389 3623 1456 τὴν
3653 1387 3810 1443 ἀντι-

2157 1473 2450 1549 πρόσωπον
2516 1471 2722 1542 ἢλαυνε
2769 1479 2886 1536 τοῖς
2920 1472 3234 1548 πολεμίοις.
3285 1476 3360 1537 ὡς
3413 1473 3570 1545 δῆθεν
3619 1476 3809 1539 αὐτοῖς

2158 1561 2396 1618 ἐπιοῦσιν
2452 1567 2796 1639 προσχωρῶν
2865 1564 2978 1636 ἅμα
3029 1569 3148 1628 τοῖς
3220 1561 3336 1638 (79)
3395 1568 3805 1640 συνεπομένοις,

2157 1653 2247 1708 καὶ
2306 1650 2462 1725 δόξας
2519 1656 2598 1724 τῷ
2653 1649 2934 1725 πλάσματι
3001 1653 3224 1718 πιθανὸς
3297 1654 3387 1710 καὶ
3445 1655 3508 1709 τὰ
3583 1653 3799 1710 ἐκείνων

2159 1744 2393 1817 στέργειν
2425 1741 2842 1815 ἐπομοσάμενος
2873 1743 3009 1816 (80),
3057 1743 3248 1821 ἀφείθη
3295 1746 3406 1816 (81)
3461 1764 3515 1798 τε
3543 1745 3631 1798 σὺν
3675 1749 3796 1807 τοῖς

399 1823 546 1898 colis
576 1845 853 1914 exceptus
884 1845 992 1898 est.
1019 1842 1205 1897 Locus
1228 1823 1459 1914 quidem
1486 1838 1584 1895 ille
1614 1839 1921 1896 hominum
1944 1838 2046 1893 de—

2166 1832 2444 1904 επομένοις
2472 1834 2569 1886 τοῦ
2612 1832 2862 1900 θανάτου,
2912 1831 3000 1886 καὶ
3048 1835 3154 1886 τῶν
3205 1831 3394 1888 ἄλλων
3447 1831 3661 1895 οὐδενὸς
3697 1834 3799 1902 τὴν

399 1929 633 1988 fectioni
665 1931 992 1987 deditorum
1024 1931 1194 2002 quasi
1224 1930 1458 1986 officina
1478 1933 1626 1998 erat,
1645 1927 1728 1984 ita
1749 1927 1892 1984 utin
1915 1928 2045 1998 ejus

406 2021 675 2092 ingressu
708 2019 1010 2091 lampades
1035 2019 1506 2086 accenderentur,
1557 2016 1782 2087 aliaque
1811 2016 2047 2072 honoris

408 2109 576 2182 signa
605 2108 1013 2180 adjicerentur,
1038 2107 1237 2179 qualia
1265 2106 1477 2163 Christi
1510 2104 1817 2176 discipulis
1837 2105 2049 2160 deben-

399 2203 517 2256 tur.
551 2197 643 2252 Sic
675 2197 860 2252 amice
918 2201 1219 2268 susceptus
1271 2196 1463 2266 aliquo
1521 2199 1780 2267 tempore
1829 2193 2047 2250 ibidem

403 2291 670 2342 versatus
693 2292 800 2351 est,
834 2281 978 2340 alios
1009 2284 1303 2355 decipiens
1334 2288 1390 2340 et
1420 2285 1696 2353 deceptus
1725 2283 1871 2355 ipse,
1899 2298 2050 2337 asse-

397 2374 640 2447 clasque
682 2391 818 2431 suos
863 2374 923 2429 in
973 2373 1250 2445 perniciei
1305 2373 1644 2430 barathrum
1693 2371 2046 2442 deprimens.

403 2465 648 2533 Quidam
680 2480 854 2536 porro
899 2462 1273 2518 Cricoraches
1317 2463 1572 2528 nomine,
1622 2460 1718 2531 qui
1758 2461 1909 2516 inter
1955 2476 2049 2515 re-

403 2553 596 2626 gionis
624 2553 1000 2624 magistratus
1023 2552 1462 2620 numerabatur,
1489 2551 1753 2607 doctrina
1773 2550 1929 2621 pius,
1949 2549 2049 2605 ho—

408 2643 593 2698 uestis
633 2641 918 2708 moribus,
953 2639 1252 2712 religionis
1281 2638 1470 2694 studio
1519 2637 1899 2705 admirabilis,
1949 2637 2049 2709 qui

409 2731 537 2787 illos
569 2731 669 2786 Dei
700 2745 899 2786 osores
938 2729 1358 2799 detestabatur,
1402 2728 1496 2783 ubi
1547 2727 1831 2798 comperit
1874 2727 2052 2783 sedu-

407 2825 626 2878 ctorem
659 2819 719 2874 in
752 2818 850 2874 illo
891 2818 1015 2875 vico
1057 2819 1282 2890 degere,
1332 2823 1389 2874 et
1435 2818 1823 2873 defectionem
1863 2815 2051 2886 magis

401 2910 708 2981 magisque
739 2909 1070 2980 propagari,
1095 2907 1332 2964 collecta
1362 2906 1618 2962 militum
1652 2923 1852 2974 manu,
1875 2904 1936 2960 in
1967 2904 2053 2961 lo-

399 3015 553 3064 cum,
590 2997 690 3052 ubi
721 2997 1025 3068 apostasiae
1067 2997 1346 3068 mysteria
1376 2995 1765 3063 celebrantur,
1807 3011 1865 3050 se
1913 3010 2054 3050 con-

403 3086 567 3154 tulit,
597 3086 957 3157 obsessaque
1005 3086 1201 3152 domo,
1253 3085 1572 3156 impietatis
1613 3084 1953 3154 principem,
1990 3086 2053 3138 ut

409 3174 556 3232 solet
586 3174 733 3244 ﬁeri,
757 3175 814 3230 in
841 3173 1165 3246 repentinis
1197 3173 1535 3246 hujusmodi
1564 3173 2050 3245 expeditionibus,

405 3264 548 3320 dum
578 3263 675 3320 alii
707 3265 780 3320 ad
813 3263 924 3320 alia
953 3267 1278 3331 vertuntur,
1298 3278 1504 3334 capere
1526 3278 1642 3318 non
1665 3262 1891 3334 potuit;
1915 3262 2051 3332 fuga

401 3355 617 3427 quippe
674 3370 738 3410 se
786 3354 1238 3410 subduxerunt:
1301 3352 1623 3420 discipulos
1671 3356 1865 3408 autem
1923 3352 2050 3421 ejus

401 3441 866 3512 comprehendit,
925 3447 982 3496 et
1029 3446 1384 3514 grassantem
1435 3444 1576 3496 tanti
1637 3441 1776 3496 mali
1827 3445 2051 3511 pestem

401 3530 653 3587 coercuit
682 3538 737 3585 et
767 3529 1090 3601 dissipavit.
1125 3530 1306 3586 Ferox
1354 3534 1553 3585 autem
1597 3529 1694 3584 ille
1746 3528 2052 3600 apostasia

405 3619 608 3674 doctor
622 3616 838 3688 Joseph
850 3634 938 3688 us,
964 3617 1063 3690 qui
1078 3617 1248 3674 etiam
1273 3617 1701 3689 Epaphroditus
1715 3617 2052 3683 vocabatur,

406 3708 461 3764 vi
493 3705 772 3778 expulsus
797 3723 866 3762 ex
884 3724 950 3764 eo
973 3707 1120 3775 loco,
1159 3711 1224 3764 ut
1256 3707 1471 3764 dictum
1504 3709 1612 3773 est,
1646 3710 1702 3762 et
1737 3707 1873 3778 fuga
1911 3705 2056 3760 dila-

403 3813 549 3868 psus
569 3797 628 3852 in
654 3796 988 3869 Phrygiam,
1012 3796 1168 3854 brevi
1194 3801 1396 3870 postea
1409 3803 1669 3870 tempore
1685 3797 2054 3854 Antiochiam

410 3884 633 3942 Pisidia
655 3885 953 3943 contendit
972 3903 986 3956 ;
1007 3887 1107 3944 ubi
1122 3888 1346 3946 advena
1363 3904 1496 3945 cum
1519 3891 1973 3960 esset,totusque
1984 3889 2054 3946 ab

2161 1919 2357 1994 ζημίαν
2423 1919 2649 1990 ὑπέστη.
2747 1921 3174 1997 Καιροφυλακῶν
3259 1919 3316 1976 δὲ
3379 1923 3470 1978 τὸν
3536 1920 3800 1997 δρασμὸν,

2158 2007 2373 2085 ἐπείπερ
2431 2009 2578 2082 αύτῷ
2661 2009 2750 2065 τὸν
2813 2009 3193 2083 μελετώμενον
3246 2013 3432 2086 καιρὸν
3488 2008 3802 2081 ἐπιτήδειον

2157 2100 2328 2175 εὗρεν,
2353 2100 2533 2178 φεύγει
2568 2100 2702 2174 μετά
2728 2104 2836 2155 τῶν
2867 2101 3168 2175 ἑπομένων,
3217 2101 3293 2163 εἰς
3328 2098 3384 2157 δὲ
3431 2103 3532 2172 τήν
3579 2097 3800 2156 πολλάς

2155 2210 2242 2252 κις
2310 2191 2699 2264 ὀνομασθεῖσαν
2765 2191 2960 2263 κώμην
3045 2190 3364 2266 Ἐπίσπαριν
3422 2191 3804 2267 παραγίνεται,

2156 2279 2246 2336 καὶ
2282 2279 2537 2355 λαμπρᾶς
2570 2279 2715 2352 παρᾶ
2746 2281 2855 2352 (82)
2895 2283 3002 2334 τῶν
3050 2277 3400 2336 ἐνοικούντων
3445 2286 3546 2350 τῆς
3600 2279 3806 2336 ὑποδο-

2159 2377 2268 2445 χῆς
2318 2371 2510 2449 τυχὼν
2567 2370 2676 2443 (καὶ
2731 2371 2836 2445 γὰρ
2892 2370 2961 2439 ἦν
3016 2375 3124 2425 τῶν
3165 2373 3265 2440 τῆς
3321 2370 3654 2434 ἀποστασίας
3693 2372 3819 2447 ἐρα-

2159 2463 2297 2514 στῶν
2325 2462 2388 2514 τὸ
2419 2458 2624 2534 χωρίον
2658 2457 3064 2535 ἐργαστήριον),
3098 2457 3237 2514 ὥστε
3265 2463 3355 2514 καὶ
3379 2457 3818 2534 λαμπάδας

2160 2548 2311 2619 αὐτῷ
2367 2549 2502 2602 κατᾶ
2567 2548 2664 2615 τὴν
2705 2545 2916 2602 εἴσοδον
2972 2549 3099 2620 παρ’
3139 2547 3286 2620 αὐτῷ
3340 2549 3818 2623 προσανάπτεσθαι

2161 2637 2249 2693 καὶ
2280 2639 2379 2707 τήν
2413 2635 2591 2708 ἄλλην
2623 2642 2795 2692 πᾶσαν
2830 2637 3115 2710 θεραπείαν
3154 2636 3246 2693 καὶ
3283 2639 3476 2710 τιμὴν,
3529 2640 3630 2709 ὅση
3682 2644 3829 2713 Χρι-

2163 2731 2290 2783 στοῦ
2353 2728 2622 2800 μαθηταῖς
2682 2726 3046 2804 ἐποφείλεταιο
3098 2727 3258 2789 οὗτος
3308 2725 3374 2798 δὴ
3431 2726 3573 2783 οὕτω
3629 2724 3830 2798 δεξίω-

2165 2816 2274 2878 θεῖς
2306 2814 2512 2890 χρόνον
2545 2814 2666 2870 τινὰ
2713 2812 2939 2870 διετέλει
2987 2812 3210 2870 πλανῶν
3265 2836 3322 2870 τε
3367 2815 3458 2870 καὶ
3515 2813 3822 2889 πλανώμε-

2161 2926 2274 2974 νος,
2346 2904 2438 2960 καὶ
2503 2905 2630 2966 τοὺς
2677 2905 3036 2977 πειθομένους
3094 2905 3174 2967 εἲς
3250 2905 3312 2961 τὸ
3380 2912 3480 2974 τῆς
3539 2904 3827 2968 ἀπωλείας

2165 2993 2479 3070 κατασύρων
2552 2996 2845 3070 βάραθρον.
2925 2995 3092 3068 Ἀνήρ
3176 2991 3234 3049 δέ
3295 3016 3380 3060 τις
3469 2993 3828 3070 Κρικοράχης

2166 3084 2311 3162 ἔχων
2339 3085 2651 3158 ἐπώνυμον,
2683 3089 2802 3146 τοῖς
2835 3080 2892 3139 δὲ
2916 3082 3094 3139 τέλεσι
3125 3089 3232 3139 τῶν
3262 3082 3579 3160 ἐπιχωρίων
3606 3083 3823 3159 ἀρχόν-

2161 3196 2268 3231 των
2309 3176 2422 3248 (84)
2454 3172 2853 3247 ἐξεταζόμενος,
2896 3169 3156 3242 θεοσεϐὴς
3192 3174 3286 3246 μὶν
3303 3174 3368 3228 τὸ
3389 3170 3588 3248 δόγμα,
3619 3174 3821 3228 εὐστα-

2163 3265 2262 3333 θής
2299 3259 2356 3316 δὲ
2385 3263 2446 3316 τὸ
2489 3263 2644 3331 ἦθος,
2691 3260 2785 3316 τόν
2834 3281 2892 3316 τε
2938 3259 3104 3330 ζῆλον
3157 3260 3494 3337 ἀξιάγαστος,
3545 3261 3637 3315 καὶ
3681 3259 3818 3321 τοὺς

2161 3354 2466 3426 θεοστυγεῖς
2503 3352 2928 3426 μυσαττόμενος,
2965 3349 3151 3423 μαθὼν
3200 3351 3293 3404 τὸν
3355 3348 3556 3406 πλάνον
3597 3348 3818 3429 ἐπιχω-

2162 3437 2444 3512 ριάσαντα,
2493 3437 2584 3492 καὶ
2633 3438 2733 3506 τήν
2777 3439 3103 3493 ἀποστασίαν
3161 3437 3237 3494 ἔτι
3301 3437 3515 3512 μᾶλλον
3571 3440 3647 3501 εἷς
3694 3439 3819 3496 ἐπί-

2162 3527 2312 3584 δοσιν
2345 3532 2632 3602 χωροῦσαν
2663 3529 2800 3601 (85),
2828 3533 2991 3604 χεῖρα
3022 3523 3207 3584 λαϐὼν
3253 3531 3671 3605 στρατιωτικὴν,
3713 3551 3816 3586 κα-

2159 3613 2500 3689 ταλαμϐάνει
2557 3617 2652 3672 τὸν
2736 3616 2928 3687 τόπον,
2989 3617 3043 3674 ἐν
3102 3619 3148 3691 ᾧ
3205 3621 3271 3673 τά
3325 3626 3426 3689 τῆς
3481 3620 3820 3683 ἀποστασίας

2164 3705 2406 3762 ἐτελεῖτο
2468 3707 2762 3780 μυστήρια”
2821 3706 2910 3762 καὶ
2972 3707 3399 3782 κυκλωσάμενος
3452 3711 3553 3778 τὴν
3613 3710 3816 3782 οἰκίαν,

2166 3796 2324 3852 αὐτὸν
2352 3795 2448 3869 μὶν
2469 3796 2558 3850 τὸν
2578 3799 2678 3861 τῆς
2703 3791 3012 3858 δυσσεϐείας
3043 3793 3296 3874 ἔξαρχον,
3329 3799 3425 3853 οἷα
3455 3795 3520 3867 δὴ
3572 3793 3814 3870 συμϐαί-

2163 3907 2240 3942 νει
2268 3887 2400 3960 (86),
2431 3882 2619 3941 ἄλλων
2650 3885 2786 3961 πρὸς
2818 3883 2962 3942 ἄλλα
2988 3883 3361 3962 τρεπομένων,
3384 3886 3435 3942 ἐν
3473 3892 3594 3948 ταῖς
3628 3885 3815 3964 αἰφνι-

1609 4069 1843 4128 νΑΒΙᾹΞ
1880 4067 2272 4126 LECTIONES
2310 4066 2402 4122 ET
2442 4065 2673 4124 NOTE.

475 4235 590 4307 (77)
627 4231 759 4307 Αντὶ
789 4229 1072 4307 ποιμένος.
1123 4233 1203 4286 [ta
1257 4235 1409 4307 recte
1457 4229 1892 4307 Coislinianus:
1934 4228 2045 4307 No-

405 4298 528 4362 ster
568 4298 742 4358 'nullo
801 4298 972 4358 sensu
1032 4300 1501 4370 ἀντιποιούμενος.
1544 4303 1753 4370 Petrus
1797 4298 2044 4370 Siculus,

403 4374 587 4447 p.52,
618 4371 837 4447 clarius
869 4377 934 4447 ut
958 4372 1124 4447 solet,
1159 4368 1414 4447 mentem
1434 4368 1669 4447 e_xpo_nit
1814 4369 2006 4447 verbis
2033 4385 2047 4424 :

405 4435 533 4530 λιὸῆ
557 4439 845 4530 ὠνλειδίσθεη
899 4441 934 4530 ρ
997 4435 1275 4530 Ξαχαρίας
1331 4435 1640 4512 nupti-15w
1699 4435 1912 4509 ἄλλων,
1973 4439 2124 4515 ὡςῙ)

408 4512 700 4590 μισθωτὸς,
733 4513 819 4567 καὶ
855 4512 957 4590 οὐκ
986 4512 1325 4590 ὤνπιίιμήν.

474 4588 590 4660 (78)
621 4585 986 4660 Πανουργίαν.
1029 4584 1112 4660 Ila
1157 4582 1461 4660 lego_cur_n
1507 4582 1769 4660 Nostro,_
1793 4598 1892 4654 pro
1937 4599 2051 4654 quo

403 4653 1142 4730 (lo‘islinianus'jr'ravoopyia
1182 4653 1673 4730 iddandigcasu.
1731 4653 1874 4730 Cum
1920 4653 2051 4730 vero

403 4728 732 4803 πανουργίαν
783 4724 1199 4803 pénrsiv'a'eque
1247 4726 1391 4781 bene
1437 4726 1550 4781 dici
1603 4727 1788 4797 possit
1834 4742 1901 4781 ac
1936 4724 2050 4803 ﬁci-

401 4822 551 4856 πτειν
580 4799 856 4875 μῆχανῆν,
889 4799 971 4856 nil
989 4799 1177 4875 _video
1221 4814 1428 4865 causae,
1463 4814 1574 4875 cur
1615 4815 1744 4875 non_
1778 4799 2051 4854 eumdem

403 4871 903 4944 utrinque'casum
928 4871 1336 4944 admittamus,
1361 4876 1426 4944 ut
1454 4874 1698 4940 taceam,
1731 4871 2052 4944 incongrue

403 4941 870 5018 diciﬁavoupvtq
913 4941 1132 5018 ῥάπτειν
1184 4941 1466 5017 μηχανήν,
1523 4958 1685 5014 aaque
1737 4958 1803 4997 ac
1855 4941 2052 4998 Latine

399 5019 492 5074 vix
520 5014 757 5082 dixeris,
787 5014 986 5087 frauda
1014 5014 1164 5070 dolos
1192 5014 1424 5087 nectere.

476 5089 586 5162 (79)
616 5089 765 5159 Ἅμα
788 5083 932 5162 τοῖς.
966 5086 1050 5142 Ita
1080 5101 1210 5162 cum
1235 5085 1439 5142 Nostro
1465 5101 1568 5162 pro
1589 5083 1700 5157 ἅμα
1723 5083 2050 5140 τῶν.1)αῐιᾶί

399 5155 759 5218 οηῖιηόεευε
791 5159 928 5216 huic
961 5155 1256 5230 particula!
1283 5155 1573 5214 convenit.

477 5232 589 5304 (80)
625 5225 1088 5304 Ἐπομοσάμξνος.
1138 5228 1270 5304 _Si_c
1348 5233 1556 5304 Easter
1612 5231 1810 5304 recte;
1877 5225 2050 5304 ἐπομτ

403 5299 546 5356 νύέιν
573 5299 774 5357 ἐηἰιπ
812 5299 920 5357 vel
950 5299 1305 5372 ἐπομνύεσθαι
1358 5299 1927 5372 frequentissimum,
1963 5303 2052 5354 est

403 5375 560 5446 apud
621 5372 1315 5446 Griecos._Coislinianus
1385 5371 1802 5446 ὑπομοσάμενος
1853 5371 2050 5446 minus

405 5442 552 5503 bene
580 5463 593 5500 :
625 5445 686 5498 τὸ
721 5443 1094 5503 ὑπομόσασθαι
1125 5444 1279 5498 enim
1313 5459 1380 5499 ex
1411 5444 1664 5503 genuina
1690 5460 1798 5498 sua
1821 5442 2051 5498 notione

405 5460 552 5503 bene
580 5463 593 5500 :
625 5460 686 5498 το
721 5460 821 5498 υπο
873 5460 1094 5497 οσασυαι
1125 5460 1279 5498 enim
1313 5460 1380 5499 ex
1449 5460 1664 5500 enuina
1690 5460 1798 5498 sua
1821 5460 2048 5498 nouone

403 5517 597 5597 locum
627 5517 722 5597 hic
749 5465 964 5597 hui-iere
993 5533 1108 5597 non
1142 5519 1348 5585 potest.
1385 5460 1528 5597 fide
1557 5515 1805 5597 Suidam.
1830 5513 2048 5597 tumul,

402 5605 540 5647 voce
573 5587 1017 5658 ἀνθυπομόσαθαι
1057 5591 1113 5642 et
1141 5603 1419 5658 compara
1446 5587 1526 5642 ibi
1559 5591 1724 5658 notas
1747 5586 2012 5658 ,Kusteri.

476 5661 590 5736 (81)
620 5657 871 5736 ’Λφείθη.
933 5659 1020 5715 Ita
1057 5657 1293 5736 Noster,
1338 5675 1440 5736 pro
1491 5673 1629 5736 quo.
1663 5657 2054 5736 Coislinianus

408 5729 602 5808 ἆφέθήδ
665 5729 984 5804 utrumque
1042 5734 1216 5789 recte.
1274 5729 1448 5788 Paulo
1505 5731 1639 5802 post
1687 5743 1796 5783 ms.
1855 5733 2054 5786 noster

2159 4227 2434 4283 mendose
2456 4227 2631 4299 habet
2667 4225 2757 4280 τὸν
2786 4226 3034 4294 θάνατον,
3069 4243 3168 4297 pro
3197 4230 3294 4281 τοῦ
3327 4226 3574 4296 θανάτου,
3621 4243 3806 4299 quem

2159 4313 2359 4368 casum
2389 4298 2629 4353 verbum
2666 4299 2924 4368 requirit.

2228 4365 2340 4443 (A872)
2376 4369 2546 4443 Παρά,
2577 4365 2866 4443 ζεοῐθριξο
2897 4370 3230 4443 nept,quod
3265 4371 3322 4426 in
3353 4371 3563 4426 Nostro
3592 4376 3807 4443 exstat.

2233 4436 2347 4512 (83)
2397 4436 2720 4511 Λαμπάδας.
2763 4436 3003 4498 illustre
3053 4436 3160 4498 hoc
3223 4449 3348 4498 erat
3390 4448 3447 4497 et
3499 4442 3700 4514 gaudii
3753 4447 3813 4498 et

2164 4514 2356 4586 cultus
2376 4521 2809 4586 argumentum.
2841 4514 2990 4586 Lege
3019 4515 3090 4568 de
3121 4515 3230 4570 hoc
3263 4529 3422 4570 more
3455 4513 3620 4584 plura
3651 4516 3808 4586 apud

2165 4584 2558 4710 Ciam2p2inum,
2627 4592 2772 4656 part.
2842 4584 3214 4642 IfVelerum
3301 4584 3808 4653 Monumentorirm,

2165 4671 2285 4710 can.
2395 4699 2408 4710 .

2163 4671 2285 4712 εᾶῐ).
2317 4671 2408 4712 ᾎἈ.

2232 4672 2519 4798 (ἓίιῗόίΓοῖς
2585 4723 2640 4801 δὲ
2692 4723 2874 4780 τέλεσι
2931 4729 3035 4801 τῶν
3077 4725 3398 4801 ἀρχόντων.
3459 4728 3544 4801 Ila
3600 4727 3812 4784 Noster

2165 4799 2280 4854 fere
2311 4797 2703 4870 pleonastice:
2740 4815 2871 4854 nam
2916 4797 3261 4870 simpliciter
3305 4797 3463 4858 τέλος
3508 4799 3580 4870 de
3626 4801 3809 4870 magi-

2161 4867 2346 4941 stratu
2392 4871 2573 4940 accipi
2626 4870 2770 4926 solet
2815 4871 2967 4941 apud
3019 4869 3266 4927 Graecos.
3317 4871 3412 4926 Sic
3461 4869 3528 4941 oi,
3561 4867 3614 4924 ἐν
3660 4867 3811 4925 τέλει

2163 4938 2332 5008 ὄντες,
2372 4947 2481 4997 etc.
2519 4938 2739 4998 Confer
2769 4938 2937 4997 notas
2988 4943 3058 4996 ad
3102 4941 3439 4999 Philostrati
3482 4940 3646 4997 Vitas
3695 4944 3811 4999 So-

2164 5014 2510 5084 phistarum,
2545 5030 2600 5084 p.
2634 5014 2755 5067 490.
2789 5013 2944 5068 Alias
2974 5027 3084 5068 vox
3113 5011 3270 5073 τέλος
3330 5013 3555 5069 nomini
3605 5013 3810 5069 addita

2161 5101 2286 5140 eam
2329 5101 2448 5140 rem
2511 5085 2855 5156 simpliciter
2902 5084 3154 5156 denotat,
3215 5101 3342 5155 quae
3402 5087 3632 5141 nomine
3689 5085 3806 5156 isto

2161 5156 2521 5242 exprimitur.
2558 5152 2647 5242 15d
2671 5152 2830 5242 τέλος
2851 5153 3111 5242 ’πολέμομ
3140 5152 3290 5242 idem
3314 5153 3810 5242 esa‘guodnvtﬂe-

2166 5247 2288 5298 μος.
2322 5229 2546 5282 Confer.
2579 5228 2704 5284 Jac.
2736 5227 3022 5284 Perizonii
3051 5229 3232 5286 Notas
3262 5229 3332 5284 ad
3364 5228 3571 5285 IEliani
3606 5229 3808 5284 Varias

2160 5299 2446 5362 Histerias,
2479 5298 2574 5365 III,
2611 5300 2696 5356 43.

2234 5371 2348 5442 (85)
2396 5369 2496 5424 Καὶ
2690 5367 3019 5446 ἀποστασίαν
3173 5390 3243 5446 μ.Δ
3283 5389 3327 5426 ε.
3383 5367 3433 5446 ἐ.
3494 5372 3807 5446 χωροῦσανἲ

2163 5441 2287 5500 Non
2319 5441 2580 5514 agnoscit
2611 5441 2842 5514 Noster,
2872 5441 3092 5498 librarii
3124 5441 3429 5500 oscitantis
3469 5441 3661 5514 culpa,
3706 5444 3815 5514 qui

2165 5529 2230 5569 ex
2264 5511 2400 5570 voce
2449 5511 2885 5640 ἐπιχωριάσαντα
2938 5513 2994 5569 in
3043 5515 3277 5571 afﬁnem
3326 5531 3469 5572 sono
3519 5511 3812 5591 χωροῦσαν

2165 5601 2523 5640 nraenronere
2554 5589 2622 5640 de
2649 5603 2827 5640 ausus
2857 5585 3101 5640 videtur.

2161 5585 2827 5657 praepropereﬁelapsus
2857 5585 3101 5642 videtur.

2162 5651 2204 5785 ὲ
2384 5651 2704 5742 ξυμϐαίνειῖ
2744 5658 2828 5712 Ita
2865 5658 3074 5714 Noster
3121 5661 3297 5728 recte,
3347 5674 3448 5729 pro
3496 5652 3816 5732 συμϐαίνειν

2207 5744 2239 5785 Ο
2266 5745 2295 5785 β
2323 5745 2526 5785 Imanl.

2207 5728 2526 5787 oisliniani.
