4074 6208
268 337 347 400 61
1405 341 1716 405 CONTRA
1768 345 1940 408 MAN:

2053 345 2241 407 lJEOS
2283 344 2516 406 LIBER
2558 346 2607 408 Ι.
3637 349 3714 410 62

287 469 432 527 δίοις
458 466 804 545 Ἐπιδρομαῖς
833 489 890 526 τε
920 471 1011 526 καὶ
1043 469 1283 551 ἐφόδοις,
1316 475 1424 551 ούχ
1455 474 1619 531 εἷλεν·
1654 472 1814 532 ἔλαθε
1837 479 1940 551 (87]

2067 479 2531 551 insequentibus,
2563 483 2763 551 utpote
2785 479 2884 551 qui
2915 481 2987 536 ab
3012 480 3133 538 illis
3163 480 3511 555 longissimo
3533 483 3718 554 spatio

286 560 400 635 γὰρ
433 557 724 638 διαφυγών·
756 559 885 623 τοὺς
919 557 977 616 δὶ
1006 562 1254 633 μάθητᾶς
1302 564 1524 640 συνέσχε
1572 569 1670 620 τοῦ
1719 564 1953 636 πλάνου,

294 650 388 702 καί
417 651 515 717 τήν
540 651 724 720 νομήν
752 648 894 711 τέως
933 653 1032 704 τοῦ
1069 649 1403 720 τηλικούτου
1443 658 1613 708 κακοῦ
1645 657 1951 733 φερομένην

292 737 492 814 ἐπέσχε
525 737 622 792 καὶ
651 737 1020 813 ἃνεχαίτισεν.
1055 741 1117 796 Ὁ
1175 736 1233 795 δὲ
1279 747 1380 810 τῆς
1427 740 1757 807 ἂποστασίας
1798 745 1954 809 οὗτος

291 829 493 900 θερμὸς
517 824 856 890 διδάσκαλος
884 829 1085 907 Ἰωσὴφ
1127 831 1211 902 (ἦν
1237 827 1294 884 δὲ
1315 829 1459 904 αύτῷ
1489 832 1580 887 καὶ
1614 834 1642 888 ὁ
1680 834 1954 910 Ἐπαφρό-

285 917 436 976 διτος
473 919 688 995 ὄνομα)
741 925 1020 996 κραταιῶς
1067 919 1311 984 ἐλασθεὶς
1363 924 1482 979 ὅθεν
1542 924 1756 1000 εἴρηται
1817 928 1950 1000 (88),

277 1009 366 1063 καὶ
437 1011 548 1076 τὴν
607 1011 784 1088 φυγήν
848 1007 938 1064 ἒπὶ
1001 1011 1243 1086 Φρυγίαν
1330 1013 1684 1086 ποιούμενος,
1772 1011 1955 1090 χρόνῳ

272 1098 507 1172 ὔστερον
548 1099 754 1174 βραχεῖ
782 1093 1197 1174 καταλαμϐάνει
1244 1102 1345 1170 τὴν
1374 1101 1427 1157 ἐν
1476 1101 1696 1176 Ιίισιδίᾳ
1737 1105 1954 1161 Ἀντιό-

2064 567 2330 633 distaret,
2363 565 2585 622 multos
2618 567 2941 623 incolarum
2977 571 3045 624 ad
3079 569 3412 640 pestiferam
3446 585 3611 624 suam
3634 587 3720 626 se-

2064 661 2220 713 ctam
2246 656 2506 722 abduxit,
2541 671 2928 728 magnamque
2960 658 3115 729 apud
3146 674 3244 714 eos
3289 658 3711 729 benignitatem

2065 751 2334 815 expertus
2354 748 2461 812 est,
2487 745 2580 815 qui
2609 750 2918 816 postquam
2943 746 3359 817 impiamillam
3385 748 3712 804 doctrinam

2067 855 2168 911 per
2198 853 2384 893 annos
2415 836 2804 907 quadraginta
2833 835 3037 906 plenos
3070 837 3496 908 praedicaverat,
3530 837 3714 894 scele-

2065 932 2213 985 stam
2247 926 2774 995 exsecrandamque
2794 925 2974 980 vitam
3009 942 3142 980 cum
3177 932 3362 983 morte
3379 933 3716 985 commuta-

2064 1017 2145 1073 vit
2173 1017 2230 1073 in
2266 1014 2543 1071 suburbio
2565 1013 2853 1086 praedicta
2875 1013 3060 1080 urbis,
3094 1017 3245 1084 quod
3269 1016 3715 1090 Chortocopium

2065 1110 2322 1162 vocatur.

265 1207 456 1264 χειαν,
497 1188 552 1243 ἐν
612 1191 649 1260 ᾗ
715 1191 1087 1264 παροικήσας,
1128 1189 1218 1244 καὶ
1268 1188 1450 1254 ἀδείας
1493 1197 1604 1248 τῶν
1665 1191 1966 1249 δακνόντων
2021 1189 2347 1267 λαϐόμενος,
2398 1187 2488 1246 ἅτε
2529 1188 2594 1259 δὴ
2654 1189 2859 1246 τδύτων
2941 1191 3014 1253 ὡς
3069 1191 3402 1268 ποῤῥωτέρω
3469 1193 3714 1266 διαστὰς,

270 1277 535 1340 πολλοὺς
570 1279 665 1352 μὲν
697 1283 806 1333 τῶν
857 1277 1172 1355 ἐπιχωρίων
1218 1287 1317 1349 τῆς
1367 1281 1533 1337 αύτοῦ
1583 1282 1769 1357 λύμης
1815 1279 1974 1360 ἔργον
2025 1281 2318 1356 ἀπέδειξεν,
2369 1280 2589 1351 πολλῆς
2640 1277 2698 1335 δὲ
2743 1288 2846 1350 τῆς
2895 1282 3018 1355 παρ’
3071 1281 3283 1337 ἐκείνων
3343 1283 3571 1355 ἠξίωται
3620 1283 3711 1340 δε-

270 1370 553 1440 ξιώσεως·
620 1368 711 1424 καὶ
769 1371 869 1440 τὴν
927 1365 1170 1426 ἀσέϐειαν
1229 1369 1397 1428 ἔτεσιν
1449 1372 1603 1435 ὅλοις
1650 1375 1938 1449 τριάκοντα
1993 1376 2252 1450 κηρύξας,
2311 1371 2474 1446 μόλις
2549 1371 2682 1427 ποτὶ
2737 1372 2830 1427 τὸν
2890 1373 3166 1448 ἐξάγιστον
3227 1375 3318 1429 καὶ
3375 1369 3708 1451 ἐϐδελυγμέ-

268 1478 363 1513 νον
399 1459 671 1514 καταλύεῐ
699 1459 851 1533 βίον,
910 1455 962 1512 ἐν
1006 1459 1314 1535 προαστείῳ
1365 1468 1467 1532 τῆς
1523 1461 1822 1538 εἰρημένης
1880 1463 2100 1526 πόλεως
2160 1462 2221 1518 ού
2269 1461 2461 1540 πόρῥω
2519 1459 2868 1534 διακειμένῳ,
2919 1463 3008 1517 καὶ
3059 1463 3159 1532 τὴν
3221 1461 3513 1535 ὀνομασίαν
3559 1467 3707 1540 Χορ-

267 1549 545 1604 τοκοπίον
578 1551 690 1622 (89)
719 1548 930 1624 ἔχοντι.

349 1647 438 1697 Κ’.
491 1642 616 1698 Ἒτι
675 1637 733 1695 δὲ
789 1645 888 1696 τοῦ
926 1640 1345 1718 τρισαλιτηρίου
1399 1647 1478 1716 τῷ
1536 1643 1643 1721 βίῳ
1687 1665 1940 1721 παροντοι

2137 1647 2281 1704 XXI.
2315 1647 2462 1704 Cum
2493 1649 2688 1702 autem
2718 1653 3015 1719 superstes
3054 1647 3246 1703 adhuc
3285 1651 3458 1718 esset,
3499 1651 3556 1703 et
3595 1647 3708 1704 im-

271 1732 370 1786 καὶ
404 1729 755 1804 ἆκμᾶζοντος
803 1732 903 1799 τὴν
957 1727 1224 1803 ἀσέϐειαν,
1270 1732 1370 1806 μία
1419 1754 1503 1796 τις
1542 1738 1651 1790 τῶν
1700 1739 1940 1807 συνήθων

2053 1737 2264 1809 pietate
2287 1737 2536 1805 floreret,
2564 1737 2776 1794 mulier
2793 1738 3057 1810 quaedam
3081 1737 3196 1807 ipsi
3223 1737 3554 1808 familiaris,
3578 1753 3702 1809 quae

284 1820 449 1890 αὖτῷ
517 1817 671 1894 inde?
726 1818 814 1874 διὰ
867 1818 1043 1896 γᾶμον
1097 1824 1446 1895 ἡρμοσμένη,
1521 1821 1790 1901 ἐξυϐρίζει
1849 1827 1943 1895 μὲν

289 1910 406 1976 τὴν
439 1903 749 1982 ἀνύϐριστον
792 1909 1006 1982 κοίτην,
1055 1907 1276 1974 ’ἔκδοτος
1336 1909 1393 1966 δὲ
1441 1911 1642 1988 γίνεται
1695 1916 1942 1990 μοιχεία.

296 1996 406 2051 Τὸν
467 1991 524 2050 δὲ
572 1992 917 2073 διαρῥήξαντα
981 2000 1092 2071 (90)
1148 2000 1275 2062 τοὺς
1341 1999 1672 2076 ἀλλοτρίους
1730 2005 1943 2076 γάμους

282 2081 382 2140 ἕνα
441 2086 542 2158 μὲν
592 2087 726 2141 εἶναι
779 2092 886 2143 τῶν
949 2091 1208 2162 μαθητῶν
1257 2111 1382 2162 φασι
1440 2094 1537 2145 τοῦ
1592 2089 1829 2146 πλάνου·
1891 2092 1944 2164 ἐξ

273 2169 554 2250 Ἐϐραίων
605 2172 662 2231 δὲ
703 2178 842 2252 πρὸς
891 2178 994 2245 τήν
1046 2175 1204 2234 ἔθεον
1255 2179 1536 2254 θρησκείαν
1587 2177 1944 2253 μεταϐληθῆ-

271 2283 386 2319 ναι.
426 2263 584 2334 Πλὴν
628 2263 688 2319 ἐκ
730 2266 992 2336 τοιαύτης
1041 2265 1232 2324 ἀδίκου
1289 2288 1348 2324 τε
1397 2269 1485 2324 καὶ
1536 2265 1942 2346 ἐϐδελυγμένης

273 2351 486 2426 μίξεως
542 2352 782 2409 τίκτεται
837 2357 908 2428 τῇ
971 2353 1270 2435 μοιχαλίδι
1326 2357 1390 2411 τὸ
1451 2356 1535 2412 ἐπ’
1615 2356 1942 2433 αἲσχρότητι

271 2447 366 2499 καί
431 2442 697 2519 βδελυρίᾳ
742 2443 1072 2519 περιϐόητον
1118 2448 1273 2525 ἄγος,
1307 2451 1335 2505 ὁ
1377 2450 1616 2526 ῥυπαρὸς
1665 2452 1755 2506 καὶ
1805 2451 1944 2507 ἀκά-

273 2535 478 2608 θαρτος
519 2536 761 2607 Βαάνης.
804 2537 974 2601 Οὗτος
1023 2537 1115 2593 οὖν
1167 2541 1267 2608 τὴν
1313 2541 1559 2618 κορυφὴν
1609 2545 1716 2596 τῶν
1764 2544 1944 2597 κακῶν

281 2623 309 2677 ὁ
375 2622 658 2698 χείριστος
718 2622 1029 2705 διαδέχεται
1089 2629 1204 2702 (91)
1260 2629 1353 2684 τὸν
1425 2629 1714 2704 εῒρημένον
1774 2631 1946 2686 Ἐπα-

277 2710 544 2789 φρόδιτον
585 2714 615 2768 ὁ
674 2714 914 2786 Βαάνης·
965 2717 1024 2779 ’ὸς
1069 2717 1244 2773 πάντα
1298 2719 1394 2792 μὶν
1431 2720 1500 2774 τὰ
1541 2723 1648 2774 τῶν
1697 2721 1802 2792 πρὸ
1847 2721 1946 2776 αύ-

283 2807 412 2873 τοῦ,
464 2805 552 2864 οἷς
598 2810 974 2879 συνεκροτεῖτο
1026 2807 1062 2876 ἡ
1113 2802 1348 2878 ἄσέϐεια,
1397 2807 1660 2884 στέργων,
1710 2809 1944 2886 ἀκαθαρ-

275 2893 370 2963 σίᾳ
402 2888 459 2948 δὲ
492 2893 621 2968 βίου
669 2893 759 2948 καὶ
809 2895 1079 2969 σωμάτων
1142 2898 1346 2971 μίξεσιν
1381 2896 1644 2972 ἀρρήτοις
1691 2899 1779 2953 καὶ
1826 2906 1946 2963 ταῖς

271 2979 480 3042 ἄλλαις
553 2981 1002 3059 ἀθεμιτουργίαις
1056 2985 1181 3048 τοὺς
1239 2980 1542 3061 ἔμπροσθεν
1615 2985 1937 3064 φιλονεικῶν

263 3071 722 3146 ἀποκρύψασθαι,
789 3069 1021 3128 διετέλει
1065 3071 1335 3130 διδάσκων
1387 3075 1516 3138 τοὺς
1579 3078 1936 3150 πειθομένοὺς

260 3159 374 3227 τήν
416 3158 670 3234 ὀλέθριον
707 3159 961 3233 μάθησιν.
1013 3162 1143 3216 Ὑπὸ
1193 3159 1250 3218 δὲ
1297 3164 1426 3228 τοὺς
1454 3163 1649 3227 αὐτοὺς
1701 3167 1938 3241 χρόνους

261 3249 669 3325 συναναφύεται
733 3248 814 3324 τῷ
870 3250 1218 3332 πολυμόρφῲ
1283 3253 1462 3328 τοότῳ
1529 3255 1619 3310 καὶ
1685 3253 1939 3331 βδελυρῷ

257 3337 460 3412 θηρίῳ
518 3334 702 3411 ἕτερόν
763 3361 818 3394 τι
873 3340 1262 3416 παραπλήσιον
1361 3341 1706 3419 δρακοντείου
1767 3346 1942 3420 γέμον

259 3429 383 3484 ἱοῦ.
411 3427 598 3499 Κώμη
629 3425 687 3482 δὲ
715 3428 783 3498 ἦν
817 3428 963 3502 αύτῷ
1017 3431 1213 3507 πατρὶς
1262 3434 1296 3501 ἡ
1349 3432 1500 3489 Ἀνία
1546 3435 1680 3507 (92),
1725 3438 1793 3505 τῆ
1836 3440 1939 3490 Τα-

266 3511 370 3587 ϐίᾳ
398 3514 785 3585 πλησιάζουσα
827 3514 1010 3590 πόλει,
1061 3520 1154 3575 καὶ
1205 3519 1430 3595 Δρυίνος
1467 3523 1533 3591 ἧν
1584 3528 1664 3596 τῷ
1713 3520 1938 3597 δειλαίῳ

265 3607 336 3662 τὸ
369 3602 574 3679 ὄνομα,
623 3615 724 3677 τῆς
773 3607 1028 3679 κλήσεως
1081 3598 1520 3685 θριαμϐεοούσης
1573 3611 1666 3668 τόν
1718 3609 1940 3669 ἰοϐόλον

264 3694 367 3749 καὶ
425 3696 764 3773 φθοροποιὸν
820 3693 942 3774 ὅφιν
1006 3701 1118 3770 (93)
1173 3695 1552 3776 κρυπτόμενον
1607 3701 1659 3756 ἐν
1725 3703 1940 3777 ἀνθρω-

269 3783 421 3856 πίνῳ
487 3787 602 3857 (94)
672 3787 1013 3859 σκηνώματι.
1072 3788 1264 3861 Τούτῳ
1321 3794 1399 3862 τῷ
1463 3790 1640 3864 θηρίῳ
1695 3789 1936 3848 τίκτεται

278 3878 435 3944 παῖς,
465 3872 512 3942 ἐξ
542 3873 746 3943 αὐτῶν,
779 3875 956 3948 οἶμαι,
986 3880 1096 3931 τῶν
1141 3872 1378 3933 ἰοϐόλων
1425 3877 1639 3952 μᾶλλον
1689 3881 1936 3956 σπερμά-

271 3983 388 4016 των
413 3966 508 4016 τοῦ
537 3962 854 4038 ἀρχεκάκου
902 3967 1014 4038 (95)
1061 3964 1262 4044 ὄφεως,
1316 3966 1352 4036 ἢ
1398 3965 1458 4022 ἐκ
1502 3972 1599 4022 τοῦ
1642 3973 1932 4047 προσεχῶς

269 4054 477 4130 ’φύντος
523 4051 705 4109 ἕλκων
761 4053 858 4117 τὰς
915 4055 1169 4131 ἀπαρχὰς
1224 4059 1325 4128 τῆς
1379 4060 1658 4135 γενέσεως.
1718 4059 1932 4116 Τίθεται

266 4140 314 4198 δ’
349 4140 448 4198 οὖν
503 4143 533 4198 δ
579 4145 764 4219 πατὴρ
808 4147 888 4217 τῷ
935 4145 1246 4220 γεννηθέντι
1292 4146 1488 4219 κλῆσιν
1532 4151 1632 4219 τήν
1682 4149 1930 4226 Σέργιον,

2058 1825 2178 1882 viro
2212 1830 2395 1898 nupta
2432 1832 2573 1894 erat,
2624 1826 3021 1882 inviolabilem
3067 1826 3340 1883 connubii
3371 1830 3560 1883 torum
3611 1827 3706 1883 de-

2055 1916 2262 1988 spexit,
2295 1920 2352 1972 et
2383 1915 2759 1972 fornicationi
2785 1932 2845 1972 se
2865 1915 3106 1971 dedidit.
3141 1915 3326 1971 Aiunt
3347 1932 3514 1988 porro
3538 1932 3696 1982 eum,

2055 2004 2154 2076 qui
2185 2002 2404 2060 alienas
2436 2003 2672 2074 nuptias
2703 2003 2956 2074 violavit,
2987 2004 3316 2060 seductoris
3347 2003 3699 2075 discipulum

2053 2092 2255 2160 fuisse,
2289 2092 2388 2163 qui
2422 2107 2490 2147 ex
2520 2092 2774 2149 Hebraeis
2802 2093 2872 2148 ad
2905 2093 3148 2164 impiam
3169 2091 3332 2148 illam
3357 2092 3698 2163 religionem

2052 2181 2578 2251 transmigraverat.
2611 2181 2691 2236 Ex
2731 2180 2973 2252 indigna
3001 2196 3173 2250 porro
3211 2185 3270 2235 et
3307 2181 3702 2239 abominanda

2053 2270 2395 2342 hujusmodi
2426 2268 2839 2325 commistione
2869 2269 3133 2324 adultera
3161 2268 3373 2324 mulier
3410 2269 3698 2328 famosum

2051 2361 2198 2416 illud
2225 2360 2756 2431 turpissimumque
2787 2358 2975 2415 scelus
3005 2359 3250 2430 peperit,
3281 2361 3696 2416 exsecrandum

2054 2464 2262 2521 nempe
2285 2449 2557 2505 Baanem.
2583 2447 2688 2503 Hic
2709 2447 2891 2520 igitur
2912 2447 3311 2519 nequissimus
3331 2449 3553 2505 Baanes
3585 2463 3702 2504 me-

2053 2542 2348 2594 moratum
2379 2535 2836 2610 Epaphroditum
2871 2535 3104 2608 excipit,
3138 2537 3240 2608 qui
3286 2538 3484 2594 omnia
3533 2537 3696 2609 prius

2054 2627 2323 2684 stabilita:
2355 2627 2675 2700 impietatis
2706 2629 2984 2698 dogmata
3033 2627 3313 2696 retinens,
3364 2627 3699 2698 impuritate

2053 2720 2248 2775 autem
2281 2716 2408 2773 vitae
2439 2725 2494 2772 et
2511 2715 2782 2772 nefandis
2813 2731 3119 2789 corporum
3143 2715 3515 2773 mistionibus
3539 2717 3698 2773 aliis-

2053 2822 2167 2878 que
2188 2806 2506 2864 sceleribus
2525 2808 2974 2880 prmdecessores
2995 2823 3130 2863 suos
3152 2806 3444 2864 occultare
3460 2809 3702 2864 studens

2051 2899 2438 2972 perniciosam
2472 2899 2846 2972 disciplinam
2874 2900 3230 2972 sequacibus
3258 2901 3488 2957 tradere
3511 2916 3702 2973 perse-

2049 2989 2290 3047 veravit.
2322 2990 2537 3046 Eodem
2580 3005 2748 3061 porro
2781 2995 3038 3061 tempore
3077 2988 3215 3046 huic
3264 2988 3605 3046 multiformi
3645 2996 3701 3046 et

2052 3079 2354 3135 horrenda:
2386 3079 2515 3135 ferte
2545 3078 2658 3134 alia
2687 3077 2900 3134 similis
2925 3078 3285 3146 adnascitur,
3307 3079 3578 3135 draconis
3597 3095 3698 3136 ve-

2046 3183 2196 3224 neno
2253 3166 2443 3240 plena.
2489 3167 2636 3224 Huic
2676 3168 2866 3238 patria
2908 3172 3034 3223 erat
3075 3168 3244 3234 Ania,
3293 3169 3453 3224 vicus
3499 3168 3692 3224 Tabim

2045 3257 2176 3314 urbi
2209 3257 2549 3329 proximus:
2583 3257 2949 3328 scelestoque
2998 3273 3210 3314 nomen
3261 3261 3382 3312 erat
3419 3257 3692 3328 Dryinus,

2045 3349 2202 3419 quod
2234 3346 2584 3403 vocabulum
2616 3345 2944 3402 latitantem
2969 3347 3026 3402 in
3062 3347 3316 3402 humano
3347 3361 3585 3418 corpore
3605 3361 3696 3402 ve-

2045 3451 2330 3492 nenosum
2398 3434 2908 3508 perniciosumque
2988 3439 3317 3508 serpentem
3374 3435 3692 3492 indicabat.

2045 3525 2198 3582 Ferae
2230 3524 2570 3596 hujusmodi
2602 3524 2863 3580 nascitur
2903 3523 3076 3593 filius,
3120 3541 3189 3582 ex
3229 3525 3394 3597 ipsis,
3437 3529 3503 3580 ut
3531 3531 3692 3596 pulo,

2042 3615 2252 3670 veteris
2282 3613 2573 3686 serpentis
2602 3614 2904 3670 venenosis
2934 3612 3260 3670 seminibus
3283 3614 3471 3686 potius
3490 3619 3686 3670 ortum

2042 3704 2286 3770 ducens,
2319 3719 2496 3775 quam
2530 3718 2598 3758 ex
2629 3706 2867 3774 parente
2907 3718 3031 3758 suo.
3063 3703 3217 3757 Proli
3250 3718 3369 3757 sum
3404 3706 3566 3774 pater
3589 3719 3686 3758 no-

2041 3807 2172 3848 men
2205 3793 2456 3864 imponit
2484 3791 2735 3865 Sergius,
2771 3792 2923 3863 quod
2958 3808 3058 3848 vas
3091 3807 3216 3848 esse
3238 3791 3416 3847 totius
3439 3791 3689 3848 diaboli-

2040 3895 2118 3936 eas
2178 3881 2450 3953 nequitiae
2507 3897 2690 3952 capax
2741 3881 3044 3951 sequentia
3091 3882 3584 3937 demonstrarunt.
3637 3882 3692 3938 Is

2041 3974 2165 4025 erat
2193 3972 2264 4025 ad
2297 3969 2728 4042 pervadendam
2759 3974 2816 4024 et
2848 3969 3279 4040 praedicandam
3325 3970 3687 4041 impietatem

2041 4064 2236 4128 natus,
2259 4064 2525 4114 versatus
2548 4059 2606 4114 in
2619 4058 2988 4126 occultanda,
3003 4065 3258 4129 tempore
3281 4059 3361 4114 ita
3383 4059 3689 4126 suadente,

2041 4148 2330 4206 sententia
2359 4164 2489 4215 sua,
2519 4147 2590 4203 ad
2641 4145 3037 4203 simulandam
3079 4146 3352 4203 virtutem
3397 4149 3691 4218 composi-

1441 4306 1684 4365 νΑΒΙλΕ
1723 4305 2117 4364 LEGTIONES
2157 4303 2244 4360 ET
2279 4303 2519 4361 NOTIE.

347 4431 460 4500 (87)
489 4425 712 4504 Ἐλᾳθε.
747 4429 1097 4504 ΗιεοΝοειιυί
1122 4430 1299 4504 lectio
1319 4436 1428 4502 est,
1460 4433 1643 4504 proba
1671 4433 1931 4503 omnino,
1965 4433 2011 4498 D
2043 4432 2200 4504 quod
2232 4445 2347 4504 non
2385 4429 2676 4504 i_llibe_nter
2729 4428 2897 4504 alteri
2944 4427 3042 4504 isti
3067 4427 3518 4504 _substituerim_.
3559 4430 3690 4504 _Vox

275 4511 333 4558 et
381 4518 514 4556 cum
567 4501 747 4558 altera
797 4501 1136 4558 Coisliniani

279 4574 482 4628 tande.
538 4573 633 4629 Sic
699 4573 1117 4630 Demosthenes
1169 4591 1181 4630 :

277 4641 705 4718 δρᾶντεςχσιανη
733 4645 890 4718 nobis
917 4649 1204 4718 fugerunt.

310 4713 465 4839 ’(88)
495 4717 784 4789 Κραταιῶς
838 4713 1050 4777 ἐλαθεὶς
1098 4714 1218 4772 ὅθεν
1287 4713 1526 4790 ε’ίρηται.
1573 4717 1784 4800 .Noster
1831 4734 1934 4789 pro

275 4785 442 4842 ἔλαθε
471 4806 521 4842 ς.
591 4786 698 4842 (vel
759 4784 1004 4842 ἐλασθεὶς
1057 4804 1124 4842 ex
1189 4787 1420 4842 ἐλαύνω)
1479 4789 1615 4842 19th
1670 4787 1932 4842 ἐρασθείς.

341 4807 442 4841 αυε

275 4862 428 4916 forte
460 4875 578 4932 non
613 4875 818 4932 parum
848 4859 1080 4932 (melius,
1114 4876 1179 4917 eo
1206 4877 1406 4932 sensu,
1436 4859 1588 4932 (quod
1618 4859 1935 4932 rJOsephus

273 4931 396 5000 ille,
431 4931 539 5002 qui
579 4933 640 4985 et
682 4929 1115 5002 Epaphroditus
1160 4931 1348 4988 dictus
1397 4929 1495 5002 sit,
1546 4931 1709 4988 valde
1763 4929 1937 4988 fuerit

267 5008 514 5059 amatus
544 5019 589 5074 ιι
607 5002 755 5070 suis,
808 5002 1065 5074 adeoque
1115 5018 1265 5074 (egre
1291 5003 1596 5068 dimissus,
1639 5008 1696 5058 et
1734 5004 1870 5059 hinc
1901 5019 1936 5059 a

271 5072 689 5132 Pisidensibus
720 5072 910 5128 amice
942 5072 1238 5142 exceptus.
1273 5075 1468 5130 Lectio
1507 5074 1622 5129 ista
1666 5078 1723 5129 et
1754 5075 1934 5130 inter-

269 5146 522 5220 pretatio
551 5143 939 5220 confirmatur
962 5146 1351 5220 sequentibus
1373 5145 1570 5220 verbis
1601 5143 1718 5220 ὅθεν
1766 5143 1932 5220 εἴρη-

267 5215 379 5286 ται,
414 5218 450 5273 i.
490 5232 541 5272 e.
576 5215 724 5289 unde
750 5215 1068 5289 appellatus
1097 5219 1196 5284 est,
1229 5217 1450 5272 scilicet
1475 5215 1930 5289 Epaphrodit‘us,

273 5289 424 5360 quod
459 5303 679 5360 nomen
711 5286 1009 5360 hominem
1038 5290 1351 5343 venustum
1398 5286 1573 5359 atque
1599 5286 1930 5360 amabilem

273 5358 485 5430 infert.
512 5359 601 5414 Ita
631 5358 830 5414 omnia
859 5359 1079 5430 optime
1107 5360 1219 5414 sibi
1252 5358 1545 5428 constant,
1599 5375 1703 5417 nec
1745 5359 1840 5415 hic
1868 5359 1931 5413 τὸ

279 5430 401 5485 ὅθεν
431 5429 658 5504 εἴρηται.
679 5431 824 5485 verti
851 5429 1043 5497 debet,
1075 5431 1226 5500 quod
1269 5432 1357 5489 vis
1385 5447 1591 5489 vocum
1625 5447 1740 5487 non
1782 5433 1933 5504 pati-

273 5507 394 5576 tur,
407 5501 510 5576 per
535 5505 599 5557 ut
623 5501 832 5576 dictum
861 5510 957 5560 est.

347 5571 890 5647 (89),Χορτοκομπίον.
943 5572 1438 5647 PetrusASiculus,
1471 5591 1526 5645 p.
1573 5573 1664 5628 52.
1715 5573 1928 5647 Χορτο-

277 5644 518 5712 κοπῑῖον,
549 5644 718 5717 quod
733 5644 822 5717 illi
855 5649 993 5716 puto
1022 5645 1475 5717 praferendum.

351 5716 465 5790 (90)
506 5711 887 5791 ίΔὶαῤῥήξαντᾶ
918 5759 934 5774 .
1022 5711 1240 5774 Noster
1340 5717 1478 5790 legit
1570 5711 1928 5792 διορύξαντα,

1184 4501 1358 4575 ἤλασε
1405 4501 1642 4560 omnino
1694 4501 1932 4575 per-mu;

1253 4571 1492 4629 Ἔλαθον
1573 4576 1606 4644 ἡ
1617 4571 1721 4648 μᾶς
1780 4574 1930 4629 ἀπο-

471 4806 521 4858 ς,
551 4784 560 4789 ’
591 4786 698 4858 (vel
759 4784 1004 4862 ἐλασθείς
1057 4804 1124 4844 ex
1189 4784 1420 4859 ἐλαύνω)
1479 4789 1615 4862 legit
1650 4784 1932 4862 ἐρασθείς,

2041 4499 2198 4559 enim
2231 4501 2353 4557 haec
2383 4502 2454 4556 de
2481 4502 2650 4556 rebus
2685 4499 2925 4556 minime
2970 4499 3279 4569 violandis,
3331 4499 3430 4555 ubi
3459 4499 3686 4555 violatis

2044 4579 2201 4642 sunt,
2233 4590 2286 4630 ν.
2310 4589 2359 4628 c.
2383 4573 2646 4644 sepulcris
2667 4572 2938 4644 usurpari
2963 4571 3132 4644 solet,
3164 4576 3227 4626 ut
3251 4571 3494 4644 proinde
3509 4571 3688 4641 aptis-

2045 4647 2191 4700 sime
2219 4646 2288 4700 ad
2319 4642 2852 4714 violatasconjugii
2885 4642 3288 4714 sanctissimas
3310 4643 3465 4714 leges
3485 4648 3687 4714 trans-

2047 4717 2181 4786 ferri
2206 4720 2401 4786 queat.
2434 4713 2620 4786 Facile
2650 4713 2840 4786 autem
2873 4713 2996 4768 fieri
3047 4713 3254 4785 potuit,
3301 4719 3363 4768 ut
3411 4713 3688 4771 librarius

2047 4781 2400 4872 ataép'T-(Ea‘v‘ca
2427 4802 2563 4842 cum
2595 4781 2912 4858 διορύξαντα
2937 4787 3018 4856 τῷ
3048 4781 3080 4853 ἢ
3115 4801 3216 4857 per
3249 4803 3264 4837 t
3308 4786 3685 4857 pronuntiato

2044 4862 2152 4916 scri
2165 4862 2343 4913 beret.

2114 4930 2225 5001 (91)
2256 4925 2594 5006 Διαδέχεται.
2626 4927 2750 5006 Non
2781 4927 2958 4984 habet
2986 4930 3212 4995 Noster,
3257 4927 3384 4984 sine
3426 4944 3542 5000 quo
3587 4931 3686 4985 ta-

2044 4999 2176 5058 men
2208 4999 2563 5058 sensus"non
2595 4999 2841 5055 elicitur.

2113 5072 2226 5146 (92)
2261 5071 2460 5146 Ila-cpit;
2507 5073 2553 5146 ἡ.
2595 5068 2764 5146 Ἀνία.
2825 5069 3053 5146 Noster,
3110 5071 3309 5146 ordine
3359 5075 3602 5146 mutato,
3650 5071 3684 5140 ἡ

2041 5140 2219 5200 Ἀνία
2259 5140 2473 5217 πατρίς.
2542 5140 2752 5197 Ἀννίαν
2822 5143 3074 5214 appellat
3166 5143 3372 5201 Petrus
3428 5141 3682 5213 Siculus,

2271 5289 2448 5362 Ὄφιν.
2505 5283 2760 5362 Δρυϊνὸςί
2798 5284 2952 5341 enim
3001 5301 3117 5342 non
3174 5284 3360 5341 solum
3417 5301 3687 5356 quernum

2040 5360 2293 5420 denotat.
2323 5359 2422 5414 sed
2447 5362 2504 5412 et
2524 5359 2872 5412 venenatum
2894 5373 3080 5428 genus
3105 5361 3494 5429 serpentuma
3515 5372 3686 5427 quer-

2040 5431 2226 5487 cubus
2256 5429 2607 5502 appellatum
2642 5429 2837 5496 infert,
2871 5432 3017 5486 teste
3055 5428 3402 5496 Dioscorid.,
3446 5428 3545 5484 lib.
3581 5445 3682 5498 vn,

2040 5518 2091 5559 c.
2127 5504 2212 5559 12.

2110 5574 2222 5646 (94)
2257 5569 2626 5646 ’ῌΛνθρωπίνῳ.
2657 5576 2866 5628 Noster
2893 5569 3232 5646 ἀνθρωπείῳ.

2110 5641 2224 5719 (95)
2260 5641 2623 5719 Ἀρχικάκου.
2677 5646 2758 5700 Ita
2807 5660 2941 5700 cum
2990 5641 3193 5700 Nostro
3247 5659 3344 5715 pro
3411 5641 3686 5715 ἀρχαιϊκά-

2037 5735 2137 5770 κου
2176 5716 2536 5774 Coisliniani.
