4074 6208
404 322 481 382 63
1589 321 1797 381 PHOT
1805 319 1855 380 ΙῙ
1901 319 2054 382 ΡΑΤ

2167 318 2434 381 tRCHE
2475 317 2590 379 ΟΡ.
3723 317 3805 378 64

402 457 518 523 tus;
551 457 757 511 acutus
786 455 854 511 ad
889 454 1054 512 dolos
1106 455 1444 526 struendos,
1475 457 1531 511 et
1564 453 1636 510 ad
1668 453 2046 526 pelliciendas

2167 455 2342 514 σκεῦος
2399 450 2616 526 ὕστερον
2677 449 3055 526 ἀναδειχθέντα
3110 457 3280 506 πᾶσαν
3355 454 3457 508 τοῦ
3535 445 3802 506 διαϐόλου

404 544 464 601 in
487 543 801 616 perniciem
843 545 1111 613 animas;
1145 549 1316 616 atque
1347 548 1412 600 ut
1451 544 1794 614 compendio
1825 543 2038 612 dicam,

403 634 671 691 omnium
703 635 802 706 qui
835 639 972 692 ante
1001 651 1063 690 se
1084 633 1390 691 defectioni
1425 649 1634 690 nomen
1659 634 2038 699 dederunt,ad

403 723 652 796 quodvis
684 724 1027 781 technarum
1059 739 1242 795 genus
1275 722 1697 796 paratissimus,
1741 727 1799 780 et
1829 724 1899 779 ad
1926 740 2048 794 per-

403 813 729 870 vadendum
761 813 1126 886 aptissimus.
1159 811 1262 869 Hic
1283 811 1482 884 itaque
1502 811 1840 868 malediclus
1873 811 2044 867 homo

405 919 540 960 cum
573 904 684 960 alia
713 903 898 960 multa
931 903 1185 975 deceptis
1217 903 1567 974 sequacibus
1605 902 1858 971 tradidit,
1893 907 2043 972 tum,

404 993 542 1064 quid
576 993 725 1049 circa
754 1009 813 1048 se
844 992 1034 1057 ipsum
1068 992 1439 1049 sentiendum
1471 996 1639 1058 esset,
1669 990 1948 1063 paulatim
1977 992 2048 1048 de

407 1099 470 1139 se
495 1082 734 1138 sublimi
766 1083 938 1138 modo
971 1098 1322 1154 proponens,
1353 1086 1410 1138 et
1438 1083 1509 1138 ad
1551 1083 1905 1139 credendum
1957 1083 2048 1138 in-

405 1173 638 1238 ducens,
674 1189 788 1228 non
831 1171 1139 1242 dubitavit,
1183 1188 1288 1228 nec
1320 1172 1657 1228 inhorruit:
1709 1188 1742 1227 ο
1785 1171 2047 1240 linguam

407 1264 464 1317 et
492 1261 747 1316 animam
780 1267 833 1317 et
864 1269 1118 1316 mentem
1169 1265 1225 1316 et
1265 1278 1365 1316 ora
1409 1261 1509 1317 Dei
1561 1259 1829 1316 inimica!
1882 1265 1940 1316 et
1987 1275 2049 1315 se

405 1357 603 1428 ipsum
634 1363 691 1414 et
721 1357 853 1414 illos
881 1374 1084 1414 vocare
1112 1357 1395 1430 Spiritum
1418 1363 1706 1415 sanctum.
1732 1357 1862 1413 Haec
1880 1373 2050 1430 porro

405 1447 648 1504 tradidit
676 1447 892 1518 impius
925 1445 1044 1517 ille,
1077 1455 1138 1504 ut
1169 1446 1319 1504 clam
1356 1452 1412 1503 et
1443 1448 1686 1519 mystice
1733 1447 1817 1503 sic
1859 1446 2053 1518 loque-

405 1540 630 1603 rentur,
661 1541 717 1592 et
747 1537 1069 1606 crederent,
1103 1537 1306 1592 talium
1341 1535 1750 1610 mysteriorum
1783 1541 2051 1592 externos

407 1635 703 1691 auditores
733 1634 1008 1707 indignos
1029 1651 1153 1692 esse
1177 1635 1472 1706 jactitans.
1506 1635 1597 1692 Illi
1619 1640 1815 1692 autem
1850 1636 2053 1692 miser-

408 1724 543 1780 rimi
564 1729 621 1780 et
636 1725 764 1796 ejus
784 1725 1147 1797 mystagogia
1167 1741 1364 1781 revera
1384 1724 1548 1797 digni
1571 1729 1790 1781 tantam
1815 1725 2052 1782 sceleris

2152 543 2252 611 τήν
2283 542 2473 598 κακίαν
2527 549 2779 618 χωρῆσαι
2839 540 3152 613 δυνάμενον
3205 541 3426 596 πιθανὸν
3475 541 3570 615 μὶν
3621 541 3804 615 κηρύ-

2153 632 2234 703 ξαι
2283 633 2380 701 τὴν
2437 628 2705 705 ἀσέϐειαν,
2757 630 3080 706 δραστήριον
3135 628 3190 686 δὲ
3238 635 3429 704 καιροῦ
3487 630 3806 693 κελεύοντος

2153 721 2355 796 κρύψαι
2385 723 2447 777 τὸ
2479 722 2756 799 φρόνημα,
2789 720 2877 776 καῖ
2908 719 3078 776 δεινὸν
3125 721 3219 793 μὶν
3273 723 3372 790 τήν
3415 720 3613 795 ἀρετὴν
3655 740 3805 796 σχη-

2160 811 2502 884 ματίσασθαι,
2535 812 2655 882 ὀξὺν
2689 809 2747 866 δὲ
2777 808 2974 873 δόλους
3009 810 3175 886 ῥάψαι
3215 811 3306 865 καὶ
3356 809 3539 884 ψυχὰς
3584 810 3802 884 ἀνθρώ-

2154 920 2274 955 πων
2306 899 2625 955 συνελκύσαι
2655 899 2790 974 πρὸς
2839 899 3140 971 ἀπώλειαν,
3195 898 3286 954 καὶ
3319 899 3601 972 συντόμως
3642 898 3804 975 φάναι

2155 993 2262 1043 τῶν
2312 986 2364 1043 ἒν
2428 992 2496 1062 τῇ
2544 988 2847 1059 ἀποστασία
2903 989 3125 1043 πώποτε
3167 987 3471 1062 γεγονότων
3519 987 3654 1055 πρὸς
3699 991 3808 1042 πᾶ.-

2157 1099 2250 1133 σαν
2320 1075 2758 1154 δραματουργίαν
2809 1075 3117 1132 δεινότατόν
3153 1097 3213 1132 τε
3277 1078 3368 1132 καὶ
3424 1075 3802 1134 πιθανότατον.

2157 1165 2325 1230 Οὗτος
2382 1169 2409 1222 ὁ
2458 1167 2722 1243 ἐπάρατος
2763 1166 2910 1236 ἄλλα
2953 1188 3012 1222 τε
3069 1168 3158 1223 καὶ
3204 1161 3438 1240 ἕκθεσμα
3483 1168 3611 1229 τοὺς
3666 1167 3808 1236 ἠπα-

2156 1255 2428 1331 τημὲνους
2490 1261 2856 1332 μυσταγωγῶν
2911 1257 3001 1312 καὶ
3051 1257 3150 1326 τὴν
3214 1257 3337 1331 περὶ
3397 1256 3563 1312 αὐτοῦ
3623 1253 3804 1327 δόξαν,

2158 1350 2295 1404 κατά
2327 1350 2519 1422 μικρὸν
2581 1349 2655 1410 εἰς
2713 1349 2774 1403 τὸ
2823 1347 3156 1422 ἐξῃρημένον
3201 1348 3415 1410 τούτοις
3462 1348 3800 1421 παρατιθεὶς,

2158 1439 2247 1494 καὶ
2276 1437 2681 1494 καταπιστεύων
2858 1435 2984 1492 οόδέ
3031 1437 3410 1512 παράκλητον,
3462 1434 3586 1493 οὐδὲ
3635 1441 3810 1493 Πνεῦ-

2165 1551 2239 1603 μα
2270 1531 2418 1606 ἅγιον
2453 1527 2520 1602 (ὣ
2550 1528 2808 1602 γλώσσης
2839 1529 2928 1582 γαὶ
2959 1531 3145 1602 ψυχῆς
3185 1527 3275 1583 καὶ
3318 1532 3410 1582 νοῦ
3453 1528 3544 1582 καὶ
3591 1529 3807 1601 στομά-

2159 1640 2268 1676 των
2328 1619 2700 1694 θεομάχωνί)
2746 1616 2934 1673 καλεῖν
2991 1617 3202 1689 εαυτὸν,
3260 1615 3536 1679 κάνείνους
3586 1615 3800 1690 ὀνομά-

2165 1715 2270 1778 ζειν
2297 1729 2355 1763 τε
2385 1708 2473 1762 καὶ
2505 1706 2744 1780 νομίζειν
2784 1706 2845 1762 ού
2898 1708 2993 1780 μὲν
3052 1705 3143 1762 οὖν
3195 1702 3318 1761 οὕτε
3376 1706 3590 1780 φρικτὸν
3639 1706 3795 1782 ἦγεν,

413 1793 774 1878 atrocitatem
795 1793 1572 1894 ηεροδ-τρ-ερυεδαοῒωθῖιυε
1583 1822 2051 1892 detestabantur;

2167 1796 2286 1855 οὕτε
2332 1798 2662 1854 ἀθεώτατον.
2712 1793 3011 1871 Παρεδίδου
3057 1793 3114 1850 δὲ
3160 1799 3327 1851 ταῦτα
3392 1798 3662 1869 μυστικῶς
3709 1794 3804 1849 καὶ

409 1911 510 1968 sed
539 1910 897 1982 recipiebant
923 1927 1074 1977 eam,
1108 1910 1216 1967 etsi
1248 1911 1405 1967 nulla
1436 1913 1624 1983 major
1653 1929 1913 1985 unquam
1946 1912 2056 1968 im-

409 1999 591 2072 pietas
622 1998 820 2065 fuerit,
864 1999 1106 2070 suisque
1155 1999 1398 2056 calamis
1452 2004 1510 2055 et
1549 1999 1844 2072 suffragiis
1893 2001 2054 2057 illam

407 2087 855 2144 confirmabant.
885 2088 977 2143 Sic
1001 2087 1278 2143 miserum
1302 2087 1443 2142 illud
1477 2088 1693 2145 animal
1718 2089 2055 2156 homo,cum

407 2194 442 2233 a
469 2177 742 2231 Creatore
769 2191 872 2231 suo
903 2175 1228 2237 recesserit.
1253 2181 1310 2230 et
1341 2176 1412 2232 ab
1440 2177 1567 2247 ejus
1600 2176 1963 2247 providentia
1993 2194 2055 2235 se

405 2264 879 2337 sequestraverit,
914 2265 1114 2321 statim
1149 2264 1341 2336 praeda
1373 2265 1615 2338 maligni
1647 2266 1890 2338 spiritus
1930 2269 2057 2324 efﬁ-

409 2363 577 2432 citur,
612 2364 670 2418 in
703 2379 1056 2436 omnemque
1074 2365 1395 2436 nequitiam
1419 2366 1794 2437 demergitur.
1818 2367 1890 2422 Se
1914 2368 2054 2422 item

410 2453 804 2524 nequissimus
829 2452 926 2508 ille
957 2452 1179 2509 stellam
1229 2454 1771 2524 splendidissimum
1806 2455 2055 2527 dicebat,

411 2545 468 2598 et
525 2541 712 2598 multa
771 2541 905 2609 alia,
965 2558 1093 2613 quae
1139 2543 1331 2613 potius
1387 2542 1620 2599 silentio
1679 2545 1815 2617 tegi,
1877 2561 2054 2617 quam

411 2642 694 2714 publicari
790 2641 1022 2698 debent.
1099 2642 1404 2714 Improbus
1492 2660 1664 2716 porro
1733 2643 1832 2700 ille
1924 2645 2056 2700 Ser-

412 2730 564 2802 gius,
631 2733 742 2787 etsi
825 2730 1174 2804 impiissimo
1262 2736 1420 2804 patre
1485 2736 1658 2790 natus
1747 2739 1921 2801 esset,
1998 2742 2058 2791 ut

414 2822 692 2891 diximus,
735 2837 850 2877 non
897 2838 930 2878 a
980 2825 1216 2893 parente
1265 2823 1558 2895 mysteriis
1606 2825 1905 2895 apostasia
1946 2824 2055 2880 ini-

411 2911 589 2967 tiatus
620 2918 750 2980 est;
788 2911 889 2967 sed
949 2927 1081 2967 cum
1114 2912 1304 2968 adhuc
1335 2917 1544 2969 teneras
1593 2918 1744 2969 esset
1784 2914 1992 2981 astatis,
2025 2931 2056 2970 a

416 2999 660 3056 muliere
717 3001 997 3072 quadam,
1051 3016 1176 3071 quae
1231 3001 1558 3072 perniciosa
1604 3002 2054 3058 Manichaeorum

415 3089 686 3160 dogmata
714 3090 985 3146 tuebatur
1015 3093 1071 3146 et
1100 3091 1472 3162 praedicabat,
1503 3091 1788 3162 initiatus,
1819 3098 1876 3149 et
1925 3093 2054 3149 diu-

409 3190 589 3245 turna
611 3187 1012 3261 mysteriorum
1031 3189 1372 3245 tractatione
1389 3188 1448 3244 in
1469 3189 1767 3262 impietate
1785 3207 2054 3247 consum-

413 3291 626 3356 matus,
675 3286 1019 3342 Antichristi
1055 3287 1405 3359 prodromus
1453 3287 1722 3344 efﬁcitur.
1775 3295 1884 3345 Par
1930 3297 2052 3346 erat

413 3385 596 3451 enim,
630 3402 733 3456 par
786 3389 910 3439 erat
940 3385 1290 3440 detestandae
1341 3385 1521 3457 hujus
1563 3391 1622 3442 et
1651 3390 1764 3442 Deo
1813 3387 2058 3445 inimicae

417 3473 720 3542 apostasia
751 3473 1016 3528 doctores
1047 3477 1103 3528 et
1135 3488 1427 3544 precones
1467 3473 1613 3530 alios
1662 3476 2054 3547 Agarenorum

413 3569 637 3643 prolem
687 3585 836 3639 esse,
887 3569 1033 3627 alios
1075 3571 1376 3628 servitutis
1421 3572 1856 3631 contumeliosis
1904 3576 2057 3633 notis

411 3660 662 3727 inustos,
699 3658 844 3715 alios
875 3659 1289 3716 adulteriorum
1314 3666 1543 3732 partus,
1575 3661 1722 3718 alios
1752 3664 2058 3723 muliebris

410 3749 653 3807 insania
679 3753 735 3806 et
766 3749 1000 3805 furiosae
1022 3749 1301 3806 doctrina:
1325 3750 1645 3824 discipulos
1665 3755 2056 3824 comprobari.

409 3849 711 3918 Caeterum,
745 3851 810 3903 ut
839 3847 1040 3921 paucis
1082 3849 1296 3905 dicam.
1347 3850 1579 3921 Sergius
1611 3851 1923 3924 apostasia:
1964 3853 2061 3910 di-

408 3937 720 4009 sciplinam
751 3937 836 3994 sic
867 3937 1124 4010 accipere
1153 3938 1382 4013 incipit.
1427 3940 1712 3998 Pradicta
1739 3942 2062 4000 Manichaaa

409 4027 638 4094 mulier,
669 4028 766 4085 ubi
810 4027 1060 4099 primum
1111 4044 1242 4086 cum
1287 4029 1384 4086 illo
1435 4030 1729 4104 colloquia
1778 4032 2057 4092 miscuit:

407 4128 966 4200 Cur,inquit,divina
988 4144 1102 4186 non
1126 4128 1268 4202 legis
1287 4129 1596 4199 Evangelia
1615 4131 1642 4187 ?
1665 4131 1766 4188 Ille
1788 4148 1942 4200 vero,
1958 4133 2060 4205 qui

412 4219 674 4274 nondum
702 4219 1001 4290 apostasia:
1025 4219 1254 4274 virusin
1279 4221 1615 4289 praecordiis
1641 4225 1759 4274 tam
1777 4222 2060 4292 profunde

409 4308 668 4377 positum
694 4307 964 4372 habebat,
986 4323 1100 4362 non
1122 4306 1295 4360 licere
1317 4306 1505 4376 inquit
1534 4307 1609 4374 ei,
1643 4308 1743 4377 qui
1775 4307 2059 4365 laicorum

409 4393 676 4450 ordinem
719 4393 1009 4464 impleret,
1073 4393 1156 4448 sic
1208 4394 1582 4465 impudenter
1623 4397 2058 4454 tremendorum

2162 1891 2377 1961 φρονεῖν
2442 1885 2532 1940 καὶ
2599 1885 2774 1960 λέγειν
2833 1885 2970 1958 πρὸς
3033 1881 3343 1954 ἀλλήλους,
3411 1882 3539 1943 τοὺς
3613 1879 3803 1952 ἔξωθεν

2161 1975 2427 2050 ἀκροατὰς
2477 1974 2722 2044 ἀναξίους
2769 1973 2906 2029 εἶναι
2947 1971 3176 2038 τελετῆς
3241 1970 3503 2042 τοιαύτης
3557 1970 3648 2026 καὶ
3700 1992 3811 2044 μυ-

2161 2065 2416 2140 στηρίων,
2477 2066 2505 2120 ὁ
2556 2064 2833 2137 θεομάχος
2882 2060 3274 2135 διατιθέμενος.
3326 2059 3426 2116 Καὶ
3483 2057 3599 2134 οἶγε
3657 2080 3812 2134 τρισ-

2161 2153 2343 2211 άθλιοι
2372 2154 2590 2222 καὶτῆς
2642 2151 2804 2208 αὒτοῦ
2855 2154 2966 2225 (97)
3018 2153 3401 2227 μυσταγωγίας
3453 2149 3527 2212 ὡς
3575 2147 3812 2220 ἀληθῶς

2159 2244 2296 2318 ἄξιοι
2349 2245 2449 2313 τὴν
2497 2242 2753 2311 τοιαύτην
2808 2244 2915 2313 (98)
2963 2245 3061 2297 τοῦ
3104 2239 3266 2317 ἄγους
3315 2235 3631 2316 ὑπερϐολὴν
3682 2235 3816 2294 οὔτε

2161 2332 2432 2402 διέπτυον,
2465 2330 2590 2387 οὔτε
2626 2330 3012 2404 ἐμυσάττοντο,
3061 2329 3189 2386 ἀλλ’
3239 2326 3573 2404 ἀπεδέχοντό
3621 2348 3678 2384 τε
3705 2327 3810 2396 τὴν

2163 2421 2409 2497 μηδεμιᾷ
2434 2420 2685 2490 ἀθεότητι
2717 2415 3032 2494 ὑπερϐολὴν
3084 2417 3348 2476 λιποῦσαν
3399 2414 3666 2487 ἀσέϐειαν,
3717 2417 3814 2473 καὶ

2159 2519 2275 2576 τοῖς
2316 2517 2440 2584 παρ’
2493 2511 2694 2566 ἑαυτῶν
2753 2509 3045 2584 ἰπεκύρουν
3106 2509 3472 2587 ψηφίσμασιν.
3535 2507 3690 2564 Οὕτω
3746 2508 3818 2563 τὸ

2161 2601 2370 2669 ἄθλιον,
2403 2599 2584 2674 οῗμυι,
2619 2605 2756 2670 ζῶον
2789 2601 2818 2656 ὁ
2858 2597 3162 2674 ἄνθρωπος,
3194 2596 3408 2655 ἐπειδὰν
3451 2597 3664 2671 ἀποστῇ
3712 2600 3817 2652 τοῦ

2161 2693 2412 2748 Πλάστου
2438 2690 2647 2760 καὶτῆς
2689 2689 2888 2744 ἐκεῖθεν
2921 2688 3079 2744 αὑτὸν
3099 2689 3358 2763 προνοίας
3391 2686 3634 2762 ἀπονέμῃ
3670 2687 3815 2760 (99),

2162 2780 2309 2843 ὅλως
2341 2780 2544 2856 γίνεται
2596 2780 2817 2853 θήραμα
2863 2783 2960 2833 τοῦ
3011 2782 3262 2851 Πονηροῦ
3310 2777 3401 2832 καὶ
3449 2777 3586 2850 πρὸς
3639 2779 3819 2830 πᾶσαν

2160 2871 2351 2928 κακίαν
2401 2865 2739 2945 ὑποϐρύχιος
2797 2869 3034 2941 φέρεται.
3097 2865 3318 2943 Ἔλεγεν
3372 2862 3420 2920 δ’
3475 2863 3566 2920 οὖν
3617 2863 3809 2918 ἑαυτὸν

2167 2962 2196 3016 ὁ
2253 2959 2532 3035 ἐξάγιστος
2599 2957 2800 3019 ἐκεῖνος
2863 2955 2953 3010 καὶ
3020 2955 3339 3035 λυχνοφανῆ
3437 2952 3654 3028 ἀστέρα,
3723 2951 3822 3007 καὶ

2164 3051 2350 3109 πολλὰ
2419 3050 2584 3120 ἄλλα,
2652 3053 2903 3126 σιγᾶσθαι
3001 3047 3216 3122 μᾶλλον
3290 3047 3326 3116 ἢ
3392 3040 3823 3121 θριαμϐεύεσθαι

2088 3141 2130 3208 C
2169 3142 2288 3213 ἄξια
2343 3145 2444 3211 (1).
2505 3139 2679 3197 Ἀλλᾶ
2733 3141 2837 3215 γὰρ
2903 3139 3060 3202 οὗτος
3115 3139 3144 3192 ὁ
3204 3131 3514 3205 θεοϐλαϐὴς
3562 3136 3816 3210 Σέργιος,

2161 3233 2365 3308 πατρὸς
2429 3231 2664 3306 γεγονὼς
2731 3225 3174 3297 δυσσεϐεστάτου,
3243 3227 3317 3290 ὣς
3411 3247 3507 3300 μοι
3547 3223 3816 3300 οεῖρηται,

2163 3322 2262 3378 οὐκ
2304 3321 2363 3377 ἐκ
2389 3325 2486 3377 τοῦ
2544 3321 2740 3395 φύντος
2785 3320 2852 3373 τά
2901 3325 3001 3387 τῆς
3047 3315 3378 3378 ἀποστασίας
3423 3314 3663 3372 τελεῖται
3716 3335 3823 3386 μυ-

2167 3413 2382 3486 στήρια’
2441 3405 2517 3466 ἔτι
2577 3406 2636 3464 δὲ
2691 3410 2789 3478 τήν
2849 3407 3070 3478 ἡλικίαν
3130 3408 3251 3462 νέαν
3325 3405 3470 3482 ἄγων
3529 3404 3827 3481 προσφθεὶο

2167 3523 2313 3577 ρεται
2363 3503 2439 3574 (2)
2486 3498 2698 3574 γυναικί
2753 3518 2860 3554 τινι
2918 3492 3291 3571 πρεσϐευούσῃ
3351 3515 3410 3551 τε
3464 3495 3554 3550 καὶ
3611 3513 3819 3563 κηρυτ-

2164 3591 2333 3665 τούσῃ
2400 3589 2467 3644 τὰ
2525 3587 2840 3663 Μανιχαίων
2885 3586 3107 3660 ὀλέθρια
3151 3583 3422 3660 δόγματα,
3471 3583 3563 3638 καὶ
3617 3581 3824 3657 συχνὸν

2167 3681 2367 3761 χρόνον
2425 3677 2694 3740 τελεσθεὶς
2754 3678 2843 3733 ὑπ’
2895 3674 3064 3746 αὒτῆς
3122 3675 3213 3730 καὶ
3279 3671 3650 3735 συντελεσθεὶς
3713 3673 3824 3742 τήν

2165 3758 2438 3840 ἀσέϐειαν,
2467 3766 2668 3842 γίνεται
2696 3769 2793 3822 τοῦ
2844 3764 3224 3840 Ἀντιχρίστου
3271 3761 3611 3838 πρόδρομος.
3662 3758 3823 3818 Ἔδει

2165 3859 2290 3936 γὰρ,
2319 3853 2425 3914 ἔδει
2473 3857 2600 3920 τοὺς
2649 3862 2750 3925 τῆς
2811 3851 3080 3930 βδελυρᾶς
3135 3853 3338 3924 ταύτης
3387 3851 3476 3906 καί
3530 3849 3822 3924 θεομάχου

2168 3947 2500 4009 ἀποστασίας
2576 3943 2939 4004 διδασκάλους
3003 3942 3096 3998 καὶ
3184 3943 3448 4016 κήρυκας,
3526 3940 3650 4000 τοὺς
3716 3939 3823 4008 μὲν

2167 4041 2478 4114 Ἀγαρηνῶν
2528 4037 2665 4091 εἶναι
2717 4035 3054 4109 γεννήματα,
3097 4031 3227 4096 τοὺς
3274 4028 3332 4087 δὲ
3380 4035 3494 4091 τοῖς
3541 4034 3637 4096 τῆς
3685 4022 3814 4080 δου-

2168 4127 2318 4188 λείας
2377 4124 2833 4201 κατεστιγμένους
2883 4123 3108 4196 ὁρᾶσθαι
3151 4120 3241 4174 καὶ
3285 4114 3464 4195 ὕϐρεσι
3501 4117 3589 4171 καὶ
3636 4114 3822 4201 παθή-

2172 4237 2353 4290 μασιν,
2386 4200 2619 4274 ἇίλλουςν
2648 4211 2902 4287 μοιχείας
2947 4208 3231 4286 προελθεῖν
3278 4208 3661 4282 βλαστήματα,
3702 4200 3820 4260 ἰτέ-

2170 4324 2296 4379 ρους
2362 4300 2421 4358 δὲ
2489 4302 2910 4378 παραφροσύνης
2996 4299 3302 4377 γυναικείας
3377 4297 3466 4352 καὶ
3543 4293 3826 4367 ἐμμανοῦς

2169 4395 2401 4468 γνώμης
2469 4393 2715 4466 μαθητὰς
2777 4389 3246 4464 ἐπιγινώσκεσθαι.
3323 4385 3483 4457 Πλὴν
3549 4383 3674 4441 ἀλλ’
3729 4383 3831 4459 ὅγε

410 4481 775 4553 eloquiorum
805 4462 1108 4537 lectionem
1141 4462 1419 4553 aggredi:
1475 4482 1619 4539 illud
1667 4485 1820 4540 enim
1867 4502 2054 4542 sacer-

2172 4462 2419 4560 έέργιος,
2468 4462 2541 4544 ῶς
2590 4478 2676 4536 διὰ
2731 4462 2982 4556 βραχέων
3035 4478 3217 4556 φάναι,
3269 4473 3378 4532 ὧδέ
3435 4497 3512 4545 πη
3570 4474 3668 4541 τὴν
3721 4479 3827 4541 τῆς

412 4571 615 4627 dctum
649 4570 907 4625 officium
956 4586 1108 4627 esse.
1169 4573 1312 4628 Tum
1345 4589 1378 4627 a
1408 4572 1626 4630 furiosa
1674 4573 1772 4631 illa
1821 4576 2062 4634 muliere

407 4661 586 4728 audit,
613 4661 828 4716 frustra
847 4676 908 4716 se
931 4664 1151 4717 tantam
1186 4663 1566 4721 reverentiam
1600 4664 2050 4735 exhibere,'nul-

406 4748 519 4806 lam
539 4749 696 4806 enim
715 4765 843 4806 esse
865 4768 1246 4824 personarum
1270 4754 1663 4826 acceptionem
1679 4757 1832 4827 apud
1851 4757 2054 4827 Deum,

408 4839 506 4910 qui
541 4840 713 4896 vellet
749 4855 952 4897 omnes
1001 4841 1194 4898 salvos
1243 4842 1388 4911 fieri,
1435 4845 1492 4898 et
1539 4844 1610 4899 ad
1661 4844 2054 4916 cognitionem

409 4927 675 4986 veritatis
696 4929 918 4986 venire.
952 4931 1080 5000 Sed,
1114 4931 1216 5000 ait,
1255 4933 1411 5004 quod
1458 4931 1540 4988 ita
1587 4937 1911 4990 reverenter
1956 4949 2060 4989 vos

401 5018 670 5076 habeatis
699 5017 855 5076 circa
885 5019 1186 5078 Dominica
1223 5020 1473 5094 eloquia,
1511 5038 1628 5080 non
1658 5023 1730 5078 ad
1762 5023 2052 5079 honorem

2171 4573 2500 4633 ἀποστασίας
2566 4573 2878 4646 κατήχησιν
2970 4571 3196 4644 ἄρχεται
3272 4562 3692 4641 παραδέχεσθαι.
3763 4565 3828 4619 Ἦ

2162 4663 2540 4738 προειρημένη
2603 4660 2891 4735 Μανιχαία
2945 4660 3107 4734 γυνὴ,
3165 4656 3323 4727 ἡνίκα
3376 4655 3438 4711 τὸ
3486 4658 3703 4729 πρῶτον
3755 4652 3834 4713 εἰς

2162 4751 2386 4827 ὁμιλίαν
2436 4749 2585 4824 αἱ)τῷ
2624 4751 2851 4821 κατέστη
2909 4751 3026 4804 Ἵνα
3073 4747 3146 4818 τί,
3189 4744 3374 4824 φησίν,
3411 4742 3529 4800 εἶπέ
3581 4763 3701 4816 μοι,
3754 4742 3832 4796 τὰ

2167 4826 2284 4898 θεῖα
2351 4840 2450 4896 οὐκ
2513 4839 2898 4916 ἀναγινώσκεις
2965 4835 3332 4914 Εὐαγγέλια;
3401 4838 3458 4890 '0
3532 4829 3593 4888 δὶ
3647 4826 3834 4904 (οὔπω

2165 4931 2266 5007 γὰρ
2299 4929 2366 5000 ἦν
2420 4929 2570 5002 αὐτῷ
2627 4926 2697 4983 δι’
2756 4927 2991 5002 ἐγκάτων
3054 4923 3286 5000 βαθύνας
3345 4923 3374 4978 ὁ
3430 4927 3532 4990 τῆς
3591 4919 3838 5007 ἀποστα-

2180 5004 2300 5084 σίας
2339 5018 2469 5093 ioc),
2515 5020 2592 5092 μὴ
2637 5017 2828 5089 ἐξεῖναι
2882 5018 3058 5095 φήσας
3105 5015 3206 5083 τὴν
3249 5017 3358 5068 τῶν
3412 5009 3618 5066 λαϊκῶν
3672 5004 3835 5080 πλη-

1581 5149 1814 5207 νΑΒΙιΕ
1855 5148 2252 5206 LECTIONES
2289 5147 2376 5202 ET
2412 5145 2644 5203 NOTZE.

516 5273 610 5345 96)
635 5269 1076 5346 ίΚαταπιστεύων.
1132 5274 1338 5330 Noster
1377 5272 1726 5346 simpliciter
1775 5273 2070 5346 πιστεύων,

419 5345 525 5402 sed
559 5345 725 5414 prius
752 5346 972 5400 bonum
1004 5350 1111 5401 est.

498 5413 611 5488 (97)
644 5415 846 5478 Αὐτοῦ.
881 5421 1086 5472 Noster
1116 5415 1289 5472 habet
1316 5413 1543 5488 ἐκείνου.
1571 5435 1748 5474 sensu
1780 5419 2004 5475 eodem.

491 5488 608 5558 (98)
633 5488 929 5556 Τοιαύτην.
964 5488 1174 5544 Noster
1202 5487 1495 5558 τοσαύτην,
1523 5490 1663 5545 forte
1695 5492 1934 5547 rectius.

496 5559 608 5632 (99)
633 5559 944 5644 ᾎΑποτὲμη.
993 5563 1110 5616 Hoc
1155 5561 1387 5644 reposui
1429 5578 1498 5616 ex
1546 5565 1748 5644 Nostro
1805 5579 1905 5634 pro
1947 5558 2080 5644 _8_ta-

424 5629 597 5704 τὲμῃ.
633 5631 799 5686 Prius
833 5629 986 5688 enim
1023 5629 1268 5703 requirit
1297 5649 1402 5689 vox
1432 5630 1693 5702 προνοίας
1727 5634 1784 5689 in
1807 5629 2079 5705 'genitivo

424 5720 563 5760 casu
591 5705 802 5776 posita.

2250 5273 2327 5344 (1)
2359 5271 2648 5344 ‘AEna.__Ex
2689 5270 2915 5340 Nostro,
2960 5269 3115 5340 quod
3165 5263 3442 5323 dictionis
3498 5261 3679 5320 series
3727 5276 3837 5317 re-

2188 5338 2371 5416 quirit
2399 5338 2503 5415 pro
2534 5338 2698 5418 ἀξιον.
2858 5338 2909 5418 ἑξ
2977 5338 2994 5340 “
3038 5413 3050 5418 _
3278 5410 3290 5418 _
3575 5404 3587 5417 ,
3741 5402 3756 5418 ο

2260 5418 2334 5487 (2)
2364 5410 2810 5490 Προσφθειρεταιμ.
2858 5414 2978 5490 V9;
3032 5410 3409 5490 inversione
3473 5410 3694 5463 omissa
3741 5410 3846 5460 in-

2191 5482 2747 5562 fert'olandestinam
2775 5484 3244 5562 familiaritatem,
3281 5482 3338 5562 in
3373 5496 3490 5562 qua
3520 5492 3652 5536 cum
3701 5492 3847 5532 mu-

2189 5559 2330 5615 liere
2359 5558 2459 5614 illa
2482 5564 2748 5616 versatus
2781 5558 2878 5625 sit,
2911 5557 3157 5614 fortasse
3195 5559 3254 5609 et
3306 5553 3552 5625 furtivos
3581 5565 3843 5608 amores.

2190 5633 2397 5688 Petrus
2423 5629 2653 5688 Siculus
2689 5621 2960 5702 exprimit
2989 5644 3088 5700 per
3114 5621 3470 5700 προσομιλεῖ.
