4074 6208
378 383 454 442 67
1585 379 1844 439 ΡΗΟἸΊΙ
1891 379 2034 439 ΡΑΊ

2152 381 2416 440 ΧΗΟΗιΕ
2460 380 2575 440 CP.
3701 379 3781 441 68

372 515 722 572 zizianorum
747 513 1166 586 agriculturam
1189 512 1300 570 sibi
1323 511 2010 584 concilians,reliquaim-

2152 516 2304 569 Ταῦτα
2331 513 2421 568 καὶ
2450 515 2674 568 τοιαῦτα
2699 509 2854 587 ἕτερα
2880 512 2943 567 τὸ
2987 512 3426 591 γυναικόμορφον
3458 513 3630 570 έκεῖνο
3670 522 3772 584 τῆς

374 604 606 676 pietatis
634 604 897 674 germina
947 604 1110 658 facile
1141 604 1199 657 in
1249 618 1314 657 eo
1343 601 1627 672 pullulare
1679 601 1832 670 fecit,
1867 603 2026 672 ejus-

373 710 484 765 que
512 693 773 748 animam
806 699 866 747 ut
896 709 1098 763 agrum
1131 691 1286 747 exitii
1317 695 1372 746 et
1401 690 1800 760 corruptionis
1833 691 2027 746 fructi-

375 783 492 838 bus
520 781 848 852 omnigenis
879 781 1112 852 plenum
1145 780 1410 835 exhibuit
1439 796 1452 833 :
1478 779 1560 834 ita
1593 784 1654 834 ut
1682 796 1908 848 omnes,
1928 779 2026 851 qui

374 877 508 926 ante
539 871 768 927 fuerant
805 871 1096 940 impietate
1147 868 1472 939 conspicui,
1507 869 1563 924 in
1618 869 1723 924 bac
1776 869 2026 925 maxime

375 960 597 1030 haeresi,
632 959 787 1015 velut
819 959 980 1029 pueri
1013 961 1360 1028 putarentur
1389 973 1516 1012 esse
1547 957 1866 1029 comparati
1889 974 2023 1014 cum

370 1049 531 1105 illius
552 1047 778 1104 vafritie
806 1051 862 1102 et
887 1045 1158 1117 captiosis
1191 1046 1728 1117 moribus,aliisque
1759 1049 1826 1102 ad
1855 1046 2022 1102 falla-

371 1141 523 1196 ciam
553 1137 896 1208 compositis
926 1137 1422 1193 machinamentis
1454 1143 1626 1209 atque
1647 1139 2020 1194 commentis.

371 1228 516 1284 Nam
547 1228 676 1298 ejus
728 1225 1202 1296 praedecessores,
1251 1226 1482 1281 etiamsi
1526 1228 1584 1281 in
1635 1243 1799 1282 οωυο
1841 1226 2024 1283 lasci-

371 1317 496 1384 vias,
531 1314 768 1370 nefariis
798 1316 1096 1386 operibus,
1129 1314 1584 1387 ingentibusque
1610 1321 1812 1370 contra
1843 1319 2019 1371 Deum

371 1403 757 1476 blasphemiis
789 1404 977 1475 prima
1007 1403 1342 1471 tenuerint;
1373 1409 1431 1458 ot
1451 1403 1539 1458 illi
1566 1404 1940 1460 abominandi
1966 1408 2024 1460 et

370 1493 708 1550 exsecrandi
743 1494 895 1563 apud
928 1507 1131 1548 omnes
1164 1492 1278 1548 fere
1306 1491 1672 1548 habebantur
1705 1509 1718 1547 :
1752 1509 1888 1548 nam
1922 1492 2019 1547 de-

369 1583 770 1639 testandorum
800 1582 1125 1637 facinorum
1159 1581 1558 1653 conspicuitas
1579 1581 1845 1637 omnium
1879 1580 2019 1651 ipsis

369 1673 569 1730 odium
603 1670 1310 1742 conciliabat,paucosque
1334 1670 1576 1727 vidisses
1607 1668 1837 1725 illorum
1859 1669 2021 1724 falla-

370 1762 477 1818 ciis
509 1761 966 1828 circumventos,
998 1760 1140 1830 quia
1168 1763 1365 1830 aperte
1383 1764 1441 1815 et
1469 1759 1596 1815 sine
1627 1758 1747 1814 ullo
1779 1758 2021 1813 artificio

2133 601 2344 671 ἀπάτης
2384 599 2608 677 ὄργανον
2652 606 2734 673 τῷ
2769 599 3072 674 τρισαθλίῳ
3110 603 3471 677 προτείνουσα
3499 605 3590 658 καὶ
3637 605 3777 659 κατά

2137 691 2329 763 μικρὸν
2381 690 2847 764 ὑπογοητεύουσα,
2899 691 3120 766 ἐπείπερ
3150 691 3278 747 ὅλον
3325 694 3466 766 αὐτῇ
3509 695 3779 765 προσκλι-

2133 779 2287 834 θέντα
2337 780 2456 854 εἶχε
2494 781 2583 834 καὶ
2630 783 2872 854 καθάπερ
2912 777 3226 854 διδασκάλῳ
3273 785 3385 853 (12)
3431 783 3780 858 προσέχοντα

2131 867 2266 936 ἴδεν,
2322 865 2675 924 ὑπολαϐοῦσα
2733 867 2800 937 δὴ
2857 873 2990 941 (13),
3033 877 3140 940 Τῆς
3203 870 3503 945 βασιλείας,
3559 869 3779 950 ἔφησεν,

2132 959 2244 1012 υἱοὶ
2294 958 2346 1012 οἱ
2392 958 2595 1032 ταύτης
2647 959 2739 1031 μὲν
2789 953 3216 1032 ἐκϐαλλόμενοι,
3254 964 3332 1031 τῷ
3383 961 3562 1015 σκότει
3610 958 3668 1016 δὲ
3693 966 3778 1032 τῷ

2130 1045 2373 1122 ἐξωτέρῳ
2417 1045 2924 1120 καταδικαζόμενοι,
2957 1048 3108 1104 οὗτοί
3159 1047 3318 1118 εἰσιν,
3351 1048 3443 1112 οὓς
3491 1050 3554 1104 σύ
3583 1071 3642 1105 τε
3683 1051 3774 1105 καὶ

2131 1136 2182 1190 οί
2243 1137 2378 1191 κατὰ
2437 1137 2492 1190 σέ
2549 1138 2733 1212 ἁγίους
2780 1135 3008 1191 καλοῦσι
3061 1137 3150 1192 καὶ
3205 1137 3511 1210 νομίζουσι,
3575 1139 3630 1193 οἳ
3686 1140 3780 1194 καί

2130 1223 2393 1297 δαίμονας
2441 1227 2558 1297 (14)
2614 1223 3006 1303 φυγαδεύουσιν
3063 1227 3152 1281 καὶ
3203 1228 3348 1298 πάθη
3395 1227 3777 1302 θεραπεύουσι,

2129 1317 2212 1375 οἷς
2252 1313 2341 1368 καὶ
2371 1313 2656 1389 προσάγειν
2693 1311 3017 1388 διεγνώκατε
3057 1311 3238 1384 σέϐας,
3276 1317 3366 1371 τὸν
3404 1315 3570 1390 μόνον
3602 1321 3781 1388 ζῶντα

2127 1403 2216 1457 καὶ
2282 1401 2543 1457 ἀθάνατον
2601 1400 2991 1465 καταλιπόντες
3025 1405 3136 1476 (15)
3202 1404 3330 1460 Θεόν
3365 1423 3378 1438 ⁸
3459 1405 3609 1460 οὗτοι
3677 1406 3784 1483 γὰρ

2129 1492 2276 1547 οὗτοι
2319 1493 2405 1546 καὶ
2439 1492 2584 1566 παρὰ
2628 1496 2724 1546 τοῦ
2770 1489 2984 1547 δικαίου
3027 1491 3226 1548 ἐκεῖθεν
3269 1494 3525 1549 ἀκούουσι
3568 1499 3785 1569 κριτοῦ,

2123 1584 2501 1655 ’Δποχωρεῖτε
2560 1581 2650 1635 ἀπ’
2709 1577 2868 1653 ὲμοῦ,
2913 1582 2996 1636 ὅτι
3066 1579 3331 1638 οὐδέποτε
3389 1580 3554 1657 ἔγνων
3613 1584 3779 1657 ὑμᾶς.

2131 1666 2227 1724 Ἐκ
2264 1668 2466 1738 ταύτης
2513 1667 2603 1722 οὖν
2637 1672 2750 1742 (16)
2795 1676 2896 1738 τῆς
2933 1676 3172 1741 πονηρᾶς
3212 1671 3302 1725 καὶ
3343 1671 3588 1745 ὀλεθρίου
3629 1692 3771 1727 σπο-

2135 1762 2228 1832 ρᾶς
2268 1758 2358 1812 τὸν
2406 1755 2626 1830 ἕτοιμον
2683 1758 2757 1820 εἰς
2812 1758 3079 1832 γεωργίαν
3129 1767 3228 1828 τῆς
3289 1760 3526 1829 ζιζανίων
3572 1759 3767 1829 ἑαυτῆς

373 1868 468 1907 res
499 1851 745 1906 infames
777 1849 1304 1921 ignominiosaque
1343 1849 1832 1919 praponebantur,
1857 1848 2016 1919 ipsa-

2152 1845 2498 1919 ποιησαμένη,
2539 1848 2636 1915 τὴν
2693 1845 2895 1915 λοιπὴν
2945 1852 3053 1902 τῶν
3113 1844 3478 1921 ἀσεϐημάτων
3527 1847 3768 1924 βλάστην

379 1956 492 2012 que
523 1939 862 1996 defectionis
896 1939 1262 2010 impudentia
1285 1939 1355 1993 ad
1384 1938 1670 1994 cautelam
1703 1939 1847 1993 satis
1877 1943 2020 2004 erat,

2133 1934 2374 2011 εὐχερῶς
2437 1936 2582 2015 εἶχεν
2644 1933 2953 2009 αὐτόματον
3021 1937 3424 2014 ἀναφυομένην,
3490 1940 3578 1994 καὶ
3637 1937 3779 1993 οὕτω

375 2044 450 2085 ne
480 2028 613 2099 quis
643 2028 812 2083 facile
842 2028 912 2083 ad
946 2043 1075 2084 eam
1125 2027 1468 2095 declinaret,
1503 2043 1645 2083 neve
1694 2025 1958 2081 homines
1988 2043 2023 2081 a

2152 2023 2310 2093 τάσης
2342 2023 2526 2097 λύμης
2571 2025 2663 2080 καὶ
2695 2023 2995 2100 διαφθορᾶς
3039 2027 3138 2096 τήν
3176 2024 3383 2082 ἐκείνου
3432 2028 3618 2103 ψυχὴν
3649 2048 3783 2102 καρ-

379 2118 636 2189 maligno
662 2120 1025 2189 caperentur.

2152 2115 2374 2193 τοφόρον
2407 2114 2612 2188 χωρίον
2659 2117 2772 2188 (17)
2809 2113 3096 2186 ἀνέδειξεν,
3127 2116 3205 2179 ὡς
3252 2115 3342 2170 καί
3390 2138 3518 2179 τους
3568 2113 3784 2191 ἕμπρου

371 2207 494 2259 σθεν
549 2203 747 2264 πάντας
807 2203 891 2258 ἐπ’
949 2198 1167 2273 ἀσεϐείᾳ
1224 2198 1624 2277 βεϐοημένους,
1679 2201 1768 2257 καὶ
1833 2202 2073 2276 μαλιστα
2129 2202 2298 2277 ταύτῃ
2369 2200 2566 2264 παῖδας
2619 2204 2941 2275 νομισθῆναι
2998 2207 3068 2272 τῇ
3129 2204 3338 2259 ἐκείνου
3395 2226 3782 2282 παραμετρου-

375 2295 574 2368 μένους
635 2291 959 2370 ῥᾳδιουργίᾳ
998 2314 1057 2349 τε
1114 2294 1202 2347 καὶ
1244 2297 1361 2354 τοῖς
1420 2291 1747 2354 ἒπικλόποις
1803 2290 1984 2362 ἤθεσι,
2031 2291 2120 2346 καὶ
2176 2296 2244 2366 τῇ
2303 2290 2446 2366 ἄλλῃ
2503 2293 2601 2361 τῆς
2659 2292 2873 2362 ἀπάτης
2934 2294 3318 2370 μηχανουργίᾳ
3372 2315 3430 2350 τε
3484 2295 3577 2350 καὶ
3636 2315 3784 2370 περι-

373 2383 516 2455 νοίᾳ.
575 2383 638 2438 Οἱ
692 2382 788 2455 μὶν
836 2383 939 2456 γὰρ
992 2382 1098 2455 πρὸ
1141 2381 1310 2436 αὐτοῦ
1369 2381 1415 2434 εἰ
1472 2381 1667 2452 καὶτῷ
1719 2375 1973 2454 βορϐόρῳ
2019 2386 2119 2449 τῆς
2169 2379 2467 2442 ἀκολασίας
2497 2382 2586 2435 καὶ
2633 2384 2703 2454 τῇ
2737 2379 2883 2454 ἄλλῃ
2933 2385 3041 2435 τῶν
3075 2381 3250 2457 ἔργων
3290 2383 3659 2459 ἀῤῥητουργία
3689 2384 3782 2439 καὶ

372 2479 492 2536 ταῖς
553 2472 629 2536 εἰς
685 2472 814 2528 Θεὸν
877 2465 1312 2545 ἀνυπερϐλήτοις
1378 2468 1754 2548 βλασφημίαις
1802 2470 1865 2524 τὸ
1923 2475 2192 2544 πρωτεῖον
2249 2469 2424 2545 εἶχον,
2471 2469 2599 2526 ἀλλ’
2655 2469 2745 2525 οὖν
2805 2467 3097 2544 βδελυκτοί
3150 2493 3211 2527 τε
3269 2475 3358 2527 καὶ
3416 2473 3786 2546 ἀποτρόπαιόι

381 2566 578 2637 μικροῦ
639 2567 803 2617 πᾶσιν
863 2558 1187 2632 ἐνομίζοντο
1243 2565 1360 2621 τοῖς
1415 2559 1725 2632 ἀνθρώποις
1779 2561 1857 2630 τῷ
1913 2555 2180 2632 προδήλῳ
2243 2563 2341 2614 τοῦ
2409 2559 2636 2632 μύσους,
2703 2561 2777 2614 ὦν
2845 2555 3094 2633 ἐτόλμων
3150 2562 3353 2625 πάντας
3410 2559 3628 2637 ἔχοντες
3688 2585 3782 2637 με.

380 2657 626 2714 σοῦντας.
683 2651 790 2707 Καὶ
869 2648 1094 2723 ὀλίγους
1151 2652 1262 2722 (18)
1326 2650 1393 2718 ἧν
1468 2650 1618 2722 ὁρᾷν,
1676 2647 1813 2722 πρὸς
1888 2649 1988 2716 τὴν
2047 2647 2265 2703 ἐκείνων
2341 2649 2551 2719 ἀπάτην
2624 2651 3100 2725 μεταχωροῦντας,
3157 2650 3616 2725 ἀπερικαλύπτων
3671 2655 3788 2726 (19)

377 2741 467 2796 καὶ
526 2740 703 2816 χωρὶς
775 2739 1168 2814 τεχνασμάτων
1227 2741 1334 2792 τῶν
1413 2737 1661 2810 ἀσὲμνων
1718 2734 1892 2812 ἔργων
1961 2738 2352 2810 προκειμένων,
2411 2737 2503 2792 καὶ
2583 2745 2683 2808 τῆς
2755 2737 2978 2810 ἀναίδην
3047 2739 3376 2803 ἀποστασὶας
3429 2741 3505 2803 εἰς
3578 2761 3790 2817 προφυ-

375 2831 548 2901 λακὴν
603 2829 877 2904 ἀρκούσης
927 2832 1024 2885 τοῦ
1090 2830 1166 2902 μή
1228 2828 1420 2884 θᾶττον
1478 2827 1616 2902 πρὸς
1656 2828 1824 2896 αὐτὴν
1879 2824 2282 2882 ὑπολισθαίνειν
2341 2829 2428 2882 καὶ
2485 2828 2680 2904 ἀθρόον
2732 2831 2955 2903 θήραμα
3013 2834 3110 2885 τοῦ
3168 2835 3420 2906 Πονηροῦ
3477 2834 3524 2888 τ’
3583 2832 3785 2907 ἀνθρώ-

375 2943 506 2977 πινα
535 2921 798 2996 γίνεσθαι.

443 3013 621 3068 XXII.
647 3012 748 3067 Hic
779 3026 934 3080 vero,
959 3025 1088 3080 qua
1121 3009 1384 3081 turpiora
1413 3011 1599 3076 erant,
1630 3023 1915 3074 resecans,
1937 3022 2023 3062 re-
2060 3011 2101 3077 ρ

374 3102 538 3175 liqua
566 3099 916 3171 obtegens,si
950 3115 1067 3171 qua
1098 3098 1170 3155 ob
1201 3098 1554 3170 impietatem
1586 3098 1788 3154 auditu
1821 3097 2027 3153 intole-

380 3191 589 3249 rabilia
618 3194 836 3260 essent,
855 3193 957 3244 aut
986 3189 1376 3259 comprimens
1398 3193 1657 3243 autcum
1685 3187 2029 3243 tolerabilio-

381 3285 543 3341 ribus
575 3283 984 3348 commiscens,
1016 3286 1091 3347 et,
1144 3285 1205 3336 ut
1243 3280 1584 3336 summatim
1631 3279 1846 3347 dicam,
1879 3279 2030 3351 pelle

379 3374 504 3430 ovis
533 3372 736 3443 lupum
791 3371 1177 3435 abscondens,
1212 3369 1414 3424 multis
1462 3371 1662 3425 doctor
1710 3369 1947 3440 pietatis
1977 3375 2031 3424 et

381 3464 498 3517 dux
521 3461 728 3516 salutis
742 3475 866 3515 esse
879 3459 1186 3514 videbatur
1201 3475 1216 3526 ;
1233 3457 1445 3514 multos
1459 3474 1522 3514 ex
1537 3458 1853 3528 improviso
1866 3458 2032 3512 ador-

378 3554 474 3605 tus
495 3549 554 3604 in
577 3553 843 3604 extremae
873 3547 1146 3616 perniciei
1172 3546 1514 3601 barathrum
1542 3545 2035 3617 praecipitavit.Et-

383 3639 540 3696 enim
563 3637 718 3708 quod
747 3637 1099 3708 praedecesso
1113 3651 1200 3691 res
1215 3635 1306 3690 sui
1334 3653 1446 3691 non
1471 3633 2033 3706 neglexerant,idille

383 3730 601 3800 majore
630 3743 763 3782 cum
811 3725 1118 3796 diligentia
1168 3725 1531 3791 observavit;
1566 3740 1774 3794 nempe
1826 3732 1887 3779 ut
1916 3740 2029 3778 non

380 3819 449 3874 ab
480 3817 606 3888 ipso
629 3815 827 3871 statim
855 3813 1142 3885 principio
1172 3813 1270 3879 iis,
1304 3813 1401 3884 qui
1426 3816 1492 3869 ad
1527 3812 1914 3868 initiationem
1941 3829 2031 3868 ac-

389 3908 682 3971 cederent,
715 3903 1086 3959 sublimiores
1125 3903 1458 3975 impietates
1502 3903 1893 3971 concrederet,
1928 3917 2036 3958 ne-

389 4012 502 4068 que
529 3993 894 4051 borribiliora
924 3997 1270 4064 proponeret
1312 3993 1621 4066 mysteria;
1661 4009 1907 4064 quorum
1940 4009 2039 4048 ca-

389 4089 495 4159 put
523 4088 611 4143 est
641 4083 952 4157 abnegatio
978 4081 1081 4140 Dei
1111 4083 1470 4151 omnimoda,
1501 4091 1554 4139 et
1584 4082 1804 4139 diaboli
1853 4081 2038 4154 gloria

2213 3009 2335 3064 KA'.
2383 3007 2549 3070 Οὗτος
2595 3005 2652 3063 δὲ
2687 3009 2754 3062 τὰ
2799 3014 2910 3063 τῶν
2953 3010 3273 3082 μιασμάτων
3323 3007 3580 3084 πρόδηλα
3629 3029 3784 3085 περι-

2136 3099 2376 3169 κόπτων,
2434 3098 2521 3152 καὶ
2601 3096 2633 3151 ἃ
2683 3095 2941 3152 κατέλιπε
3006 3104 3108 3168 τῆς
3165 3098 3461 3160 ἀκολασίας
3522 3098 3788 3156 ἐπικαλύ-

2139 3208 2309 3254 πτων,
2341 3186 2406 3240 τά
2430 3207 2487 3242 τε
2539 3184 2670 3259 μηδ’
2719 3187 2855 3258 ἀκοῇ
2903 3187 3115 3265 φορητά
3169 3192 3276 3242 τῶν
3335 3183 3696 3261 ἀσεϐημάτων
3750 3189 3786 3258 ἢ

2140 3273 2509 3344 συστέλλωνῆ
2560 3275 2899 3350 καταμιγνὺς
2946 3282 3063 3338 τοῖς
3110 3276 3483 3351 ἀνεκτοτέροις
3526 3281 3664 3351 (20),
3693 3277 3789 3334 καὶ

2141 3364 2355 3437 σύμπαν
2418 3362 2586 3418 εἷ’πεῖν
2660 3361 2851 3436 κωδίῳ
2925 3367 3038 3438 (21)
3097 3360 3377 3439 προϐάτου
3455 3365 3551 3420 τὸν
3622 3364 3792 3423 λύκον

2140 3452 2560 3527 ἐναποκρύπτων
2619 3456 2755 3525 (2'2),
2807 3451 3043 3516 πολλοῖς
3100 3455 3194 3526 μὲν
3254 3453 3401 3525 ἔδοξε
3456 3451 3791 3516 διδάσκαλος

2141 3537 2409 3602 εὐσεϐείας
2464 3540 2555 3594 καὶ
2614 3539 2811 3614 ὁδηγὸς
2870 3543 3167 3615 σωτηρίας,
3217 3541 3464 3605 πολλοὺς
3516 3539 3561 3598 δ’
3617 3543 3793 3618 ἀπρο-

2143 3631 2324 3690 όπτως
2367 3629 2511 3701 αύτῷ
2542 3632 2943 3691 καταποθέντας
2983 3635 3063 3702 τῷ
3096 3630 3354 3706 βαράθρῳ
3391 3639 3492 3701 τῆς
3543 3631 3788 3707 ἐσχάτης

2141 3716 2420 3779 ἀπωλείας
2467 3720 2881 3792 κατεκρήμνισε.
2936 3719 3035 3773 Καὶ
3091 3721 3192 3793 γὰρ
3242 3717 3367 3774 οὐδὲ
3421 3727 3539 3782 τοῖς
3598 3722 3792 3795 πρότε-

2145 3827 2238 3883 ρον
2279 3807 2654 3881 ἀμελούμενον
2705 3808 2858 3881 ὅμως
2907 3807 2995 3862 καὶ
3025 3812 3186 3863 τοῦτο
3242 3808 3386 3880 αὐτῷ
3435 3807 3798 3864 σπουδαιότε-

2148 3917 2240 3973 ρον
2293 3897 2708 3972 μεμηχάνηται,
2755 3896 2892 3952 ὥστε
2945 3899 3020 3971 μή
3073 3899 3188 3952 κατ’
3237 3898 3412 3973 ἀρχὰς
3472 3897 3628 3960 εὐθὺς
3672 3905 3798 3962 τοῖς

2145 3988 2294 4059 αὐτῷ
2355 3989 2600 4060 μυεῖσθαι
2677 3988 3140 4061 προσερχομένοις
3199 3987 3264 4042 τὰ
3339 3986 3643 4061 τελειότερα
3673 3990 3795 4060 (23)

2145 4082 2252 4132 τῶν
2313 4071 2696 4149 ἀσεϐημάτων,
2767 4073 3006 4149 θαρρεῖν,
3069 4072 3208 4149 μηδὲ
3283 4081 3392 4132 τῶν
3471 4074 3788 4150 μυστηρίων

1565 4226 1786 4282 VARle
1823 4224 2210 4280 LECTIONES
2249 4222 2338 4277 ET
2378 4221 2611 4277 NOTZE.

461 4350 578 4420 (t2)
607 4344 1081 4420 AtSacxéktp.UIl8
1109 4351 1283 4420 _recte
1327 4345 1682 4420 Coisliniano
1726 4362 1866 4420 _prq_
1887 4340 2035 4420 διδα-
2070 4348 2116 4412 1)

391 4412 831 4489 cxaltlp,seu,ut
861 4412 1233 4474 scribendum
1265 4412 1788 4489 maneamus}?
1821 4415 2036 4471 Nostri.

464 4486 584 4564 (13)
607 4486 807 4564 ΔὲεΕκ
855 4490 1087 4564 Nostro,
1136 4488 1296 4564 _q_uod
1330 4490 1400 4542 ad
1445 4486 1862 4558 perficiendam
1907 4504 2036 4544 ora-

397 4559 572 4622 tionis
603 4563 812 4618 seriem
846 4559 1066 4631 requiri
1098 4559 1343 4617 videtur.

464 4633 668 4703 (14)οἳ
722 4633 812 4687 καὶ
872 4628 1156 4702 δαίμονας.
1221 4633 1303 4687 Ita
1356 4629 1581 4687 edenda
1638 4631 1759 4688 lJth
1817 4631 2037 4704 putavi,

393 4725 519 4780 quae
552 4709 610 4762 in
650 4704 1266 4780 Co_islin_iano_misere
1296 4707 1566 4780 corrupta
1609 4709 1766 4780 sunt,
1802 4705 1901 4775 qui
1953 4703 2037 4780 sic

392 4771 567 4850 liabet
604 4794 616 4831 :
678 4775 739 4830 Οἳ
764 4847 771 4850 Α
799 4777 887 4830 καὶ
966 4773 1136 4850 πάθει.
1181 4771 1445 4850 δαίμονας
1469 4771 1878 4850 ίθεραπεύουσι,
1945 4773 2036 4828 καὶ

395 4846 655 4924 δαίμονας
704 4847 857 4924 πάθε-ι
901 4844 1288 4924 φυγαδεύουσιξ
1343 4844 1576 4924 {tectius
1617 4866 1686 4924 ex
1729 4855 1891 4924 parte
1922 4852 2038 4903 N0-

393 4917 530 4996 §te_i‘,
582 4918 634 4972 οἳ
681 4920 768 4996 καὶ
824 4917 1084 4996 δαίμονας
1135 4919 1513 4996 θεραπεύουσι,
1543 4917 1829 4996 καὶ-πάθη
1872 4937 2039 4996 φυγας

393 4990 628 5058 δεύουσι,
662 4994 758 5063 qui
791 4989 983 5047 tamen
1014 4992 1074 5048 in
1123 5008 1188 5048 eo
1219 5000 1370 5063 errat
1391 4991 1608 5048 librarii
1649 4990 1838 5063 lapsu,
1883 4989 2037 5062 quod

392 5065 533 5120 bina
561 5063 660 5119 illa
681 5062 855 5120 verba
904 5079 1020 5119 non
1050 5064 1174 5120 suis
1218 5062 1360 5119 locis
1403 5062 1724 5131 collocavit,
1756 5064 1854 5119 sed
1897 5077 2040 5117 con-

393 5135 562 5192 fudit.
593 5135 778 5191 Scribi
809 5133 966 5190 enim
1016 5134 1280 5201 debebat,
1315 5139 1378 5190 ut
1429 5134 1604 5190 edidi.
1651 5134 1737 5191 Ita
1768 5150 1860 5189 res
1909 5134 2040 5204 ipsa

393 5206 668 5279 requirit,
702 5215 755 5262 ct
804 5211 1008 5279 Petrus
1055 5205 1647 5279 Siculus__conﬁrmat,
1687 5206 1873 5279 _cujus
1917 5204 2039 5279 nec

394 5271 534 5336 sunt
561 5271 779 5366 verba:
813 5276 973 5366 ῼῦτοί
1027 5274 1156 5363 εἷσιγ
1187 5276 1242 5362 oi:
1289 5274 1434 5366 ἅγιιοί
1492 5296 1609 5366 σου,
1653 5277 1723 5365 οἱ,
1752 5271 1876 5336 τοὺς
1927 5271 2040 5360 δαί-

399 5369 565 5423 μονας
608 5346 1015 5426 φυγαδεύοντες,
1067 5348 1155 5400 καὶ
1186 5346 1252 5401 τά
1299 5346 1444 5416 πάθη
1497 5347 1882 5420 θεραπεύοντες
1929 5350 2037 5401 τῶν

398 5419 979 5494 ἀνθρώπων.βοὶιὶεοι
1010 5419 1264 5494 ludibrio
1297 5419 1515 5475 lemina
1545 5420 1771 5494 habuit,
1798 5435 2040 5494 consue-

397 5490 686 5564 tudinem,
721 5491 820 5547 illa
865 5495 1032 5548 aetate
1068 5491 1211 5564 jam
1244 5495 1554 5562 receptam,
1603 5507 1711 5562 qua
1760 5490 2041 5548 invocatis

395 5566 618 5626 sanctis
650 5562 944 5635 daemones
975 5562 1434 5635 expellebantur.

466 5637 580 5710 (15)
667 5631 1121 5710 Καταλιπόντες.-
1165 5637 1284 5710 _}_Io_c
1368 5632 1519 5691 malo
1589 5649 1702 5706 pm
1785 5631 2039 5690 καταλεί-

395 5705 610 5780 ποντες,
643 5708 790 5782 quod
823 5715 905 5765 est
936 5707 995 5764 in
1027 5705 1404 5764 Coisliniano.

2217 4343 2332 4416 (id)
2365 4339 2485 4416 (ξύν.
2520 4348 2640 4416 Non
2669 4344 2925 4416 agnoscit
2955 4345 3179 4404 Noster.

2221 4413 2327 4498 (Γζ)
2386 4413 2630 4498 Χωρίον..
2686 4413 2895 4498 Addidi
2949 4434 3017 4498 ex
3051 4422 3540 4498 -_Nostro,__qua_m
3598 4435 3800 4476 vocem

2149 4487 2442 4573 requirere
2470 4487 2699 4573 videtur
2727 4488 3039 4573 allegorica
3069 4489 3348 4573 loquendi
3380 4487 3551 4555 ratio,
3582 4508 3708 4573 qua;
3742 4507 3804 4549 se

2147 4558 2242 4614 hic
2273 4559 2500 4634 auctori
2529 4558 2890 4634 probavit,de
2919 4558 3282 4633 germinibus
3311 4558 3805 4634 loquens,quibu

2149 4646 2283 4702 ager
2315 4630 2502 4702 ridere
2534 4629 2698 4687 solet.

2219 4701 2331 4779 (te)
2363 4699 2647 4779 fouyouc,
2678 4703 2898 4779 _Noster
2931 4701 3168 4779 όλίγοις,
3199 4705 3493 4779 mendose.

2218 4772 2869 4849 (19ξ)ᾊπερικαλύτςτων.
2928 4772 3266 4849 [_ta'Noster
3323 4776 3556 4844 melius,
3618 4792 3799 4849 quam

2148 4845 2565 4919 Coisliniauus,
2599 4847 2700 4919 qui
2732 4845 2908 4919 habet
2937 4845 3392 4919 ἀπερικάλυπτον.

2217 4918 2331 4992 (20)
2375 4915 2795 4992 ’Δνεκτοὲέροιᾳ
2856 4915 3086 4992 Optime
3113 4919 3512 4976 Coislinianus
3541 4936 3645 4992 pro
3675 4939 3803 4972 συν-

2149 4988 2483 5060 εκτοτι-Ξροις,⁸
2504 4988 2670 5060 quod
2695 4988 3118 5046 Noster'aﬁ‘ert.

2219 5056 2586 5136 (ﬁliiﬁlii).
2637 5062 2716 5136 Ex
2757 5063 2956 5136 Nostro
3007 5079 3106 5133 pro
3151 5056 3378 5132 κωδίου,
3425 5063 3581 5134 quod
3631 5079 3805 5136 pera-

2150 5148 2280 5188 rum
2313 5131 2452 5187 Vitio
2493 5137 2625 5188 ante
2656 5131 2974 5202 legebatur.

2383 5201 2868 5294 :E’vanoxpuwrtwv‘.
3113 5203 3327 5287 iterum
3404 5205 3609 5262 Noster
3695 5220 3804 5277 pro

2149 5273 2399 5342 simplici
2429 5273 2794 5347 ἀποκρύπτων
2827 5275 3186 5332 Coisliniani.

2221 5347 2340 5420 (‘23)
2389 5343 2733 5420 Τελειότερα.
2790 5347 2906 5420 ΙίλὶΔ
2946 5347 3075 5418 lego
3137 5365 3236 5417 pro
3310 5345 3634 5420 τελεώτερα.
3695 5363 3803 5420 pro

2150 5434 2264 5493 quo
2295 5418 2506 5474 Noster
2533 5417 2709 5493 habet
2729 5417 3070 5493 ταχεῴτερα,
3109 5435 3310 5493 vocem
3353 5417 3805 5493 nihili.‘l_’er’-cé-

2149 5484 2298 5550 λειος
2333 5497 2526 5546 autem
2561 5484 2844 5547 alluditu'r'
2871 5484 3267 5562 iterum,quod
3301 5491 3558 5546 solemne
3587 5489 3806 5546 Nostro

2149 5563 2336 5628 est,ad
2365 5563 2679 5634 gentilium
2713 5561 3256 5634 sacra,quibusqui
3290 5579 3404 5618 non
3438 5567 3555 5618 tam
3587 5561 3810 5618 initiati

2150 5647 2326 5704 quam
2361 5629 2574 5690 imbuti
2607 5639 2793 5703 erant,
2823 5629 3022 5688 τέλειοι
3057 5629 3420 5692 dicebantur.
