4074 6208
202 375 278 435 69

1322 369 1630 434 CONTRA
1669 370 2146 433 MANICHEOS
2188 371 2426 432 LIBER
2466 373 2516 433 Ι.
3543 379 3624 438 70

205 502 528 580 προτιθέναι
571 501 641 556 τὰ
689 473 1092 576 ἰξάγισταξῶν
1150 497 1264 557 ἐστι
1305 503 1421 576 (24)
1477 503 1540 557 τὸ
1569 501 1864 576 κεφάλαιον

1991 520 2048 559 ac
2078 503 2416 576 imperium,
2445 505 2529 562 vis
2562 505 2820 573 creandi,
2853 504 3039 561 honor
3067 507 3125 561 et
3155 505 3494 563 famulatus.
3525 507 3625 564 Ni-

213 594 452 668 ἅρνησις
493 589 762 658 παντελὴς
805 593 964 661 Θεοῦ,
1015 591 1106 646 καὶ
1152 595 1252 647 τοῦ
1302 588 1566 646 διαϐόλου
1616 589 1743 664 δόξα
1785 592 1877 649 καὶ

216 685 443 757 κράτος,
498 681 590 736 καὶ
634 677 1012 756 δημιουργίας
1072 679 1252 755 ἰσχὺς,
1314 679 1405 736 καὶ
1461 682 1594 750 τιπή
1652 681 1743 735 καὶ
1801 679 1877 735 οἷ-

213 774 452 833 κεὶωσις.
515 767 685 826 Οὐδὲν
749 767 841 824 οὗν
909 768 1110 831 ἐκεῖνος
1166 773 1415 825 τοιοῦτον
1494 771 1866 826 κατεπίστευεν

211 868 331 924 τοῖς
363 859 487 935 ἄρτι
533 857 890 932 μυουμένοις.
941 857 1118 914 Ἀλλά
1165 863 1358 934 πρῶτα
1410 859 1504 932 μὲν
1553 865 1672 921 τοῖς
1714 859 1875 936 εὐαγ-

210 951 458 1026 γελικοῖς
522 950 778 1020 ἐπειρᾶτο
849 945 1267 1022 κατρίὸυθμίζειν
1366 945 1603 1022 ῥήμασιν
1695 946 1872 1002 αὐτῶν

209 1041 270 1095 τὰ
315 1036 458 1111 ἤθη,
513 1038 605 1092 καὶ
644 1035 678 1090 ’ἀ
731 1033 901 1109 μηδὲν
961 1034 1208 1091 ἐκέλευσε
1255 1036 1378 1110 περὶ
1439 1034 1734 1111 δόγματος.
1771 1036 1872 1092 Καὶ

211 1130 430 1190 τούτοις
511 1127 649 1189 τέως
733 1125 1062 1196 κατακηλεῖν
1148 1145 1207 1180 τε
1287 1125 1377 1179 καὶ
1459 1124 1874 1199 καταγοητεύειν

213 1217 514 1293 έπεχείρει,
564 1215 656 1270 καὶ
708 1217 1024 1294 χειροήθεις
1078 1214 1468 1291 ἀπεργάζεσθαι
1523 1214 1652 1277 τοὺς
1707 1236 1873 1288 μυστ-

213 1306 664 1384 αγωγουμένους.
716 1302 969 1361 Ἐπειδὰν
1029 1301 1076 1358 δ’
1124 1303 1310 1366 εὔνους
1357 1304 1505 1380 εἶχεν
1563 1303 1653 1358 καὶ
1695 1305 1768 1366 ὡς
1798 1303 1874 1359 δι-

214 1395 478 1469 δασκάλῳ
507 1395 601 1450 καὶ
656 1395 932 1468 σωτηρίας
978 1394 1122 1468 ἒῶρα
1168 1392 1613 1469 προσανέχοντας
1663 1393 1870 1466 ὁδηγῷ,

213 1486 335 1541 τότε
363 1486 460 1540 καὶ
491 1485 590 1541 τὸν
621 1483 758 1538 ὅλον
794 1488 891 1552 τῆς
934 1481 1265 1543 ἀποστασίας
1306 1482 1385 1536 ἱὸν
1434 1479 1637 1556 χανδὸν
1688 1480 1872 1543 αὐτοῖς

214 1580 484 1650 παρεῖχεν
589 1572 864 1649 ἐκροφεῖν,
949 1571 1038 1625 καὶ
1148 1570 1560 1643 τετελεσμένους
1665 1570 1872 1643 ὁμοίῶς

217 1663 408 1736 ἰκείνῳ
453 1661 785 1739 ἀνηγόρευέν
837 1681 897 1716 τε
940 1660 1029 1715 καὶ
1076 1661 1434 1734 ἀνεκήρυττεν
1474 1662 1574 1729 τήν
1603 1655 1870 1716 ἀσέϐειαν.

214 1755 458 1833 Τυχικὸν
513 1751 560 1808 δ’
607 1752 767 1806 αὑτὸν
817 1749 907 1805 καὶ
959 1750 1114 1812 οὗτος
1163 1751 1191 1804 ὁ
1230 1748 1642 1825 τρισαλιτήριος
1675 1749 1877 1804 ἐπωνό-

1989 592 2070 648 hil
2103 594 2301 666 itaque
2332 593 2526 650 simile
2554 610 2754 650 recens
2793 594 3039 651 initiatis
3071 596 3492 663 concredebat;
3526 597 3629 654 sed

1987 683 2178 754 primo
2227 699 2429 739 eorum
2463 699 2677 749 mores,
2721 700 2826 739 nec
2858 701 2974 740 non
3023 684 3159 752 alia,
3209 701 3334 756 quas
3378 683 3523 739 nihil
3555 686 3627 741 ad

1981 772 2309 828 doctrinam
2333 773 3052 844 spectabant,evangelicis
3073 774 3264 829 verbis
3287 778 3487 845 aptare
3507 779 3630 830 stu-

1982 862 2189 930 debat;
2225 861 2438 918 deinde
2468 863 2625 932 ipsos
2656 861 2945 933 pellicere,
2969 866 3024 918 et
3055 863 3368 933 praestigiis
3400 864 3525 918 suis
3547 862 3631 919 il-

1982 949 2256 1023 laqueare
2288 950 2660 1021 initiatosque
2689 951 2762 1007 ad
2795 967 3033 1005 manum
3067 957 3124 1006 et
3155 952 3630 1024 obtemperantes

1983 1039 2092 1094 sibi
2124 1041 2362 1096 reddere
2393 1042 2733 1096 conabatur.
2770 1041 3088 1110 Postquam
3121 1044 3318 1095 autem
3364 1057 3464 1098 eos
3515 1042 3629 1098 sibi

1986 1128 2312 1199 benevolos,
2345 1134 2403 1185 et
2431 1132 2708 1200 tanquam
2733 1127 2975 1184 salutari
2999 1127 3133 1184 duci
3157 1129 3475 1201 morigeros
3502 1147 3630 1188 esse

1984 1219 2402 1289 conspiciebat,
2424 1223 2565 1274 tunc
2595 1222 2782 1274 totum
2815 1219 3124 1290 apostasia
3148 1218 3308 1274 virus
3333 1218 3628 1278 hiantibus

1985 1306 2128 1378 ipsis
2151 1307 2507 1363 sorbendum
2524 1307 2898 1378 propinabat;
2921 1311 3093 1378 atque
3113 1306 3351 1364 initiatis
3366 1310 3628 1366 eamdem

1985 1413 2160 1469 quam
2192 1396 2314 1468 ipse
2344 1396 2591 1463 tenebat,
2623 1395 2986 1466 impietatem
3021 1396 3296 1454 tradebat.
3311 1397 3626 1470 Tychicum

1985 1493 2177 1542 autem
2206 1502 2266 1542 se
2295 1485 2752 1542 scelestissimus
2776 1485 2952 1541 homo
2971 1485 3408 1555 denominabat,
3441 1503 3630 1558 neque

1984 1575 2176 1633 solum
2211 1575 2324 1632 sibi
2354 1592 2561 1632 nomen
2594 1592 2661 1632 ex
2693 1575 3115 1646 discipulorum
3147 1593 3389 1633 numero
3415 1579 3631 1636 tribue-

1983 1665 2104 1732 bat,
2127 1665 2228 1720 sed
2253 1665 2442 1736 ipsam
2465 1664 2863 1720 exsistentiam
2889 1664 3294 1737 usurpabat,et
3316 1666 3388 1721 ad
3417 1682 3478 1722 se
3499 1682 3631 1738 per-

1985 1758 2165 1812 tinere
2222 1756 2798 1813 comminiscebatur.
2851 1761 2978 1814 Non
3029 1758 3183 1813 enim
3231 1774 3290 1813 se
3341 1757 3542 1828 alium,
3593 1774 3627 1816 ο

229 1850 426 1916 μαζεν,
470 1843 536 1897 ού
579 1842 675 1910 τὴν
719 1837 920 1910 κλῆσιν
968 1837 1281 1895 ἐκκλέπτων
1331 1838 1490 1912 μόνον
1542 1843 1637 1895 τοῦ
1695 1858 1870 1913 μακα-

1991 1843 2218 1900 Multam
2241 1844 2527 1916 linguam,
2553 1843 2966 1916 stultioresque
2997 1847 3290 1903 auditores
3315 1847 3328 1902 l
3358 1864 3487 1904 esse
3503 1865 3631 1919 por-

238 1932 362 2007 ρίου
392 1929 616 1985 Παύλου
648 1931 922 2001 μαθητῶν,
961 1925 1109 1984 ἄλλά
1144 1928 1236 1982 καὶ
1281 1927 1449 1998 αὐτὴν
1497 1930 1596 1997 τὴν
1647 1927 1870 2004 ὕπαρξιν

239 2020 333 2077 καὶ
384 2020 672 2074 ὑπόστασιν
720 2018 791 2080 είς
841 2017 1034 2074 ἑαυτὸν
1097 2017 1491 2091 μεταπλάσσων
1548 2015 1639 2072 καί
1695 2039 1872 2093 παρα-

231 2109 556 2189 χαράσσων,
599 2109 682 2163 καί
731 2102 1207 2180 ὖποϐαλλόμενος*
1247 2107 1311 2162 οὐ
1361 2107 1465 2184 γὰρ
1519 2105 1690 2161 ἄλλον
1731 2107 1873 2175 τινὰ,

223 2197 298 2271 (ὢ
337 2203 532 2274 μωρᾶς
558 2196 830 2272 γλώσσης,
870 2195 1186 2272 μωροτέρας
1218 2194 1264 2252 δ’
1289 2195 1458 2266 ἀκοῆς
1485 2200 1593 2251 τῶν
1640 2195 1876 2270 παραδε-

223 2287 551 2364 χομένωνί)
599 2286 726 2342 ἀλλ’
798 2287 1004 2344 ἐκεῖνον
1061 2288 1192 2342 εἶναι
1240 2287 1332 2342 τὸν
1393 2286 1630 2362 Τυχικὸν
1689 2287 1874 2342 ἑαυτὸν

223 2376 626 2453 ἒτερατολόγει,
688 2374 740 2430 ἐν
798 2382 918 2440 ταῖς
977 2375 1327 2440 Ἐπιστολαῖς
1378 2379 1476 2430 τοῦ
1540 2375 1874 2431 ’Δποστόλου

221 2466 522 2542 οερόμενόν
556 2487 615 2520 τε
653 2467 743 2522 καὶ
795 2463 1090 2542 πολλαχοῦ
1119 2469 1234 2540 (25)
1288 2467 1510 2541 μνήμης
1550 2463 1873 2540 ἒπαινουμὲ·

219 2577 313 2626 νης
375 2557 722 2628 ἀξιούμενον.
791 2559 962 2610 Τοῦτο
1021 2553 1078 2610 δὲ
1135 2556 1198 2610 τὸ
1237 2553 1613 2614 κακόπλαστόν
1669 2576 1727 2610 τε
1783 2554 1874 2609 καὶ

225 2645 435 2707 ἀναιδὲς
473 2650 561 2700 καί
613 2641 839 2714 ἠλίθιον
888 2644 978 2699 καί
1028 2644 1207 2714 ἄθεον,
1245 2644 1336 2699 καὶ
1383 2645 1445 2699 οὗ
1481 2645 1556 2716 μή
1605 2646 1723 2716 (26)
1763 2642 1873 2699 ἐστι

225 2736 358 2809 παρ’
409 2731 642 2806 οὐδεμιᾷ
699 2736 810 2788 τῶν
865 2734 1088 2788 πώποτε
1173 2729 1552 2808 γεγενημένων
1608 2732 1873 2807 α’ίρέσεων

220 2822 636 2898 παραπλήσιον,
688 2826 850 2877 τοῦτο
895 2819 961 2892 δή
1012 2818 1336 2878 καταϐαλὼν
1378 2823 1490 2895 (27)
1537 2822 1624 2876 καὶ
1675 2823 1874 2896 προθε-

223 2916 508 2988 μελιώσας
534 2917 656 2974 ταῖς
703 2915 811 2966 τῶν
860 2912 1225 2986 ἠπατημένων
1281 2915 1485 2990 ψυχαῖς
1533 2911 1730 2966 ἐκεῖθεν
1772 2909 1875 2965 έπ-

219 3000 507 3076 ῳκοδόμει
535 3000 605 3056 τά
633 2998 797 3055 ἄλλα·
841 3000 1054 3075 κήρυκά
1099 3021 1159 3055 τε
1206 2999 1309 3076 γάρ
1357 2998 1689 3055 ἀπεστάλθαι
1733 3001 1872 3076 πρὸς

218 3093 424 3155 αὐτοὺς
457 3092 587 3168 παρ’
615 3091 805 3160 αὐτοῦ,
844 3091 932 3146 καὶ
967 3089 999 3145 ἃ
1039 3088 1377 3167 διαγγέλλει,
1426 3091 1516 3145 καὶ
1568 3089 1738 3166 λέγει,
1794 3093 1870 3162 μὴ

215 3194 318 3257 τῆς
373 3183 543 3240 αὐτοῦ
595 3181 782 3259 σοφίας
829 3181 981 3253 εἶναι,
1033 3186 1131 3236 τοῦ
1176 3179 1232 3236 δὲ
1283 3179 1597 3254 διδάξαντος
1645 3179 1735 3235 καὶ
1782 3181 1877 3236 ἀπ-

219 3273 555 3333 εσταλκότος
601 3269 823 3326 Παύλου
867 3269 1320 3347 παραγγέλματα,
1355 3269 1454 3325 Καὶ
1514 3270 1542 3324 6
1600 3267 1873 3330 πολλάκις

217 3370 344 3425 τοῖς
403 3361 486 3418 ἔτι
528 3363 644 3434 (28)
704 3358 918 3433 μᾶλλον
983 3360 1410 3433 μυστικωτέροις
1472 3360 1572 3429 τὴν
1627 3353 1872 3413 ἀσέϐειαν

221 3453 450 3525 Πνεῦμα
480 3449 572 3505 καὶ
613 3447 975 3520 Παράκλητον
1006 3449 1190 3522 ὑμνῶν
1222 3448 1434 3516 ἑαυτὸν,
1482 3447 1559 3512 εἰς
1587 3448 1676 3503 τὸν
1706 3448 1877 3522 χορόν

222 3549 340 3599 τῶν
397 3543 664 3614 μαθητῶν
715 3543 812 3594 τοῦ
861 3539 1143 3594 θεσπεσίου
1193 3537 1412 3592 Παύλου
1462 3538 1598 3614 πρὸς
1637 3539 1699 3593 τὸ
1737 3534 1880 3592 ἄλλο

224 3633 450 3701 πλῆθος
510 3629 800 3708 κατέλεγεν
871 3629 1082 3695 ἑαυτὸν,
1141 3625 1478 3683 ἑπτακοσίων
1535 3627 1670 3682 ἑτῶν
1719 3627 1882 3702 ἐγγὺς

229 3719 690 3798 μεταγενέστερος
750 3720 840 3774 καὶ
898 3716 1121 3774 Παύλου
1178 3717 1269 3772 καὶ
1323 3720 1562 3792 Τυχικοῦ
1619 3716 1880 3793 γεγονώς.

229 3813 337 3867 Καὶ
392 3811 500 3885 γὰρ
560 3811 590 3864 6
638 3809 942 3882 κατάρατος
1000 3809 1155 3870 οὗτος
1214 3807 1305 3862 καὶ
1354 3805 1606 3878 ’τερατίας
1672 3804 1725 3859 ἐν
1769 3810 1886 3866 τοῖς

236 3900 359 3954 καθ’
409 3900 554 3970 ἡμᾶς
600 3895 924 3971 ἑγνωρίζετο
971 3897 1224 3972 χρόνοις,
1274 3896 1440 3970 κήρυξ
1490 3901 1591 3962 τῆς
1640 3888 1886 3954 ἀσεϐείας

237 3989 318 4050 ὡς
353 3989 464 4059 (29)
511 3984 663 4042 οὔπω
705 4007 794 4048 τις
841 3984 1103 4060 διάπυρος
1143 3982 1348 4059 ἕτερος.
1413 3982 1635 4043 Πολλὰς
1687 3982 1793 4059 γὰρ
1853 3982 1881 4035 6

229 4077 446 4140 πλάνος
491 4075 684 4139 πόλεις
733 4075 1027 4151 περιῆλθεν
1075 4075 1164 4129 καὶ
1214 4076 1424 4150 χώρας,
1483 4074 1690 4145 θηρῶν,
1749 4070 1888 4126 ἀπα-

237 4172 366 4236 τῶν,
399 4166 496 4221 καὶ
538 4167 646 4238 (30)
677 4161 978 4238 παγιδεύων
1005 4163 1101 4226 τὰς
1130 4169 1237 4218 τῶν
1271 4159 1674 4236 ἁπλουστέρων,
1707 4159 1886 4235 οἷ’μοι,

235 4257 447 4330 ψυχὰς,
481 4255 560 4316 ὡς
589 4256 679 4309 καὶ
709 4253 872 4318 αὐτὸς
901 4253 928 4308 ὁ
957 4256 1055 4308 τοῦ
1101 4249 1335 4326 ψεύδους
1384 4251 1460 4313 ὡς
1498 4249 1722 4320 ἀληθῶς
1771 4252 1886 4314 υἱὸς

235 4343 286 4399 ἐν
335 4349 440 4417 μιᾷ
482 4348 593 4399 τῶν
634 4344 801 4398 αὐτοῦ
854 4363 1007 4413 σησιν
1060 4339 1383 4397 ἐπιστολῶνο
1420 4363 1449 4392 ‹‹
1508 4340 1642 4396 Ἀπὸ
1691 4339 1888 4397 ἀνατο-

235 4432 350 4490 λῶν
397 4434 492 4488 καὶ
547 4431 788 4506 δυσμῶν,
835 4432 926 4487 καὶ
979 4429 1154 4507 βορρᾶ
1200 4430 1289 4485 καὶ
1328 4431 1489 4484 νότου
1521 4424 1757 4504 ἔδραμον
1787 4451 1886 4500 κη-

239 4523 453 4596 ρύσσων
487 4523 553 4577 τὸ
584 4519 917 4599 Εὒαγγέλιον
951 4524 1187 4596 Χριστοῦ
1215 4525 1331 4580 τοῖς
1382 4519 1536 4593 ἐμοῖς
1581 4519 1822 4592 γόνασιν.
1857 4543 1885 4572 ››

241 4612 304 4668 ΕΞ
363 4612 467 4686 γάρ
529 4611 605 4673 ὡς
648 4609 699 4664 ἐν
750 4616 906 4665 πᾶσιν
977 4609 1121 4665 οὕτω
1177 4608 1442 4664 κάνταῦθα
1499 4607 1889 4680 ἠλαζονεύετο,

237 4699 366 4757 ἀλλ’
401 4698 490 4756 οὖν
535 4700 636 4755 οὐκ
693 4696 882 4774 ὀλίγον
939 4697 1143 4774 δρόμον
1207 4699 1337 4771 ὑπὶρ
1393 4705 1494 4768 τῆς
1553 4698 1747 4753 ἑαυτοῦ
1795 4695 1888 4753 καὶ

241 4796 350 4846 τῶν
405 4788 752 4864 πειθομένων
803 4787 1075 4851 ἀπωλείας
1121 4783 1454 4844 κατεϐάλετο
1508 4790 1641 4862 (31).
1692 4788 1889 4863 Ἑγγὺς

243 4876 299 4934 δὲ
371 4880 464 4935 καὶ
513 4881 673 4944 οὗτος
713 4877 1004 4953 τριάκοντα
1061 4872 1154 4949 ἔτη
1209 4876 1296 4933 ἐπὶ
1334 4882 1451 4941 τοῖς
1497 4875 1750 4952 τέσσαρσι
1792 4883 1892 4946 τῆς

242 4965 492 5031 ἀσεϐείας
532 4968 798 5044 προέστη,
851 4969 941 5023 καὶ
1005 4968 1094 5023 τὸν
1153 4967 1338 5042 ἀγῶνα
1394 4973 1495 5037 τῆς
1552 4965 1764 5036 πλάνης
1809 4961 1896 5020 δι-

1981 1937 2206 1989 tentose
2235 1934 2485 2002 dicebat,
2518 1950 2693 2004 quam
2725 1934 2920 2006 ipsum
2953 1934 3120 1991 illum
3155 1937 3504 2008 Tychicum,‘
3525 1937 3627 2008 qui

1980 2022 2041 2076 in
2071 2021 2335 2092 epistolis
2366 2022 2534 2078 Pauli
2567 2028 2946 2092 memoratur,
2964 2023 3295 2081 honorabili
3326 2027 3452 2098 ejus
3476 2043 3634 2083 men-

1986 2111 2144 2166 tione
2194 2127 2347 2183 saape
2395 2113 2564 2168 facta.
2618 2116 2739 2168 Hoc
2786 2119 3186 2169 commentum
3245 2117 3633 2185 teterrimum,

1984 2199 2311 2272 impudens,
2342 2200 2648 2270 insanum,
2681 2200 2954 2272 impium,
2987 2202 3080 2257 cui
3111 2201 3306 2258 simile
3333 2220 3634 2276 nunquam

1983 2289 2134 2360 apud
2167 2288 2436 2357 haereses,
2469 2304 2597 2360 quis
2628 2292 2762 2345 ante
2795 2289 3054 2356 fuerunt,
3099 2291 3335 2360 exstitit,
3390 2292 3495 2348 hoc
3541 2293 3634 2349 in-

1984 2395 2185 2450 quam,
2239 2395 2344 2434 ceu
2389 2379 2842 2435 fundamentum
2898 2395 3120 2450 ponens
3154 2380 3210 2435 in
3257 2380 3636 2454 deceptorum

1981 2468 2220 2537 animis,
2269 2471 2474 2524 cetera
2521 2469 2796 2540 deinceps
2845 2469 3218 2532 mdiﬁcabat:
3280 2487 3415 2526 nam
3471 2488 3536 2528 se
3563 2474 3635 2530 ab

1978 2557 2256 2629 Apostolo
2287 2558 2359 2613 ad
2393 2558 2554 2629 ipsos
2587 2573 2910 2628 praeconem
2943 2558 3188 2614 missum
3223 2575 3353 2616 esse
3383 2561 3628 2618 dictita-

1983 2646 2102 2716 bat,
2134 2652 2188 2702 et
2218 2663 2306 2718 ea,
2339 2662 2464 2717 quas
2496 2647 2868 2704 annuntiaret
2898 2664 2964 2704 ac
2994 2649 3355 2716 diceret,non
3378 2667 3503 2706 suis
3533 2668 3630 2708 sa-

1983 2735 2345 2806 pientiae,sed
2359 2736 2516 2792 Pauli
2541 2737 2803 2794 docentis
2827 2741 2884 2792 et
2901 2738 3187 2794 mittentis
3209 2753 3340 2795 esse
3355 2745 3639 2812 praecepta

1983 2825 2395 2880 mentiebatur.
2427 2826 2506 2881 Ac
2537 2825 2637 2896 qui
2669 2841 2818 2897 sepe
2841 2825 3210 2896 perfectioris
3244 2827 3306 2882 in
3338 2827 3640 2899 impietate

1980 2912 2325 2969 initiationis
2373 2912 2679 2986 discipulis
2729 2930 2791 2970 se
2841 2914 3125 2986 Spiritum
3171 2920 3227 2970 et
3257 2916 3631 2973 Paracletum

1980 3018 2109 3058 esse
2133 3003 2477 3073 jactitahat;
2513 3003 2727 3060 rudiori
2758 3003 3120 3059 multitudini
3153 3020 3216 3060 se
3253 3007 3408 3062 inter
3454 3006 3635 3062 divini

1983 3089 2145 3146 Pauli
2195 3091 2516 3162 discipulos
2565 3091 3050 3162 connumerabat,
3103 3092 3204 3164 qui
3248 3093 3636 3167 septingentis

1989 3196 2133 3251 pene
2169 3181 2338 3236 annis
2369 3186 2504 3252 post
2534 3181 2780 3236 Paulum
2813 3186 2870 3236 et
2889 3181 3210 3253 Tychicum
3235 3183 3632 3240 vixit.Etenim

1986 3268 2325 3324 maledictus
2375 3270 2474 3325 ille
2522 3276 2575 3325 et
2623 3274 2996 3340 portentosas
3027 3270 3200 3326 homo
3233 3273 3450 3328 nostris
3486 3288 3630 3344 pene

1986 3359 2342 3430 temporibus
2373 3359 2642 3431 cognitus
2673 3364 2784 3425 est,
2811 3359 3127 3430 impietatis
3150 3376 3482 3433 praeco,quo
3505 3361 3632 3418 nul-

1987 3446 2079 3503 lus
2111 3447 2255 3503 alter
2285 3448 2580 3504 ardentior
2613 3447 2741 3504 fuit.
2776 3448 2987 3505 Multas
3019 3448 3174 3504 enim
3209 3449 3482 3505 seductor
3530 3451 3631 3508 ille

1993 3537 2166 3592 urbes
2197 3541 2254 3593 et
2285 3537 2550 3606 regiones
2583 3537 2922 3609 peragravit,
2957 3537 3177 3594 mullos
3208 3541 3638 3610 captans,deci-

1993 3624 2531 3698 piens,illaqueans,
2548 3626 2903 3682 odamnum!
2931 3625 3354 3697 simpliciorum
3374 3630 3632 3699 animas;

1993 3723 2046 3770 et
2077 3715 2202 3787 ipse
2233 3715 2520 3771 mendacii
2551 3731 2682 3771 vere
2713 3714 2870 3772 ﬁlius
2898 3714 2958 3771 in
3007 3715 3200 3786 aliqua
3247 3716 3633 3788 epistolarum

1994 3819 2233 3859 suarum
2253 3803 2367 3858 ait:
2402 3826 2430 3854 «
2464 3804 2552 3858 Ab
2584 3803 2815 3860 Oriente
2832 3809 2889 3860 et
2919 3804 3330 3870 Occidente,ah
3349 3807 3632 3878 Aquilone

1995 3897 2052 3948 et
2072 3893 2308 3949 Meridie
2329 3893 2683 3949 annuntians
2705 3894 3084 3965 Evangelium
3112 3894 3352 3962 Christi,
3374 3911 3634 3968 genuum

1997 3997 2262 4038 meorum
2293 3981 2491 4037 labore
2520 3981 2768 4038 cucurri.
2793 4003 2820 4032 »
2845 3982 3087 4037 Etiamsi
3110 3983 3264 4037 enim
3291 3983 3386 4040 hic
3409 3989 3473 4040 ut
3493 3985 3634 4041 alibi

1997 4084 2229 4142 semper
2253 4069 2565 4138 jactatione
2597 4073 2833 4137 utatur;
2882 4083 3078 4124 verum
3122 4073 3316 4124 tamen
3365 4076 3454 4126 est
3499 4088 3634 4128 eum

1999 4175 2114 4214 non
2148 4158 2438 4215 modicum
2467 4173 2702 4214 cursum
2726 4156 2784 4213 in
2809 4173 2978 4213 suam
3011 4156 3471 4230 sequaciumque
3499 4176 3636 4215 suo-

1999 4263 2132 4303 rum
2173 4247 2488 4319 perniciem
2520 4246 2860 4304 confecisse.
2893 4245 3156 4318 Triginta
3188 4251 3381 4302 autem
3411 4253 3467 4303 et
3495 4263 3639 4319 qua-

1999 4339 2134 4392 tuor
2162 4336 2333 4392 annis
2362 4334 2648 4407 impietati
2681 4333 2930 4406 prefuit,
2983 4339 3040 4390 et
3087 4335 3300 4392 erroris
3346 4341 3640 4393 certamen

2001 4427 2450 4482 consummavit.
2484 4425 2648 4481 Irene
2681 4441 2869 4495 porro,
2898 4423 3174 4497 religiosa
3203 4423 3305 4480 illa
3326 4428 3383 4481 et
3410 4424 3528 4482 Deo
3552 4441 3646 4481 ac-

1999 4519 2167 4586 cepta
2196 4514 2745 4588 mulier,imperium
2778 4514 3348 4586 moderabatur,quo
3380 4517 3640 4585 tempore

2001 4605 2099 4661 Dei
2115 4607 2300 4664 hostis
2321 4611 2378 4663 et
2399 4607 2617 4678 impius
2641 4605 2737 4662 ille
2757 4605 3070 4677 apostasiae
3092 4606 3360 4664 doctrina
3379 4606 3641 4672 ﬂorebat,

2001 4712 2067 4752 ex
2099 4712 2212 4768 quo
2244 4712 2432 4768 usque
2462 4697 2533 4752 ad
2565 4711 2820 4768 praesens
2852 4704 3235 4767 tempus,quaz
3269 4695 3507 4751 nuncin
3537 4711 3642 4752 no-

2003 4785 2138 4840 stris
2152 4785 2488 4856 regionibus
2500 4784 3119 4856 grassatur,impietas,
3139 4784 3211 4839 ab
3228 4785 3356 4855 ejus
3374 4785 3644 4840 doctrina

2006 4873 2302 4946 proﬂuxit.
2329 4874 2507 4930 Fama
2529 4879 2723 4930 autem
2751 4875 2971 4930 caeteris
2992 4873 3178 4944 ipsius
3199 4872 3426 4930 aemulis
3445 4873 3646 4946 impie-

2007 4963 2222 5020 tatibus
2248 4969 2502 5036 prastat,
2535 4963 2666 5020 licet
2697 4967 2752 5019 et
2783 4963 2903 5022 haec
2929 4968 2988 5020 et
3016 4962 3127 5018 illas
3169 4964 3278 5036 ipsi
3329 4969 3643 5020 succentu-

243 5059 454 5128 ήνυσεν.
504 5059 677 5136 Εὶρήν
728 5055 785 5113 δὲ
839 5060 1139 5128 τηνικαῦτα
1184 5057 1246 5112 τὸ
1286 5054 1541 5136 φιλόθεον
1593 5054 1762 5110 ἐκεῖνο
1804 5075 1872 5110 κα

2008 5053 2169 5110 riata
2198 5054 2257 5110 in
2289 5054 2552 5110 eamdem
2584 5053 2903 5126 perniciem
2932 5053 3242 5111 deducant.
3258 5053 3509 5110 Tantum
3541 5069 3648 5109 au-

1415 5182 1658 5238 VARIIE
1697 5177 2086 5236 LECTIONES
2125 5179 2217 5234 ET
2256 5177 2492 5234 NOTIE.

314 5314 425 5385 (24)
456 5313 630 5385 Ἐστι.
697 5313 882 5371 Lectio
941 5314 1128 5370 nostri
1181 5312 1395 5370 codicis
1442 5312 1624 5385 proba
1681 5317 1736 5368 et
1783 5326 1886 5383 ge.

253 5382 424 5458 nuina
453 5401 565 5458 pro
590 5382 744 5458 ἔστη,
770 5386 922 5458 quod
957 5394 1043 5442 est
1072 5385 1133 5441 in
1164 5382 1540 5458 Coisliniano.

324 5453 807 5581 (ἳὸγυολλαχοῖξῖ
836 5457 976 5514 Vide
1005 5459 1126 5514 Act.
1158 5474 1250 5526 xx,
1285 5459 1346 5540 4,.
1390 5457 1598 5528 Ephes.
1644 5470 1722 5521 v1,
1771 5454 1879 5520 2t;

255 5524 324 5580 Co
347 5544 459 5583 oss.
494 5545 573 5585 ιν.
603 5529 674 5585 7:
708 5529 822 5584 Tit.
857 5544 942 5585 ιιι.
978 5529 1063 5585 13.
1097 5532 1155 5585 et
1186 5530 1256 5585 ll.
1285 5534 1432 5584 Tim.
1466 5543 1540 5585 IV.
1572 5526 1657 5580 12.

319 5565 680 5685 eis:
720 5565 826 5682 ἓίῖ
858 5565 1766 5685 ’ἔδεᾩέ,θὶεέὶξεέἑέἆὲ,ξξρἐρ”’οὐ,
1803 5593 1878 5685 μῇ

261 5665 828 5752 ρῡίιιιιιὶειοὶξεξριδὶυε
859 5671 1104 5752 requirit
1141 5672 1322 5752 series
1372 5665 1675 5752 orationis.
1707 5665 1767 5720 οὗ
1803 5665 1876 5738 μὴ

262 5739 359 5794 tm
394 5739 807 5821 παραπλήσιον,
838 5739 994 5816 quod
1025 5748 1082 5802 et
1108 5744 1295 5803 versio
1324 5752 1474 5802 recte
1503 5742 1738 5800 indicat.

2070 5309 2183 5378 (27)
2216 5301 2568 5364 Καταϐαλών.
2595 5307 2826 5378 Noster,
2858 5300 3250 5373 καταϐάλλων,
3284 5305 3521 5364 rectius.

2063 5377 2189 5451 (28),
2219 5381 2360 5434 Ἔτι.
2412 5379 2620 5451 Noster
2667 5377 2753 5432 ἐπὶ
2797 5381 2954 5451 Δ(οι-ιθ
3004 5385 3178 5436 recte.
3230 5380 3415 5451 Nimis
3473 5379 3631 5436 enim

1988 5447 2307 5518 πλεονάζειν
2341 5451 2568 5506 videtur
2596 5447 2675 5504 ἔτι
2718 5447 2932 5522 μᾶλλον
2967 5449 3432 5522 μῦστικωτέρους.

2060 5523 2168 5592 (29)
2201 5522 2311 5584 Ὦς.
2356 5522 2561 5578 Noster
2589 5540 2702 5578 non
2745 5523 3035 5594 agnoscit,
3067 5525 3223 5595 quod
3254 5529 3450 5580 tamen
3485 5526 3645 5578 recte

1989 5598 2264 5650 contextu
2299 5595 2646 5650 vindicatur.

2060 5666 2174 5739 (30A)
2209 5663 2324 5739 Kal.
2361 5670 2440 5739 sit
2469 5667 2677 5739 Nostro
2709 5667 2918 5739 adjeci.

2061 5730 2176 5812 (31)
2210 5730 2573 5797 Κατεϐάλετο.
2607 5730 2811 5798 Νοειοὶ
2838 5732 3233 5795 κατεϐάλλετο.
