4074 6208
243 332 317 396 73
1360 329 1672 394 CONTRA
1719 331 1777 393 Μ
1784 331 1916 393 ΑΝῙ

2028 332 2197 394 EOS
2241 328 2470 392 LIBER
2510 330 2561 392 Ι.
3591 331 3672 393 Ἠ

244 464 502 535 στόλους,
547 463 643 519 καὶ
692 461 1006 537 προφήτας,
1046 459 1237 523 οἵτινές
1285 459 1390 515 εἰσι
1435 461 1708 535 τέσσαρες,
1762 460 1906 536 δέξαι

2028 480 2135 536 qua
2166 462 2309 520 dicit
2336 461 2688 535 Apostolus:
2722 461 2831 529 Qui
2879 462 3225 533 fornicatur,
3257 464 3318 519 in
3368 465 3671 537 proprium

249 557 345 612 καὶ
378 551 633 626 ποιμένας
664 550 756 606 καὶ
788 547 1176 621 διδασκάλους,
1202 547 1292 604 ἵνα
1325 550 1402 623 μὴ
1431 550 1781 626 θηριάλωτος
1820 551 1913 627 γέ.

256 667 347 719 νῃ,
386 669 414 695 ››
466 644 650 704 Οὕτως
713 638 932 715 μυρίαις
1000 640 1184 694 ἑαυτὸν
1245 636 1607 711 μετέπλαττεν
1676 647 1912 718 μορφαῖς

264 736 393 808 πρὸς
460 734 527 787 τά
603 729 846 808 διάφορα
919 733 1030 784 τῶν
1090 728 1460 801 ἁπατωμένων
1530 730 1911 804 ἁρμοζόμενος

259 822 380 893 ἤθη.
424 823 525 879 Καὶ
588 824 677 874 νῦν
747 820 843 891 μὲν
903 818 1077 895 γίγας,
1126 821 1217 871 νῦν
1277 815 1334 873 δὲ
1391 819 1649 889 πίθηκος,
1706 824 1797 874 νῦν
1857 818 1914 876 δὲ

256 912 406 979 λέων,
441 915 539 966 νῦν
571 908 621 964 δ’
661 908 917 979 ἀλώπηξ,
945 911 1036 961 νῦν
1069 905 1116 962 δ’
1146 905 1290 963 ἄλλο
1319 929 1372 961 τι
1412 909 1503 963 καὶ
1542 907 1685 964 ἄλλο
1728 930 1781 964 τι
1820 909 1911 964 καὶ

250 998 385 1055 ἄλλο
435 996 793 1072 τυπούμενός
850 1017 911 1053 τε
949 996 1038 1050 καὶ
1088 992 1580 1070 διαπλαττόμενος.
1628 996 1911 1073 Ἀλλαχοῢ

247 1087 300 1145 δὲ
352 1089 531 1145 πάλιν
594 1087 788 1164 λέγει·
850 1110 872 1138 ι
923 1087 988 1142 Ἡ
1044 1087 1235 1160 πρώτη
1292 1088 1408 1159 (42)
1465 1086 1708 1162 πορνεία,
1755 1089 1822 1158 ἣν
1854 1087 1914 1144 ἐκ

242 1182 334 1233 τοῦ
385 1176 579 1249 ’Δδάμ
627 1174 1006 1251 περικείμεθα,
1055 1175 1338 1250 εὐεργεσία
1388 1174 1553 1246 ἐστὶν,
1602 1178 1637 1245 ἡ
1681 1173 1738 1231 δὲ
1789 1173 1912 1231 δευ-

243 1268 367 1342 τέρα
423 1267 634 1340 μείζων
681 1263 818 1333 ἐστὶ,
851 1264 977 1338 περὶ
1015 1266 1082 1332 ἧς
1133 1262 1281 1338 λέγει
1322 1264 1411 1319 καὶ
1465 1264 1493 1319 ὁ
1551 1264 1908 1338 ’Δπόστολος,

240 1354 626 1432 Ὀπορνεύων
679 1356 816 1427 (43),
874 1354 953 1415 εἱς
1002 1352 1065 1408 τὸ
1117 1350 1256 1408 ἴδιον
1307 1356 1469 1425 σῶμα
1510 1353 1833 1429 ἁμαρτάνει.
1878 1379 1908 1408 ››

244 1444 512 1517 Ηορνείαν
552 1442 612 1499 δὶ
667 1442 837 1517 ταύτῃ
895 1442 1072 1517 λέγων
1115 1442 1142 1495 ὁ
1200 1441 1476 1515 ἐξάγιστος
1527 1444 1628 1511 τὴν
1683 1443 1743 1498 ἐκ
1798 1448 1907 1498 τῶν

246 1536 417 1591 αὐτοῦ
486 1532 769 1610 βδελυρῶν
826 1530 1114 1609 δογμάτων
1166 1531 1543 1607 ἀναχώρησιν,
1600 1531 1784 1588 ἐκάλει
1853 1530 1912 1588 δὲ

246 1628 409 1697 σῶμα
442 1626 684 1697 Χριστοῦ
732 1622 944 1681 ἑαυτόν,
979 1621 1079 1676 Διά
1122 1624 1284 1676 τοῦτο
1331 1622 1458 1684 τοὺς
1496 1620 1907 1698 άποφοιτῶντας

2022 569 2233 625 corpus
2287 556 2569 625 peccat.»
2620 551 3077 609 Fornicationem
3134 555 3328 609 autem
3384 570 3519 609 cum
3575 554 3671 612 hic

2023 646 2306 699 memorat
2323 641 2810 698 sceleratissimus
2831 641 3028 711 homo,
3044 658 3341 699 secessum
3359 644 3432 699 ab
3456 643 3675 700 abomi-

2022 732 2234 788 nandis
2254 732 2381 802 ejus
2405 729 2775 799 dogmatibus
2798 730 2877 786 ita
2899 734 3086 802 vocat,
3112 748 3439 803 corpusque
3460 733 3673 789 Christi

2022 821 2279 892 seipsum
2326 819 2483 875 dicit.
2519 819 2908 885 Quamobrem
2958 835 3056 875 eos
3105 820 3206 892 qui
3240 838 3274 876 a
3301 837 3364 877 se
3412 825 3469 878 et
3493 838 3526 878 a
3554 822 3672 878 Deo

2022 908 2245 981 perosis
2277 908 2399 965 suis
2424 908 2720 980 praeceptis
2750 907 3165 977 abscedebant,
3189 917 3253 966 ut
3274 910 3671 966 fornicationis

2021 997 2258 1054 nomine
2304 1014 2433 1053 reos
2476 996 2889 1052 insectabatur.
2921 996 3104 1052 Multa
3134 1015 3369 1069 quoque
3397 999 3509 1056 alia
3540 1017 3671 1071 per-

2022 1086 2157 1143 inde
2202 1086 2382 1159 impia
2410 1090 2467 1141 et
2497 1085 2741 1142 monstri
2797 1085 3016 1141 similia
3058 1085 3119 1141 in
3165 1087 3505 1145 foedissimis
3545 1091 3673 1161 ejus

2021 1179 2255 1249 scriptis
2286 1178 2482 1236 videre
2503 1181 2612 1246 est,
2636 1194 2763 1248 qua
2794 1177 2853 1232 in
2886 1178 3162 1249 secundo,
3186 1182 3242 1233 et
3264 1180 3335 1234 ad
3368 1179 3517 1235 hanc
3548 1196 3670 1237 rem

2021 1291 2050 1318 ‹‹
2084 1267 2371 1325 destinato
2402 1266 2552 1323 libro
2574 1287 2603 1317 »
2636 1266 2904 1339 persequi
2926 1283 3111 1338 operas
3134 1268 3387 1339 pretium
3409 1269 3541 1337 erit,
3565 1284 3672 1326 nec

2020 1373 2135 1413 non
2166 1357 2216 1413 si
2247 1374 2358 1428 qua
2389 1355 2523 1428 alia,
2548 1356 2621 1413 ab
2651 1356 2745 1412 his
2775 1356 3084 1427 pendeant,
3106 1357 3194 1412 vel
3225 1373 3355 1414 cum
3386 1358 3478 1414 his
3508 1373 3668 1415 com-

2020 1446 2332 1519 plicentur.
2365 1446 2509 1502 Nam
2562 1461 2691 1517 quas
2736 1462 2917 1517 supra
2958 1446 3237 1515 diximus,
3267 1446 3342 1502 ad
3372 1446 3669 1519 specimen

2019 1535 2207 1592 solum
2260 1534 2603 1606 multiplicis
2633 1534 2814 1605 hujus
2845 1539 2902 1590 et
2931 1534 3322 1591 callidissimus
3354 1535 3667 1607 impietatis

2021 1624 2177 1680 dicta
2205 1631 2364 1680 sunt.

243 1714 418 1768 αὖτοῦ
464 1734 524 1767 τε
579 1712 669 1767 καὶ
716 1715 824 1765 τῶν
874 1711 1181 1787 θεοστυγῶν
1230 1709 1395 1765 αὐτοῦ
1444 1708 1678 1766 ἐντολῶν
1748 1713 1827 1782 τῷ
1871 1715 1972 1780 τῆς
2020 1712 2274 1786 πορνείας
2315 1710 2520 1767 ἁλῶναι
2571 1708 2963 1787 διελοιδορεῖτο
3010 1713 3190 1769 πάθει.
3242 1709 3434 1767 Πολλᾶ
3480 1709 3536 1767 δὲ
3580 1712 3671 1768 καὶ

249 1801 404 1856 ἄλλα
433 1808 534 1870 τῆς
581 1799 748 1869 αὐτῆς
797 1798 1038 1874 ἐχόμενα
1086 1795 1447 1861 θεοϐλαϐείας
1496 1799 1588 1855 καὶ
1645 1798 2038 1875 τερατολογίας
2092 1800 2143 1855 ἐν
2205 1798 2442 1863 πολλοῖς
2499 1799 2666 1856 αὐτοῦ
2695 1805 2802 1856 τῶν
2866 1805 3074 1876 μιαρῶν
3136 1802 3479 1876 γραμμάτων
3527 1794 3671 1857 ἔστιν

256 1889 460 1946 ἒνιδεῖν
492 1893 604 1964 (Ut)
648 1889 680 1945 ἃ
728 1887 983 1964 δευτέρου
1034 1889 1093 1945 ἂν
1145 1888 1228 1961 εἴη
1285 1889 1460 1966 λόγου
1497 1890 1587 1945 καὶ
1646 1890 1950 1961 ἰδιάζοντος
2007 1892 2235 1961 καθεξῆς
2293 1889 2526 1948 διελθεῖν
2584 1892 2676 1947 καὶ
2745 1891 3120 1963 στηλιτεῦσαι,
3151 1892 3241 1948 καὶ
3302 1891 3357 1947 εἷ’
3405 1912 3459 1947 τι
3520 1888 3665 1947 ἄλλο

259 1979 490 2042 τούτοις
544 1978 856 2054 συνήρτηται
916 1999 976 2033 τε
1030 1977 1120 2034 καὶ
1189 1978 1658 2038 ωνδιαπλὲκεται.
1718 1981 1813 2035 Καὶ
1876 1980 1976 2056 γὰρ
2030 1980 2120 2035 καὶ
2161 1982 2296 2056 ἅπερ
2356 1979 2568 2055 εἴρηται
2616 1981 2753 2055 πρὸς
2800 1976 3021 2051 ἔνδειξιν
3082 1982 3248 2054 μόνον
3312 1978 3505 2057 έῤῥέθη
3566 1982 3667 2051 τῆς

258 2069 626 2126 πολυπλόκου
654 2069 850 2139 ταύτης
884 2068 975 2123 καὶ
1001 2065 1414 2142 πολυμηχάνου
1443 2068 1769 2144 θεομαχίας.

326 2160 454 2217 KB'.
517 2155 721 2227 Μηδεὶς
776 2155 833 2213 δὲ
891 2156 1087 2213 οἰέσθω
1146 2158 1304 2231 ῥίζης
1360 2157 1543 2234 ἑτέρας
1616 2156 1912 2233 βλάστημα

2090 2158 2269 2215 XXII.
2300 2159 2575 2215 Ceterum
2610 2174 2779 2215 nemo
2809 2163 2976 2230 putet
3004 2159 3158 2215 hunc
3200 2159 3670 2229 impurissimum

252 2248 418 2317 εἶναι,
487 2248 611 2322 παρ’
664 2248 732 2317 ἣν
788 2245 1075 2322 ἐρρίζωσεν
1130 2247 1159 2302 ὁ
1219 2248 1499 2323 θεομάχος
1567 2248 1755 2318 Μάνης
1812 2248 1913 2317 τὴν

252 2334 589 2414 παραφυάδα
641 2337 846 2405 ταύτην
913 2341 1022 2391 τῶν
1080 2332 1354 2391 δυσσεϐῶν
1416 2336 1644 2412 Σεργίου
1703 2334 1913 2410 δογμά-

247 2446 387 2482 των.
422 2425 537 2480 Μία
581 2426 679 2501 μὲν
727 2426 831 2501 γάρ
888 2424 1001 2480 ἐστι
1055 2426 1143 2480 καὶ
1194 2426 1230 2494 ἡ
1272 2424 1407 2495 αὖτή
1466 2426 1558 2480 καὶ
1606 2425 1699 2481 τὸν
1748 2424 1911 2480 αὐτὸν

251 2514 608 2589 ψυχόλεθρον
662 2515 873 2589 καρπὸν
927 2514 1100 2593 φέρει.
1161 2515 1349 2570 Ἥνίκα
1407 2512 1465 2569 δὲ
1523 2514 1749 2590 Σέργιος
1810 2518 1910 2571 τοῦ

249 2602 652 2659 διδασκαλικοῦ
694 2610 795 2673 τῆς
846 2603 1178 2665 ἀποστασίας
1227 2599 1396 2673 ἐπέϐη
1449 2598 1666 2679 θρόνου,
1729 2602 1905 2659 θέλων

249 2693 502 2755 πολλοὺς
550 2691 941 2763 ἄποπλανῆσαι
971 2695 1088 2768 (45)
1130 2699 1234 2763 τῆς
1281 2690 1583 2763 καθολικῆς
1630 2696 1728 2749 τοῦ
1779 2699 1913 2769 Χρι-

250 2788 384 2839 στοῦ
443 2781 796 2854 Ἐκκλησίας,
866 2782 1113 2858 σχίζεται
1196 2783 1290 2856 μὲν
1349 2787 1680 2861 περιφανῶς,
1743 2782 1911 2859 μέχρι

243 2874 375 2928 τότε
416 2875 613 2947 καιροῦ
664 2870 1178 2945 συναγελαζομένων
1226 2870 1526 2943 ἀλλήλοις,
1581 2876 1679 2928 τοῦ
1735 2871 1911 2949 ῥυπα-

248 2967 356 3033 ροῦ
404 2959 667 3023 Βαάνους.
707 2960 1061 3036 Ἀναδέχεται
1110 2959 1167 3017 δὲ
1196 2963 1313 3017 κατ’
1363 2960 1589 3017 ἐνώπιον
1638 2965 1747 3017 τῶν
1802 2983 1913 3034 μα-

248 3054 442 3121 θητῶν
495 3050 585 3105 καῖ
636 3051 741 3121 τὴν
779 3051 915 3107 κατὰ
972 3050 1265 3124 πρόσωπον
1324 3050 1490 3107 αὐτοῦ
1551 3049 1910 3130 φιλονεικίαν,

245 3142 343 3196 καὶ
422 3140 637 3215 μάχην,
678 3139 767 3195 καὶ
824 3142 861 3210 ἡ
939 3141 1123 3203 στάσις
1190 3141 1361 3197 αὐτοῦ
1425 3137 1912 3217 δραματουργεῖται

250 3229 521 3303 δημοσίῳ
562 3230 793 3305 θεάτρῳ,
853 3227 926 3284 δι’
983 3233 1049 3299 ἧς
1115 3228 1394 3307 ἐτέχναζεν
1472 3228 1765 3301 δελεάζειν,
1823 3232 1916 3287 καὶ

2022 2246 2324 2304 surculum
2356 2246 2427 2303 ab
2472 2247 2603 2316 alia,
2638 2264 2808 2318 quam
2860 2247 3133 2316 Manetis,
3165 2248 3361 2304 radice
3410 2248 3664 2320 prodire,

2022 2353 2141 2393 una
2195 2336 2413 2409 quippe
2468 2337 2791 2408 eademque
2838 2337 3001 2393 radix
3048 2341 3159 2404 est,
3210 2353 3339 2408 qua
3391 2338 3666 2394 eumdem

2021 2426 2231 2481 anima:
2254 2426 2645 2497 perniciosum
2669 2427 2926 2482 fructum
2949 2427 3186 2498 profert.
3211 2426 3453 2490 Quando
3474 2431 3667 2484 autem

2022 2516 2260 2589 Sergius
2281 2516 2655 2572 doctrinalem
2679 2515 2984 2588 apostasias
3004 2514 3284 2571 thronum
3307 2515 3665 2586 conscendit,

2020 2620 2155 2662 cum
2206 2605 2423 2661 multos
2467 2605 2539 2661 ab
2588 2605 2843 2661 Ecclesia
2873 2604 3156 2661 catholica
3185 2604 3247 2661 in
3278 2620 3532 2661 errorem
3561 2605 3667 2661 ab-

2021 2696 2230 2753 ducere
2259 2695 2451 2765 vellet,
2483 2699 2682 2767 aperte
2728 2694 3014 2751 scinditur
3057 2694 3128 2749 ab
3178 2694 3411 2765 impuro
3452 2695 3666 2763 Baane,

2022 2785 2161 2856 quia
2207 2784 2491 2841 hactenus
2534 2786 2858 2840 conventus
2905 2782 3272 2839 celebrabat:
3315 2788 3374 2839 et
3420 2783 3479 2839 in
3529 2800 3671 2839 con-

2022 2878 2225 2947 spectu
2251 2873 2670 2945 discipulorum
2702 2874 2978 2931 adversus
3007 2872 3175 2928 illum
3208 2877 3503 2929 certamen
3534 2872 3667 2941 init,

2022 2965 2432 3036 contentioque
2461 2964 2589 3034 ejus
2615 2962 2673 3019 in
2707 2962 2935 3034 publico
2959 2962 3179 3019 theatro
3203 2967 3664 3035 repraesentetur,

2023 3071 2142 3128 qua
2170 3071 2234 3111 re
2280 3056 2337 3110 id
2392 3054 2757 3121 moliebatur,
2792 3056 2855 3108 ut
2906 3051 3123 3109 multos
3163 3053 3470 3121 inescaret,
3511 3056 3567 3109 et
3597 3052 3671 3109 ad

2023 3159 2275 3201 errorem
2309 3160 2484 3200 suum
2517 3142 2896 3215 pertraheret,
2930 3145 3219 3213 quotquot
3258 3141 3530 3197 videlicet
3563 3157 3674 3211 po-

2023 3234 2234 3290 tuisset
2263 3248 2331 3288 ex
2359 3233 2450 3299 iis,
2475 3233 2575 3303 qui
2608 3232 2815 3287 Baanis
2847 3230 3076 3287 sodales
3106 3233 3291 3287 erant.
3323 3229 3442 3300 Ipsi
3474 3232 3672 3286 autem

246 3322 361 3388 τῆς
399 3317 607 3379 οἰκείας
659 3315 874 3387 πλάνης
920 3315 1099 3374 ἕλκειν
1156 3318 1331 3373 ὀπίσω
1377 3317 1586 3383 ἄλλους
1640 3340 1700 3375 τε
1757 3320 1916 3381 ὅσους

2028 3323 2311 3379 virtutum
2358 3320 2583 3394 species
2620 3325 2676 3376 et
2715 3336 2890 3377 scena
2938 3320 3235 3393 proposita
3281 3323 3425 3386 erat,
3458 3334 3678 3391 magna

252 3406 498 3463 ἐδύνατο
548 3407 639 3461 καὶ
687 3406 883 3469 οἵτινες
931 3408 1279 3481 ἡταιρίζοντο
1311 3408 1404 3463 τὸν
1456 3408 1682 3479 Βαάνην.
1715 3409 1819 3465 Ἦν
1864 3406 1916 3463 δὲ

2032 3410 2301 3483 decipula
2331 3410 2421 3477 iis,
2453 3410 2550 3480 qui
2582 3410 2921 3465 accederent
2947 3426 2961 3477 ;
2992 3412 3118 3465 tum
3150 3408 3437 3464 modestia
3465 3407 3675 3478 inerat,

251 3497 402 3569 αὐτῷ
433 3497 526 3552 καὶ
572 3497 745 3566 σκηνή
793 3497 997 3573 ἀρετῶν
1044 3493 1502 3573 προϐεϐλημένη,
1538 3499 1674 3575 μέγα
1724 3496 1916 3575 δέλεαρ

2030 3506 2204 3574 atque
2235 3500 2518 3557 ementita
2556 3498 2939 3572 benignitatis
2968 3505 3022 3555 et
3053 3497 3518 3555 mansuetudinis
3547 3513 3682 3569 spe-

250 3594 361 3644 τῶν
414 3587 784 3663 προσιόντων,
833 3587 924 3643 καὶ
970 3590 1219 3645 ταπεινὸν
1250 3591 1361 3664 (46)
1406 3591 1541 3659 ἦθος
1588 3591 1680 3645 καὶ
1732 3588 1920 3663 δεξιώ-

261 3700 398 3741 σεως
459 3676 1041 3753 κατεσχηματισμένος
1103 3680 1307 3754 τρόπος
1364 3680 1454 3735 καὶ
1512 3678 1794 3755 ἡμερότης
1859 3678 1921 3736 οὗ

258 3767 390 3828 τοὺς
432 3765 674 3830 οἰκείους
733 3767 1163 3823 ὑποσυναίνουσα
1220 3769 1407 3842 μόνον,
1452 3767 1601 3824 ἀλλὰ
1653 3770 1745 3824 καὶ
1793 3768 1922 3833 τοὺς

268 3857 605 3932 τραχύτερον
664 3854 1046 3931 διακειμένους
1105 3855 1506 3914 ὑπολεαίνουσά
1550 3879 1609 3913 τε
1648 3858 1740 3913 καὶ
1790 3858 1925 3915 συλ-

272 3950 580 4022 αγωγοῦσα.
624 3946 803 4003 Ἀλλά
845 3948 952 4024 γὰρ
996 3949 1061 4004 τὸ
1121 3949 1216 4022 μὲν
1268 3949 1510 4024 ῥυπαρὸν
1554 3952 1663 4003 τῶν
1715 3953 1925 4023 μιαρῶν

270 4037 516 4112 πράξεων
567 4042 665 4093 τοῦ
704 4039 1132 4095 ἄντιστασιώτου
1181 4040 1421 4102 Βαάνους
1475 4039 1814 4110 στηλιτεόειν
1867 4061 1926 4096 τε

264 4130 351 4184 καὶ
410 4130 858 4204 ἀποπέμπεσθαι,
903 4130 1147 4205 μάλιστά
1192 4152 1253 4207 γε
1293 4134 1411 4204 (47)
1458 4132 1595 4187 κατὰ
1639 4131 1702 4185 τὸ
1752 4128 1924 4207 ἐμφα-

266 4219 351 4283 νδς
385 4218 626 4293 μέλετην
666 4221 811 4295 εἶχεν
845 4239 859 4253 ⁶
909 4223 1049 4295 πρὸς
1081 4218 1139 4276 δὲ
1169 4221 1236 4276 τά
1283 4217 1517 4290 δυσσεϐῆ
1566 4225 1675 4276 τῶν
1718 4217 1926 4296 δογμά-

264 4329 372 4364 των
402 4314 523 4365 κατ’
578 4307 738 4364 οὐδὶν
769 4312 884 4382 (48)
941 4309 1282 4366 ἇντιπίπτων
1342 4308 1469 4365 οὐδὲ
1527 4307 1923 4389 διαφερόμενος

274 4394 450 4473 ὤφθη.
485 4399 546 4453 '0
589 4398 684 4471 μὶν
716 4396 806 4453 οὖν
839 4397 1050 4470 Βαάνης
1081 4396 1485 4473 άσυνηγόρητον
1514 4393 1659 4473 ἔχων
1685 4401 1788 4469 τήν
1819 4401 1928 4454 τῶν

276 4486 545 4559 ἒκθὲσμων
577 4483 752 4562 ἔργων
800 4485 1058 4560 ἐπίδειξιν
1089 4487 1177 4544 ἰπὶ
1223 4486 1354 4551 τοὺς
1400 4489 1508 4561 πρὸ
1558 4486 1721 4543 αὐτοῦ
1765 4487 1925 4561 μόνον

274 4577 624 4652 κατάφευγεν,
668 4576 760 4633 καὶ
806 4574 895 4632 διὰ
948 4584 1049 4649 τῆς
1076 4582 1189 4634 τῶν
1245 4578 1555 4647 προσώπων
1609 4578 1926 4650 ποιότητος,

274 4665 349 4729 ὡς
387 4663 628 4739 ἐνόμιζε,
679 4667 743 4722 τὸ
788 4662 1060 4738 κίϐδηλον
1105 4665 1273 4723 αὐτοῦ
1302 4666 1393 4723 καὶ
1441 4668 1922 4743 κατεστυγημένον

268 4758 365 4811 τοῦ
434 4757 794 4835 φρονήματος
880 4758 1184 4829 συνεκρότει
1258 4777 1316 4813 τε
1389 4757 1480 4812 καὶ
1567 4756 1921 4830 άπεσέμνυνε,

2027 3594 2167 3660 cies,
2200 3609 2327 3665 quas
2359 3609 2475 3649 non
2506 3608 2646 3648 suos
2678 3592 2852 3647 modo
2886 3590 3235 3647 domesticos
3264 3592 3677 3657 commoveret,

2026 3682 2126 3737 sed
2149 3681 2325 3739 etiam
2356 3698 2477 3750 eos,
2502 3680 2604 3753 qui
2627 3680 2906 3751 asperiori
2929 3682 3126 3736 essent
3151 3678 3386 3746 affectu,
3408 3676 3683 3734 deliniret

2028 3778 2085 3828 et
2114 3776 2361 3844 raperet.
2395 3772 2608 3826 Contra
2632 3786 2767 3829 vero
2799 3769 3118 3825 foeditatem
3150 3772 3449 3840 gestorum
3480 3766 3685 3822 adver-

2029 3861 2164 3917 sarii
2182 3860 2368 3932 ipsius
2384 3859 2595 3915 Baanis
2614 3858 2809 3930 palam
2830 3858 3013 3915 facere
3030 3860 3089 3914 et
3102 3858 3419 3922 traducere,
3437 3855 3689 3911 maxime

2030 3965 2166 4005 vero
2213 3946 2463 4019 publicis
2512 3949 2571 4003 in
2621 3948 2787 4016 locis,
2821 3951 2936 4003 toto
2980 3946 3172 4002 studio
3221 3946 3478 3999 curabat.
3514 3942 3679 4006 Quod

2031 4037 2103 4092 ad
2144 4035 2329 4106 impia
2357 4050 2491 4090 vero
2521 4035 2795 4105 dogmata
2825 4032 3145 4103 spectabat,
3180 4029 3328 4085 nihil
3362 4029 3433 4085 ab
3464 4045 3529 4086 eo
3561 4028 3678 4082 dif-

2033 4126 2180 4181 ferre
2218 4123 2543 4179 videbatur.
2571 4122 2796 4178 Baanes
2845 4137 3015 4192 porro
3049 4134 3182 4175 cum
3216 4118 3538 4175 facinorum
3570 4116 3675 4171 de-

2033 4214 2407 4273 clarationem
2441 4213 2604 4270 nulla
2632 4215 2830 4285 posset
2860 4211 3084 4268 ratione
3113 4223 3410 4275 excusare,
3435 4207 3506 4264 ad
3538 4222 3687 4278 pras-

2034 4306 2368 4361 decessores
2412 4308 2647 4360 tantum
2699 4318 2836 4358 suos
2876 4298 3270 4371 confugiebat,
3300 4302 3357 4355 et
3385 4313 3453 4353 ex
3484 4295 3685 4352 condi-

2032 4395 2190 4451 tione
2221 4410 2603 4466 personarum
2637 4391 3064 4465 turpitudinem
3094 4404 3285 4457 suam,
3318 4391 3383 4443 ut
3412 4386 3685 4459 putabat,

2036 4502 2141 4543 nec
2171 4502 2308 4552 non,
2341 4486 2495 4557 quod
2528 4485 2588 4540 in
2620 4483 2904 4541 sententia
2956 4498 3067 4538 sua
3114 4481 3385 4538 odiosum
3416 4486 3558 4547 erat,
3588 4478 3689 4533 de-

2033 4574 2309 4631 fendebat
2345 4582 2398 4629 et
2428 4572 2863 4629 cobonestabat.
2894 4559 2968 4626 Se
2998 4586 3121 4626 esse
3151 4568 3503 4640 discipulum
3537 4565 3685 4636 Epa-

2032 4663 2289 4736 phroditi
2341 4661 2718 4735 gloriabatur,
2752 4664 2953 4732 utpote
2996 4659 3093 4730 qui
3135 4659 3262 4729 ejus
3307 4655 3683 4713 traditionem

2030 4756 2427 4819 veneraretur,
2450 4752 2603 4808 circa
2626 4749 2726 4806 illa
2746 4748 3141 4806 abominanda
3161 4750 3329 4819 gesta
3349 4744 3493 4802 nihil
3517 4744 3687 4800 dubi-

272 4833 522 4917 μαθητὴν
577 4845 763 4900 ἑαυτὸν
824 4846 924 4901 τοῦ
976 4843 1388 4923 Ἐπαφροδίτου
1448 4846 1585 4901 εἶναι
1649 4844 1916 4922 μεγαλαυ-

2033 4842 2272 4899 tationis
2318 4840 2407 4897 vel
2456 4840 2695 4912 pudoris
2746 4839 2960 4896 habere
2990 4836 3243 4907 dicebat,
3276 4852 3342 4892 ac
3372 4835 3422 4891 si
3453 4850 3569 4891 non
3602 4833 3693 4889 fa-

270 4938 407 5009 χῶν,
440 4934 535 4989 καὶ
577 4934 677 5005 τήν
728 4933 932 4990 ἐκείνου
977 4940 1227 5010 τιμῶντα
1269 4931 1593 5010 παράδοσιν,
1641 4935 1778 5012 πρὸς
1823 4935 1920 4997 τὰς

2032 4933 2240 4990 cienda
2269 4934 2485 4989 essent.
2518 4930 2788 5003 Sergium
2832 4944 2960 4987 vero
3008 4926 3176 5000 quasi
3223 4924 3505 4983 novitium
3538 4939 3678 4981 con-

1444 5070 1688 5129 VARUE
1728 5067 2123 5129 LECTIONES
2163 5066 2256 5123 ET
2295 5064 2528 5122 NOTIE.

342 5171 460 5252 (42)
490 5170 556 5227 Ἦ
588 5170 806 5252 πρώτη.
839 5178 1013 5233 Recte
1044 5191 1058 5231 :
1092 5179 1291 5252 noster
1318 5182 1590 5252 corrupte
1617 5183 1686 5247 ῆν
1721 5193 1735 5208 ο
1772 5178 1924 5250 quod

274 5245 421 5320 forte
460 5262 531 5302 ex
555 5246 817 5320 proxime
839 5248 1113 5320 sequenti
1146 5249 1461 5307 formatum
1493 5245 1604 5307 est.

342 5318 455 5387 (43)
490 5315 801 5394 Πορνειξων.
836 5315 1166 5392 ΙιιιἸοείιηιι
1198 5321 1219 5394 I_
1260 5323 1389 5381 Cor.
1432 5338 1506 5389 v1,
1544 5322 1628 5394 t8,
1663 5326 1720 5377 et
1772 5323 1925 5394 apud

274 5389 507 5465 Petrum
526 5388 850 5465 iS'ipulum;
885 5396 945 5447 at
975 5388 1185 5465 noster~
1201 5388 1729 5465 habet-gropvst’aaac.

343 5461 457 5599 μιγ
485 5455 739 5519 Ἐνιδεῖν.
782 5455 985 5519 Nestor
1013 5462 1361 5536 simpliciter
1393 5455 1541 5521 ἰδεῖν.

366 5533 434 5588 45
487 5529 935 5599 ’Δπὸπλανῆσαι.
996 5536 1079 5591 Ita
1137 5535 1344 5599 scripsi
1412 5553 1481 5593 ex

366 5529 457 5603 45)
487 5529 935 5608 ’Δποπλᾳνῇσαμ
991 5536 1079 5608 ita
1134 5529 1344 5608 scripsi
1412 5553 1481 5593 ex
1527 5536 1927 5608 Colbertino;

279 5616 380 5686 pro
410 5604 950 5686 quo_Co_i_slinianus
989 5606 1167 5686 habet
1211 5604 1625 5686 ἀπολανεῖσθαι,
1656 5604 1927 5686 inconveé

281 5676 506 5734 nienter
534 5676 768 5750 legibus
799 5678 1426 5751 grammaticis,nostsr
1447 5676 1640 5738 autem
1672 5678 1926 5734 ἀποπλα-

603 5776 875 5837 Parnm.
921 5780 1033 5839 Gs.
1082 5778 1205 5840 CII.

2036 5172 2248 5240 νᾶσθαι,
2300 5172 2508 5246 melius
2551 5170 2925 5246 quidem_eo_,
2976 5164 3435 5246 s_ed_non__satis
3488 5165 3689 5246 recte;

2037 5236 2243 5303 sermo
2262 5244 2419 5300 enim
2452 5236 2651 5299 noster
2676 5249 2763 5298 est
2792 5242 2862 5297 de
2888 5238 3117 5312 Tychici
3151 5239 3349 5312 studio
3390 5236 3687 5293 avertendi

2038 5318 2184 5374 alios
2214 5335 2248 5372 a
2278 5316 2539 5372 veritate.
2571 5314 2805 5370 Siculus
2835 5310 3122 5383 expressit
3150 5327 3253 5382 per
3268 5310 3615 5383 amatam}.

2111 5388 2225 5460 (46)
2289 5386 2566 5441 Ταπεινόν.
2646 5387 2851 5442 Noster
2910 5381 3183 5437 ταπεινῶν
3260 5381 3413 5449 ἦθος,
3483 5381 3684 5437 eodem

2040 5476 2852 5605 ΒΘ(ιέῧοΜάλιστάγεκΝοειθι·
2885 5523 3124 5605 μάλιστα
3151 5521 3208 5578 δέ
3237 5543 3321 5605 γε.

2108 5592 2221 5675 (48)
2254 5604 2377 5656 Κατ’
2408 5592 2583 5658 οὐδέν.
2617 5602 2818 5656 Noster
2849 5592 3126 5655 mendose
3156 5592 3295 5670 πρὸς
3325 5592 3501 5648 οὐδέν.

3327 5765 3363 5825 3
