4074 6208
313 331 390 393 75
1517 322 1782 386 PHOTII
1826 323 2354 386 PATRIARCHE
2394 329 2512 388 ΟΡ.
3634 337 3713 396 76

306 465 468 522 viciis
519 463 929 532 insectabatur,
964 463 1065 533 qui
1097 459 1322 516 nullum
1352 475 1421 514 ex
1452 457 1779 528 insignibus
1827 473 1946 512 ma-

2079 455 2472 531 ίποτροπαίους
2534 463 2642 514 τῶν
2710 460 2951 536 πράξεων
3007 461 3097 516 καὶ
3172 459 3442 539 βδελυρᾶς
3520 463 3715 521 οὐδὶνα

306 555 512 627 gistris
541 553 632 610 vel
653 554 912 622 vidisset,
936 551 1023 608 vel
1042 549 1336 606 audisset:
1364 548 1608 618 ideoque
1639 562 1770 602 cum
1806 545 1952 601 nihil

308 645 446 699 inde
469 642 617 700 lucis
639 645 942 698 mutuatus
973 643 1145 706 esset,
1171 639 1228 693 in
1252 652 1444 694 errore
1466 640 1522 692 et
1544 634 1772 691 fallacia
1801 636 1955 692 ince-

311 734 495 789 deret.
520 731 976 788 Scelestissimus
1007 731 1202 800 itaque
1233 729 1450 783 Baanes
1484 726 1574 781 his
1601 726 1877 781 aemulum
1898 729 1956 780 et

308 821 705 878 adversarium
730 836 902 876 suum
923 820 1000 874 im
1010 819 1260 890 petebat,
1276 832 1517 888 seseque
1531 815 1809 886 jactabat.
1824 813 1953 869 Ver-

305 911 528 984 sipellis
558 916 752 967 autem
789 909 888 965 illa
927 909 1045 963 fera
1077 907 1336 978 Sergius,
1371 906 1468 977 qui
1505 921 1618 960 non
1653 909 1847 974 aperte
1895 904 1952 959 in

304 999 428 1056 luto
462 1001 744 1056 scelerum
778 999 1160 1066 volutaretur,
1193 1013 1381 1067 neque
1425 1011 1666 1065 pravum
1716 993 1953 1066 impuri-

305 1089 446 1145 tatis
481 1091 708 1145 odorem
743 1087 1050 1158 praferret,
1077 1090 1142 1141 ut
1165 1089 1405 1152 Baanes,
1431 1085 1531 1140 sed
1563 1083 1723 1138 illam
1757 1082 1956 1138 multis

309 1182 371 1234 et
419 1179 730 1234 verborum
762 1185 814 1234 et
845 1176 1143 1232 fictionum
1179 1175 1496 1231 involucris
1523 1175 1841 1245 obtegeret,
1874 1172 1960 1228 ita

308 1267 576 1336 invaluit,
611 1271 678 1322 ut
725 1267 1076 1338 apostasiam
1111 1265 1167 1320 in
1213 1266 1356 1320 duas
1407 1268 1598 1334 partes
1647 1263 1956 1330 scinderet,

307 1365 366 1416 et
397 1364 681 1433 quotquot
708 1361 767 1416 in
799 1359 1011 1415 Baanis
1043 1359 1291 1413 factione
1315 1358 1650 1422 manebant,
1675 1371 1960 1427 respuens

307 1449 580 1506 Baanitas
625 1448 961 1522 appellaret.
996 1447 1103 1502 Ille
1151 1463 1285 1503 vero
1334 1451 1396 1501 ut
1427 1445 1538 1518 ipsi
1588 1443 1959 1502 contumelias

304 1539 487 1595 vicem
542 1541 832 1607 redderet,
867 1554 988 1604 eos,
1021 1538 1121 1608 qui
1166 1551 1234 1591 ex
1279 1541 1438 1608 parte
1483 1535 1664 1606 Sergii
1698 1535 1954 1604 stabant,

310 1632 629 1698 aversatus,
657 1628 948 1698 Sergiotas
971 1626 1239 1682 similiter
1261 1625 1680 1694 denominavit,
1701 1623 1960 1696 quotidie

309 1732 445 1770 vero
469 1717 756 1772 contentio
793 1722 850 1771 et
888 1715 1200 1771 dissidium
1241 1715 1392 1770 inter
1421 1730 1519 1770 eos
1555 1713 1877 1784 augebatur
1905 1718 1964 1768 et

2066 541 2360 619 δισταγμὸν
2411 546 2444 615 ἢ
2505 547 2753 622 ἐρύθημα
2808 549 3008 627 φέρειν,
3069 551 3145 612 ὡς
3202 551 3264 605 οὗ
3321 555 3431 626 χρή
3493 555 3718 628 πράττε-

2065 636 2182 688 σθαι
2213 637 2350 707 (49).
2383 642 2630 714 Νεοφανῆ
2677 636 2734 693 δὲ
2782 637 3008 714 Σέργιον
3059 636 3418 714 ἐλοιδορεῖτο,
3451 643 3548 697 καὶ
3601 666 3720 716 μη-

2064 721 2185 778 δένα
2239 729 2348 780 τῶν
2397 723 2686 798 ἐπισήμων
2749 725 3092 784 διδασκάλων
3158 732 3297 802 μήτε
3349 727 3503 800 ἰδεῖν,
3576 735 3718 804 μήτε

2063 813 2334 887 ἀκροατὴν
2397 817 2512 888 (50)
2567 818 2936 890 χρηματίσαι,
2999 817 3089 872 καὶ
3151 815 3238 872 διὰ
3308 823 3470 874 τοῦτο
3543 819 3714 893 μηδὲν

2064 899 2260 956 ἐκεῖθεν
2345 903 2622 959 σπάσαντα
2700 907 2879 982 φωτὸς
2965 905 3020 961 ἐν
3096 906 3277 982 πλάνῃ
3362 909 3450 963 καὶ
3533 911 3708 985 ἀπάτῃ

2066 987 2503 1066 διαπορεύεσθαι.
2541 997 2596 1048 Ὁ
2651 995 2746 1066 μὲν
2779 994 2876 1050 οὖν
2923 994 3195 1070 ἐξάγιστος
3242 999 3452 1068 Βαάνης
3499 1001 3712 1063 τούτοις

2065 1099 2124 1134 τε
2178 1081 2268 1134 τὸν
2338 1081 2640 1158 ὁμότεχνον
2709 1081 2799 1138 καὶ
2876 1084 3299 1156 ἀντιστασιώτην
3377 1079 3571 1142 ἔϐαλεν
3623 1088 3716 1143 καὶ

2067 1167 2254 1223 ἑαυτὸν
2286 1167 2635 1244 ἐμεγάλυνεν.
2667 1171 2736 1225 Τὸ
2767 1168 2825 1226 δὲ
2874 1170 3128 1228 ποικίλον
3159 1174 3356 1247 θηρίον
3407 1175 3434 1229 6
3485 1176 3719 1252 Σέργιος

2064 1257 2128 1312 τὸ
2163 1259 2237 1330 μή
2276 1253 2584 1332 βεϐυθίσθαι
2631 1267 2940 1334 περιφανῶς
2973 1261 3150 1324 οὕτως
3193 1266 3301 1318 τῶν
3341 1265 3587 1338 πράξεων
3637 1264 3718 1338 τῷ

2072 1341 2349 1422 βορϐόρῳ,
2385 1346 2512 1423 μηδ’
2563 1347 2737 1414 οὕτως
2783 1350 3008 1420 ἀπόζειν
3053 1349 3237 1426 ὥσπερ
3288 1353 3316 1408 6
3349 1354 3568 1426 Βαάνης
3613 1357 3716 1426 τὴν

2069 1436 2418 1511 ἀκαθαρσίαν,
2451 1437 2596 1494 ἀλλὰ
2643 1438 2881 1502 πολλοῖς
2929 1439 3132 1511 ταύτην
3183 1443 3270 1496 καὶ
3317 1441 3581 1518 ῥημάτων
3625 1444 3718 1500 καὶ

2070 1526 2366 1602 φασμάτων
2399 1527 2870 1603 παροκαλύμμασι
2911 1529 3287 1606 περιστέλλειν
3317 1526 3510 1587 ἔλαϐεν
3555 1533 3714 1609 ἰσχὺν

2074 1613 2150 1678 εἷς
2187 1612 2284 1670 δύο
2335 1617 2433 1682 τήν
2491 1617 2818 1673 ἀποστασίαν
2871 1624 3058 1698 σχῖσαι
3093 1623 3227 1693 (51),
3283 1620 3376 1675 καὶ
3430 1623 3556 1684 τοὺς
3613 1623 3712 1691 μὲν

2073 1705 2190 1758 ὅσοι
2233 1712 2334 1775 τῆς
2389 1705 2609 1782 μερίδος
2654 1704 2912 1781 ὤφθησαν
2943 1712 3042 1764 τοῦ
3091 1709 3356 1780 Βαάνους,
3387 1711 3543 1774 αὐτὸς
3587 1709 3707 1766 δια-

317 1803 735 1874 invalescebat,
758 1802 1008 1874 indeque
1037 1802 1231 1858 odium
1264 1802 1416 1857 inter
1436 1801 1808 1856 detestandas
1839 1798 1962 1855 illas

2079 1794 2256 1848 πτύων
2287 1795 2548 1858 Βαανίτας
2597 1795 2800 1854 ἐκάλει,
2836 1799 3071 1860 Ἐκεῖνος
3120 1795 3166 1852 δ’
3199 1794 3558 1872 ἀμειϐόμενος
3605 1802 3704 1868 τήν

317 1892 593 1948 factiones
623 1891 1100 1948 irreconciliabile
1131 1891 1343 1946 factum
1377 1895 1486 1946 est.

2073 1880 2250 1959 ὕϐριν,
2300 1887 2705 1962 ἀποτροπαίους
2734 1909 2793 1943 τε
2840 1886 2933 1952 οὓς
2978 1891 3012 1957 ἡ
3059 1895 3223 1964 μοῖρα
3272 1891 3394 1968 εἶχε
3440 1893 3537 1944 τοῦ
3583 1898 3716 1963 Σερ-

301 1981 426 2056 γίου
479 1979 740 2045 ἐποιεῖτο,
790 1979 877 2033 καὶ
935 1978 1240 2054 Σεργιώτας
1291 1977 1570 2049 ὠνόμαζεν
1621 1976 1855 2050 ὁμοίως.
1901 1975 1998 2029 Καὶ
2049 1975 2113 2043 ἦν
2176 1975 2271 2048 μὲν
2309 1974 2494 2037 αὐτοῖς
2539 1979 2572 2046 ἡ
2622 1971 2732 2051 ἔρις
2777 1977 2867 2032 καὶ
2917 1977 3102 2040 στάσις
3150 1980 3266 2034 καθ’
3311 1980 3522 2054 ἡμέραν
3567 1978 3721 2050 αὐξο-

307 2069 442 2142 μένη
476 2090 532 2124 τε
561 2069 650 2122 καὶ
680 2066 1081 2141 κραταιουμένη
1112 2066 1202 2120 καὶ
1233 2067 1329 2128 τὰς
1367 2067 1562 2139 μιαρᾶς
1598 2061 1820 2140 μερίδας
1853 2064 1930 2128 εἰς
1959 2059 2227 2119 ἄσπονδον
2259 2061 2455 2138 ἔχθραν
2488 2067 2818 2124 καθεστῶσα.

381 2159 576 2215 ΧΧΙΙΙ.
609 2159 948 2230 Insequenti
979 2173 1111 2213 vero
1142 2161 1403 2228 tempore
1443 2159 1559 2212 vita
1598 2157 1796 2213 functo
1835 2161 1962 2212 Ser-

309 2247 404 2320 gio
425 2248 484 2303 in
508 2251 732 2303 tantam
765 2246 1036 2317 discipuli
1061 2246 1183 2317 ejus
1205 2250 1408 2301 contra
1433 2245 1696 2300 Baanitas
1727 2252 1964 2302 conten-

308 2336 524 2392 tionem
582 2344 915 2408 eruperunt,
950 2339 1013 2389 ut
1059 2351 1172 2389 non
1222 2334 1381 2390 ultra
1426 2333 1612 2389 verbis
1656 2341 1712 2389 et
1759 2337 1965 2390 contu-

313 2424 528 2489 meliis,
578 2425 680 2480 sed
731 2423 1005 2480 manibus
1052 2428 1108 2480 et
1154 2422 1386 2494 gladiis,
1434 2424 1856 2490 decerneretur,
1911 2429 1965 2477 et

313 2530 530 2585 magna
555 2515 738 2570 caedes
770 2513 932 2568 ﬂeret
967 2511 1387 2568 Baanistarum.
1427 2511 1781 2567 Praevalebat
1804 2511 1961 2568 enim

312 2603 502 2674 Sergii
549 2603 720 2658 factio
768 2607 896 2658 tum
949 2601 1342 2668 multitudine,
1376 2605 1528 2672 tum,
1559 2602 1657 2671 qui
1709 2599 1961 2656 militum

307 2693 405 2765 qui
449 2693 600 2764 apud
629 2693 760 2748 illos
805 2696 949 2762 erat,
985 2691 1314 2763 praefectus,
1348 2691 1550 2762 Sergio
1581 2690 1959 2758 assentiebat,

315 2799 382 2838 ac
415 2781 666 2838 Baanita:
697 2800 730 2837 a
761 2781 1186 2837 contribulibus
1206 2787 1264 2836 et
1283 2781 1685 2836 consectaneis
1712 2779 1964 2835 interne-

315 2872 484 2928 cione
515 2870 690 2926 deleti
719 2871 986 2936 fuissent,
1009 2869 1122 2925 nisi
1153 2869 1418 2940 quidam,
1443 2869 1678 2924 nomine
1707 2868 1965 2924 Theodo-

312 2965 432 3027 tus,
461 2959 620 3016 cultu
655 2959 893 3031 impius,
926 2959 976 3013 si
1009 2960 1137 3029 quis
1169 2958 1319 3014 alius
1360 2957 1545 3030 Sergii
1586 2957 1965 3030 comperegri-

319 3067 453 3117 nus,
478 3053 847 3121 grassantem
870 3048 1084 3103 caedem
1103 3047 1580 3118 compescuisset,
1604 3056 1658 3103 el
1679 3047 1961 3115 sedasset,

315 3143 444 3194 tum
477 3137 774 3193 blanditiae
805 3136 992 3208 plenis
1022 3135 1212 3192 verbis
1238 3153 1402 3202 usus,
1435 3140 1560 3191 tum
1593 3136 1769 3192 etiam
1800 3153 1958 3192 com-

316 3227 482 3285 muni
532 3228 612 3284 rei
663 3228 923 3284 conl‘erre
969 3226 1268 3298 dictitans,
1303 3233 1477 3297 alque
1526 3225 1730 3282 multis
1779 3226 1958 3298 gestis

310 3318 620 3388 verbisque
667 3317 938 3388 probans,
973 3321 1287 3389 utramque
1331 3314 1642 3370 factionem
1697 3315 1960 3385 ejusdem

319 3423 450 3463 esse
497 3405 756 3476 originis,
806 3407 1130 3475 iisdemque
1187 3403 1712 3460 consuetudinibus
1771 3421 1960 3460 accre-

318 3496 502 3562 visse,
533 3509 904 3548 communem
938 3492 1210 3548 habuisse
1238 3491 1475 3559 victum,
1509 3491 1818 3548 concordia
1857 3492 1970 3547 sibi

327 3584 700 3642 securitatem
727 3599 981 3654 parasse,
1001 3598 1135 3637 cum
1165 3582 1224 3636 in
1247 3581 1444 3637 dubiis
1467 3581 1618 3637 circa
1647 3581 1969 3638 doctrinam

324 3673 473 3731 nihil
498 3673 692 3745 magni
713 3672 992 3728 momenti
1011 3676 1190 3737 esset;
1209 3669 1498 3742 annisque
1516 3670 1716 3726 multis
1737 3669 1815 3726 ita
1838 3687 1969 3742 per-

323 3779 619 3821 severasse
641 3777 825 3833 usque
845 3762 917 3817 ad
942 3760 1125 3832 Sergii
1152 3761 1406 3830 magistri
1432 3759 1968 3832 inaugurationem:

330 3870 444 3910 non
472 3858 734 3924 oportere
756 3855 840 3906 tot
861 3867 1147 3906 annorum
1171 3865 1517 3906 consensum
1551 3855 1608 3904 et
1637 3849 1968 3906 societatem

322 3945 385 3999 in
437 3943 782 4016 sanguinem
814 3947 871 3997 et
901 3941 1084 3998 caedes
1134 3941 1417 4010 desinere,
1454 3955 1642 4011 neque
1693 3957 1796 4012 par
1842 3955 1972 3997 esse

323 4049 443 4103 eos,
478 4033 616 4104 quin
649 4033 705 4088 in
741 4031 911 4088 rebus
945 4029 1253 4103 praecipuis
1282 4031 1458 4086 etiam
1485 4044 1642 4086 nunc
1673 4030 1968 4100 conjuncti

324 4128 381 4178 et
410 4123 677 4194 ejusdem
709 4121 1003 4194 opinionis
1033 4123 1249 4184 essent,
1283 4118 1358 4174 ob
1396 4120 1680 4189 quasdam
1711 4122 1970 4174 recentes

321 4211 744 4268 controversias
788 4210 943 4265 ultro
995 4211 1255 4279 citroque
1304 4209 1592 4271 subortas,
1627 4207 1794 4276 quasi
1843 4222 1970 4261 om-

317 4302 458 4358 nino
509 4301 886 4356 heterodoxos
918 4304 976 4353 et
1007 4300 1218 4368 impios
1266 4296 1460 4367 gladio
1486 4301 1544 4351 et
1573 4295 1746 4350 exitio
1795 4294 1966 4348 tradi.

315 4389 550 4444 Talibus
583 4386 680 4443 ille
713 4386 885 4441 dictis
928 4394 1191 4440 mutuam
1241 4384 1456 4438 caedem
1505 4385 1967 4452 compescuerat,

2136 2159 2252 2209 Kl".
2279 2154 2472 2228 Χρόνῳ
2522 2152 2579 2209 δὲ
2608 2154 2826 2230 ὕστερον
2877 2157 3088 2230 θανάτῳ
3133 2157 3226 2212 τὸν
3257 2157 3378 2232 βίον
3427 2155 3722 2232 καταστρέ-

2063 2245 2263 2317 ψαντος
2298 2244 2552 2319 Σεργίου,
2584 2243 2671 2298 ἐπὶ
2709 2249 2974 2300 τοιοῦτων
3008 2247 3060 2301 οἳ
3109 2247 3304 2303 τούτου
3349 2249 3589 2320 μαθηταὶ
3635 2249 3712 2312 εἷς

2064 2335 2165 2401 τήν
2194 2333 2330 2406 πρὸς
2361 2331 2488 2393 τοὺς
2521 2333 2780 2397 Βαανίτας
2829 2334 3202 2413 ἀνερράγησαν
3251 2341 3458 2413 μάχην,
3491 2337 3568 2400 ὡς
3618 2339 3725 2393 οὐκ

2065 2417 2146 2475 ἔτι
2181 2420 2370 2496 λόγοις
2403 2421 2495 2476 καὶ
2547 2419 2874 2498 λοιδορίαις,
2908 2423 3055 2479 ἀλλὰ
3095 2426 3181 2480 καὶ
3219 2426 3375 2499 χερσὶ
3425 2425 3516 2480 καὶ
3549 2425 3722 2505 ξίφεσί

2065 2509 2338 2582 κρίνεσθαι
2383 2511 2484 2579 τὴν
2531 2509 2664 2583 ἔριν,
2721 2512 2812 2566 καὶ
2855 2511 3028 2568 πολὺν
3082 2514 3244 2590 φόνον
3289 2517 3394 2568 τῶν
3445 2515 3718 2570 Βαανίτὼν

2069 2598 2284 2673 ῥυῆναι.
2345 2600 2656 2675 Ἐπεκράτει
2728 2601 2832 2676 γὰρ
2890 2605 2924 2671 ἡ
3009 2603 3162 2677 μερὶς
3239 2603 3471 2680 Σεργίου
3525 2609 3604 2677 τῷ
3659 2625 3723 2660 τε

2067 2685 2293 2759 πλήθει,
2321 2689 2412 2743 καὶ
2444 2690 2527 2745 ὅτι
2576 2699 2678 2760 τῆς
2709 2690 2761 2746 ἐν
2814 2690 2998 2753 αὐτοῖς
3038 2691 3331 2762 ὁπλιτικῆς
3383 2690 3662 2765 δυνάμεως
3691 2693 3723 2748 6

2071 2775 2263 2855 ἄρχων
2293 2782 2361 2852 τῇ
2423 2777 2551 2854 δόξῃ
2606 2779 3002 2854 προσαπέκλινε
3062 2781 3288 2857 Σεργίου
3320 2801 3334 2815 ο
3395 2783 3483 2836 καὶ
3517 2779 3578 2835 ἂν
3638 2781 3718 2843 εἰς

2069 2863 2248 2936 τέλος,
2292 2867 2473 2941 ὥσπερ
2514 2868 2580 2937 ἦν
2631 2865 2802 2942 ἄξιον,
2833 2871 2886 2924 οἱ
2932 2874 3183 2924 Βαανῖται
3217 2871 3319 2925 ὑπὸ
3366 2874 3477 2926 τῶν
3517 2868 3721 2944 ὁμοδό-

2069 2955 2172 3024 ξων
2223 2955 2311 3009 καὶ
2353 2955 2657 3030 ὁμοφύλων
2689 2961 2893 3032 χειρῶν
2939 2956 3382 3033 ὠλοθρεύθησαν,
3415 2959 3460 3013 εἰ
3509 2962 3583 3033 μή
3635 2981 3723 3022 τις

2070 3042 2336 3108 Θεόδοτος
2369 3041 2564 3120 ὄνομα,
2599 3044 2864 3118 δυσσεϐὴς
2905 3047 2951 3102 εἷ
2985 3048 3072 3102 καί
3101 3069 3184 3112 τις
3233 3047 3407 3111 ἄλλος
3446 3051 3546 3118 τήν
3590 3051 3724 3124 θρη-

2075 3135 2271 3204 σκείαν,
2329 3133 2672 3210 συνέκδημος
2732 3136 2964 3215 Σεργίου
3045 3136 3342 3213 λεγόμενος
3392 3138 3485 3194 τὸν
3559 3138 3721 3216 φόνον

2075 3225 2237 3298 ὀξέως
2268 3224 2454 3299 ῥέοντα
2483 3225 2678 3306 ἀνέσχε
2706 3247 2763 3281 τε
2791 3227 2878 3282 καὶ
2922 3227 3204 3301 ἀνέκοψεν,
3241 3227 3438 3290 ἄλλοις
3485 3249 3544 3284 τε
3580 3228 3731 3286 πολ-

2073 3312 2194 3376 λοῖς
2227 3314 2512 3387 αἱμυλίοις
2543 3313 2736 3393 λόγοις
2766 3315 2855 3370 καὶ
2893 3317 2956 3371 τὸ
2985 3320 3142 3391 κοινῇ
3192 3323 3434 3373 συνοῖσον
3478 3317 3732 3394 εἰσηγού-

2081 3423 2257 3476 μενος,
2307 3403 2545 3477 φάμενός
2601 3425 2659 3459 τε
2710 3405 2799 3460 καὶ
2859 3402 3282 3480 διατεινόμενος,
3341 3407 3430 3462 καὶ
3487 3406 3730 3470 πολλοῖς

2075 3493 2488 3562 κατασκευάζων
2538 3491 2744 3569 ἔργοις,
2789 3494 2879 3548 καὶ
2928 3493 3121 3570 λόγοις
3167 3495 3231 3548 τὸ
3278 3495 3725 3569 προτεινόμενον,

2077 3581 2151 3642 ὡς
2183 3576 2402 3655 ἑκατέρα
2437 3582 2592 3656 μερὶς
2620 3589 2720 3651 τῆς
2753 3583 2921 3652 αὐτῆς
2961 3583 3065 3638 εἶσι
3117 3581 3483 3656 βλαστήματα
3514 3590 3726 3657 σπορᾶς

2077 3668 2167 3724 καὶ
2196 3675 2314 3732 τοῖς
2362 3670 2547 3731 αὐτοῖς
2597 3667 2740 3725 ἔθεσι
2784 3671 3193 3742 συνηυξήθησαν
3240 3673 3330 3726 καὶ
3377 3673 3564 3741 κοινὴν
3607 3676 3728 3747 (52)

2076 3759 2176 3828 τήν
2207 3754 2412 3813 δίαιταν
2451 3759 2627 3832 εἶχον,
2657 3757 2748 3813 καὶ
2779 3760 3013 3833 ὁμονοίᾳ
3050 3760 3516 3835 περιετειχίζοντο
3567 3759 3724 3816 οὐδὲν

2081 3849 2216 3921 μέγα
2270 3847 2393 3924 περὶ
2449 3853 2558 3903 τῶν
2615 3844 3118 3928 ἀμφιϐαλλομένων
3173 3851 3568 3921 στασιάζοντες,
3627 3851 3722 3906 καὶ

2075 3941 2236 3992 τοῦτο
2267 3935 2478 4014 ἐκράτει
2503 3939 2722 4014 χρόνοις
2755 3938 2990 4004 πολλοῖς
3024 3940 3187 4015 μέχρι
3216 3947 3315 4010 τῆς
3344 3937 3722 3994 τοῦδιδασκά-

2079 4027 2179 4082 λου
2213 4027 2438 4103 Σεργίου
2477 4026 2793 4100 ἀναδείξεως
2831 4029 2922 4083 καὶ
2973 4030 3047 4090 ὡς
3098 4028 3160 4083 ού
3200 4030 3314 4107 χρὴ
3365 4029 3424 4084 οὔ
3477 4030 3567 4100 μὶν
3617 4027 3714 4082 οὖν

2077 4117 2175 4184 τήν
2209 4113 2261 4170 ἐν
2291 4119 2577 4178 τοσούτοις
2608 4118 2840 4191 χρόνοις
2881 4118 3187 4192 σύμπνοιάν
3214 4138 3274 4174 τε
3303 4119 3392 4174 καὶ
3434 4117 3718 4196 συνάφειαν

2080 4204 2154 4257 εἰς
2185 4201 2393 4275 α’ίματα
2423 4205 2512 4259 καὶ
2546 4209 2754 4282 σφαγὰς
2802 4205 3080 4276 διαλῦσαι,
3111 4205 3235 4264 οὐδὲ
3282 4210 3410 4272 τοὺς
3459 4207 3534 4270 εἷς
3583 4205 3724 4263 αὐτὰ

2077 4293 2145 4345 τά
2199 4293 2386 4365 καίρια
2443 4297 2553 4366 (53)
2607 4298 2698 4350 καὶ
2758 4301 2847 4352 νῦν
2909 4299 3289 4371 συνημμένους
3352 4299 3461 4372 (54)
3516 4317 3574 4352 τε
3630 4298 3726 4352 καὶ

2079 4380 2529 4458 ὁμοφρονοῦντας
2587 4381 2677 4439 διά
2732 4385 2882 4449 τινάς
2937 4386 3262 4464 προσφάτως
3321 4388 3434 4462 (55)
3502 4385 3726 4462 ἀναρῥι-

319 4478 473 4550 quod
508 4476 729 4532 utinam
765 4475 979 4530 factum
1013 4489 1132 4556 non
1165 4473 1406 4528 fuisset:
1432 4472 1554 4527 lues
1585 4469 1739 4527 enim
1763 4469 1862 4526 illa
1883 4475 1962 4526 tot

2079 4467 2353 4572 mcﬂs‘lqac
2404 4467 2667 4572 διαφορὰς
2719 4475 2792 4572 ὡς
2842 4477 2960 4547 (56)
3008 4476 3392 4572 ἒτεροπίστους
3442 4474 3727 4538 παντελῶς

315 4549 637 4623 animarum
667 4563 983 4635 perniciem
1022 4549 1136 4617 non
1172 4568 1451 4633 parasset.

2073 4559 2163 4614 καί
2219 4557 2409 4622 ἀθέους
2468 4561 2544 4624 εἷς
2598 4563 2690 4616 τὸν
2755 4559 2844 4617 διὰ
2917 4563 3102 4638 ξίφους
3143 4560 3370 4640 ὄλεθρον
3407 4567 3517 4640 (57)
3577 4565 3734 4643 ἀφει-

318 4651 427 4717 δῶς
457 4651 862 4730 παραπέμπειν.
897 4647 1050 4706 Ἀλλ’
1083 4651 1110 4705 6
1147 4650 1242 4724 μὲν
1274 4646 1547 4711 τοιούτοις
1576 4647 1688 4702 τισὶ
1719 4646 1925 4724 ῥήμασι
1955 4647 2048 4703 τὸν
2077 4648 2193 4703 κατ’
2225 4645 2493 4719 ἀλλήλων
2522 4651 2622 4725 (ὡς
2662 4649 2772 4706 εἷ’οε
2804 4652 2881 4725 μή
2913 4646 3122 4730 ὤφελεν
3148 4671 3162 4684 '
3195 4653 3258 4709 οὐ
3287 4654 3393 4732 γὰρ
3423 4650 3482 4708 ἂν
3515 4653 3544 4708 6
3575 4657 3731 4731 ψυχ-

320 4744 546 4820 όλεθρος
573 4743 800 4806 πλείους
831 4739 1138 4816 ἒπενεμήθη
1171 4740 1374 4816 ψυχὰς)
1404 4737 1592 4812 ἔστησε
1631 4741 1813 4818 φόνον.

1483 4841 1722 4897 VARle
1760 4839 2154 4898 LECTIONES
2192 4841 2286 4898 ET
2324 4841 2557 4898 NOTIE.

395 4954 512 5026 (49)
553 4952 903 5027 Πράττεσθαι.
957 4952 1152 5023 Recte,
1189 4967 1292 5024 pro
1323 4967 1389 5008 eo
1437 4952 1589 5024 quod
1635 4955 1835 5008 noster
1864 4951 1970 5007 ha-

317 5026 416 5082 bet
445 5025 852 5100 πραττεύεσθαι.

388 5093 499 5170 (50)
531 5098 852 5171 Ἀκροατήν.
886 5097 1158 5171 Optime;
1209 5100 1406 5171 noster
1435 5095 1723 5171 mendose
1772 5093 1966 5168 ἀκροα-

315 5166 433 5230 τάξ.
468 5166 541 5224 De
572 5166 690 5225 uno
721 5166 876 5224 enim
927 5166 1124 5239 Sergio
1153 5184 1344 5223 sermo
1388 5166 1482 5222 hic
1531 5175 1638 5235 est,
1681 5166 1963 5239 tanquam

319 5243 418 5314 qui
444 5241 660 5297 multos
681 5257 749 5296 ex
774 5238 1281 5314 prestantioribus
1299 5239 1634 5314 doctoribus
1655 5238 1960 5314 audiverit.

320 5309 353 5439 l-
391 5309 972 5439 (5ΐ1)Σχῖσαι.’Βοοίθ
1014 5328 1115 5382 pro
1164 5309 1407 5383 σχίσθαι,
1454 5313 1607 5382 quod
1658 5311 1718 5367 in
1767 5315 1964 5366 nostro

347 5401 434 5439 em
469 5402 554 5439 ur.

347 5386 554 5439 enitor.

379 5401 754 5528 %g2l;rl{owvjv.
815 5455 896 5528 Ita
928 5453 1180 5528 __re_stitui
1228 5468 1296 5508 ex
1353 5457 1571 5523 nostro,
1615 5469 1719 5525 pro
1777 5455 1961 5526 κοινῇ,

321 5525 474 5600 quod
508 5528 757 5600 habebat
788 5525 1201 5600 Cioislinianus.

391 5601 502 5672 (53)
537 5599 751 5672 Καίρια,
783 5599 840 5654 id
873 5602 984 5664 est,
1015 5597 1334 5668 praecipuae,
1364 5595 1680 5668 patmariae.
1705 5596 1798 5652 Sic
1829 5596 1960 5652 rhe-

318 5670 548 5734 toribus
575 5670 757 5748 καίρια
813 5674 1093 5727 vocantur
1133 5684 1200 5726 ea
1247 5672 1613 5741 argumenta,
1662 5683 1791 5740 quae
1838 5683 1959 5725 rem

2079 4951 2414 5027 conficiunt.
2449 4951 2588 5027 Yide
2618 4951 2942 5027 Longinum
2974 4949 3324 5027 aspllit};pr
3365 4957 3506 5011 sect.
3541 4955 3637 5024 to,
3671 4955 3725 5014 ί.

2076 5024 2282 5098 Confer
2310 5023 2506 5078 Claud.
2552 5023 2912 5098 Salmasium,
2953 5025 3032 5098 Ad
3062 5023 3441 5097 Simplicium,
3473 5043 3529 5098 p.
3565 5028 3618 5083 4.

2145 5096 2251 5176 (ὃᾷ)
2335 5095 2751 5176 Συνημιςιλὲνουςἶ
2844 5096 3073 5176 thime
3158 5095 3266 5176 pro
3329 5095 3722 5176 συνηγμένρυς,

2073 5169 2225 5241 quod
2287 5171 2479 5222 noster
2531 5167 2781 5241 legebat.
2844 5170 3014 5224 Prius
3073 5167 3306 5240 proprie
3370 5167 3723 5241 conjunctae

2071 5239 2291 5310 animo,
2327 5239 2619 5310 posterius
2649 5240 2774 5296 loco
2798 5241 3036 5310 junctus
3067 5239 3325 5296 denotat.

2144 5309 2666 5384 (55)_Hpocq>oirwc.
2739 5309 2909 5384 Recte
2985 5312 3382 5368 Coislinianus
3443 5329 3456 5368 :
3519 5321 3725 5370 noster

2070 5379 2434 5457 προσφάτους,
2467 5379 2680 5457 eodem
2705 5383 2940 5457 quidem
2987 5399 3188 5457 sensu,
3221 5387 3320 5440 sed
3365 5387 3562 5457 minus
3591 5385 3723 5441 ele-

2070 5453 2292 5535 ganter,
2321 5469 2463 5536 cum
2493 5453 2829 5510 adverbium
2875 5453 2970 5510 hic
3009 5455 3194 5525 magis
3233 5456 3502 5528 quadret,
3535 5472 3717 5528 quam

2071 5529 2463 5578 nartictmum.

2070 5539 2463 5594 participium.

2159 5543 2463 5614 Γιιοιριιιω.

2159 5595 2250 5670 ῥῷ)
2286 5602 2390 5670 μΩς.
2424 5596 2624 5670 Recte,
2672 5612 2776 5668 pro
2805 5613 2922 5670 quo
2975 5598 3252 5670 mendose
3299 5597 3359 5654 in
3409 5602 3610 5656 nostro
3642 5597 3716 5658 εἰ.

2161 5665 2254 5740 57]
2285 5665 2562 5746 Ὀλεθρον.
2593 5665 2801 5728 Noster
2820 5665 3076 5726 Ὂάνατον
3105 5669 3280 5746 legite
3309 5671 3481 5730 odem
3510 5686 3716 5732 sensu.
