4074 6208
251 347 330 410 77
1379 350 1693 414 CONTRA
1736 352 2211 416 MANICHEOS
2254 355 2482 418 LIBER
2522 359 2573 420 Ι.
3595 373 3672 432 78

335 484 458 542 ΚΝ.
499 481 735 558 Μιχαὴλ
771 481 1026 570 μέντοιγε
1056 486 1165 556 (58)
1196 489 1295 539 τοῦ
1347 486 1638 560 βασιλέως,
1671 490 1736 543 τὰ
1782 493 1917 544 Ῥω-

2099 491 2288 548 XXIV.
2321 493 2570 550 Michael
2621 511 2774 565 vero,
2827 498 2926 569 qui
2975 498 3404 570 imperatoriam
3452 509 3670 562 vestem

267 574 446 646 μαῖκᾶ
475 579 722 646 σκῆπτρα
772 569 1078 642 διέποντος,
1111 575 1170 636 ὃς
1221 573 1280 629 ἐκ
1315 580 1416 641 τῆς
1469 577 1748 652 βασιλείου
1796 599 1918 633 στο-

268 662 384 732 λῆς
425 664 498 724 εἰς
532 666 595 718 τὸ
645 667 758 717 τῶν
809 668 1072 740 μονα-χῶν
1120 664 1361 740 ἠμείφθη
1423 673 1639 739 σχῆμα,
1683 669 1771 722 καὶ
1822 673 1918 722 τοῦ

271 758 391 825 μετ’
421 752 579 806 αὐτὸν
633 749 1056 826 βασιλεύσαντος
1088 754 1321 816 Λέοντος
1356 753 1452 809 οὐκ
1488 755 1538 809 ἐν
1577 760 1656 826 τῷ
1689 757 1916 830 ῥᾳθύμῳ

265 843 368 908 τήν
415 842 751 911 ἀναζήτησιν
800 841 892 895 καὶ
923 837 1139 915 ἔρευναν
1185 849 1284 911 τῆς
1315 842 1644 906 ἀποστασίας
1700 843 1914 916 τιθεμέ-

261 949 387 996 νων,
421 927 576 984 ἀλλά
601 930 690 983 καὶ
723 926 970 998 σπουδὴν
1003 931 1102 999 τὴν
1143 930 1451 1005 πρέπουσαν
1485 930 1918 1005 ἀναδεξαμένων,

261 1017 590 1073 στέλλονταί
645 1038 789 1081 τινες
849 1023 958 1074 τῶν
1019 1019 1117 1074 οὒκ
1169 1019 1396 1094 ἀσήμων
1452 1021 1549 1076 ἀνά
1605 1027 1776 1077 πᾶσαν
1818 1025 1918 1093 τήν

254 1109 582 1181 Ῥωμαϊκὴν
633 1107 840 1183 ἀρχὴν,
870 1110 1021 1177 τοὺς,
1057 1107 1111 1164 εἴ
1161 1131 1303 1172 τινες
1352 1108 1411 1164 ἂν
1471 1112 1768 1190 φωραθεῖεν
1819 1118 1919 1182 τῆς

254 1197 531 1268 τοιαύτης
574 1195 809 1273 κάτοχοι
868 1199 1190 1274 θεομαχίας,
1241 1199 1460 1273 ἐπείπερ
1508 1199 1782 1266 πολλάκις
1829 1202 1924 1257 αὐ-

252 1290 384 1350 τοὺς
415 1289 477 1342 αἱ
497 1291 608 1343 τῶν
630 1286 935 1363 ἀρχιερέων
967 1288 1054 1342 καὶ
1086 1289 1273 1361 ἱερέων
1305 1290 1575 1345 νουθεσίαι
1603 1290 1692 1345 καὶ
1724 1312 1924 1367 παραι-

252 1377 433 1438 νέσεις
467 1375 624 1433 οὐδὲν
657 1377 782 1432 οὕτε
811 1375 1048 1451 ὤνησαν,
1077 1376 1202 1433 οὕτε
1235 1374 1598 1452 μεταϐάλλειν
1631 1383 1749 1454 (59)
1779 1377 1924 1436 ἔπει-

258 1488 356 1522 σαν
383 1468 492 1536 τὴν
535 1461 806 1535 ἀσέϐειαν,
837 1467 1063 1529 τούτους
1105 1467 1278 1532 οὕτως
1315 1468 1660 1540 ἀμεταθέτως
1696 1469 1925 1544 ἔχοντας

256 1559 334 1617 ὡς
366 1558 570 1626 κοινήν
614 1556 801 1629 λύμην
831 1557 922 1612 καὶ
955 1559 1159 1632 φθορὰν
1190 1562 1288 1614 τοῦ
1319 1558 1511 1634 γένους
1541 1560 1678 1632 πρὸς
1708 1561 1803 1615 τὸν
1835 1557 1924 1614 διὰ

257 1647 456 1726 ξίφους
491 1648 717 1703 Θάνατον
772 1647 1019 1722 ὑπάγειν.
1074 1651 1231 1705 Ἧκεν
1274 1648 1365 1703 οὖν
1417 1653 1484 1705 τά
1530 1651 1926 1727 προστάγματα

255 1737 357 1792 καὶ
411 1738 490 1799 εἰς
541 1738 648 1806 τήν
705 1734 1058 1809 καλουμένην
1114 1739 1301 1812 χώραν
1360 1742 1468 1794 τῶν
1529 1741 1922 1812 Ἀρμενιακῶν.

2029 579 2090 635 in
2122 581 2528 638 monachalem
2562 587 2963 655 commutavit,
2987 593 3044 644 et
3070 590 3199 660 ejus
3221 607 3521 650 successor
3539 598 3673 660 Leo,

2030 669 2100 724 de
2133 669 2469 741 hujusmodi
2494 675 2785 743 apostasia
2808 677 3278 748 perquisitionem
3302 680 3425 736 fleri
3450 699 3564 738 non
3587 682 3677 739 in-

2025 756 2335 829 diligenter
2363 767 2663 830 curarunt,
2698 765 2796 818 sed
2827 781 2939 835 qua
2968 783 3072 836 par
3120 773 3243 823 erat
3288 769 3680 827 sollicitudine

2027 862 2130 917 per
2175 863 2378 905 omnes
2426 850 2654 921 imperii
2702 853 2947 909 Romani
3000 856 3145 913 fines
3193 857 3347 914 viros
3392 859 3678 931 dignitate

2029 941 2372 1007 praestantes
2387 939 2694 1007 miserunt,
2713 945 2774 996 ut
2797 945 3277 1016 quandoquidem
3296 948 3367 1003 ab
3389 949 3678 1021 episcopis

2034 1031 2091 1080 et
2141 1029 2544 1085 sacerdotibus
2600 1031 2926 1102 frequenter
2973 1035 3180 1090 moniti
3231 1035 3394 1107 impii
3443 1037 3527 1092 illi
3576 1054 3681 1094 nec

2032 1115 2588 1188 obtemperaverant,
2624 1134 2728 1174 nec
2780 1120 3162 1191 resipuerant,
3195 1124 3243 1179 si
3275 1142 3424 1196 quos
3472 1129 3681 1198 depre—

2033 1204 2356 1262 henderent
2384 1207 2485 1262 tali
2517 1208 2800 1280 impietati
2831 1211 3135 1279 obnoxios,
3163 1214 3262 1284 qui
3285 1215 3356 1269 ad
3382 1215 3678 1272 meliorem

2034 1310 2095 1350 se
2127 1294 2352 1365 frugem
2387 1296 2642 1368 recipere
2692 1298 2935 1364 nollent,
2965 1301 3132 1370 quasi
3173 1317 3544 1359 communem
3578 1320 3681 1374 pe-

2032 1387 2181 1438 stem
2205 1387 2262 1439 et
2281 1385 2514 1456 generis
2531 1385 2774 1442 humani
2795 1387 3113 1458 perniciem
3127 1390 3316 1460 gladio
3341 1391 3676 1462 plecterent.

2033 1473 2162 1529 Ilaec
2193 1474 2390 1546 itaque
2414 1476 2590 1546 jussa
2635 1483 2921 1534 venerunt
2950 1479 3009 1534 in
3044 1480 3338 1551 regionem
3369 1484 3676 1540 Armenia—

2034 1579 2235 1620 corum
2269 1564 2504 1620 dictam.
2540 1565 2788 1622 Thomas
2815 1583 2952 1622 vero
2984 1573 3124 1624 tunc
3151 1572 3532 1627 Necessareas
3561 1573 3680 1644 epi-

2033 1669 2242 1724 scopus
2264 1659 2404 1722 erat,
2422 1656 2624 1710 aderat
2645 1661 2701 1711 et
2716 1655 2862 1711 alius
2883 1657 3119 1728 quidam
3145 1659 3380 1714 nomine
3397 1665 3682 1716 Paracon-

2033 1741 2223 1808 daces,
2259 1745 2352 1814 qui
2390 1748 2526 1799 tunc
2558 1747 2834 1817 temporis
2885 1747 3177 1803 eminebat
3231 1749 3384 1806 inter
3428 1765 3548 1816 eos,
3581 1751 3683 1821 qui

266 1828 482 1898 Θωμᾶς
547 1823 604 1880 δὲ
657 1827 723 1894 ἦν
786 1829 1084 1896 τηνικαῦτα
1145 1827 1564 1902 Νεοκαισαρείας
1630 1826 1924 1891 ἐπίσκοπος

2042 1831 2342 1888 honestate
2373 1850 2602 1889 morum
2639 1835 2884 1906 praediti,
2908 1837 3312 1894 sublimiorem
3344 1839 3476 1895 vitae
3507 1839 3682 1896 ratio-

271 1914 376 1970 καί
403 1935 492 1975 τις
516 1911 690 1984 ’έτερος
723 1912 1155 1985 Παρακονδάκης
1190 1914 1481 1988 ἐπώνυμος
1514 1917 1757 1992 ἐξάρχων
1804 1920 1918 1973 κατ’

279 2002 468 2059 ἐκεῖνο
495 2008 678 2079 καιροῦ
713 2009 814 2060 τῶν
852 2004 971 2060 ὅσοι
1003 2012 1102 2075 τῆς
1133 2008 1268 2060 κατά
1297 2007 1388 2061 τὸν
1434 2007 1553 2080 βίον
1588 2015 1922 2080 σεμνότητος

273 2092 532 2172 εἴχοντο,
588 2094 674 2148 καί
733 2101 833 2164 τῆς
895 2094 1238 2171 ὑψηλοτέρας
1290 2094 1574 2158 πολιτείας
1642 2094 1922 2151 ἐποιοῦντο

264 2181 601 2259 ἐπάγγελμα
631 2189 912 2258 συντηρεῖν
962 2186 1028 2239 τά
1070 2182 1279 2258 δέσμια.
1330 2185 1550 2242 Τούτων
1599 2184 1776 2241 τοίνυν
1815 2189 1924 2240 τῶν

260 2269 487 2346 ἀνδρῶν
534 2273 776 2348 ἱκάτεροι
826 2274 940 2346 ἅμα
988 2271 1349 2349 συνεδριάζειν
1405 2273 1538 2347 μετά
1584 2275 1672 2329 καὶ
1724 2275 1920 2350 ἑτέρων

258 2367 436 2417 τινῶν
475 2362 678 2438 λογίων
730 2361 1014 2438 βασιλικὸν
1067 2360 1347 2437 δεξάμενοι
1394 2363 1686 2437 θέσπισμα,
1719 2364 1813 2426 οὓς
1863 2360 1923 2418 ἂν

259 2451 376 2506 τῶν
443 2453 766 2508 ἀποστατῶν
827 2455 862 2521 ἡ
929 2451 1192 2522 πολιτική
1252 2453 1376 2531 χεὶρ
1435 2453 1674 2529 εὕρισκέν
1722 2474 1781 2508 τε
1830 2453 1921 2507 καὶ

263 2537 694 2614 συνελάμϐανεν,
725 2541 816 2597 καὶ
856 2543 992 2616 πρὸς
1029 2542 1226 2605 αὐτοὺς
1275 2541 1631 2615 διεπέμπετο,
1663 2541 1920 2613 ἐξήταζόν

262 2651 326 2686 τε
355 2631 447 2684 καὶ
480 2631 842 2706 ἐλογοθέτουν
893 2630 1410 2706 λεπτομερέστερον,
1441 2631 1530 2686 καὶ
1583 2633 1710 2694 τοὺς
1761 2633 1924 2686 ὑπαι-

263 2722 422 2782 τίους
451 2726 562 2776 τῶν
597 2721 850 2776 ἀναιτίων
881 2719 1333 2796 φυλοκρινοῦντες
1370 2720 1497 2783 τοὺς
1532 2722 1626 2793 μὶν
1659 2718 1921 2791 ἀπέλυον,

264 2805 384 2862 ἔστι
440 2805 490 2862 δ’
545 2809 640 2870 οὖς
696 2808 786 2863 καὶ
845 2808 1144 2880 ἐπιτιμίοις
1183 2807 1659 2878 έκκλησιαστικοῖς
1717 2810 1920 2863 καθυπ-

265 2893 538 2966 έεαλλον,
573 2899 701 2958 τοὺς
743 2895 800 2952 δὲ
828 2883 1112 2960 παντελῶς
1143 2898 1388 2960 ἀνιάτους
1418 2898 1469 2952 οἱ
1509 2896 1788 2952 πολιτικοὶ
1834 2897 1926 2952 νό-

267 3009 394 3060 μοι,
434 2986 669 3042 καὶτῶν
711 2984 763 3041 ἓν
801 2986 986 3048 αὐτοῖς
1044 2988 1332 3062 ἀρχόντων
1385 2983 1802 3062 παρελάμϐανεν
1861 2987 1924 3043 τὸ

263 3075 669 3150 δικαιωτήριον
703 3078 837 3148 (60).
871 3074 1023 3130 Οὕτω
1055 3074 1122 3144 δὴ
1170 3083 1270 3146 τῆς
1301 3076 1523 3150 ἐρεύνης
1572 3097 1630 3132 τε
1670 3075 1758 3132 καὶ
1805 3075 1922 3152 κρί-

2035 1935 2166 1975 nem
2219 1921 2660 1992 proﬁtebantur.
2695 1925 2882 1979 Ambo
2929 1926 3109 1996 igitur
3157 1926 3532 1998 imperatorio
3585 1930 3685 1984 de-

2032 2014 2188 2065 creto
2213 2027 2340 2065 cum
2365 2011 2495 2066 aliis
2519 2013 2872 2082 quibusdam
2908 2015 3153 2071 eruditis
3180 2017 3320 2072 viris
3351 2017 3684 2074 consultare

2024 2097 2203 2168 jussi,
2235 2103 2530 2168 apostatas
2561 2118 2592 2154 ιι
2628 2101 2858 2172 politica
2907 2118 3087 2158 manu
3135 2104 3207 2158 ad
3260 2104 3368 2160 hoc
3410 2106 3684 2176 deputata

2031 2186 2424 2256 deprehensos
2455 2193 2511 2243 et
2543 2188 2764 2244 oblatos
2795 2190 3228 2258 examinabant,
3261 2199 3312 2247 et
3347 2194 3682 2249 minutatim

2033 2275 2488 2347 interrogabant,
2513 2282 2825 2347 sontesque
2849 2278 2920 2333 ab
2943 2279 3281 2336 insontibus
3310 2286 3682 2352 sequestran-

2031 2367 2141 2428 tes,
2161 2363 2304 2420 alios
2326 2365 2563 2436 quidem
2582 2366 2973 2435 absolvebant,
3000 2369 3315 2425 nonnullos
3333 2369 3684 2427 ecclesiasti-

2032 2453 2118 2508 cis
2143 2453 2329 2524 poenis
2353 2454 2771 2523 subjiciebant;
2799 2456 3028 2526 penitus
3046 2456 3405 2514 insanabiles
3429 2458 3682 2528 politicis

2032 2541 2261 2613 legibus
2293 2547 2350 2598 et
2381 2544 2830 2613 magistratuum
2864 2544 3144 2601 tribunali
3177 2547 3500 2602 tradebant.
3531 2547 3683 2604 Dum

2034 2647 2296 2699 examen,
2322 2632 2639 2701 judicium,
2671 2632 3044 2705 interrogatio
3089 2641 3146 2690 et
3191 2638 3320 2690 acta
3366 2636 3449 2692 sic
3492 2651 3687 2707 proce-

2031 2720 2256 2788 derent,
2289 2721 2709 2792 Cynochoritaa,
2744 2727 2809 2778 ut
2855 2723 3158 2792 vocabant,
3190 2728 3248 2779 et
3287 2724 3324 2779 ii
3377 2725 3475 2796 qui
3526 2725 3684 2781 dice-

2031 2809 2249 2864 bantur
2277 2811 2456 2866 Astati
2483 2826 2496 2876 ;
2530 2816 2693 2866 erant
2723 2819 2916 2867 autem
2949 2811 3163 2868 selecta
3193 2830 3328 2885 pars
3368 2812 3686 2884 discipulo-

2033 2914 2162 2952 rum
2195 2898 2415 2970 Sergii;
2452 2899 2863 2969 pradictorum
2888 2902 3162 2972 judicum
3195 2904 3412 2959 caedem
3452 2908 3689 2973 patran-

2035 2987 2169 3041 dam
2216 2987 2367 3042 inter
2411 3003 2471 3043 se
2520 2988 2804 3046 dividunt.
2836 2992 3017 3046 Astati
3067 2991 3266 3063 igitur,
3300 2992 3459 3047 nulla
3508 2991 3686 3062 petita

2035 3093 2168 3147 ope,
2193 3082 2577 3133 memoratum
2603 3080 2940 3149 praefectum
2963 3079 3095 3136 dolo
3119 3085 3175 3136 et
3195 3081 3516 3151 proditione
3541 3098 3681 3138 con-

263 3189 408 3230 σεως
467 3137 562 3222 καί
623 3137 722 3223 rei;
787 3137 1122 3242 λογοθεσίοα
1163 3137 1614 3242 (6.1),.xai'irﬁc
1681 3137 1925 3241 πράξεως

2042 3167 2286 3235 fodiunt,
2320 3167 2715 3237 Cynochoritas
2766 3186 2897 3226 vero
2943 3187 3075 3226 cum
3108 3171 3254 3226 duce
3283 3171 3352 3225 ad
3385 3187 3684 3226 exsecran-

262 3258 584 3334 προϊούσης
647 3257 961 3332 μερίζονται
1017 3261 1124 3311 τῶν
1181 3255 1486 3331 εἰρημένων
1555 3260 1758 3330 κριτῶν
1829 3258 1929 3326 τήν

266 3349 487 3425 σφαγὴν
535 3343 594 3400 οἳ
640 3366 699 3399 τε
750 3345 1040 3420 λεγόμενοι
1100 3351 1479 3421 Κυνοχωρῖται
1541 3349 1670 3419 (62),
1702 3346 1793 3400 καὶ
1834 3344 1927 3408 οὓς

266 3436 637 3509 ἐπωνόμαζον
698 3435 1020 3496 Ἀστάτους·
1079 3439 1243 3491 Ἦσαν
1315 3431 1373 3489 δὲ
1429 3435 1584 3489 οὗτοι
1647 3439 1756 3489 τῶν
1831 3439 1929 3490 τοῦ

271 3525 510 3600 Σεργίου
564 3524 823 3597 μαθητῶν
883 3524 935 3578 οἱ
983 3521 1234 3600 λογάδες.
1278 3524 1340 3578 Oi
1389 3525 1482 3597 μὲν
1534 3522 1627 3579 οὖν
1675 3525 1931 3580 Ἀστατοι

273 3613 518 3689 μηδενὸς
573 3614 760 3687 ἑτέρου
809 3608 1084 3684 δεηθέντες
1139 3613 1294 3668 αὐτοὶ
1337 3615 1453 3669 καθ’
1507 3612 1728 3676 ἑαυτοὺς
1784 3611 1932 3686 δόλῳ

270 3703 365 3759 καὶ
406 3700 678 3778 προδοσίᾳ
722 3703 1152 3779 κατασφάξουσιν
1200 3703 1292 3757 τὸν
1345 3701 1630 3776 εἰρημένον
1680 3700 1930 3778 ἔξαρχον.

270 3799 406 3855 Τοῖς
440 3791 499 3847 δὲ
548 3792 966 3871 Κυνοχωρίταις
1017 3791 1235 3868 ἐπείπερ
1276 3790 1439 3847 ἒνέδει
1492 3793 1798 3869 στρατηγὸς
1835 3797 1933 3848 τοῦ

285 3885 618 3956 μιάσματος,
665 3883 744 3943 εἷς
790 3886 899 3936 τῶν
962 3880 1260 3956 εἰρημένων
1309 3883 1585 3938 Ἀστάτων
1633 3881 1934 3958 ἐφίσταται,

280 3973 376 4028 καί
421 3973 817 4048 κατασφάζουσι
869 3971 960 4026 καὶ
1007 3969 1162 4025 αὐτοὶ
1209 3970 1301 4026 τὸν
1350 3970 1608 4046 ἀρχιερέα
1654 3973 1752 4026 τοῦ
1801 3975 1936 4026 Θεοῦ

275 4068 501 4137 Θωμᾶν.
546 4058 803 4131 ’Δναίδην
854 4058 912 4116 δὲ
956 4061 1168 4116 τούτων
1221 4059 1363 4116 οὕτω
1411 4060 1934 4134 παρανομηθέντων,

276 4155 351 4215 ὡς
414 4151 578 4228 ἔφην,
648 4150 902 4224 ἑκατέρας
964 4150 1276 4226 μιαιφονίας
1340 4149 1744 4224 ἀρχιτέκτονες,
1805 4149 1940 4229 φεύ-

275 4263 440 4316 γουσι
475 4242 573 4314 μὲν
605 4239 699 4295 σὺν
728 4246 847 4301 τοῖς
879 4240 1169 4312 ἑπομένοις
1207 4237 1418 4313 σπουδῇ
1451 4242 1562 4314 (63)
1614 4240 1720 4295 ἀπὸ
1759 4242 1937 4311 πάσης

275 4340 408 4407 γῆς,
442 4334 512 4400 ἣν
543 4331 572 4385 ὁ
621 4333 959 4404 Χριστιανῶν
1012 4328 1230 4400 ἐκόσμει
1281 4330 1498 4403 θεσμὸς,
1551 4329 1937 4404 παραγίνονται

278 4420 338 4476 δὲ
368 4421 426 4476 ἐν
463 4419 736 4492 Μελιτινῇ
769 4418 929 4473 πόλει
976 4424 1078 4487 τῆς
1114 4415 1363 4492 δευτέρας
1413 4419 1726 4493 Ἀρμενίας,
1768 4417 1940 4474 πολι-

281 4510 428 4565 τείαν
482 4508 649 4564 οὖσαν
697 4507 822 4563 τότε
872 4513 982 4563 τῶν
1046 4507 1422 4582 μισοχρίστων
1483 4514 1835 4582 Σαρακηνῶν,
1877 4511 1943 4578 ἧς

283 4600 384 4654 καὶ
440 4601 688 4674 ’Δμηρᾶς
725 4601 837 4672 (64)
895 4598 1088 4673 ἦρχεν,
1152 4598 1210 4652 ’ὸν
1271 4595 1565 4652 ἐπεκάλουν
1623 4597 1942 4674 Μονοχερά·

283 4710 390 4765 ρην
432 4693 546 4763 (65)
579 4709 593 4722 '
626 4689 718 4744 καὶ
751 4688 908 4751 οὗτος
937 4688 965 4743 ὁ
1001 4685 1357 4762 μισόχριστος
1386 4687 1514 4748 τοὺς
1550 4690 1942 4763 μισοχρίστους

2042 3255 2182 3310 dum
2215 3255 2442 3311 facinus
2467 3265 2715 3328 egerent,
2739 3267 3045 3330 assumpto
3062 3275 3130 3314 ex
3153 3258 3368 3314 Astatis
3399 3276 3535 3328 uno,
3559 3258 3684 3330 epi-

2039 3360 2278 3416 scopum
2301 3346 2580 3402 Thomam
2605 3363 2638 3401 a
2657 3351 2768 3402 Deo
2792 3349 3172 3403 constitutum
3196 3349 3562 3404 obtruncant.
3581 3347 3683 3404 His

2040 3435 2314 3490 audacter
2343 3435 2538 3506 gestis,
2568 3435 2778 3506 Aetati,
2811 3436 2930 3507 qui,
2973 3440 3034 3492 ut
3084 3453 3263 3508 supra
3311 3437 3452 3506 dixi,
3480 3437 3686 3493 utrius-

2041 3539 2155 3593 que
2175 3523 2468 3594 parricidii
2491 3532 2754 3581 auctores
2775 3528 3106 3594 erant,cum
3132 3526 3473 3595 sequacium
3496 3529 3691 3580 turma

2042 3609 2389 3668 festinantes
2442 3613 2678 3684 fugiunt
2723 3614 2793 3669 ab
2842 3615 3132 3669 universis
3182 3613 3532 3684 regionibus,
3565 3630 3691 3683 quas

2044 3699 2366 3756 Christiana
2415 3701 2545 3774 lege
2593 3703 2925 3773 utebantur,
2959 3707 3015 3758 et
3054 3701 3373 3758 Melitinam
3425 3703 3690 3758 secundas

2046 3790 2332 3844 Armeniae
2367 3791 2592 3860 urbem,
2626 3808 2687 3847 se
2718 3793 3046 3860 conferunt,
3081 3808 3254 3862 quam
3300 3796 3440 3847 tunc
3481 3789 3692 3846 Christi

2047 3894 2246 3934 osores
2266 3879 2536 3934 Saraceni
2557 3879 2909 3948 incolebant,
2932 3881 3148 3951 quibus
3170 3880 3434 3948 Ameras,
3457 3880 3694 3934 nomine

2047 3967 2492 4025 Monocherares
2550 3969 2896 4040 imperabat,
2947 3971 3071 4040 qui,
3128 3970 3340 4027 Christi
3396 3970 3692 4037 inimicus,

2046 4061 2258 4118 Christi
2294 4059 2548 4115 inimicis
2581 4060 2845 4132 profugis
2879 4061 3127 4132 benigne
3149 4060 3428 4130 exceptis,
3453 4064 3510 4114 et
3531 4060 3694 4114 omni

2048 4154 2205 4206 metu
2255 4149 2534 4216 liberatis,
2571 4154 2821 4220 Argaum
2857 4148 2937 4205 sic
2969 4147 3188 4204 dictum
3221 4147 3566 4218 oppidulum
3598 4148 3699 4203 dat

2050 4241 2444 4297 incolendum.
2492 4239 2826 4296 Conﬂuente
2874 4245 3061 4295 autem
3123 4238 3324 4294 eodem
3381 4237 3697 4310 impiorum

2050 4331 2448 4397 multitudine,
2481 4329 2564 4386 ita
2595 4333 2658 4385 ut
2681 4331 2804 4400 jam
2838 4329 3200 4400 praidatoriis
3231 4326 3566 4383 incursibus
3597 4343 3699 4399 pa-

2050 4438 2139 4477 res
2173 4424 2390 4489 essent,
2412 4419 2586 4475 vicini
2610 4418 2924 4475 Christiani
2961 4418 3130 4474 multi
3165 4418 3237 4473 ab
3265 4416 3336 4473 iis
3367 4416 3703 4488 frequenter

2054 4511 2112 4565 in
2145 4508 2531 4581 captivitatem
2568 4508 2805 4563 abducti
2838 4512 3012 4564 sunt:
3041 4511 3098 4562 et
3120 4506 3272 4562 malo
3296 4506 3355 4561 in
3389 4505 3512 4561 dies
3543 4505 3700 4561 inva-

2051 4600 2305 4656 lescente
2327 4615 2440 4654 non
2465 4597 2635 4653 modo
2658 4601 2876 4653 veteres
2898 4596 3216 4667 impietatis
3241 4595 3494 4650 cultores
3523 4593 3704 4650 libere

2054 4692 2373 4762 potuerunt
2404 4689 2462 4743 in
2512 4703 2580 4744 ea
2614 4703 3002 4759 perseverare,
3035 4685 3139 4742 sed
3187 4686 3359 4741 etiam
3410 4684 3702 4754 quosdam

1457 4849 1701 4906 VARl/E
1740 4850 2126 4908 LECTIONES
2166 4849 2256 4905 ET
2294 4847 2520 4904 NOTJE.

354 4989 474 5060 (58)
533 4984 789 5060 Μιχαήλ,
856 4985 1228 5060 curopalates
1302 4985 1542 5060 scilicet,
1601 4985 1944 5060 cognomine

287 5057 705 5125 Rhancabeﬁe
725 5074 841 5130 quo
867 5057 1109 5130 ejusque
1140 5073 1478 5115 successore
1500 5058 1691 5114 Leone
1720 5057 1946 5129 legatur

288 5074 705 5125 unancane,ue
725 5074 841 5184 quo
867 5074 990 5128 ejus

287 5132 611 5196 Cedrenus,
645 5131 838 5201 [ιλ-96
869 5145 990 5200 seq.

359 5204 473 5273 (59)
511 5194 909 5256 Μετᾶὄάλλειν.
943 5194 1150 5257 Noster
1182 5194 1526 5273 μεταϐαλεῖν.

505 5273 930 5345 Δικαιωτήριον.
983 5269 1260 5345 Optime:
1322 5279 1521 5329 noster
1586 5269 1942 5346 δικαιότερον,

295 5363 407 5402 non
439 5347 569 5401 sine
601 5347 840 5400 mendo.

361 5420 474 5489 (ﬁt)
507 5415 858 5490 Λαγοθεσίου.
894 5415 1198 5490 Mediissvi
1232 5433 1363 5490 vox.
1405 5418 1565 5490 sicut,
1585 5421 1640 5473 et
1686 5414 1945 5490 proxime

295 5485 636 5547 antecedens
695 5485 1000 5559 λογοθετέω
1043 5489 1173 5544 vide
1229 5488 1501 5544 Dufresn.
1554 5489 1613 5543 in
1672 5485 1945 5543 Glossaria

299 5560 466 5618 Grec.
501 5579 560 5632 p.
585 5561 716 5615 821.

365 5634 480 5706 (62)
503 5629 927 5706 ’Κυνοχωρῖταμ
960 5630 1041 5687 De
1071 5630 1324 5706 his_vide
1355 5631 1798 5706 Cedrenum,_p._
1816 5629 1941 5706 433.

365 5701 475 5777 (63)
506 5701 768 5779 Σπουδῇξ
795 5703 879 5760 Ita
925 5709 1122 5761 noster
1162 5704 1396 5772 diserte,
1438 5709 1496 5760 et
1525 5701 1943 5778 proculdubio

2053 4987 2206 5040 recte
2232 4999 2244 5037 :
2279 4997 2486 5038 sensus
2516 4981 2671 5037 enim
2702 4981 2920 5053 optime
2950 4981 3284 5053 respondet.
3309 4979 3394 5053 Cl.
3421 4979 3706 5053 Montfau-

2055 4999 2206 5040 recte
2232 4999 2244 5037 :
2279 4999 2486 5038 sensus
2516 4999 2671 5037 enim
2702 4999 2734 5038 o
2780 4999 2920 5038 nme
2950 4999 3284 5053 respondet.
3309 4999 3394 5036 ur.
3421 4999 3703 5036 monuau-

2055 5055 2259 5110 conius
2285 5071 2352 5110 ex
2367 5053 2718 5109 Coisliniano
2738 4999 3173 5120 Εειὶιθισπουδῆς
3189 5052 3385 5108 addito
3399 5051 3703 5116 asterisco,

2054 5127 2222 5198 quasi
2257 5126 2476 5196 aliquid
2509 5127 2591 5192 (ni
2623 5126 2955 5196 coniectura
2987 5124 3271 5198 meifallit)
3303 5124 3552 5179 deesset.
3589 5122 3702 5178 Sed

2056 5197 2253 5254 omnia
2284 5198 2394 5253 sibi
2416 5203 2706 5263 constant,
2738 5197 3097 5268 etgignendi
3122 5213 3293 5251 casus
3317 5199 3490 5250 natus
3521 5198 3611 5250 est
3634 5210 3704 5250 ex

2055 5270 2439 5340 sequentibus
2472 5268 2710 5324 vocibus
2741 5267 2920 5336 πάσης
2949 5273 3071 5340 γῆς.

2128 5336 2241 5412 (64)
2276 5341 2538 5412 Ἀμηρᾶς.
2574 5342 2694 5396 Νοιι
2746 5336 3007 5412 ignotum
3041 5337 3330 5412 historicis
3377 5337 3562 5412 hujus
3600 5336 3703 5391 aevi

2055 5408 2269 5468 nomen
2301 5430 2313 5466 :
2345 5408 2853 5484 videCedrenufn,
2888 5430 2942 5484 p.
2976 5412 3100 5466 350.
3146 5411 3304 5466 Idem
3349 5425 3480 5466 vero
3531 5408 3602 5463 de
3642 5423 3702 5462 re

2057 5490 2257 5539 nostra
2286 5483 2541 5554 exponit,
2576 5501 2628 5554 p.
2664 5483 2754 5540 44.

2125 5557 2240 5626 (65)
2299 5553 2715 5634 ξιονοχεράρην.
2754 5556 2859 5634 _l_ta
2895 5554 3296 5634 _Colbertin_us
3319 5557 3420 5634 “et
3446 5557 3696 5634 “noster,

2054 5643 2186 5684 cum
2220 5623 2432 5698 quibus
2457 5623 2694 5684 "Petrus
2751 5627 3006 5695 Siculus,
3065 5644 3122 5698 p.
3179 5623 3697 5698 70._Cois_linianus

2056 5695 2256 5771 itaque
2287 5698 2672 5776 Μονοχεράνης
2703 5700 2990 5771 scribens,
3020 5695 3083 5754 in
3113 5696 3326 5753 mendo
3357 5695 3550 5752 cubat.
