4074 6208
375 313 452 370 79
1568 307 1832 370 ΡΗΟἸΊΙ
1876 307 2003 368 PA'l

2117 305 2404 367 ARCHAE
2447 309 2564 369 ΟΡ.
3687 314 3766 373 80

377 462 446 501 ex
471 444 714 518 captivis
743 446 812 501 ad
843 460 971 500 eam
999 442 1462 516 amplectendam
1503 457 1725 512 cogere.
1758 441 2003 511 Contigit

2123 436 2363 516 φυγάδας
2419 442 2485 494 τά
2539 461 2598 495 τε
2653 438 2798 496 ἄλλα
2855 437 3399 517 φιλοφρονησάμενος
3450 437 3638 511 δεξιῶς
3679 445 3762 498 καὶ

376 543 590 600 autem,
615 539 681 591 ut
697 535 958 608 Sergius,
980 533 1146 604 cujus
1171 533 1442 604 frequens
1474 531 1691 587 mentio
1722 531 1871 586 facta
1901 532 2012 597 est,

375 629 687 699 postquam
725 625 916 697 aliquo
946 627 1205 695 tempore
1235 637 1368 677 cum
1402 619 1720 691 transfugis
1751 626 2012 676 versatus

373 716 580 787 fuerat,
613 714 822 771 iisdem
862 713 920 769 in
960 711 1258 784 impietate
1305 710 1728 766 conﬁrmandis
1775 708 2014 765 intentis

375 805 602 862 debitas
632 804 856 860 coalitus
887 819 1086 876 poenas
1117 801 1320 857 lueret.
1353 800 1538 873 Ligna
1575 799 1831 856 caedendi
1870 802 2016 854 tem-

373 912 485 968 pus
515 899 662 965 erat,
686 910 790 950 nec
819 891 1081 964 lignarize
1101 890 1238 945 artis
1269 889 1577 960 imperitus
1606 896 1727 945 erat
1758 889 2011 960 Sergius,

373 985 709 1056 solebatque
730 983 889 1039 illam
910 996 1193 1052 exercere,
1209 985 1564 1052 truncosque
1584 979 1644 1035 in
1667 995 1894 1036 asseres
1917 995 2011 1034 e-

2124 527 2326 590 παντὸς
2405 527 2770 606 ἐλευθερώσας
2853 529 3196 602 ἀνθρωπίνου
3268 525 3441 600 δέους,
3518 531 3580 585 τὸ
3650 533 3769 608 Ἀρ-

2122 622 2284 694 γαοῦν
2330 620 2469 693 (66),
2526 618 2821 694 πολίχνιον
2881 618 3024 675 οὕτω
3080 617 3422 692 καλούμενον
3479 617 3769 698 ἐπιχωρίῳ

2119 707 2360 783 γλώττῃ,
2421 710 2586 764 οἰκεῖν
2638 710 2960 786 ἐπιτρέπειί
3020 709 3384 784 ἀθροίσματος
3458 707 3518 766 δὲ
3583 710 3636 766 ἐν
3703 712 3765 769 οὖ

2121 795 2321 870 πολλῷ
2355 799 2537 873 χρόνῳ
2567 800 2672 855 τῶν
2705 801 2802 868 τήν
2832 797 3163 854 ἀποστασίαν
3195 803 3540 876 φρονούντων
3577 801 3772 877 συνεῤ-

2123 886 2413 960 ῥυηκότος,
2473 888 2548 950 ὡς
2593 889 2683 943 καὶ
2743 887 2818 950 είς
2892 886 3188 962 λῃστρικὴν
3249 887 3487 961 ἐξαρκεῖν
3542 887 3768 965 ἐπιδρο-

2125 977 2233 1047 μην
2264 996 2324 1030 τε
2360 977 2448 1032 καὶ
2485 983 2667 1051 χεῖρα,
2707 974 2896 1046 πολλή
2927 977 3018 1032 καὶ
3069 975 3342 1038 πολλάκις
3373 981 3483 1032 τῶν
3529 976 3765 1049 πλησιο-

373 1090 523 1131 care.
554 1074 698 1130 Cum
729 1075 918 1128 autem
952 1071 1010 1126 in
1045 1073 1302 1125 montem
1347 1069 1519 1141 Argei
1570 1068 1829 1140 proximo
1877 1069 2003 1124 huic

2121 1064 2322 1140 χώρων
2381 1066 2718 1139 Χριστιανῶν
2767 1063 3131 1140 αῗχμαλωσία
3181 1070 3298 1126 τοῖς
3353 1064 3535 1130 ἀθέοις
3573 1065 3766 1139 ἐπετη-

370 1162 530 1235 operi
605 1164 853 1229 vacaret,
929 1158 1141 1216 Tzanio
1229 1157 1466 1228 quidam
1551 1156 2003 1230 Nicopolitanus1

2122 1149 2327 1208 δεύετο.
2389 1153 2641 1210 Κάκεῖθεν
2696 1155 3118 1230 κραταιούμενον
3165 1155 3229 1208 τὸ
3264 1156 3449 1210 ’κακὸν
3492 1155 3553 1212 ού
3603 1158 3766 1230 μόνον

370 1251 648 1322 religione
731 1251 881 1322 pius,
959 1248 1154 1304 animo
1239 1247 1630 1319 manibusque
1712 1251 2003 1314 strenuus,

2117 1243 2248 1305 τοὺς
2295 1244 2387 1298 ἀπ’
2436 1244 2621 1320 ἀρχῆς
2673 1246 3005 1320 θεραπευτὰς
3062 1242 3234 1307 ἀδεῶς
3273 1242 3456 1300 ἐδίδου
3503 1249 3603 1316 την
3650 1247 3770 1303 ἀσέ-

369 1345 434 1396 ut
461 1340 608 1396 vidit
652 1338 820 1395 illum
863 1337 966 1394 Dei
1011 1337 1245 1393 hostem
1296 1336 1608 1408 praestigiis
1657 1336 1781 1392 suis
1826 1335 2003 1391 ﬁden-

2124 1333 2270 1407 βειαν
2313 1334 2652 1407 θρησκεύειν,
2692 1333 2838 1390 ἀλλά
2873 1355 2964 1390 και
3013 1355 3160 1397 τινας
3196 1339 3304 1390 τῶν
3352 1334 3772 1410 αἷχμαλωτιζο-

366 1433 508 1497 tem,
570 1435 622 1484 et
679 1427 972 1483 veneﬁciis
1046 1425 1226 1481 vitam
1283 1425 1747 1496 concredentem,
1805 1425 1889 1481 ita
1946 1427 2003 1480 ul

2124 1421 2297 1513 μένων
2340 1421 2562 1513 πολλὴν
2593 1429 2857 1498 παρεῖγεν
2886 1425 2984 1493 τήν
3039 1421 3282 1494 ἐξουσίαν
3332 1428 3770 1513 συναναγκάζειν⁹

368 1516 525 1574 solus
607 1515 769 1588 ligna
852 1515 1070 1571 caedere
1147 1515 1404 1582 auderet,
1481 1531 1694 1585 magna
1776 1518 1833 1570 et
1911 1515 2003 1570 in-

2121 1509 2196 1574 εἷς
2235 1511 2334 1580 τὴν
2385 1511 2553 1581 αὐτὴν
2605 1513 2790 1575 αὐτοῖς
2835 1510 3192 1568 καταπίπτειν
3243 1511 3526 1584 ἀθεότητα.
3559 1509 3766 1571 Γίνεταὶ

367 1606 525 1680 genti
567 1609 769 1661 contra
813 1605 1178 1660 seductorem
1211 1603 1424 1660 emissa
1453 1620 1608 1670 voce,
1641 1620 1767 1676 quae
1794 1607 2003 1658 terrore

2119 1599 2186 1670 δη
2218 1602 2309 1656 καὶ
2357 1601 2607 1676 Σέργιος,
2640 1602 2702 1657 οὗ
2751 1601 3026 1664 πολλάκις
3055 1595 3184 1677 ἔσχε
3230 1604 3454 1676 μνήμην
3501 1605 3529 1659 6
3573 1603 3760 1679 λόγος,

367 1704 724 1770 stuporeque
771 1696 1071 1752 hominem
1103 1694 1361 1765 replevit,
1391 1692 1638 1748 inermis
1669 1709 1804 1749 cum
1837 1695 2007 1758 esset,

2119 1689 2314 1759 ἐκεῖσε,
2339 1690 2428 1745 καὶ
2482 1690 2684 1769 χρόνον
2738 1691 2857 1746 τινὰ
2909 1697 3028 1752 τοῖς
3075 1693 3270 1769 φυγάσι
3332 1689 3626 1767 διατρίψας,
3664 1695 3754 1749 καί

365 1803 628 1845 securem
662 1803 692 1842 e
725 1785 996 1842 manibus
1027 1784 1154 1855 ejus
1180 1782 1445 1852 abstulit,
1470 1781 1904 1854 scelestumque
1934 1781 2003 1838 ita

2126 1780 2358 1855 βαθύνας
2391 1781 2580 1843 αὐτοῖς
2618 1779 2704 1836 ἐπὶ
2755 1780 2924 1836 πλέον
2955 1783 3056 1850 τῆς
3104 1776 3351 1844 ἀσεϐείας
3380 1783 3446 1837 τὰ
3493 1779 3759 1858 δόγματα,

365 1878 673 1950 percussit,
706 1881 769 1932 ut
797 1891 952 1932 mors
983 1874 1109 1945 ejus
1132 1877 1494 1944 sequeretur.
1516 1872 1612 1928 Sic
1644 1871 1882 1928 fallacia)
1913 1871 2012 1927 ille

363 1984 498 2024 vere
549 1967 808 2038 spiritus,
859 1963 1144 2035 pernicies
1203 1963 1600 2018 humanarum
1658 1961 2009 2031 animarum,

366 2054 573 2114 acerba
601 2055 702 2110 illa
725 2059 783 2110 et
812 2053 1102 2124 profunda
1131 2050 1438 2122 apostasiae
1471 2050 1656 2120 radix,
1688 2054 2011 2106 extremum

365 2148 423 2201 et
449 2144 774 2216 pessimum
805 2139 1095 2196 malorum
1118 2139 1404 2206 omnium,
1430 2155 1558 2210 quae
1587 2146 1720 2194 ante
1753 2139 2009 2205 luerunt,

365 2250 575 2292 manus
597 2238 654 2290 et
673 2231 815 2288 artis
839 2247 960 2287 sum
979 2231 1370 2287 instrumento
1391 2229 1776 2286 obtruncatus
1805 2229 2013 2300 impio-

363 2339 518 2384 rum.
542 2322 1041 2394 superborumque
1071 2334 1426 2387 sermonum,
1448 2334 1732 2375 venarum
1761 2319 2011 2390 promis-

2118 1870 2220 1939 τὴν
2253 1868 2453 1924 ἄνωθεν
2501 1869 2656 1943 ὅμως
2704 1868 2862 1941 δίκην
2913 1869 2976 1926 οὒ
3021 1868 3297 1942 διδράσκει
3333 1873 3468 1944 (67).
3514 1870 3769 1945 Ξυλουρ-

2119 1958 2243 2034 γίας
2299 1959 2365 2027 ἦν
2427 1959 2456 2013 6
2513 1960 2724 2032 καιρὸς,
2782 1958 2873 2014 καὶ
2933 1967 3250 2029 τεκτονικῆς
3311 1961 3339 2014 6
3392 1959 3617 2036 Σέργιος
3666 1959 3773 2016 οὐκ

2119 2046 2456 2122 ἀμελέτητος
2497 2049 2585 2120 ἦν,
2633 2051 2723 2104 καὶ
2783 2048 2850 2119 δὴ
2907 2049 2998 2104 καὶ
3039 2051 3276 2121 συνήθης
3329 2049 3395 2117 ἦν
3453 2052 3758 2126 κεχρῆσθαι

2117 2138 2408 2214 τῇτέχνῃ,
2448 2139 2540 2194 καὶ
2581 2139 2656 2201 εἷς
2703 2135 2920 2202 σανίδας
2969 2139 3212 2208 ἀποξέειν
3257 2143 3365 2195 τῶν
3401 2139 3654 2215 πρέμνων
3699 2141 3770 2196 τὰ

2121 2225 2422 2298 ἐπιτήδεια.
2481 2228 2650 2291 Οὗτος
2723 2229 2861 2284 κατά
2923 2228 2985 2284 τὸ
3039 2228 3266 2298 σύνηθες
3327 2227 3405 2293 εἷς
3464 2230 3528 2284 τὸ
3597 2247 3769 2302 παρα-

2117 2321 2372 2392 κείμενον
2431 2317 2557 2394 ὄρος
2613 2324 2712 2375 τοῦ
2770 2320 3014 2395 ’Δργαοῦ
3086 2321 3472 2396 παραγεγονὼς
3539 2314 3768 2393 ἔπραττε

2117 2407 2185 2462 τά
2266 2406 2453 2478 αὐτοῦ,
2519 2409 2610 2462 καὶ
2694 2407 2775 2473 εἷς
2859 2405 3072 2470 σανίδας
3146 2410 3215 2464 τά
3298 2408 3432 2479 ξύλα
3507 2408 3768 2479 ἀπέξεενο

369 2503 539 2573 cepit,
573 2504 632 2556 et
679 2501 739 2554 in
787 2499 979 2570 ignem
1027 2497 1570 2568 inexstinguibilem
1614 2500 2003 2568 eternumque

2118 2497 2254 2572 πρὸς
2305 2495 2472 2566 ταύτῃ
2511 2494 2568 2552 δὲ
2618 2491 2745 2552 ὅντα
2803 2502 2872 2572 τῇ
2922 2497 3143 2574 ἐργασίᾳ
3184 2496 3425 2568 Τζανίων
3477 2499 3591 2571 (68)
3643 2493 3769 2553 ὅνο-

370 2606 501 2647 cum
533 2588 716 2660 impia
746 2603 855 2642 sua
885 2585 1174 2642 sententia
1203 2585 1553 2640 amandatus
1579 2589 1688 2642 est.

2125 2606 2223 2659 μα,
2254 2587 2417 2663 γένος
2472 2585 2532 2642 ἐκ
2587 2585 2964 2659 Νικοπόλεως,
3019 2585 3246 2657 εὐσεϐής
3304 2589 3402 2657 τὴν
3454 2586 3772 2661 θρησκείαν,

367 2680 468 2748 τήν
490 2677 716 2754 γνώμην
767 2671 1036 2750 ἀνδρεῖος,
1085 2673 1177 2728 καὶ
1231 2674 1328 2737 τὰς
1390 2679 1579 2748 χεῖρας
1637 2672 2045 2749 παραπλήσιος,
2106 2675 2179 2737 ὡς
2239 2673 2371 2731 εἶδεν
2411 2675 2553 2732 οὕτω
2611 2677 2703 2732 τὸν
2763 2678 3038 2752 θεομάχον
3097 2683 3217 2738 ταῖς
3281 2677 3626 2753 μαγγανείαις
3656 2679 3774 2750 (69)

363 2766 528 2822 αὐτοῦ
580 2763 977 2840 τεθαρρηκότα,
1035 2764 1124 2818 καὶ
1202 2767 1320 2825 ταῖς
1397 2761 1675 2837 γοητείαις
1731 2763 1829 2831 τὴν
1909 2765 2054 2835 ζωὴν
2119 2765 2536 2836 πεπιστευκότα,
2593 2768 2684 2821 καί
2757 2767 3066 2840 καταμόνας
3133 2767 3455 2842 ξυλουργεῖν
3524 2764 3773 2840 ἐπηρμέ-

357 2879 470 2928 νον,
533 2856 673 2932 μέγα
728 2876 781 2910 τι
837 2853 929 2911 καὶ
987 2850 1236 2928 διάτορον
1294 2853 1431 2909 κατά
1503 2857 1605 2907 τοῦ
1661 2852 1976 2916 ἀπατεῶνος
2051 2849 2329 2927 ἐμϐοήσας
2394 2857 2485 2911 καὶ
2571 2861 2640 2931 τῇ
2699 2860 2852 2935 φωνῇ
2929 2852 3102 2934 φόϐου
3160 2877 3218 2912 τε
3283 2858 3373 2911 καὶ
3444 2854 3768 2927 ἐκπλήξεως

357 2948 681 3024 πληρώσας,
727 2947 1033 3022 ἀφαιρεῖται
1087 2945 1182 3018 μὲν
1231 2943 1414 3015 αὐτός,
1449 2946 1563 3018 (70)
1611 2943 1853 3007 ἄνοπλος
1909 2942 2005 3016 ὢν,
2048 2947 2148 3016 τήν
2207 2946 2392 3018 ἀξίνην
2439 2952 2548 3003 τῶν
2600 2953 2823 3022 χειρῶν,
2861 2947 3009 3003 παίει
3042 2945 3099 3003 δὲ
3144 2948 3236 3004 τὸν
3264 2946 3472 3003 πλάνον
3525 2946 3768 3023 καιρίαν,

353 3039 444 3095 καὶ
475 3040 665 3101 αὐταῖς
703 3042 822 3098 ταῖς
869 3034 1115 3112 πληγαῖς
1164 3037 1192 3091 6
1241 3035 1434 3111 πίκρὸς
1481 3033 1898 3107 ἐπηκολούθησε
1935 3039 2032 3091 τοῦ
2075 3035 2365 3114 ἀλιτηρίου
2416 3038 2665 3099 θάνατος.
2713 3038 2867 3095 Οὕτω
2904 3040 2999 3112 μὶν
3048 3037 3138 3110 δὴ,
3187 3038 3329 3095 οὕτω
3373 3040 3433 3094 τὸ
3474 3045 3574 3108 τῆς
3619 3039 3764 3094 ἀπά-

353 3151 454 3201 της
508 3129 582 3190 ὡς
640 3126 860 3198 ἀληθῶς
917 3125 1152 3200 πνεῦμα,
1210 3127 1238 3182 ὁ
1295 3130 1404 3182 τῶν
1462 3125 1815 3202 ἀνθρωπίνων
1853 3130 2048 3205 ψυχῶν
2108 3126 2334 3205 ὀλετήρ,
2387 3131 2422 3199 ἡ
2474 3132 2645 3204 πικρά
2698 3129 2788 3184 καὶ
2846 3129 3035 3206 βαθεῖα
3090 3136 3190 3200 τῆς
3243 3129 3574 3192 ἀποστασίας
3635 3130 3765 3204 ῥίζα

352 3222 414 3278 τὸ
445 3217 672 3298 ἔσχατον
721 3218 810 3276 καὶ
849 3224 1036 3294 χεῖρον
1079 3221 1188 3274 τῶν
1239 3214 1544 3293 ἔμπροσθεν
1589 3215 1755 3273 αὐτοῦ
1793 3218 2011 3272 πάντων
2059 3223 2240 3274 κακῶν
2287 3227 2388 3290 τῆς
2437 3220 2640 3283 οἴκείας
2685 3221 2850 3276 αὐτοῦ
2893 3220 3083 3296 χειρὸς
3128 3221 3219 3276 καὶ
3266 3223 3464 3296 τέχνης
3489 3225 3569 3294 τῷ
3598 3218 3768 3293 ὅπλῳ

352 3309 700 3381 κατακοπεὶς,
753 3314 860 3364 τῶν
915 3329 974 3363 τε
1047 3308 1338 3383 θεομάχων
1411 3307 1500 3362 καί
1579 3308 1938 3384 ὑπερηφάνων
1997 3305 2203 3383 λόγων,
2267 3309 2358 3364 καὶ
2445 3306 2755 3384 βδελυκτῶν
2830 3310 2920 3364 καὶ
2977 3309 3209 3365 ἀνοσίων
3265 3306 3439 3387 ἔργων
3494 3308 3585 3365 καὶ
3653 3315 3770 3366 τῶν

361 3401 665 3474 ἀμηχάνων
734 3397 1082 3473 ὑποσχέσεων
1130 3398 1219 3452 καὶ
1279 3394 1538 3468 ἐλπίδων,
1591 3397 1683 3451 καὶ
1736 3395 1903 3466 αὐτῆς
1960 3399 2061 3466 τῆς
2119 3403 2268 3467 ζωῆς
2331 3399 2583 3470 ἐξεκόπη,
2639 3398 2730 3454 καὶ
2795 3399 2872 3462 είς
2933 3400 2996 3455 τὸ
3052 3394 3309 3455 ἄσϐεστον
3365 3404 3472 3475 πῦρ
3528 3401 3615 3456 καὶ
3649 3404 3770 3474 (71)

353 3491 573 3546 αἲώνιον
615 3490 767 3562 αὐτῷ
795 3493 874 3562 τῷ
904 3487 1167 3562 θεομάχῳ
1197 3490 1503 3564 φρονήματι
1533 3485 1918 3563 παρεπέμφθη.

424 3581 590 3638 ΧΧν.
634 3580 870 3636 Tertius
911 3582 967 3634 et
1013 3577 1497 3650 quadragesimus
1551 3581 1609 3632 et
1666 3576 2001 3632 trecentesi-

2189 3578 2308 3634 KE’.
2353 3577 2544 3653 Τρίτον
2593 3577 2683 3633 καὶ
2737 3579 3162 3656 τεσσαρακοστὸν
3221 3579 3310 3634 καὶ
3355 3581 3772 3654 τριακοσιοστὸν

365 2413 602 2470 sionum
623 2416 678 2467 et
697 2409 1217 2482 exspectationum,
1239 2408 1543 2478 ipsiusque
1561 2407 1689 2462 vitis
1711 2408 1888 2464 ﬁnem
1916 2423 2010 2464 ac-

356 3688 490 3728 mus
536 3673 668 3743 post
705 3667 893 3725 sexies
943 3666 1316 3722 millesimum
1369 3682 1403 3721 a
1449 3665 1744 3722 creatione
1792 3665 2000 3720 mundi

356 3777 546 3817 annus
576 3758 995 3830 complebatur,
1029 3772 1163 3812 cum
1194 3755 1408 3826 impius
1439 3754 1538 3811 ille
1567 3761 1750 3811 morte
1779 3754 2001 3811 scelera

355 3849 485 3905 luit.
519 3847 850 3920 Discipulos
879 3850 1075 3902 autem
1106 3845 1342 3916 reliquit
1385 3844 1693 3916 apostasia!
1722 3844 2000 3918 improbi-

359 3939 608 4010 tatisque
637 3953 778 4004 sua),
811 3937 910 4007 qui
943 3936 1001 3990 in
1034 3934 1294 4007 mysticis
1326 3933 1628 3990 maleﬁciis
1658 3935 1782 3990 suis
1827 3939 2001 4006 atque

354 4028 660 4101 praestigiis
672 4025 894 4099 primas
908 4025 1204 4092 tenebant,
1217 4028 1337 4081 tres
1351 4039 1618 4090 numero,
1636 4023 1997 4092 Michaelem,

355 4120 705 4176 Kanacarem
729 4121 786 4172 et
805 4115 1114 4183 Joannem,
1134 4113 1482 4185 quibuscum
1502 4114 2003 4169 aunumerabatur

355 4210 714 4263 memoratus
744 4221 925 4275 supra
953 4203 1318 4268 Theodotus;
1348 4205 1479 4272 post
1504 4201 1638 4257 illos
1667 4205 1867 4256 autem
1899 4200 2003 4254 Ba-

353 4295 519 4352 silius
547 4298 604 4349 et
631 4293 915 4357 Zosimus,
977 4295 1035 4346 et
1078 4290 1176 4344 alii
1225 4288 1575 4358 complures.
1626 4288 1799 4344 Sedhi
1845 4287 2001 4343 illius

352 4380 756 4440 scelestissimi
787 4377 1046 4434 hominis
1079 4385 1164 4431 ter
1194 4375 1488 4431 maledicti
1520 4375 1819 4447 discipuli,
1856 4391 2001 4446 quos

353 4473 594 4544 decepta
623 4467 784 4542 plebs
813 4465 1280 4536 comperegrinos
1310 4463 1581 4535 appellat,
1616 4465 1897 4537 populum
1938 4462 2000 4519 in

353 4562 528 4635 Argei
555 4561 747 4618 locum
771 4558 1214 4628 congregatum,
1230 4553 1463 4610 tametsi
1491 4555 1758 4612 acerbam
1782 4558 1840 4611 et
1860 4553 2001 4611 divi-

2108 3665 2245 3740 πρὸς
2299 3670 2421 3729 τοῖς
2471 3672 2515 3730 ς’
2571 3665 2664 3720 ἀπ’
2723 3666 2904 3746 ἀρχῆς
2966 3674 3068 3737 τῆς
3123 3667 3506 3743 κοσμογενείας
3563 3668 3770 3738 ἠνύετο

2109 3750 2228 3815 ἔτος
2260 3756 2396 3828 (72),
2437 3752 2525 3810 ὅτε
2556 3753 2649 3810 τόν
2695 3754 2871 3831 βίαιον
2906 3757 3018 3830 (73)
3051 3757 3078 3810 6
3128 3757 3406 3832 θεομάχος
3447 3757 3605 3819 οὗτος
3656 3759 3774 3812 ἀπ-

2111 3845 2250 3899 έτισε
2279 3842 2524 3900 θάνατον.
2576 3843 2761 3900 Αείπει
2815 3843 2872 3900 δέ
2926 3846 3170 3918 μαθητὰς
3217 3852 3317 3915 τῆς
3368 3846 3533 3901 αὐτοῦ
3583 3867 3765 3918 μυσα-
3825 3857 3840 3866 ‘

2113 3932 2344 4008 ρότητος
2401 3935 2490 3989 καί
2549 3934 2900 4004 ἀποστασίας,
2961 3935 3014 3989 οἳ
3074 3935 3136 3990 τὸ
3203 3939 3476 4009 πρωτεῖον
3532 3933 3584 3989 ἐν
3635 3939 3765 3998 ταῖς

2114 4028 2399 4094 μυστικαῖς
2473 4023 2825 4100 μαγγανείαις
2901 4044 2963 4079 τε
3037 4023 3124 4078 καὶ
3201 4024 3480 4099 γοητείαις
3539 4020 3757 4099 ἔφερον,

2108 4118 2274 4186 τρεῖς,
2305 4114 2378 4166 ὧν
2411 4114 2439 4166 ὁ
2473 4113 2566 4186 μὲν
2615 4111 2874 4192 Μιχαὴλ,
2907 4113 2936 4168 ὁ
2987 4110 3044 4167 δὲ
3083 4115 3403 4188 Κανακάρης
3432 4114 3561 4186 (74),
3606 4113 3634 4166 6
3691 4108 3763 4167 δὲ

2110 4201 2295 4274 τρίτος
2327 4201 2582 4272 Ἰωάννης
2633 4201 2968 4275 ὠνομάζετο,
3017 4204 3105 4266 οἷς
3144 4203 3235 4258 καὶ
3277 4204 3305 4258 6
3360 4202 3765 4277 μνημονευθεὶς

2110 4288 2310 4342 ἄνωθεν
2366 4287 2625 4352 Θεόδοτος
2693 4290 3038 4363 συνητάζετο.
3098 4293 3162 4348 Οἱ
3220 4289 3279 4348 δὲ
3347 4293 3465 4366 μετ’
3519 4290 3772 4358 ἐκείνους

2109 4373 2395 4436 Βασίλειός
2423 4396 2481 4431 τε
2518 4377 2608 4432 καὶ
2656 4379 2928 4453 Ζώσιμος,
2961 4379 3049 4434 καὶ
3095 4377 3274 4453 ἕτεροι
3318 4377 3543 4441 πλείους
3572 4379 3707 4445 ἦσαν
3745 4397 3764 4410 ·

2109 4460 2237 4519 ἀλλ’
2269 4463 2418 4520 οὗτοί
2447 4486 2510 4541 γε
2549 4467 2601 4522 οἱ
2631 4471 2730 4523 τοῦ
2777 4465 3200 4543 τρισαλιτηρίου
3232 4467 3438 4524 ἐκείνου
3473 4468 3776 4543 τρισκατά-

2111 4573 2263 4629 ρατοι
2297 4555 2558 4628 μαθηταὶ,
2590 4555 2685 4620 οὓς
2734 4558 2823 4613 καὶ
2873 4555 3244 4632 συνεκδήμους
3286 4558 3350 4614 τὸ
3399 4558 3773 4631 ἠπατημένον

1519 4679 1754 4736 VARI/ii
1793 4680 2183 4738 LECTIONES
2223 4682 2314 4738 ET
2352 4683 2582 4740 ΝΟΤιἘ.

429 4805 541 4877 (66)
573 4797 860 4877 ’ApyaoBv:
909 4800 998 4877 ita
1027 4798 1466 4877 Coislinianus,_
1490 4803 1546 4856 et
1585 4798 1813 4877 Petrus
1837 4799 1999 4856 Sicu-
2027 4805 2074 4870 Ι)

353 4872 472 4944 lus,
499 4872 557 4949 p.
599 4872 696 4939 70,
723 4881 778 4930 et
823 4872 1139 4949 Gedrenus,
1171 4889 1228 4944 p.
1277 4872 1403 4927 444.
1440 4872 1750 4949 Deserendi
1800 4872 1996 4949 itaque

355 4943 724 5078 pxnt'noster
753 4948 810 5002 et
846 4943 1239 5013 Colbertinus,
1282 4959 1529 5016 quorum
1578 4948 1816 5016 uterque
1859 4943 1997 5015 legit

426 5038 613 5078 ργουν.

356 5021 588 5074 Ἀογοῦν
599 5059 613 5074 .

423 5040 872 5164 ῗέίὶῖζιδράσκει.
921 5082 1560 5164 Νοείθνᾼδιαδιδράσκει,
1594 5087 1747 5164 quod
1799 5087 1994 5164 praefe-

353 5159 602 5221 rendum
636 5159 1042 5234 p'uto.Photius
1063 5159 1220 5217 enim
1244 5159 1404 5215 amat
1426 5159 1766 5230 compositis
1787 5160 1867 5213 uti
1893 5175 1994 5228 pro

354 5233 745 5288 simplicibus.

353 5249 745 5294 BllelchUS.

421 5253 745 5306 mpucmus.

421 5307 544 5378 (68)
570 5303 1064 5378 TCavtwv,Cont_‘er
1091 5303 1328 5378 Petrum
1360 5301 1728 5378 Siculumkp.
1759 5302 1850 5378 7_O_.

424 5373 540 5450 (69}
569 5377 954 5450 Μαγγανείαις.
987 5375 1572 5450 Μιιείοαεματιθεάιιω
1605 5373 1746 5450 alias
1792 5373 1996 5450 Noster

352 5443 1106 5518 Manichaeis'exprobravitl
1143 5445 1356 5518 Eadem
1390 5445 1520 5501 dica
1566 5443 1838 5518 pluribus
1867 5444 1995 5518 aliis

351 5519 638 5580 btereticis
687 5515 902 5589 scripta
947 5523 1036 5574 est
1074 5535 1108 5573 a
1154 5515 1492 5589 veteribus:
1542 5515 1672 5572 vide
1720 5515 1996 5588 Spenceri

352 5597 533 5656 Notas
563 5593 634 5647 ad
665 5587 996 5662 Origenem,
1028 5589 1234 5662 Contra.
1257 5587 1491 5662 celsum,
1522 5605 1581 5658 p.
1611 5589 1647 5642 6
1686 5587 1851 5660 seqq.

427 5667 540 5745 (70)
589 5655 883 5724 νΔνοπλος.
943 5655 1148 5719 Noster
1199 5655 1998 5731 itonkoc'utraque'l‘orma

2104 4801 2255 4872 apud
2288 4802 2509 4872 Gnaeos
2540 4801 2869 4860 adhibetur.

2105 4870 2418 5014 pgilglatiat
2447 4873 2659 4930 Addidi
2691 4891 2759 4930 ex
2797 4878 3019 4943 nostro,
3069 4876 3226 4949 quod
3256 4875 3537 4933 orationis
3565 4877 3766 4936 series

2103 4987 2495 5158 ;1:(:2;:§10c.
2547 5017 2758 5076 Addidi
2806 5035 2874 5076 ex
2919 5025 3142 5092 nostro,
3192 5021 3265 5076 ad
3313 5036 3550 5078 sensum
3599 5036 3774 5078 com-

2173 5127 2450 5236 (θῖέἧῃῖδν
2479 5157 2997 5236 -βίαιονοθά-νατοντ
3040 5163 3247 5220 Noster
3295 5163 3435 5236 legit
3478 5161 3568 5216 τὸν
3633 5159 3771 5235 βίον

2105 5227 2352 5318 caveres.
2388 5227 2757 5318 Sed'insueta
2787 5234 2908 5318 haec
2949 5235 3177 5318 phrasis
3200 5239 3290 5318 est
3322 5227 3585 5318 {vitaque
3624 5227 3766 5290 ina-

2103 5301 2207 5356 lim
2239 5303 2607 5373 acquiescere
2637 5305 2696 5360 in
2730 5301 2978 5362 lectione
3007 5306 3345 5362 Coisliniani
3378 5301 3616 5362 codicis.

2173 5375 2291 5457 (74)
2324 5371 2849 5457 ⁸ξΟΠδξΚανακάρης.
2884 5380 2972 5457 ita
3025 5378 3232 5457 scripsi
3264 5395 3333 5434 ex
3375 5383 3600 5457 ucstra,
3654 5392 3780 5457 pro

2105 5461 2218 5516 quo
2248 5445 2684 5522 Coislinianus:
2728 5445 2824 5522 τὸν
2884 5445 2942 5503 δὲ
2987 5445 3319 5522 κάνακάρην.
3362 5450 3519 5522 Illud
3556 5445 3777 5522 magis

2106 5519 2416 5588 respondet
2445 5522 2547 5589 τῷ,
2571 5517 2904 5592 ὠνομάζετο”
2937 5536 3074 5578 cum
3103 5517 3280 5580 altera
3311 5521 3414 5579 illa
3434 5521 3604 5579 lectio
3625 5517 3778 5579 sine

2105 5587 2293 5660 ellipsi
2325 5589 2519 5648 locum
2554 5591 2759 5648 habere
2789 5609 2904 5650 non
2937 5593 3143 5665 possit.
