4074 6208
293 411 376 471 81

1413 412 1724 476 CONTRA
1768 413 2236 476 MANICHJEOS
2279 413 2517 476 LIBER
2558 415 2610 476 Ι.

3633 423 3712 482 82

298 540 519 612 πλῆθος
556 539 1026 616 ἐπονομάζουσιν,
1071 543 1163 598 τὸν
1217 543 1571 617 ἀθροισθέντα
1619 545 1748 602 λαὸν
1791 543 1843 602 ἐν
1870 549 1923 601 τί

2064 547 2225 606 nitus
2251 547 2579 604 immissam
2613 548 2874 621 magistri
2906 556 3149 607 mortem
3178 551 3464 621 viderant,
3485 556 3542 608 et
3567 553 3713 611 nihil

306 633 560 708 ’Δργαοῦ,
599 631 780 686 καίτοι
845 631 940 686 τὸν
998 631 1191 706 πικρὸν
1248 632 1340 687 καὶ
1397 632 1664 704 θεήλατον
1717 638 1813 689 τοῦ
1868 631 1950 689 δι-

2063 653 2289 706 eorum,
2321 655 2446 708 quae
2491 638 2588 693 ille
2629 646 2958 710 portentosa
2988 639 3708 712 conﬁnxeret,aceidisset,

307 719 575 777 δασκάλου
637 720 868 775 θάνατον
929 715 1053 794 ὅψει
1118 717 1404 792 λαϐόντες,
1473 723 1561 776 καὶ
1639 720 1816 794 οὺδὲν,
1877 724 1922 777 ὦ

2063 725 2370 799 populum,
2395 726 2830 798 inquam,illum
2853 735 3315 800 corrumpere,et
3337 731 3714 802 pessumdare

302 810 594 887 έθεομάχει
652 807 744 864 καὶ
804 808 1167 884 ἐτερατεύετο,
1243 809 1535 885 προελθὸν,
1602 809 1756 886 ὅμως
1830 818 1918 868 τοῖ

2061 816 2382 888 pergebant
2430 832 2443 870 :
2495 831 2600 872 nec
2645 816 2798 872 ultra
2849 817 3171 887 impietatis
3201 819 3604 890 magisterium
3635 821 3707 876 ad

293 897 514 971 ὁμοίοις
553 903 748 961 κακοῖς
789 895 1156 977 διεφθείροντό
1203 919 1262 954 τε
1307 899 1396 954 καὶ
1459 899 1946 974 κατελυμαίνοντο,

286 986 386 1042 οὐκ
430 985 514 1042 ἔτι
569 989 667 1061 μὲν
715 988 792 1049 εἰς
841 985 929 1043 ’ἕνα
975 987 1094 1042 τινὰ
1130 988 1165 1058 ἢ
1217 989 1292 1051 εἷς
1334 987 1430 1044 δύο
1468 991 1532 1044 τὸ
1563 986 1944 1046 διδασκαλικὸν

277 1083 384 1145 τῆς
445 1076 762 1152 θεομαχίας
813 1077 1168 1155 ἀναφέροντες
1225 1077 1458 1152 ἀξίωμα,
1517 1078 1802 1152 ὁμοτίμως
1889 1077 1945 1134 δὲ

277 1165 573 1237 ἀλλήλοις
607 1165 762 1222 αὐτοὶ
793 1166 931 1222 κατᾶ
958 1165 1174 1237 πλῆθος
1200 1174 1300 1238 τῆς
1347 1166 1561 1238 πλάνης
1611 1172 1690 1240 τῷ
1740 1166 1942 1239 πλήθει

273 1255 724 1332 καθηγούμενοι·
768 1259 958 1331 Ὅμως
1016 1255 1073 1312 δὲ
1129 1257 1219 1312 καὶ
1297 1252 1709 1329 ὑποϐεϐηκότας
1769 1257 1943 1312 αὐτῶν

273 1366 436 1408 τινας
470 1344 698 1421 ἑτέρους
729 1341 968 1416 ἔταττον,
1021 1346 1114 1408 οὓς
1159 1346 1250 1401 καί
1302 1345 1584 1420 νοταρίους
1633 1347 1938 1420 ὠνόμαζον,

270 1431 366 1488 καί
419 1455 551 1490 τινα
593 1439 707 1490 τῶν
746 1433 1074 1510 ἆποῤῥήτων
1121 1435 1212 1490 καὶ
1256 1431 1570 1510 βδελυκτῶν
1616 1435 1818 1512 ὀργίων
1865 1433 1943 1498 εἷς

275 1521 532 1598 ἐποψίαν
563 1523 656 1580 καὶ
684 1521 1004 1594 τελεστικὴν
1036 1523 1312 1603 ἀφώριζον
1342 1522 1684 1588 ἐπιμέλειαν.

355 1613 511 1688 KQ".
571 1614 704 1669 Ὑπὸ
756 1612 815 1670 δὲ
902 1613 1030 1676 τοὺς
1113 1611 1310 1677 αὐτοὺς
1389 1613 1733 1691 ἀναφαίνεται
1815 1634 1940 1669 και-

273 1704 414 1778 ροὺς
477 1705 594 1777 (75)
644 1704 736 1758 καὶ
776 1704 804 1759 ὁ
859 1701 1272 1778 τρισαλιτήριος
1323 1698 1567 1778 Καρϐέας
1619 1705 1754 1776 (76),
1797 1703 1934 1778 ἀνὴρ

276 1791 466 1848 δεινὸς
500 1794 596 1867 μὲν
627 1791 881 1849 ὑπελθεῖν
917 1791 1114 1868 ὄχλον,
1163 1793 1419 1870 στεγανὸς
1461 1791 1518 1848 δὲ
1569 1792 1827 1868 κρύπτειν
1873 1795 1936 1849 τὸ

2055 921 2237 962 unum
2257 905 2345 961 vel
2372 905 2522 961 duos
2554 905 2900 962 referebant.
2927 907 3037 962 Sed
3061 907 3187 978 pari
3218 908 3369 963 inter
3399 925 3460 964 se
3489 909 3710 966 honore

2057 993 2422 1050 multitudini
2452 994 2916 1065 praeﬁciebantur
2949 1012 2961 1051 :
3001 1001 3257 1052 attamen
3290 998 3577 1069 quosdam
3615 999 3710 1054 in-

2055 1081 2306 1151 ferioris,
2355 1084 2574 1154 gradus
2630 1083 3076 1152 constituerunt,
3136 1101 3282 1156 quos
3331 1086 3706 1158 appellabant

2054 1172 2566 1243 notarios,quibus
2613 1187 2813 1228 curam
2860 1175 3174 1244 quamdam
3222 1177 3278 1230 et
3334 1175 3591 1232 ofﬁcium
3633 1175 3694 1232 in

2050 1259 2461 1318 abominandis
2501 1262 2627 1318 suis
2667 1261 2846 1334 orgiis
2876 1269 2930 1318 et
2960 1261 3390 1320 initiationibus
3419 1264 3694 1336 assigna-

2051 1348 2212 1406 bant.

2117 1618 2316 1675 XXVI.
2341 1619 2464 1676 Sub
2495 1619 2605 1675 boc
2625 1623 2858 1691 tempus
2879 1618 3177 1676 eminebat
3197 1619 3689 1678 sceleratissimus

2046 1707 2320 1777 Carbeas,
2344 1709 2428 1766 vir
2455 1710 2525 1764 ad
2549 1708 2986 1765 subornandam
3014 1708 3243 1781 plebem
3275 1713 3504 1774 acutus,
3529 1709 3690 1766 calli-

2047 1797 2158 1854 dus
2197 1797 2269 1852 ad
2302 1811 2370 1853 ea
2411 1796 2777 1866 occultanda,
2812 1813 2943 1868 qum
2965 1797 3168 1854 efferre
3199 1814 3302 1867 par
3335 1814 3450 1853 non
3471 1802 3618 1864 erat,
3639 1801 3698 1854 et

285 1883 610 1960 ἂνέκφορον,
653 1882 742 1938 καὶ
791 1887 912 1944 τοῖς
969 1881 1210 1957 χείλεσιν
1251 1879 1399 1938 ἄλλα
1445 1882 1735 1958 προφέρειν
1790 1884 1923 1958 παρᾶ

2042 1887 2115 1944 ad
2147 1886 2259 1943 alia
2289 1887 2714 1958 persuadenda,
2748 1902 2925 1958 quam
2958 1903 3084 1958 quas
3115 1886 3175 1942 in
3206 1887 3379 1944 corde
3408 1885 3686 1960 latebant,

285 1972 402 2039 τήν
434 1969 489 2025 ἓν
519 1975 581 2043 τῇ
631 1969 828 2046 καρδίᾳ
889 1968 1121 2046 μελέτην
1171 1971 1569 2039 πιθανώτατος,
1619 1972 1708 2026 καὶ
1751 1970 1930 2028 πίστιν

287 2060 397 2131 μὲν
456 2057 570 2114 οὐδ’
618 2058 810 2128 ἥντινα
869 2059 1133 2136 στέργων,
1192 2060 1308 2114 ἐπεὶ
1358 2060 1447 2116 καὶ
1497 2060 1565 2114 τὰ
1611 2063 1720 2116 τῶν
1775 2061 1933 2134 Ἀρά-

271 2143 400 2202 ϐων
431 2152 548 2220 (77)
593 2149 824 2217 θειάζειν
873 2147 1311 2222 ἐσχηματίσατοο
1361 2147 1508 2218 πλὴν
1553 2155 1654 2218 τῆς
1692 2147 1930 2204 ἀποστά-

261 2235 398 2298 σίας
453 2235 686 2311 ἐραστὴς
749 2237 839 2292 καὶ
896 2236 1146 2313 λέγεσθαι
1232 2238 1323 2293 καὶ
1387 2237 1702 2311 νομίζεσθαι
1767 2236 1928 2300 κλέος

261 2327 638 2398 ποιούμενος,
687 2323 812 2381 οἵ)δέ
846 2329 948 2391 τῆς
997 2327 1132 2381 κατὰ
1172 2325 1416 2400 πόλεμον
1471 2325 1758 2401 ἐμπειρίας
1814 2328 1931 2400 (78)

261 2416 650 2491 ἀγύμναστος.
700 2415 794 2470 Διὸ
836 2415 928 2471 καὶ
985 2419 1086 2482 τῆς
1141 2415 1512 2485 ἀποστατικῆς
1557 2415 1762 2486 ἐκείνης
1789 2413 1932 2486 πλη-

261 2505 407 2566 θύος
463 2502 575 2573 ἤδη
638 2505 772 2578 πρὸς
831 2508 991 2580 χεῖρα
1045 2503 1360 2579 πολεμικήν
1417 2525 1475 2560 τε
1528 2504 1619 2560 καὶ
1708 2505 1926 2579 βαρεῖαν

261 2590 684 2669 ἆδρυνομένής,
735 2591 925 2669 ἄρχειν
982 2594 1086 2649 ὑπὸ
1145 2598 1243 2650 τοῦ
1299 2593 1549 2664 πλήθους
1607 2593 1800 2669 ᾑρέθη,
1869 2594 1928 2654 ὃς

264 2680 370 2738 ἐπὶ
435 2679 654 2755 μᾶλλον
708 2679 884 2755 αὔξων
936 2701 997 2737 τε
1041 2683 1133 2736 καὶ
1197 2682 1478 2757 κρατύνων
1531 2683 1595 2738 τὸ
1653 2683 1929 2759 θεομάχον

261 2772 583 2844 ἄθροισμα,
615 2768 730 2831 ἐπεὶ
759 2774 830 2845 τῇ
866 2770 1132 2848 βαρύτητι
1157 2775 1254 2827 τοῦ
1291 2771 1601 2848 πολυχνίου
1652 2793 1930 2849 στενοχω-

263 2861 552 2934 ρούμενος
581 2857 692 2915 εἶδε
719 2860 848 2922 τοὺς
876 2861 979 2915 ὑπὸ
1011 2867 1195 2936 χεῖρα,
1235 2860 1396 2918 πόλιν
1443 2860 1621 2932 ἄλλην
1673 2864 1926 2939 εὐρυχω-

261 2948 510 3024 ροτέραν
568 2946 790 3025 ἐγείρει,
837 2948 902 3016 ἣν
943 2947 1264 3021 ἐπωνόμαζε
1317 2950 1585 3023 Τεφρικὴν
1648 2951 1781 3022 (79),
1837 2949 1926 3004 καὶ

253 3038 484 3107 ταύτην
541 3041 656 3099 τοῖς
711 3037 996 3110 ἑπομένοις
1051 3035 1292 3108 πολίζει,
1352 3039 1496 3112 ὁμοῦ
1547 3039 1640 3112 μὶν
1690 3038 1780 3093 καὶ
1825 3041 1925 3109 τήν

250 3125 679 3204 ἐπιφερομένην
722 3131 831 3182 τῶν
887 3125 1248 3183 Μελιτινιτῶν
1293 3131 1408 3202 (80)
1463 3127 1773 3185 ἀποκλίνων
1823 3151 1917 3185 τυ-

2045 1974 2266 2032 nullam
2313 1991 2512 2031 revera
2549 1980 2755 2033 tenens
2797 1976 2994 2046 ﬁdem,
3023 1975 3239 2048 quippe
3282 1975 3384 2048 qui
3430 1978 3687 2034 Arabum

2043 2063 2383 2136 religionem
2415 2081 2479 2121 se
2517 2064 2795 2120 admirari
2834 2065 3144 2122 simularet
3183 2079 3198 2121 :
3245 2069 3516 2122 caeterum
3549 2082 3688 2136 apo-

2039 2152 2228 2209 stasia:
2275 2158 2595 2210 amatorem
2635 2157 2692 2209 et
2741 2153 2858 2209 dici
2905 2161 2960 2209 et
3001 2153 3325 2210 existimari
3377 2154 3586 2210 honori
3631 2159 3690 2212 et

2038 2243 2233 2316 gloria
2265 2243 2375 2298 sibi
2408 2258 2537 2299 esse
2566 2243 2833 2312 ducebat,
2866 2258 3054 2314 neque
3082 2241 3306 2298 bellicas
3335 2243 3418 2299 rei
3449 2243 3690 2314 imperi-

2037 2333 2132 2384 tus
2151 2332 2296 2384 erat.
2327 2328 2710 2394 Quamobrem
2743 2343 2876 2383 cum
2901 2327 3218 2399 apostatica
3235 2327 3336 2384 illa
3368 2328 3682 2385 multitudo

2029 2416 2156 2488 jam
2188 2431 2254 2472 eo
2284 2415 2630 2473 incrementi
2667 2416 2945 2484 venisset,
2974 2419 3036 2472 ut
3086 2415 3397 2473 militarem
3431 2431 3676 2472 manum

2035 2504 2407 2578 suppeditare
2432 2508 2649 2579 posset,
2672 2505 2747 2561 ad
2768 2504 3080 2578 imperium
3103 2505 3174 2561 ab
3196 2504 3298 2562 illa
3315 2509 3547 2562 evectus
3570 2510 3679 2573 est,

2037 2599 2232 2666 utpote
2261 2593 2362 2666 qui
2394 2593 2800 2664 impiissimum
2833 2596 3043 2649 coetum
3068 2598 3125 2648 et
3147 2607 3355 2665 augere
3385 2598 3444 2650 et
3475 2594 3685 2652 conﬁr-

2035 2699 2198 2740 mare
2211 2698 2380 2756 posse
2402 2683 2910 2741 crederetur.Cum
2925 2685 3120 2738 autem
3137 2681 3683 2754 oppiduliangustia

2033 2789 2270 2846 pressos
2299 2776 2562 2829 cerneret
2582 2771 2870 2840 subditos,
2889 2771 3065 2827 aliam
3098 2771 3446 2844 ampliorem
3470 2772 3676 2828 urbem

2033 2863 2322 2934 excitavit,
2369 2878 2547 2934 quam
2591 2861 2939 2934 Tephricam
2989 2861 3328 2928 nominavit,
3373 2862 3684 2934 ipsamque

2035 2953 2384 3025 sequacibus
2413 2953 2533 3009 suis
2564 2951 2932 3008 incolendam
2961 2951 3137 3018 dedit,
3163 2955 3225 3007 ut
3267 2951 3677 3008 imminentem

2033 3041 2423 3100 Melitinorum
2469 3041 2837 3112 tyrannidem
2886 3039 3218 3096 declinaret.
3261 3041 3404 3096 Nam
3454 3041 3679 3098 etiamsi

2033 3131 2203 3189 initio
2252 3131 2687 3204 perhumaniter
2734 3129 2808 3186 ab
2868 3128 2988 3186 illis
3042 3128 3264 3201 excepti
3311 3129 3583 3199 fuissent,
3625 3135 3682 3186 et

251 3179 674 3294 gazam:
718 3179 822 3292 ,5,
869 3179 1916 3297 ges?satietates.sua-

2038 3179 2200 3189 ...πη
2296 3179 2679 3188 -.___..._----
2735 3179 2804 3186 τ-
2869 3179 2987 3186 η---
3046 3179 3264 3201 -__-,--
3312 3179 3583 3199 -_-____-,
3629 3179 3677 3186 --

2038 3225 2169 3277 tunc
2198 3179 2333 3277 curm
2363 3219 2494 3276 illos
2516 3219 2722 3276 divites
2744 3233 2871 3274 esse
2902 3221 3208 3274 cernerent
3233 3234 3297 3274 ac
3318 3219 3677 3289 quotidianis

243 3309 450 3380 ξαντο,
513 3302 643 3360 ἄλλ’
705 3301 798 3360 οὖν
850 3303 1224 3367 πλουτοῦντας
1291 3307 1547 3382 ὁρῶντες,
1604 3307 1695 3362 καὶ
1745 3307 1914 3364 πλέον

250 3399 333 3452 ὧν
381 3395 651 3465 ἤλπιζον,
705 3399 826 3456 ταῖς
884 3395 998 3449 καθ’
1052 3395 1264 3470 ἡμέραν
1322 3394 1640 3472 λῃστρικαῖς
1699 3395 1918 3476 ἐφόδοις

248 3487 335 3548 εἰς
367 3481 638 3557 εὐπορίαν
669 3481 1012 3546 ἐπιδιδόντας
1041 3483 1140 3540 ούκ
1177 3481 1368 3540 ἔτιτὸν
1401 3483 1686 3560 ὂφθαλμὸν
1725 3485 1912 3549 αὐτοῖς

249 3573 593 3632 ἐπιϐάλλειν
636 3574 834 3651 φθόνου
883 3575 1063 3653 χωρὶς
1107 3574 1198 3630 καὶ
1247 3575 1556 3646 πλεονεξίας
1621 3575 1911 3646 ἠδύναντο.

249 3666 354 3722 Διὸ
411 3661 946 3741 λαφυραγωγοῦντες
996 3663 1191 3727 αὐτοὺς
1243 3663 1459 3741 τέχναις
1516 3665 1754 3730 πολλαῖς
1819 3668 1910 3722 καὶ

255 3752 523 3828 μεθόόοις
573 3753 674 3808 οὐκ
719 3753 989 3812 ἐνέλιπον.
1037 3755 1154 3810 Μία
1197 3757 1382 3810 τοίνυν
1425 3755 1516 3810 καὶ
1573 3757 1706 3826 αὐτὴ
1743 3756 1908 3827 αἰτία,

255 3841 341 3913 δι,
371 3844 437 3913 ἦν
465 3843 544 3905 ὠς
575 3843 846 3918 ἀπωτέρω
883 3850 985 3914 τῆς
1031 3841 1300 3920 προτέρας
1348 3845 1616 3916 οἰκήσεως
1663 3845 1907 3916 πολίζειν

264 3927 406 4006 ἔγνω
440 3934 507 3986 τὸ
556 3933 824 4003 ὑπήκοον.
875 3934 994 3989 Ἔτι
1045 3931 1101 3989 δὲ
1149 3934 1239 3989 καὶ
1287 3938 1367 4007 τῷ
1414 3933 1758 4009 ἀνεπιμίκτῳ
1800 3939 1906 3989 τῶν

257 4019 452 4077 ἄλλων
493 4021 800 4097 ἀνθρώπων
833 4021 912 4085 εἷς
948 4023 1045 4086 τὰς
1104 4020 1492 4096 δαιμονιώδεις
1513 4023 1603 4078 καὶ
1645 4023 1908 4088 ἐκτύπους

254 4111 370 4168 τῶν
425 4112 701 4186 πράξεων,
757 4111 848 4166 ἅτε
907 4109 972 4181 δὴ
1041 4113 1158 4168 καθ’
1206 4111 1432 4177 ἑαυτοὺς
1493 4113 1675 4182 ὄντας,
1733 4111 1906 4176 ἀδεῶς

256 4205 466 4274 χωρεῖν
527 4199 622 4255 καὶ
663 4197 758 4254 σὺν
815 4199 1091 4276 παρῥησίᾳ
1147 4200 1571 4277 προνοούμενος.
1639 4202 1732 4258 Ἐκ
1785 4223 1908 4278 γει-

2026 3309 2558 3383 depraedationibus
2582 3324 2775 3364 rerum
2799 3307 2964 3378 copia
2988 3312 3334 3374 crescentes,
3368 3323 3483 3363 non
3515 3311 3673 3379 pote-

2025 3403 2155 3457 rant
2183 3415 2282 3456 eos
2301 3398 2429 3455 sine
2448 3398 2667 3454 invidia
2704 3401 2761 3455 et
2795 3395 3110 3469 cupiditate
3145 3396 3454 3467 respicere.
3479 3396 3671 3461 Quare

2022 3505 2136 3546 non
2179 3488 2491 3547 cessabant
2545 3487 2628 3543 eis
2685 3485 2976 3554 insidiari,
3016 3488 3083 3540 ut
3121 3485 3309 3556 spolia
3355 3486 3664 3557 eriperent.

2020 3581 2155 3644 Quae
2187 3578 2424 3649 quidem
2444 3593 2562 3633 una
2591 3576 2702 3648 ipsi
2735 3592 2910 3631 causa
2939 3575 3070 3645 fuit,
3086 3590 3190 3630 cur
3211 3573 3460 3646 procula
3483 3575 3670 3646 prima

2020 3668 2379 3725 habitatione
2399 3666 2664 3724 subditos
2685 3681 2856 3722 suam
2879 3665 3075 3722 sedem
3098 3680 3310 3736 ponere
3331 3665 3665 3722 decreverit.

2017 3759 2101 3814 Ad
2135 3759 2258 3814 haec
2289 3761 2478 3813 autem
2511 3756 2773 3824 curabat,
2791 3760 2851 3811 ut
2881 3754 3133 3826 separati
3164 3770 3197 3809 a
3224 3753 3447 3810 caeteris
3483 3752 3667 3809 homi-

2019 3847 2217 3916 nibus,
2251 3846 2625 3902 desmoniacis
2643 3851 2700 3900 et
2731 3844 3002 3900 absurdis
3023 3843 3199 3899 rebus
3224 3842 3469 3899 seorsim
3491 3843 3669 3914 positi

2018 3935 2263 3992 liberius
2292 3941 2349 3992 et
2387 3951 2521 3992 cum
2555 3934 2769 3990 ﬁducia
2797 3941 3087 3990 vacarent.
3119 3932 3264 3988 Cum
3313 3931 3468 3988 enim
3501 3936 3670 3988 antea

2017 4024 2239 4082 vicinos
2278 4024 2564 4080 haberent
2610 4023 2949 4091 Saracenos,
2981 4036 3179 4077 eorum
3223 4020 3399 4076 simul
3433 4021 3582 4076 ritus
3614 4024 3671 4075 et

2017 4130 2156 4170 suos
2188 4112 2609 4179 observabant;
2643 4111 2743 4166 sed
2765 4126 2961 4168 eorum
2992 4109 3136 4166 ritus
3165 4109 3450 4165 theatrico
3482 4125 3665 4179 more,

2017 4221 2156 4260 suos
2185 4219 2321 4259 vero
2351 4201 2602 4274 mystico
2633 4199 2816 4257 cultu.

255 4291 427 4344 τόνων
484 4290 590 4365 γὰρ
649 4283 872 4368 ἔχοντες
930 4293 1194 4366 πρότερον
1251 4289 1380 4355 τοὺς
1441 4291 1816 4367 Σαρακηνοὺς,
1875 4287 2121 4348 ἐσέϐοντο
2192 4291 2286 4366 μὲν
2345 4292 2456 4364 (81)
2511 4288 2580 4345 τὰ
2635 4288 2836 4358 αὐτῶν,
2895 4282 3145 4344 ἐσέϐοντο
3203 4283 3262 4340 δὲ
3305 4282 3496 4340 καὶτὰ
3523 4283 3662 4340 ἐκεί-

255 4398 384 4435 νων
411 4378 569 4436 ἀλλὰ
597 4399 666 4435 τα
699 4380 792 4454 μὶν
827 4381 940 4455 (82)
969 4379 1186 4437 ἐκείνων
1219 4380 1607 4456 θεατρίζοντες,
1639 4383 1703 4438 τὰ
1735 4380 1793 4438 δὲ
1823 4383 1998 4439 οἰκεῖα
2032 4383 2554 4457 μυστηριαζόμενοι.

333 4477 444 4528 ΚΖ.
510 4469 634 4527 Ἐπὶ
687 4469 906 4532 τούτοις
962 4467 1019 4526 δὲ
1064 4471 1154 4526 καὶ
1203 4469 1482 4546 ἐπίκαιρος
1530 4470 1706 4528 ἐδόκει
1763 4474 1899 4548 πρὸς

2081 4475 2294 4532 XXVII.
2339 4476 2626 4530 Praaterea
2681 4471 2822 4528 urbs
2865 4470 2968 4528 illa
3010 4487 3042 4526 a
3088 4484 3148 4528 se
3191 4472 3417 4526 structa
3457 4485 3664 4542 oppor-

259 4559 352 4620 τὰς
402 4557 761 4634 καταδρομὰς
813 4565 914 4630 τῆς
973 4560 1290 4634 Ῥωμαϊκῆς
1346 4561 1528 4638 ἀρχῆς
1583 4563 1645 4630 ἣν
1705 4561 1898 4632 ἀνέστη

2041 4581 2153 4622 una
2177 4564 2482 4620 videbatur
2509 4579 2634 4620 esse
2665 4563 2737 4619 ad
2770 4562 3094 4618 Romanum
3120 4559 3432 4631 imperium
3461 4558 3660 4614 incur-

259 4647 438 4704 πόλιν.
472 4647 708 4704 Μᾶλλον
744 4668 805 4702 τε
831 4649 934 4725 γὰρ
973 4648 1274 4721 ἐπλησίαζε
1319 4655 1437 4713 τοῖς
1493 4650 1658 4721 αὐτῆς
1707 4651 1902 4727 ὁρίοις.

2014 4653 2284 4723 sandum,
2322 4656 2521 4725 utpote
2563 4651 2724 4707 illius
2753 4649 2970 4704 ﬁnibus
3010 4647 3274 4704 vicinior.
3309 4647 3454 4712 Quin
3483 4645 3658 4702 etiam

255 4736 432 4793 Ἀλλά
470 4736 562 4792 καὶ
595 4735 758 4801 εἴτις
793 4736 1123 4812 αὐτομολεῖν
1150 4737 1348 4796 ἐκεῖθεν
1387 4736 1648 4797 ἐϐούλετο
1670 4744 1777 4796 τῶν
1805 4742 1906 4810 τὴν

2038 4741 2065 4796 si
2105 4741 2239 4814 quis
2280 4742 2414 4798 inde
2465 4741 2834 4812 transfugere
2878 4736 3048 4794 vellet
3077 4751 3143 4791 ex
3195 4735 3292 4803 iis,
3316 4734 3414 4807 qui
3471 4733 3659 4790 eidem

260 4826 425 4898 αὐτὴν
487 4821 734 4882 ἀσέϐειαν
789 4823 1086 4903 ἐγκόλπιον
1158 4829 1457 4907 φερόντων,

1551 4830 1904 4906 ἑτοιμοτέραν

2038 4830 2300 4903 mpietati
2349 4829 2840 4895 assentiebantur,
2874 4825 3222 4898 paratiorem
3274 4824 3347 4880 ad
3377 4824 3574 4896 fugam
3605 4827 3664 4881 et

1426 4971 1667 5029 VARIIE
1706 4970 2096 5030 LECTIONES
2133 4970 2226 5026 ET
2264 4968 2498 5026 NOTAE.

329 5105 446 5248 (75)
478 5103 738 5176 Καιρούς.
767 5103 980 5163 Noster
999 5104 1234 5190 καιριάς,
1265 5107 1566 5167 mendose.

329 5177 422 5248 (76
493 5169 737 5248 Καρϐἑας
786 5176 874 5233 Ita
921 5180 1195 5248 rescripsi
1243 5195 1312 5236 ex
1371 5185 1566 5238 nostro

327 5175 446 5302 £76)
493 5175 737 5260 Καρξέας
786 5176 874 5259 ita
921 5175 1312 5263 rosei-ipsis;
1371 5185 1572 5238 nostro
1617 5197 1733 5266 .pro
1771 5199 1904 5255 καρ-

265 5243 410 5309 ερας
463 5248 810 5304 Colsliniani
857 5249 1104 5307 Codicis.
1153 5252 1463 5307 Nobiscum
1524 5253 1660 5309 facit
1700 5253 1906 5310 Petrus

265 5320 515 5388 Siculus,
547 5337 605 5390 p.
637 5319 732 5386 72,
763 5321 1164 5395 et‘Cedrenus,
1198 5339 1256 5394 p.
1285 5323 1410 5392 444,
1444 5324 1541 5395 qui
1583 5340 1702 5380 rem
1736 5326 1904 5393 hanc,

269 5397 430 5463 prout
457 5395 772 5466 gesta‘est,
806 5391 938 5466 data
968 5409 1140 5466 opera
1171 5391 1392 5450 recitat.

332 5456 766 5539 σηᾎράϐωνξ
821 5456 1038 5539 Recte;
1054 5482 1168 5539 pro
1215 5483 1331 5538 quo
1373 5471 1568 5539 noster
1600 5461 1904 5539 Ἀβράϐων,

331 5533 441 5607 (78)
502 5533 855 5607 Ἐμπειρίας.
917 5533 1094 5592 Addit
1152 5533 1352 5596 noster
1409 5538 1496 5608 ἦν,
1556 5533 1907 5610 quoniamst)

275 5621 408 5679 Opus
437 5623 558 5663 non
594 5611 703 5662 est.

319 5678 776 5760 .(79)T3?ptx1$v_.
810 5680 898 5736 Ita
913 5683 1082 5760 recte
1110 5688 1336 5760 noster,
1387 5698 1655 5760 promqu‘o
1702 5682 1913 5760 0919,ιὶ-

281 5747 477 5808 uiantis
525 5747 686 5808 male
732 5751 982 5824 Τιφικόν,
1031 5753 1202 5825 pejus
1246 5747 1448 5810 Petrus
1477 5747 1710 5812 Siculus
1738 5747 1917 5827 Τιϐρι-

2014 5107 2141 5178 χήν.
2173 5109 2284 5164 Pro
2314 5111 2516 5164 nostra
2546 5104 2862 5178 scriptione
2893 5105 3027 5162 facit
3055 5105 3114 5161 et
3158 5102 3340 5160 codex
3385 5099 3664 5159 Colberti-

2017 5177 2153 5247 nus,
2185 5185 2242 5236 et
2269 5180 2586 5247 Cedrenus,
2619 5193 2674 5249 p.
2708 5177 2834 5232 444.

2090 5243 2202 5378 (ἕο)
2229 5243 2839 5336 Μελιτινιτῶν.’Βϐοιθ,
2873 5265 2976 5322 pro
3006 5263 3120 5320 quo
3152 5249 3354 5304 noster
3383 5243 3660 5301 mendose

2019 5329 2099 5377 Με
2146 5341 2392 5376 ιπνιτων.

2077 5341 2369 5376 εΛιπνιτων
2382 5364 2392 5375 .

2090 5396 2202 5466 (81)
2234 5388 2478 5450 Ἐσεϐὸν.
2512 5393 2631 5466 Bis,
2664 5409 2765 5465 pro
2804 5408 2919 5464 quo
2968 5392 3252 5466 utrinque
3289 5391 3490 5446 noster
3535 5383 3652 5440 έσέ-

2020 5460 2203 5521 ϐοντοᾎ
2236 5467 2341 5536 Sed
2374 5467 2520 5536 bene
2542 5460 2722 5536 habet
2761 5460 3008 5536 utraque
3036 5460 3195 5521 verbi
3225 5461 3430 5517 forma.

2095 5539 2208 5610 (82)
2267 5535 2444 5593 Ἀλλὰ
2496 5535 2740 5610 τὰημέν.
2801 5535 3020 5610 Sensus
3076 5539 3184 5604 est,
3233 5537 3653 5610 Saracenorum

2025 5601 2299 5666 instituta
2327 5627 2426 5667 eos
2456 5601 2689 5681 publica
2717 5617 2770 5665 et
2801 5608 2860 5664 in
2891 5601 3199 5678 conspectu
3249 5604 3522 5674 aliorum,
3553 5601 3652 5657 do-

2026 5683 2270 5740 mestica
2298 5699 2428 5740 vero
2460 5681 2610 5738 clam
2639 5690 2696 5738 et
2722 5681 2950 5740 occulte
2979 5683 3227 5736 sectatos
3257 5692 3408 5732 esse.
