4074 6208
392 412 468 474 83
1589 404 1852 469 ΡΗΟΤΙΙ
1895 404 2050 467 ΡΑΤ

2167 401 2424 464 ιΒΟΗίΕ
2459 399 2578 460 GP.
3710 394 3796 458 84

395 565 686 606 secessum
745 548 817 604 ob
860 547 1216 605 vicinitatem
1265 547 1458 602 locum
1505 543 1818 600 habebant.
1879 541 2036 598 Bella

2167 537 2359 612 :iiptcxe
2410 533 2498 590 διὰ
2544 534 2606 590 τὸ
2656 534 2964 609 γειτόνημα
3002 533 3101 603 τήν
3156 531 3293 606 πρὸς
3335 528 3497 587 αὖτὸν
3551 531 3800 608 καταφυ-

394 656 529 696 vero
578 639 788 696 deinde
836 655 951 694 non
995 635 1449 709 praedationibus
1487 633 1688 703 gessit,
1726 633 1821 688 sed
1863 633 2043 704 justis

396 729 609 802 praeliis
651 733 708 784 et
749 728 1004 793 aciebus,
1038 726 1159 781 sive
1190 723 1348 780 solus
1387 739 1517 778 cum
1563 723 1686 777 suis
1737 721 1858 777 sive
1907 737 2042 778 cum

396 819 702 874 Saracenis
731 816 1032 872 dimicaret
1065 831 1077 868 :
1112 813 1488 883 quandonam
1520 817 1711 868 autem
1737 812 1958 877 vicerit,
1991 815 2049 866 et

399 907 773 976 quandonam
815 905 1125 972 superatus
1163 899 1359 967 fuerit,
1393 899 1633 955 alterius
1679 905 1765 954 est
1795 899 2049 954 instituti

399 993 796 1065 temporisque
827 992 1056 1046 referre.
1088 989 1248 1056 Quod
1283 1005 1414 1043 vero
1450 988 1672 1042 vicinas
1704 989 1811 1043 sibi
1856 989 2048 1058 impe-

401 1084 472 1139 rii
503 1081 744 1138 Romani
776 1081 1040 1151 regiones
1064 1077 1390 1133 innumeris
1421 1077 1677 1132 aﬂ‘ecerit
1707 1076 2048 1132 calamitati-

404 1173 535 1238 bus,
569 1172 697 1241 ipsa
730 1168 866 1224 mali
891 1168 1299 1240 magnitudine
1314 1167 1446 1238 plus
1470 1183 1647 1238 quam
1679 1166 1896 1234 verbis,
1921 1182 2052 1237 pos-

401 1260 507 1316 teri
539 1259 723 1315 nostri
754 1259 1040 1330 cognituri
1075 1260 1232 1312 sunt.

473 1436 689 1493 XXVII.
707 1441 1020 1507 Postquam
1048 1441 1239 1492 autem
1270 1435 1686 1506 sanguinarius
1704 1434 1800 1490 ille
1821 1437 1876 1489 et
1897 1449 2053 1488 exse-

406 1527 638 1584 crabilis
659 1525 1036 1596 homolongis
1059 1527 1425 1599 temporibus
1449 1525 1840 1581 intolerabilia
1858 1541 2056 1596 perpe-

407 1620 637 1681 trasset,
661 1631 788 1670 sero
810 1615 1049 1694 tandem
1081 1619 1136 1670 et
1177 1616 1268 1670 vix
1298 1613 1641 1685 egritudine
1671 1617 2057 1684 consumptus

409 1704 599 1774 periit.
620 1704 870 1774 Ejusque
895 1704 1222 1775 tyrannidis
1237 1710 1292 1759 et
1307 1702 1628 1774 impietatis
1644 1717 1947 1756 successor
1967 1701 2058 1756 de-

409 1793 664 1849 claratur
679 1794 728 1863 ej
742 1809 806 1848 us
823 1809 1079 1864 generex
1097 1794 1295 1861 illia,et
1310 1793 1698 1848 consobrinus
1714 1807 1945 1862 genere,
1966 1789 2058 1846 cui

2151 629 2254 703 γήν
2293 647 2351 681 τε
2410 623 2501 680 καὶ
2559 624 2938 702 ἀναχώρησιν.
2985 623 3095 685 Οὓς
3149 624 3243 691 μὲν
3301 618 3393 676 οὖν
3449 619 3658 683 ἐκεῖνος
3712 619 3803 677 δι-

2155 715 2380 786 ήνεγκεν
2430 709 2530 765 οὐκ
2581 706 2658 764 ἔτι
2711 706 3065 784 λῃστρικοὺς,
3115 706 3242 763 ἀλλ’
3272 706 3332 762 ἐκ
3361 707 3710 782 παρατάξεώς
3743 728 3806 764 τε

2156 801 2245 857 καὶ
2294 806 2408 861 τοῖς
2461 804 2803 874 Σαρακηνοῖς
2851 799 3302 870 συνταττόμενος.
3365 798 3448 852 Ἐν
3502 799 3588 860 οἷς
3625 819 3683 854 τε
3738 799 3805 854 τὸ

2201 891 2261 946 λέ
2366 887 2388 908 ”
2629 890 2642 908 ‘
2679 888 2693 908 ’
2803 889 2828 906 ’
2888 890 2919 944 ἀ
3037 890 3061 943 ἑ
3314 889 3326 906 “
3623 891 3645 906 ’⁷

2155 915 2195 947 π
2266 912 2324 945 ον
2363 910 2512 965 εσχε,
2553 911 2643 944 και
2677 909 2727 944 εν
2771 909 2856 950 οις
2923 911 3031 958 πην
3064 909 3229 963 γκατο
3274 909 3336 942 το
3383 889 3570 960 ᾕττον,
3616 887 3806 960 αλλης

2156 979 2213 1035 τέ
2258 979 2402 1035 ἐστιν
2452 977 2774 1043 ὑποθὲσεως,
2825 977 2914 1031 καὶ
2966 973 3267 1046 ἷδιάζοντος
3314 977 3539 1050 χρόνου.
3589 978 3707 1031 Ὀτι
3742 975 3808 1031 δὲ

2159 1065 2518 1124 παντοδαπῶν
2574 1065 2864 1136 ἐπλήρωσε
2931 1069 3227 1144 συμφορῶν
3282 1065 3378 1126 τὰς
3425 1071 3526 1134 τῆς
3558 1067 3810 1139 Ῥωμαῖ-

2159 1165 2261 1227 κῆς
2311 1158 2491 1232 ἀρχῆς
2529 1154 2940 1224 πλησιαζούσας
2991 1155 3140 1226 αύτῷ
3197 1154 3408 1228 χώρας,
3464 1174 3527 1209 το
3569 1154 3808 1230 μέγεθος

2160 1246 2369 1321 ἐξαρκεῖ
2397 1250 2494 1301 τοῦ
2523 1246 2731 1305 πάθους
2783 1245 2899 1299 ἀντὶ
2939 1242 3131 1318 λόγου,
3177 1248 3295 1307 τοῖς
3341 1244 3461 1316 μεθ’
3508 1245 3655 1318 ἡμᾶς
3698 1266 3811 1300 πα·-

2165 1341 2386 1410 ρασχεῖν
2411 1334 2775 1405 ἀνεπίληστον
2811 1335 2924 1405 (83)
2955 1335 3054 1402 τὴν
3088 1337 3311 1408 γνῶσιν.

2237 1428 2365 1481 KH'.
2413 1422 2566 1493 Πλὴν
2619 1421 2744 1478 ἀλλ’
2793 1422 2885 1498 ὅγε
2932 1419 3278 1496 παλαμναῖος
3323 1421 3530 1485 ἐκεῖνος
3583 1424 3812 1498 χρόνοις

2167 1519 2396 1588 μακροῖς
2443 1513 2509 1567 τὰ
2559 1513 2829 1582 ἀνήκεστα
2881 1509 3103 1587 δράσας,
3150 1511 3248 1584 ὀψὲ
3297 1511 3384 1566 καὶ
3437 1509 3599 1585 μόλις
3657 1512 3808 1585 νόσῳ

2163 1605 2254 1658 τὸν
2318 1602 2432 1678 βίον
2489 1603 2838 1676 κατέστρεψε,
2906 1602 2999 1656 καὶ
3052 1608 3153 1670 τῆς
3209 1599 3415 1655 ἐκείνου
3488 1599 3811 1675 τυραννίδος

2164 1693 2254 1748 καὶ
2313 1699 2410 1761 τῆς
2468 1687 2712 1752 ἀσεϐείας
2773 1687 3034 1764 διάδοχος
3101 1686 3459 1744 ἀναδείκνυται
3516 1687 3602 1745 ἐπὶ
3643 1688 3805 1746 παιδί

2171 1782 2266 1854 μὲν
2309 1775 2582 1856 γαμϐρὸς,
2634 1779 2693 1834 ἐκ
2740 1784 2836 1834 τοῦ
2887 1779 3071 1854 γὲνους
3122 1775 3180 1832 δὲ
3227 1778 3290 1833 τὸ
3337 1777 3546 1852 ἀνεψιὸν
3599 1777 3804 1851 ἕλκων,

412 1896 617 1936 nomen
643 1881 1070 1953 Chrysocheres
1094 1900 1108 1948 ;
1145 1897 1256 1952 quo
1285 1885 1546 1952 tempore
1569 1879 1721 1934 hanc
1755 1878 2054 1934 historiam

2171 1872 2260 1926 καὶ
2305 1871 2367 1924 τὸ
2421 1870 2706 1941 ἐπώνυμον
2757 1869 3111 1944 Χρυσοχὲρης
3169 1869 3303 1942 (84).
3366 1868 3490 1922 Καθ’
3547 1867 3635 1929 οὓς
3683 1888 3813 1922 και-

410 1970 834 2037 describentes,
861 1971 1013 2041 quod
1050 1971 1376 2025 futurorum
1410 1969 1680 2024 notitiam
1714 1983 1818 2024 nec
1849 1967 2061 2022 habea-

410 2075 565 2125 mus,
585 2074 688 2113 nec
712 2059 1113 2128 polliceamur,
1133 2058 1282 2114 ultra
1296 2057 1562 2127 progredi
1584 2073 1696 2111 non
1730 2071 2053 2124 possumus.

410 2145 573 2209 Quod
607 2145 656 2200 si
689 2147 822 2217 quis
853 2161 976 2200 eam
1008 2161 1172 2218 spem
1197 2145 1438 2216 dederit,
1466 2161 1596 2216 quae
1617 2160 1684 2200 ex
1705 2143 2059 2214 benignitate

359 2284 362 2286 γ
411 2237 911 2307 ρθοὸοῐ,(ιυωᾳυο
943 2236 1185 2292 humani
1220 2237 1450 2308 generis
1491 2240 1751 2291 amantes
1772 2251 1888 2290 non
1913 2233 2058 2288 fallit

414 2338 700 2395 unquam,
726 2341 830 2379 nec
851 2325 910 2378 in
934 2341 1186 2380 errorem
1210 2325 1455 2392 inducit,
1482 2325 1725 2379 fortasse
1744 2340 1858 2378 non
1880 2323 2058 2379 nimis

412 2413 687 2468 audacter
717 2413 1156 2480 scribatur,non
1182 2413 1368 2467 multo
1383 2413 1869 2484 abhinctempore
1899 2413 2055 2467 futu-

407 2517 539 2556 rum
572 2515 718 2566 esse,
753 2505 816 2554 ut
847 2501 1153 2570 apostatici
1186 2500 1367 2570 hujus
1388 2504 1444 2554 et
1475 2500 1638 2571 impii
1663 2504 1848 2556 cattus
1877 2501 2058 2556 auda-

407 2587 520 2655 cia,
554 2590 828 2659 dogmata
859 2593 915 2643 et
946 2588 1122 2644 robur
1144 2588 1539 2644 dissolvantur
1569 2594 1626 2644 et
1658 2590 2068 2644 destruantur.-

407 2675 687 2731 Caeterum
722 2676 812 2732 hic
847 2677 1010 2745 liber,
1046 2676 1200 2732 unde
1232 2677 1460 2732 initium
1502 2677 1726 2733 duxerit
1756 2693 1936 2744 error,
1969 2693 2060 2732 re-

408 2765 798 2835 praesentavit,
816 2781 920 2820 nec
948 2782 1060 2820 non
1079 2766 1364 2836 quomodo
1389 2767 1810 2837 secundojacto
1834 2767 2059 2822 semine

406 2853 530 2908 haec
577 2854 704 2925 ipsa
755 2853 1168 2910 amaritudinis
1203 2856 1365 2910 radix
1414 2855 1683 2911 surculos
1741 2856 2059 2926 impietatis

409 2941 686 3012 emiserit,
719 2959 785 2998 ac
833 2942 1030 3008 etiam,
1063 2945 1354 3014 quomodo
1396 2961 1581 3015 usque
1620 2945 1691 2998 ad
1727 2944 1950 3000 tertiam
1982 2943 2060 2998 vi-

409 3046 532 3088 cem
565 3032 788 3087 zizania
816 3032 1296 3103 repullulaverint
1327 3049 1339 3088 :
1377 3033 1511 3088 item
1547 3050 1812 3105 quaenam
1845 3039 1899 3088 et
1922 3038 2060 3104 quot

407 3120 621 3176 fuerint
658 3121 998 3177 defectionis
1041 3121 1327 3190 Ecclesiae,
1361 3127 1424 3178 ut
1471 3123 1771 3191 vocabant,
1807 3123 1906 3194 qui
1940 3139 2058 3179 ma-

2171 1957 2297 2034 ροὺς
2361 1957 2524 2028 τήνδε
2581 1959 2680 2026 τήν
2739 1957 3052 2032 συγγραφὴν
3114 1957 3142 2010 ὁ
3190 1953 3358 2030 λόγος
3407 1956 3812 2029 ὰναταξάμενος

2167 2053 2264 2102 τοῦ
2293 2049 2482 2122 πρόσω
2514 2049 2626 2120 (85)
2657 2051 2885 2120 χωρεῖν,
2927 2047 3020 2100 ἅτε
3067 2043 3137 2113 δὴ
3185 2049 3293 2099 τῶν
3349 2043 3662 2118 μελλόντων
3707 2047 3815 2114 τῆν

2167 2142 2364 2212 γνῶσιν
2426 2134 2550 2191 οὔτε
2595 2133 2760 2210 ἔχων,
2821 2133 2945 2190 οὔτε
3027 2133 3490 2212 ἐπαγγειλάμενος
3577 2135 3815 2205 ἀπέστη.

2169 2227 2230 2282 Εἰ
2281 2225 2337 2281 δὲ
2383 2227 2471 2280 καὶ
2521 2226 2617 2287 τὰς
2668 2221 2895 2286 ἐλπίδας
2955 2221 3078 2294 δοίη
3131 2244 3238 2290 τις,
3280 2221 3404 2278 ὅσαι
3453 2244 3516 2299 γε
3576 2222 3821 2296 μάλιστα

2167 2316 2242 2376 εἰς
2299 2316 2396 2382 τὴν
2453 2315 2596 2367 Θείαν
2654 2312 2787 2367 εἰσὶν
2855 2312 3134 2385 εύμὲνειαν
3195 2313 3500 2388 ἠρτημέναι
3557 2312 3645 2368 καὶ
3702 2320 3814 2383 τῆς

2162 2407 2260 2458 τοῦ
2289 2401 2474 2476 γένους
2507 2403 2623 2473 (86)
2671 2399 2834 2474 ἐρῶσι
2885 2399 3158 2474 σωτηρίας
3210 2402 3285 2472 μή
3338 2401 3609 2478 σφαλεράς
3665 2399 3815 2474 μηδέ

2163 2491 2401 2554 πλάνους
2454 2491 2613 2559 εἶναι,
2664 2491 2810 2564 τάχα
2866 2487 2926 2543 ἂν
2977 2488 3038 2544 ού
3104 2488 3470 2544 νεανιεύσαιτο
3528 2493 3563 2559 ἡ
3621 2491 3812 2565 γραφή

2167 2582 2266 2638 οὐκ
2344 2583 2418 2644 εἷς
2507 2582 2747 2655 μακροὺς
2831 2580 3278 2656 προαγορεύουσα
3355 2583 3464 2652 (87)
3553 2581 3819 2656 χρόνους,

2166 2671 2356 2746 ῥυῆναί
2410 2693 2469 2727 τε
2523 2673 2612 2726 καὶ
2674 2670 3028 2748 διαφθαρῆναι
3084 2675 3182 2725 τοῦ
3252 2671 3618 2726 ἀποστατικοῦ
3681 2670 3824 2725 τού-

2164 2779 2260 2817 του
2330 2761 2420 2817 καί
2515 2760 2674 2816 ἀθέου
2759 2759 3162 2834 πληρώματος,
3244 2759 3336 2814 καὶ
3408 2761 3472 2815 τὸ
3555 2761 3824 2836 φρύαγμα

2163 2853 2251 2906 καὶ
2312 2852 2379 2906 τὰ
2435 2848 2685 2926 δόγματα
2714 2851 2801 2904 καὶ
2862 2849 2962 2918 τὴν
3026 2848 3210 2923 ἰσχύν,
3271 2847 3445 2904 Ἀλλὰ
3504 2850 3606 2926 γὰρ
3653 2850 3682 2903 ὁ
3718 2851 3822 2922 μὲν

2164 2942 2350 3016 παρὼν
2411 2939 2580 3016 λόγος
2635 2939 2753 2993 ὅθεν
2810 2959 2868 2993 τε
2922 2939 3017 3000 τὰς
3075 2939 3295 3012 πρώτας
3357 2938 3530 3014 ἀρχὰς
3577 2938 3726 3013 εἶχεν
3779 2941 3818 3008 ἡ

2164 3031 2368 3101 πλάνη,
2420 3030 2510 3084 καὶ
2555 3028 2702 3090 ὅπως
2744 3025 2994 3101 δευτέρας
3041 3027 3339 3103 ἐπισπορᾶς
3386 3027 3522 3095 αύτή
3569 3034 3672 3096 τῆς
3719 3049 3824 3082 πι-

2162 3120 2317 3195 κρίας
2376 3119 2498 3194 ῥίζα
2555 3116 2822 3192 βλαστοὺς
2881 3114 3118 3172 ἀνέδωκε
3175 3123 3276 3185 τῆς
3335 3116 3660 3191 θεομαχίας,
3719 3118 3820 3173 καὶ

406 3211 591 3284 gistri,
625 3216 682 3267 et
712 3213 1003 3282 quomodo
1035 3212 1122 3268 illi
1154 3228 1350 3269 sacras
1382 3229 1550 3269 voces
1579 3193 2047 3282 adulteraverint,

2167 3193 2238 3272 ὥς
2278 3193 2383 3264 καὶ)
2423 3209 2585 3283 μέχρι
2633 3208 2824 3282 τρίτης
2872 3206 3122 3282 προῆλθε
3187 3203 3477 3279 προϐολῆς
3527 3205 3815 3276 ζιζανίων

405 3301 758 3372 quibusnam
792 3302 996 3357 iterum
1053 3301 1246 3358 verbis
1306 3318 1472 3357 suam
1531 3301 1644 3373 ipsi
1699 3303 2054 3358 sententiam

2167 3298 2300 3360 τίνες
2351 3295 2408 3352 δὲ
2448 3304 2550 3366 τῆς
2598 3295 2929 3357 ἀποστασίας
2979 3295 3035 3349 αἱ
3091 3293 3424 3367 καλούμεναι
3482 3294 3812 3366 Ἐκκλησίαν.

403 3389 776 3456 obumbrent,
809 3395 866 3444 et
903 3390 1018 3446 alia
1065 3390 1270 3455 multa,
1305 3408 1433 3462 qua:
1468 3397 1779 3462 postquam
1836 3391 2054 3447 cursim

2167 3388 2253 3442 καὶ
2284 3386 2470 3455 πόσαι,
2501 3385 2591 3440 καὶ
2631 3385 2776 3447 τίνας
2805 3379 2934 3459 ἔσχε
2982 3381 3363 3452 διδασκάλους,
3406 3382 3558 3446 ὅπως
3600 3404 3660 3438 τε
3707 3384 3809 3447 τὰς

403 3477 645 3534 historia
683 3479 1019 3548 enarravit;
1055 3481 1124 3534 ad
1177 3481 1499 3534 secundum
1551 3479 1769 3534 librum
1812 3481 2054 3536 remittit

2167 3476 2311 3550 ἱερὰς
2360 3471 2920 3544 κατακιϐδηλεύσουσι
2975 3475 3179 3550 φωνὰς,
3237 3473 3328 3528 καὶ
3385 3474 3472 3534 οἶς
3511 3471 3687 3528 αὐτῶν
3745 3475 3812 3529 τὸ

400 3569 526 3622 tum
549 3567 868 3639 impiorum
892 3569 1229 3638 dogmatum
1259 3568 1691 3636 refutationem,
1717 3584 1918 3624 eorum
1939 3585 2054 3624 ma-

2167 3561 2418 3626 δυσσεϐὲς
2463 3562 2837 3632 ἐπισκιάζουσι
2885 3562 3166 3639 φρόνημα,
3224 3563 3314 3616 καὶ
3365 3559 3464 3616 ὅσα
3513 3561 3660 3617 ἄλλα
3691 3565 3816 3618 κατ’

399 3655 570 3728 xime,
613 3673 739 3729 qua:
773 3658 1052 3714 hactenus
1083 3658 1324 3728 depulsa
1347 3673 1461 3712 non
1486 3658 1660 3726 fuere,
1680 3663 1826 3725 tum,
1860 3659 1908 3712 si
1941 3675 2054 3730 qua

2167 3651 2469 3728 ἐπιδρομὴν
2503 3654 2536 3721 ἡ
2579 3651 2792 3726 ἱστορία
2821 3647 3189 3725 διεπεράνατο,
3237 3653 3406 3705 ταῦτα
3445 3647 3681 3705 διελθὼν
3733 3651 3819 3716 εἰς

405 3744 536 3813 alia,
569 3762 691 3816 qum
723 3747 835 3801 dici
857 3746 1620 3818 oportuit,praetermiserit:
1655 3747 1702 3801 si
1737 3752 1932 3802 tamen
1963 3747 2054 3802 di-

2167 3744 2256 3799 τὸν
2288 3740 2536 3816 δεύτερον
2566 3740 2864 3795 ἀνατίθεται
2898 3739 3063 3814 λόγον
3111 3738 3204 3800 τάς
3236 3759 3294 3794 τε
3342 3740 3459 3794 κατ’
3507 3737 3637 3802 ἔπος

397 3834 534 3889 vina
555 3836 736 3907 gratia
769 3835 1018 3907 negotiis
1049 3835 1250 3891 obruto
1272 3834 1554 3906 Scriptori
1585 3835 1840 3906 requiem
1875 3844 1929 3892 et
1961 3852 2052 3892 va-

2167 3839 2267 3890 τῶν
2319 3825 2587 3886 δυσσεεῶν
2640 3826 2993 3902 δοξασμάτῶν
3046 3829 3362 3900 ἀνασκευάς,
3417 3829 3515 3883 ὅσα
3567 3828 3815 3902 μάλιστα

399 3924 689 3980 cationem
722 3926 1096 3982 concesserit.

2167 3923 2240 3998 μὴ
2295 3921 2462 3996 μέχρι
2509 3923 2600 3973 νῦν
2647 3921 2742 3974 τὸν
2791 3916 3021 3994 ἔλεγχον
3085 3918 3311 3996 ὑπεσχε,
3359 3918 3470 3990 καὶ,
3500 3939 3546 3972 ει
3576 3940 3629 3974 τι
3660 3917 3811 3975 ἄλλο

401 4007 637 4086 ῥηθῆναι
697 4009 839 4084 δέον,
879 4019 1141 4088 παρῆκεν,
1200 4013 1259 4069 ἂν
1318 4011 1418 4090 ἄρα
1473 4016 1566 4071 τὸν
1610 4013 1885 4092 γράφοντα
1924 4021 2026 4086 τῆς
2081 4010 2301 4082 πολλῆς
2359 4015 2600 4088 συνοχῆς
2656 4007 2866 4086 ἀνοχὴν
2923 4009 2958 4076 ἡ
3016 4005 3402 4085 φιλάνθρωπος
3460 4005 3586 4061 ἰδεῖν
3623 4026 3812 4081 παρα-

399 4103 644 4159 σκευάσει
673 4103 763 4161 καὶ
795 4101 908 4160 θεία
939 4103 1208 4179 εύμὲνεια.

1566 4261 1800 4317 νΔΒΙιἘ
1841 4258 2234 4317 LECTIONES
2275 4257 2362 4312 ET
2407 4255 2636 4311 NOT/E.

469 4392 1057 4468 (83)_'Ave7t0cqc'roy_.
1100 4393 1212 4468 _Ita_
1261 4391 1466 4468 s__c_rip_si
1553 4396 1886 4468 ex___nostro
1947 4409 2048 4468 pro
2081 4395 2126 4460 Ι)
2159 4405 2272 4468 que
2319 4388 2472 4443 hanc
2517 4395 2655 4468 puto
2704 4405 2834 4445 esse
2883 4394 3135 4468 mentem
3177 4387 3474 4468 _Photii‘ex
3499 4392 3698 4468 nostra
3729 4388 3814 4444 le-

407 4457 814 4534 ἁνὲπίίπληστον
875 4457 1236 4520 Coisliniani.
1271 4457 1512 4534 Photius
1560 4462 1780 4518 scilicet
1829 4457 2046 4529 innuit,

2167 4457 2370 4534 ctione,
2403 4457 2724 4534 secundum
2760 4477 2932 4534 quam
2957 4457 3232 4534 σφαλερὰς
3256 4464 3313 4515 et
3335 4457 3574 4534 πλάνους
3605 4462 3680 4515 ad
3703 4478 3810 4517 vo-

403 4541 610 4596 horum
643 4527 949 4593 hominum
983 4535 1215 4590 fraudes
1247 4539 1364 4590 tam
1395 4533 1565 4606 longe
1613 4533 1842 4605 lateque
1891 4527 2050 4606 grasé
2157 4548 2277 4588 cem
2313 4527 2530 4591 ἐλπίδες
2564 4527 2813 4656 pertinet
2849 4548 2861 4587 :
2890 4527 3076 4603 Spe'm,
3101 4527 3498 4656 divinadgratia
3520 4533 3814 4602 innixam,

405 4616 556 4656 cum;
612 4625 761 4656 esse-
811 4617 870 4656 nt
920 4622 1118 4656 eorum
1170 4606 1506 4656 memoriam
1565 4607 1718 4656 anud
1785 4614 2046 4656 nosteros
2156 4620 2266 4656 non
2294 4604 2466 4656 solere
2496 4606 2555 4656 fa
2587 4604 2698 4656 lere
2725 4607 2914 4656 autin
2941 4619 3187 4656 errorem
3235 4619 3291 4656 se
3329 4619 3489 4656 acere
3531 4602 3808 4656 homines.

405 4616 556 4668 satas
612 4625 762 4674 esse,
811 4617 870 4662 ut
920 4622 1118 4661 eorum
1170 4602 1525 4662 memoriam“
1565 4607 1720 4678 apud
1751 4602 1763 4605 ⁷
1783 4602 2046 4678 posteros
2156 4620 2266 4678 non
2294 4604 2466 4678 solere
2494 4602 2698 4678 fallere
2725 4612 2825 4658 aut
2856 4602 3206 4678 memorem
3235 4602 3489 4678 seducere
3531 4602 3808 4678 homines,

407 4683 567 4740 nulla
598 4682 802 4736 oblivio
845 4679 1102 4734 deletura
1149 4679 1261 4747 sit;
1315 4693 1418 4734 nec
1464 4674 1655 4735 verbis
1703 4674 1848 4749 opus
1896 4695 2044 4746 esse,
2154 4675 2221 4749 de
2246 4676 2423 4732 salute
2451 4690 2552 4730 sua
2581 4676 2799 4749 sincere
2825 4675 3114 4749 soilicitos.
3150 4674 3245 4749 Sic
3266 4674 3464 4749 omnia
3491 4674 3811 4749 cohaerent.

407 4756 506 4810 sed
540 4769 660 4809 rem
695 4753 907 4823 ipsam,
935 4756 1010 4820 et,
1045 4767 1172 4821 qua)
1205 4745 1338 4806 hinc
1371 4756 1678 4806 consecuta
1718 4745 1856 4819 sint,
1893 4745 2049 4806 mala
2155 4748 2440 4823 Caeterum
2492 4747 2656 4823 quod
2689 4763 2806 4823 vox,
2843 4745 3389 4823 ytvogsimpliciter
3419 4748 3608 4823 posita
3627 4763 3818 4823 gemas

408 4827 619 4882 insnici
655 4826 886 4879 debere.

478 4893 584 4966 (84)
636 4894 1016 4968 Χρυσοχὲρης.
1068 4893 1289 4968 Noster_
1326 4894 1711 4966 Χρυσοχάρης,
1775 4894 2048 4968 Οεάγεηαε

408 4986 463 5040 p.
490 4964 622 5022 470.
659 4964 986 5040 χρυσόχειρ,
1013 4969 1217 5021 Petrus
1237 4964 1466 5040 Siculus
1498 4964 1749 5036 denique
1779 4964 2050 5040 χρυσοχέ-

411 5038 512 5114 pic,
546 5038 702 5114 quod
733 5038 1162 5114 idemesteum
1196 5038 1569 5114 χρυσρχὲρης,
1613 5039 1881 5114 n_ec__nisi
1916 5053 2048 5108 pro-

412 5108 780 5167 nuntiatione
811 5111 986 5165 unius
1021 5108 1476 5164 litterafditi‘ert.
1525 5111 1602 5163 De
1651 5108 1802 5164 bello
1853 5113 2050 5163 contra

409 5185 565 5239 hunc
595 5186 755 5252 gesto
791 5181 1020 5252 legatur
1045 5181 1332 5235 Cedrenus
1364 5181 1600 5252 ibidem.

481 5249 753 5338 ς85)”ξ“οὖ
802 5249 1011 5335 πρόσω.
1063 5252 1266 5338 Noster
1316 5252 1406 5304 τὸν
1465 5249 1674 5338 πρόσω,
1736 5252 2046 5318 mendose;

409 5324 784 5394 referendum
817 5324 970 5380 enim
1002 5329 1087 5378 est
1119 5324 1186 5377 ad
1223 5339 1473 5394 sequens
1500 5324 1728 5390 ἀπέστη.

482 5397 590 5467 (86)
653 5393 747 5448 Καὶ
797 5401 896 5464 τῆς
945 5399 1048 5467 τοῦ,
1089 5393 1294 5467 γένους.
1348 5394 1431 5448 lta
1482 5395 1689 5467 scripsi
1727 5411 1796 5449 ex
1830 5397 2050 5467 nostro,

454 5463 518 5523 rt)
549 5463 615 5522 8'0
648 5467 800 5538 quod
833 5467 1008 5522 habet
1030 5463 1416 5538 Co'islipianus
1445 5481 1457 5519 ζ
1487 5464 1581 5538 Καὶ
1609 5463 1840 5538 τῆς-τοῦ
1868 5463 2053 5538 γέᾼνους

454 5486 518 5523 ro
549 5486 615 5522 eo
648 5486 800 5538 quoa
834 5486 1008 5522 naoet
1030 5486 1416 5522 UOISllnlaDUS
1445 5486 1457 5519 :
1488 5486 1581 5518 me
1616 5486 1714 5532 της
1745 5486 1840 5518 του
1868 5486 2052 5537 γενους

411 5486 570 5616 getiam
634 5539 912 5616 σωτηρίοις
973 5539 1047 5616 μὴ
1101 5535 1373 5616 σνφαλεριᾶς
1435 5533 1575 5616 μηδὲ
1630 5536 1843 5616 πλάνης
1893 5536 2052 5616 εἶναι,

412 5607 500 5670 Ibi
549 5627 718 5685 voces
765 5607 1034 5685 σφαλερᾶς
1089 5607 1671 5685 et'jrkgtvnc’referri
1729 5611 1941 5685 debent
1981 5607 2055 5664 ad

415 5681 716 5757 σωτηρίας,
753 5681 1149 5757 quodtamen
1168 5682 1292 5736 fieri
1325 5699 1437 5757 non
1463 5685 1669 5757 potest,
1695 5681 1818 5735 sine
1843 5696 2055 5757 sensus

417 5752 752 5831 praeiudicio
775 5752 886 5811 nec
916 5754 974 5810 in
1005 5753 1266 5812 versione
1295 5752 1496 5809 Latina
1528 5753 1739 5809 factum
1780 5757 1888 5807 est.
1945 5752 2057 5808 Ita-

2157 4821 2462 4875 humanum
2490 4820 2744 4883 denotet,
2794 4817 3292 4886 tralatitium’est,
3341 4817 3525 4874 et’vel
3574 4817 3811 4874 Libanii

2157 4891 2420 4962 exemplo
2455 4895 2610 4944 torno
2643 4889 2840 4962 lOpp.
2876 4907 2933 4962 p.
2965 4891 3085 4956 182,
3119 4893 3362 4962 constat.

2227 4960 2343 5032 (87)
2387 4960 2993 5033 ΠροαγορεύουσαξΙῐδ
3045 4960 3196 5016 malo
3252 4975 3387 5015 cum
3433 4967 3662 5033 _nostro
3725 4961 3810 5016 le-

2157 5031 2312 5104 gere,
2347 5031 2521 5106 quam
2554 5031 3069 5106 cum¥Coisliniano
3108 5031 3603 5106 προσαγορεύουσα.
3651 5033 3815 5089 Prae-

2158 5103 2342 5160 dicare
2370 5103 2525 5158 enim
2559 5103 2654 5158 hic
2685 5104 2924 5158 Photius
2956 5103 3539 5158 t'utura'instituebat.

2229 5178 2341 5247 (88)
2370 5174 2560 5234 "Enoc.
2597 5175 2680 5230 Ita
2713 5179 2884 5244 recte,
2919 5191 3019 5245 pro
3055 5191 3167 5247 quo
3189 5178 3387 5230 noster
3415 5173 3590 5230 habet
3621 5167 3747 5247 ἔτος
3787 5193 3804 5243 ;

2159 5247 2216 5301 id
2239 5244 2354 5314 est,
2385 5262 2567 5300 annus
2599 5249 2893 5312 mendose,
2921 5244 3060 5301 cum
3092 5244 3182 5301 hic
3220 5261 3336 5302 non
3368 5247 3438 5301 de
3471 5245 3813 5302 recensione

2159 5334 2351 5374 sermo
2379 5317 2470 5384 sit,
2492 5318 2802 5374 Annalium
2838 5333 2994 5372 more
3016 5317 3297 5382 facta,sed
3318 5318 3388 5372 de
3409 5317 3813 5374 confutatione

2160 5405 2419 5444 errorum
2455 5391 2670 5458 scripto
2702 5389 2990 5444 instituta.
3023 5390 3303 5445 Caeterum
3337 5389 3542 5444 Petrus
3573 5388 3815 5446 Siculus

2159 5461 2454 5517 Historiam
2489 5462 2918 5518 Manichworum
2948 5475 3105 5529 aeque
3138 5475 3205 5516 ac
3237 5466 3432 5516 noster
3462 5461 3532 5515 ad
3564 5460 3822 5532 Chryso-

2162 5533 2358 5588 cherin
2397 5533 2682 5602 perduxit,
2715 5537 2791 5599 et,
2824 5549 2948 5603 quae
2980 5531 3095 5587 huc
3142 5532 3455 5603 pertinent,
3507 5549 3541 5587 a
3587 5531 3810 5602 seipso,

2162 5605 2332 5675 regiis
2364 5604 2642 5674 auspiciis
2673 5604 2812 5658 illuc
2841 5605 3044 5673 misso,
3066 5603 3187 5658 visa
3225 5618 3352 5660 esse
3381 5604 3571 5675 refert,
3595 5619 3662 5658 ac
3713 5619 3820 5660 ea-

2161 5673 2281 5729 tera
2313 5673 2604 5732 secuturis
2633 5675 2803 5731 libris
2836 5680 3275 5748 persecuturum
3305 5691 3368 5730 se
3396 5673 3727 5748 pollicetur.
