4074 6208
334 384 421 448 85
1468 382 1777 446 CONTRA
1821 382 2300 448 MANICHIEOS
2349 384 2582 450 LIBER
2623 386 2672 448 1.
3682 397 3761 458 86

1013 522 1230 573 ΛΟΓΟΣ
1269 517 1340 574 Β’.

622 605 878 682 Ἀπορίαι
907 607 1000 662 καὶ
1032 605 1213 669 λύσεις
1242 611 1351 661 τῶν
1389 605 1736 685 Μανιχαίων,

425 700 500 756 Α’.
535 697 597 754 Εἰ
641 699 670 752 6
700 697 933 772 Ἀγαθὸς
987 695 1082 768 μὲν
1119 697 1218 765 τήν
1266 697 1451 772 ψυχὴν
1509 693 1856 771 δημιουργεῖ,
1887 695 1915 749 6
1948 693 2006 751 δὲ
2066 722 2068 726 τ

355 788 592 862 πονηρὸς
649 788 715 841 τὸ
766 791 948 860 σῶμα,
999 789 1116 846 πῶς
1165 785 1427 860 ἠνέσχετο
1459 786 1487 840 6
1516 786 1749 861 Ἀγαθὸς
1799 785 2007 853 ἑνωθῆ-

347 899 432 932 ναι
463 879 530 932 τὸ
559 875 794 949 πλάσμα
826 874 994 929 αὐτοῦ
1021 878 1100 947 τῷ
1128 873 1412 947 πλάσματι
1443 877 1552 948 (89)
1584 878 1683 929 τοῦ
1715 876 1963 946 Πονηροῦ
1989 890 2002 942 ;

341 971 460 1028 πῶς
495 965 556 1022 δὲ
585 966 679 1022 καὶ
727 961 982 1039 ὑπέμεινε
1033 964 1132 1033 τὴν
1178 960 1368 1019 ἕνωσιν
1399 964 1426 1018 ὁ
1458 967 1745 1038 Πονηρός;
1795 965 1858 1018 ἸΙ
1901 963 2003 1040 γὰρ

337 1055 544 1118 ’ἑνωσις
583 1057 622 1125 ἢ
670 1055 1073 1132 ἀγαθοποιήσει
1113 1053 1177 1108 τὸ
1226 1057 1404 1128 σῶμα,
1455 1054 1587 1128 ὅπερ
1634 1053 1696 1107 οὐ
1753 1054 1864 1128 χρὴ
1915 1053 2005 1107 τὸν

334 1146 578 1221 Ἀγαθὸν
609 1149 708 1201 τοῦ
739 1148 923 1202 Κακοῦ
952 1144 1016 1199 τὸ
1053 1137 1211 1218 ἔργον
1244 1143 1615 1218 ἀγαθοποιεῖν·
1641 1142 1675 1212 ἢ
1698 1143 2008 1212 κακοποιή-

333 1256 419 1290 σει
450 1236 560 1304 τήν
600 1233 812 1310 ψυχὴν,
845 1233 978 1306 ὅπερ
1027 1231 1171 1289 πολὺ
1220 1234 1584 1308 ἀτοπώτερον,
1637 1233 1899 1302 ἡττᾶσθαι
1944 1232 2004 1287 τὸ

335 1321 754 1399 δημιούργημα
780 1326 878 1376 τοῦ
910 1325 1043 1376 Θεοῦ
1092 1322 1197 1376 ὑπὸ
1243 1325 1340 1376 τοῦ
1385 1321 1706 1394 πλάσματος
1749 1325 1845 1374 τοῦ
1892 1327 2004 1375 Πο-

333 1419 540 1489 νηροῦ.
574 1415 731 1470 Διατί
773 1411 832 1467 δὲ
861 1413 950 1468 καὶ
991 1411 1257 1488 ἠνέσχετο
1290 1414 1318 1468 6
1350 1412 1548 1489 ἀγαθὸς
1575 1413 1705 1475 Θεὸς
1737 1414 1798 1468 τὸ
1841 1408 2000 1489 ἔργον

336 1502 514 1559 αὐτοῦ
573 1504 844 1570 ἕνωθῆναι
891 1506 969 1574 τῷ
1023 1499 1167 1578 ἔργῳ
1213 1506 1309 1557 τοῦ
1351 1506 1630 1574 Πονηροῦ,
1679 1502 1769 1558 καὶ
1818 1524 2001 1558 κακω-

334 1596 508 1663 θῆναι
546 1593 637 1648 ὑπ’
679 1590 883 1662 αὒτοῦς
930 1591 957 1645 6
1011 1592 1258 1664 Πονηρὸς
1308 1588 1365 1646 δὲ
1412 1592 1578 1648 πάλιν
1629 1596 1746 1654 πῶς
1799 1591 1997 1664 ὑπέστη

338 1682 708 1760 ἆγαθύνεσθαι
743 1681 807 1735 τὸ
838 1677 997 1756 ἔργον
1038 1680 1206 1734 αὐτοῦ
1245 1682 1392 1752 (90);
1444 1681 1621 1756 χωρὶς
1667 1679 1724 1735 δὲ
1763 1685 1872 1735 τῶν
1925 1680 1998 1736 εἶ-

2031 521 2088 586 Α

2767 523 3010 580 SERMO
3051 525 3121 582 II.

2403 611 2582 666 Dubia
2610 619 2661 667 et
2693 612 2992 669 solutiones
3030 616 3477 673 Manichaeorum.

2186 699 2228 754 Ι.
2269 701 2323 754 Si
2360 701 2551 755 Bonus
2588 702 2786 772 (Deus)
2818 704 3074 758 animam
3108 705 3342 776 quidem
3378 709 3608 778 format,
3640 710 3762 766 Ma-

2115 787 2208 842 lus
2229 803 2364 843 vero
2383 791 2913 859 corpus,quomodo
2931 793 3119 848 Bonus
3135 793 3230 850 ille
3244 801 3569 852 creaturam
3593 815 3760 854 suam

2116 893 2249 932 cum
2282 881 2545 932 creatura
2577 878 2712 933 Mali
2743 879 2914 935 istius
2945 883 3219 955 conjungi
3253 901 3457 954 passus
3489 888 3613 942 est?
3641 886 3760 944 imo

2116 966 2217 1037 qui
2265 966 2737 1035 coniunctionem
2791 970 3049 1024 eamdem
3099 973 3283 1028 Malus
3333 975 3617 1030 admisit?
3663 987 3762 1032 aut

2117 1054 2272 1110 enim
2305 1056 2647 1127 compositio
2679 1056 2780 1112 illa
2833 1058 3051 1114 bonum
3093 1061 3304 1117 efﬁciet
3343 1079 3572 1134 corpus,
3607 1065 3761 1135 quod

2116 1149 2269 1201 certe
2293 1162 2406 1200 non
2430 1145 2871 1217 convenit,quia
2889 1147 2972 1202 sic
2995 1148 3217 1204 Bonum
3242 1151 3371 1206 Mali
3403 1153 3560 1222 operi
3587 1155 3763 1225 prod-

2114 1239 2308 1291 esset:
2342 1239 2444 1289 aut
2473 1234 2689 1290 malam
2721 1236 2932 1291 efﬁciet
2961 1237 3238 1304 animam,
3287 1240 3342 1294 id
3391 1243 3542 1312 quod
3597 1242 3764 1312 longe

2113 1322 2259 1378 foret
2289 1323 2624 1390 absurdius,
2657 1324 2792 1394 quia
2836 1324 2943 1381 hoc
2982 1328 3154 1382 modo
3204 1328 3500 1400 opiﬁcium
3542 1330 3643 1386 Dei
3688 1332 3760 1387 ab

2113 1426 2284 1483 opere
2318 1410 2457 1466 mali
2489 1419 2880 1483 superaretur.
2914 1414 3048 1478 Quae
3079 1432 3210 1472 vero
3259 1433 3433 1474 causa
3474 1419 3607 1488 fuit,
3656 1434 3761 1475 cur

2116 1500 2265 1555 Deus
2297 1499 2486 1555 bonus
2517 1517 2664 1572 opus
2697 1517 2862 1556 suum
2888 1503 3060 1574 jungi
3092 1510 3384 1576 pateretur
3406 1509 3564 1580 operi
3602 1507 3757 1579 Mali,

2111 1609 2144 1648 a
2165 1609 2279 1663 quo
2306 1592 2457 1648 malo
2483 1591 2837 1662 inﬁceretur,
2863 1601 2919 1650 et
2941 1597 3038 1668 qui
3059 1597 3309 1654 vicissim
3337 1600 3614 1656 sustinuit
3637 1602 3757 1657 Ma-

2110 1679 2225 1748 lus,
2259 1685 2323 1736 ut
2348 1699 2496 1754 opus
2535 1700 2710 1738 suum
2766 1685 3104 1741 redderetur
3151 1688 3370 1743 bonum
3400 1690 3428 1743 ‘2
3479 1691 3760 1745 Printerea

347 1771 609 1846 ρημὲνων
657 1769 739 1832 τίς
783 1769 1062 1843 ἀπήρξατο
1118 1775 1218 1838 τῆς
1268 1769 1549 1838 ὲνώσεως;
1585 1769 1647 1826 Εἰ
1701 1771 1794 1844 μὲν
1834 1770 1993 1846 γὰρὸ

2108 1785 2242 1825 vero
2269 1771 2401 1842 quis
2425 1771 2661 1828 unionis
2683 1772 2843 1828 illius
2867 1779 3070 1830 auctor
3099 1780 3188 1831 est
3207 1776 3234 1831 ?
3263 1777 3320 1831 Si
3347 1778 3564 1846 Bonus,
3611 1795 3762 1850 quo-

349 1831 611 1932 ;Αγαθὸς,
662 1861 780 1918 πῶς
827 1856 926 1912 οὐκ
973 1856 1218 1926 ἐκακώθη
1273 1858 1409 1911 κατὰ
1445 1857 1610 1913 τοῦτο
1655 1859 1717 1912 τὸ
1760 1860 1993 1933 πονηρὸν

2114 1861 2286 1914 modo
2319 1860 2367 1915 is
2399 1877 2514 1916 non
2547 1861 2738 1918 malus
2761 1863 2998 1919 eﬁ'ectus
3019 1868 3126 1933 est,
3162 1865 3308 1922 malo
3340 1867 3562 1924 scilicet
3593 1884 3760 1939 opere

359 1942 528 2022 ἔργον
573 1941 1062 2021 προσλαϐόμενος;
1113 1945 1157 2000 εἰ
1207 1942 1262 2000 δὲ
1310 1946 1338 2000 6
1389 1947 1664 2020 Πονηρὸς,
1711 1943 1881 2016 δῆλον
1928 1948 2003 2009 ὼς

357 2037 454 2092 καί
489 2037 648 2098 αὐτὸς
676 2035 945 2109 ἧγαθύνθη
989 2033 1123 2089 κατὰ
1154 2038 1336 2104 τοῦτο,
1387 2030 1561 2109 ἔρωτα
1612 2031 1795 2090 λαϐὼν
1845 2038 2003 2110 ’Δγα-

347 2128 450 2180 Θοῦ
483 2123 998 2201 δημιουργήματος,
1037 2123 1100 2178 τό
1125 2144 1183 2178 τε
1211 2124 1444 2197 Ἀγαθὸν
1482 2124 1702 2199 γέγονεν
1746 2126 1860 2198 ἅμα
1890 2130 2002 2179 Πο-

333 2216 512 2290 νηρόν
544 2235 602 2270 τε
647 2215 736 2269 καὶ
792 2213 1050 2287 Ἀγαθόν.
1101 2213 1165 2269 Ἡ
1213 2213 1314 2287 γὰρ
1363 2209 1555 2274 ἓνωσις
1604 2213 1700 2281 τὴν
1749 2213 2002 2286 ἑκατέρου

335 2303 505 2378 φύσιν
525 2305 595 2377 τῇ
616 2302 872 2373 κοινωνίᾳ
908 2302 1237 2377 συγχέουσα,
1262 2302 1324 2356 τό
1353 2321 1412 2356 τε
1443 2300 1644 2356 οἶκεῖον
1675 2297 2000 2372 ἐλωϐήσατο

331 2393 426 2448 καὶ
457 2395 522 2448 τὸ
554 2391 854 2467 ἀλλότριον
904 2390 1239 2464 ᾠκειώσατο·
1293 2389 1428 2446 ὥστε
1475 2390 1566 2446 καὶ
1599 2392 1626 2446 6
1658 2391 1856 2467 ἀγαθὸς
1899 2413 2000 2448 πο-

331 2483 507 2560 νηρόν
538 2505 600 2539 τε
629 2484 745 2556 ἅμα
773 2483 863 2537 καὶ
895 2479 1091 2556 ἀγαθὸν
1141 2480 1310 2537 ἐποίει
1357 2483 1420 2536 τὸ
1474 2479 1627 2558 ἔργον
1668 2483 1861 2552 αὐτοῦ,
1907 2483 1996 2538 καὶ

333 2579 362 2632 6
405 2575 664 2651 Πονηρὸς
697 2575 938 2649 πονηρόν
963 2596 1020 2630 τε
1051 2573 1165 2648 ἅμα
1201 2574 1292 2628 καὶ
1341 2575 1562 2650 ἀγαθόν.
1608 2575 1681 2629 Οῦ
1732 2596 1784 2630 τι
1817 2575 1876 2630 ἃν
1910 2573 1996 2644 εἷή

335 2665 710 2742 ἀνοητότερον
744 2665 781 2734 ἢ
813 2665 1198 2740 ἀτοπώτερον;
1247 2661 1400 2719 Οὕτω
1445 2665 1542 2737 μὲν
1595 2663 1710 2734 οῦν,
1762 2664 1806 2718 εἰ
1861 2685 1999 2739 συμ-

336 2755 599 2832 προῆλθε
634 2759 706 2829 τῇ
745 2757 854 2810 τῶν
893 2751 1067 2830 ἔργων
1114 2751 1451 2830 δημιουργίᾳ
1493 2755 1581 2808 καὶ
1621 2755 1656 2824 ἡ
1685 2751 1898 2815 ἕνωσιςο
1951 2755 1997 2809 εἰ

336 2843 386 2900 δ’
417 2844 489 2914 ἧν
525 2841 795 2914 ἀλλήλων
827 2843 961 2898 ποτὲ
989 2844 1371 2918 κεχωρισμένα
1399 2847 1566 2898 ταῦτα
1595 2844 1683 2898 καὶ
1738 2845 1825 2922 ὑφ’
1875 2845 1996 2898 ἑκα-

332 2934 501 3010 τέρου
530 2933 782 2988 πλάστου
811 2931 1074 3008 προνοίας
1110 2953 1169 2987 τε
1198 2933 1287 2987 καὶ
1336 2932 1650 3006 ἐπιμελείας
1688 2933 1752 2988 τὸ
1795 2931 1998 2988 οἰκεῖον

329 3023 569 3097 πλάσμα
599 3022 846 3093 ἠξιοῦτο,
887 3021 1086 3097 ἀμιγὲς
1131 3021 1566 3094 συντηρούμενον
1617 3025 1715 3076 τοῦ
1761 3021 1996 3077 ἀντικει-

335 3114 530 3185 μένου,
561 3112 643 3173 τίς
674 3111 742 3181 ἦν
773 3110 936 3171 αὐτὸς
978 3112 1006 3166 6
1036 3111 1160 3167 τότε
1183 3117 1283 3180 τῆς
1315 3107 1635 3185 διακρίσεως
1675 3109 1948 3185 λογισμός
1975 3129 1989 3181 ;

329 3201 426 3256 καὶ
479 3203 641 3256 πόθεν
682 3201 902 3276 ὕστερον
959 3200 1036 3262 εἰς
1082 3201 1181 3269 τήν
1225 3206 1327 3270 τῆς
1377 3200 1618 3261 ἒνώσεως
1665 3198 1988 3272 ἠλλοιώθη-

326 3312 430 3346 σαν
457 3310 472 3360 ;
504 3292 579 3346 ’Ἡ
607 3290 707 3365 γὰρ
737 3290 1001 3364 πρότερον
1032 3289 1169 3364 πρὸς
1215 3291 1276 3343 τὸ
1331 3288 1531 3344 οἰκεῖον
1578 3291 1851 3366 συμφὲρον
1897 3290 1986 3344 καὶ

324 3379 530 3434 ἑαυτοῦ
587 3376 676 3432 καὶ
728 3381 825 3432 τοῦ
873 3375 1195 3450 πλάσματος
1248 3379 1528 3451 συνετήρει
1588 3377 1840 3452 ἑκάτερος
1899 3378 1988 3432 ἀν-

321 3471 652 3541 επίμικτον,
705 3467 740 3536 ἢ
795 3466 1111 3544 ἀσύμφορον
1160 3467 1428 3542 εὑρόντες,
1497 3467 1696 3524 ἐκεῖθεν
1749 3467 1989 3547 ἐσωφρο-

315 3557 589 3627 νίσθησαν
620 3558 757 3632 πρὸς
784 3557 885 3626 τὴν
933 3553 1146 3614 ἕνωσιν.
1193 3557 1300 3613 Καὶ
1343 3557 1515 3618 πόσας
1563 3556 1740 3620 ἄλλοις
1790 3555 1988 3612 δυσσε-

323 3644 483 3708 ϐείας
539 3666 600 3700 τε
655 3647 746 3700 καὶ
799 3645 981 3709 ἀνοίας
1037 3646 1189 3723 βρύει
1247 3649 1281 3716 ἡ
1337 3647 1529 3722 πρώτη
1587 3653 1688 3716 τῆς
1764 3645 1984 3718 πλάνης

327 3735 589 3796 ὑπόθεσις
622 3733 766 3790 οὕτω
798 3737 1075 3812 θεομάχον
1109 3756 1168 3791 τε
1197 3735 1287 3790 καὶ
1317 3734 1552 3809 ἐμμανὲς
1585 3737 1675 3790 καὶ
1726 3737 1980 3807 ἀνόητον,

325 3825 394 3880 τὸ
453 3823 630 3880 ἄλλον
686 3824 780 3898 μὶν
829 3830 930 3894 τῆς
969 3827 1176 3900 ψυχῆς,
1227 3822 1410 3898 ἕτερον
1464 3821 1521 3879 δὲ
1566 3829 1664 3880 τοῦ
1722 3825 1982 3899 σώματος

335 3911 671 3990 δημιουργὸν
701 3914 1074 3990 τερατεύεσθαι
1110 3915 1124 3971 ί

393 4183 468 4238 Β’.
532 4182 612 4239 Τὸ
664 4178 722 4236 δὲ
760 4181 980 4258 φάσκειν
1040 4180 1168 4244 τοὺς
1222 4180 1276 4236 ἐν
1317 4185 1386 4256 τῇ
1439 4178 1618 4256 πλάνῃ
1673 4180 1982 4256 κατεχομέ-

325 4292 450 4333 νους
485 4272 560 4332 ὠς
589 4267 816 4349 ἐνοχλεῖ
860 4272 1009 4343 ἡμᾶς
1060 4271 1196 4345 πρὸς
1243 4274 1430 4326 κακίαν
1482 4273 1510 4325 6
1555 4271 1829 4346 Πονηρὸς,
1879 4279 1979 4341 τῆς

325 4359 593 4430 ἂληθείας
626 4357 791 4428 ἐστὶν,
836 4357 962 4415 ἀλλ’
1003 4357 1064 4414 ού
1104 4365 1205 4429 τῆς
1255 4358 1471 4430 πλάνης
1523 4357 1670 4421 ὁδός.
1727 4361 1822 4415 Καὶ
1874 4359 1978 4436 γὰρ

2113 1957 2378 2020 recepto;
2412 1951 2501 2005 sin
2535 1951 2739 2018 Malus,
2775 1954 3147 2010 manifestum
3182 1960 3272 2011 est
3294 1972 3427 2013 eum
3451 1956 3511 2013 in
3530 1962 3758 2014 tantum

2113 2039 2334 2093 Bonum
2367 2039 2638 2106 evasisse,
2671 2057 2803 2096 cum
2836 2058 3031 2098 amore
3062 2044 3120 2098 in
3153 2045 3372 2101 bonum
3406 2064 3553 2118 opus
3584 2048 3758 2104 ferre-

2093 2130 2224 2191 ‘tur,
2266 2127 2419 2182 sicut
2443 2128 2704 2184 vicissim
2741 2131 2964 2186 Bonum
2999 2131 3176 2188 simul
3210 2141 3262 2189 et
3292 2135 3512 2191 bonum
3545 2140 3600 2191 et
3633 2153 3761 2192 ma-

2110 2214 2233 2270 lum
2265 2216 2482 2271 factum
2505 2217 3136 2290 oportuit.Conjunctio
3158 2221 3431 2277 enimilla
3453 2224 3759 2295 utriusque

2111 2312 2378 2360 naturam
2408 2306 2660 2363 miscens
2692 2312 2748 2364 et
2769 2309 3133 2365 confundens
3156 2311 3236 2378 id,
3271 2313 3423 2384 quod
3450 2310 3632 2367 altera
3653 2312 3758 2368 ha-

2109 2393 2283 2450 bebat
2312 2395 2638 2466 proprium,
2668 2397 2886 2467 injuria
2917 2399 3129 2464 affecit,
3161 2399 3413 2455 alienum
3461 2417 3595 2457 vero
3639 2402 3754 2456 sibi

2113 2482 2445 2551 vindicavit,
2496 2485 2638 2540 adeo
2686 2493 2748 2541 ut
2787 2494 2838 2542 et
2888 2489 3078 2544 Bonus
3140 2504 3289 2560 opus
3335 2505 3505 2545 suum
3554 2491 3758 2546 eadem

2109 2586 2284 2642 Opera
2315 2574 2534 2630 bonum
2557 2591 2622 2630 ac
2653 2576 2890 2642 malum,
2925 2577 3110 2633 Malus
3140 2596 3272 2636 vero
3304 2582 3525 2638 malum
3558 2588 3614 2638 et
3644 2584 3760 2639 bo-

2108 2675 2250 2716 num
2283 2662 2556 2730 efﬁceret,
2590 2680 2704 2734 quo
2735 2664 2878 2721 nihil
2922 2671 3109 2738 potest
3150 2684 3276 2725 esse
3318 2670 3406 2726 vel
3444 2671 3762 2728 absurdius

2107 2749 2196 2804 vel
2230 2751 2594 2809 insolentius.
2626 2754 2815 2826 Atque
2844 2755 2924 2810 ita
2945 2771 3036 2811 res
3069 2772 3130 2812 se
3164 2759 3404 2815 omnino
3427 2759 3655 2829 habuit,
3685 2761 3763 2816 si-

2108 2839 2375 2911 quidemj
2389 2846 2523 2896 uxta
2541 2857 2673 2898 cum
2693 2843 3034 2900 formatione
3048 2860 3291 2916 operum
3305 2846 3536 2903 illorum
3553 2853 3609 2904 et
3628 2851 3756 2921 ipsa

2106 2928 2439 3000 conjunctio
2471 2929 2662 2985 locum
2708 2930 2950 2987 habuit:
2987 2935 3136 3001 quod
3171 2934 3222 2990 si
3262 2950 3397 2990 vero
3439 2937 3756 3008 aliquando

2106 3035 2139 3072 a
2168 3034 2231 3073 se
2255 3019 2500 3074 invicem
2525 3021 2788 3091 sejuncta
2808 3021 2908 3076 illa
2939 3022 3118 3091 fuere,
3143 3023 3488 3081 alterutrum
3513 3027 3754 3084 alterius

2105 3106 2426 3163 conditoris
2449 3124 2643 3164 curam
2673 3126 2740 3165 ac
2762 3111 3188 3181 providentiam
3211 3113 3318 3168 sibi
3344 3115 3636 3186 propriam
3659 3117 3759 3172 ha-

2105 3195 2252 3265 buit,
2285 3201 2340 3252 et
2369 3197 2440 3252 ab
2471 3197 2718 3269 oppositi
2750 3198 2877 3254 labe
2929 3199 3182 3256 immune
3231 3204 3572 3273 permansit,
3605 3221 3754 3274 quo-

2100 3286 2274 3340 modo
2303 3286 2363 3340 in
2395 3285 2796 3356 cogitationem
2829 3288 3187 3344 discriminis
3217 3296 3582 3360 venerunt,et
3608 3309 3748 3363 quo-

2101 3375 2272 3430 modo
2303 3379 2503 3446 postea
2533 3375 2704 3431 aliam
2738 3377 2808 3433 de
2829 3379 3239 3450 conjunctione
3261 3381 3523 3438 facienda
3555 3398 3750 3439 susce-

2096 3465 2351 3530 perunt?
2380 3469 2495 3520 Aut
2531 3466 2686 3520 enim
2721 3467 2885 3537 prius
2926 3472 3172 3541 uterque
3207 3470 3466 3542 seipsum
3509 3476 3567 3527 et
3595 3488 3747 3544 opus

2094 3569 2270 3608 suum
2293 3554 2352 3608 in
2369 3554 2669 3625 proprium
2694 3558 3065 3613 commodum
3089 3558 3499 3616 intaminatum
3521 3578 3746 3617 conser-

2093 3641 2263 3712 vavit,
2297 3647 2420 3708 aut,
2453 3659 2582 3701 curn
2615 3643 2674 3699 id
2704 3644 2817 3701 sibi
2863 3647 3101 3702 noxium
3151 3664 3281 3705 esse
3329 3649 3744 3722 intelligerent,

2096 3730 2232 3787 facti
2266 3733 2667 3803 prudentiores
2701 3735 2758 3789 in
2793 3737 3265 3808 conjunctionem
3298 3745 3742 3796 consenserunt.

2094 3821 2280 3877 Taceo
2303 3823 2486 3893 impia
2505 3828 2561 3879 et
2582 3823 2839 3881 absurda
2861 3825 2994 3893 alia,
3019 3828 3229 3897 quibus
3252 3829 3505 3900 primum
3530 3830 3742 3885 erroris

2093 3909 2272 3980 hujus
2295 3911 2747 3969 fundamentum
2779 3914 3061 3971 abundat.
3090 3919 3247 3972 Adeo
3269 3923 3384 3973 Deo
3407 3920 3738 3990 oppositum

2092 3999 2397 4069 furoreque
2443 4017 2508 4056 ac
2553 4001 2780 4057 insania
2828 4003 3064 4072 plenum
3110 4011 3219 4074 est,
3261 4005 3441 4062 alium
3499 4007 3736 4077 quidem

2092 4088 2324 4158 animai,
2354 4089 2536 4146 alium
2565 4107 2698 4147 vero
2729 4093 2988 4163 corporis
3019 4094 3237 4166 ﬁngere
3262 4096 3644 4152 conditorem.

2165 4179 2236 4234 ll.
2271 4179 2430 4243 Quod
2464 4195 2597 4234 vero
2624 4179 2735 4245 illi,
2768 4180 2868 4252 qui
2899 4181 2980 4238 ita
3004 4192 3219 4251 errant,
3251 4183 3477 4255 dicunt,
3519 4184 3734 4241 malum

2093 4285 2196 4325 nos
2226 4269 2297 4324 ad
2332 4267 2599 4324 militiam
2633 4269 2997 4342 compellere,
3023 4272 3078 4326 id
3103 4274 3338 4328 omnino
3359 4273 3731 4341 veritati,non

2091 4362 2287 4414 autem
2321 4357 2500 4413 errori
2536 4359 2958 4430 patrocinatur.
2990 4362 3152 4425 Quod
3201 4361 3354 4418 enim
3406 4357 3737 4426 incitamur,

331 4451 418 4503 καὶ
449 4448 583 4504 αὐτὸ
614 4452 781 4504 τοῦτο
819 4449 883 4502 τὸ
929 4453 1352 4524 παρατραπῆναι
1406 4447 1643 4520 μερίζειν
1691 4450 1840 4522 ἡμᾶς
1887 4451 1978 4504 τὸν

2107 4452 2154 4503 1t
2182 4446 2599 4504 indivisibilem
2620 4453 2677 4504 et
2697 4449 3145 4520 inseparabilem
3166 4451 3266 4506 Dei
3296 4455 3642 4524 potestatem
3673 4470 3739 4510 ac

334 4536 576 4610 ἃτμητον
609 4538 700 4592 καὶ
732 4534 1036 4611 ἀδιαίρετον
1064 4541 1160 4592 τοῦ
1199 4540 1334 4592 Θεοῦ
1377 4535 1558 4613 ἀρχὴν
1607 4539 1693 4592 καὶ
1741 4537 1982 4607 ἐξουσίαν

338 4627 409 4689 εἷς
458 4626 579 4695 δύο,
640 4633 742 4696 τῆς
798 4625 1201 4704 πολυμηχάνου
1256 4630 1347 4684 καὶ
1405 4624 1640 4704 σφοδρᾶς
1691 4624 1985 4702 ὀχλήσεώς

327 4715 438 4771 ἐστι
482 4719 582 4771 τοῦ
639 4720 912 4790 Πονηροῦ.
976 4715 1128 4788 Πλὴν
1179 4715 1380 4780 ἐκεῖνος
1432 4719 1526 4790 μὲν
1576 4713 1796 4778 δυνατός
1842 4715 1982 4772 ἐστιν

331 4803 546 4879 ὀχλεῖν,
604 4800 735 4859 οὐδὲ
809 4805 974 4877 ἡμεῖς
1024 4801 1082 4859 δὲ
1140 4801 1505 4878 ἀδυνατοῦμεν
1564 4801 1984 4878 διακρούσασθαι

327 4893 427 4962 τήν
463 4889 708 4969 ὄχλησιν
735 4891 924 4950 αὐτοῦ.
961 4893 1372 4970 Διακρουόμεθα
1403 4891 1460 4949 δὲ
1490 4891 1579 4948 διά
1630 4914 1688 4948 τε
1729 4894 1985 4967 σώματος

326 4983 416 5038 καὶ
447 4987 660 5064 ψυχῆς.
723 4985 889 5040 ’Ὠστε
937 4983 982 5040 εἶ
1038 4985 1102 5040 τὸ
1161 4990 1322 5060 σῶμα
1368 4986 1528 5058 ἡμῶν
1588 4982 1808 5040 δύναται
1867 4980 1982 5038 διας

323 5075 658 5151 κρούσασθαι
709 5076 812 5144 τήν
881 5071 1118 5150 ὄχλησιν
1174 5078 1274 5131 τοῦ
1314 5076 1568 5149 Πονηροῦ
1617 5074 1708 5128 καὶ
1763 5072 1825 5127 οὐ
1871 5069 1982 5128 δια-

321 5167 658 5241 κρούσασθαι
695 5164 879 5239 μόνον,
919 5163 1067 5221 ἀλλὰ
1097 5164 1189 5221 καὶ
1219 5158 1548 5221 καταϐαλεῖν
1596 5163 1761 5218 αὐτοῦ
1810 5165 1982 5218 πᾶσαν

2093 4536 2504 4609 imperiumin
2551 4539 2663 4594 duo
2715 4539 3059 4607 dividamus,
3102 4541 3161 4596 id
3207 4541 3442 4613 quidem
3477 4559 3508 4596 a
3539 4542 3739 4598 doloso

2094 4631 2153 4683 et
2194 4627 2538 4684 vehemente
2587 4628 2847 4698 impulsu
2893 4629 3023 4684 Mali
3066 4631 3478 4701 proﬁciscitur.
3530 4635 3598 4688 At
3639 4635 3736 4691 ille

2095 4716 2330 4787 quidem
2362 4720 2585 4770 tentare
2612 4732 2718 4771 nos
2757 4721 2811 4771 et
2844 4717 3119 4788 impetere
3149 4722 3357 4789 potest,
3393 4721 3562 4777 nobis
3600 4738 3736 4779 vero

2093 4803 2462 4860 irritamenta
2479 4805 2607 4876 ejus
2639 4804 2955 4876 propellere
2988 4808 3227 4863 omnino
3259 4809 3411 4866 licet.
3438 4810 3740 4882 Propulsa—

2096 4909 2231 4948 mus
2261 4909 2395 4948 vero
2426 4897 2551 4948 tum
2585 4910 2844 4964 corpore,
2885 4897 3012 4951 tum
3063 4896 3280 4954 anima.
3321 4899 3482 4964 Quod
3524 4900 3572 4955 si
3607 4917 3736 4958 vero

2095 4999 2305 5054 corpus
2324 4989 2588 5038 nostrum
2613 4983 2905 5056 impulsus
2927 4985 3053 5056 eius
3076 4986 3408 5058 propulsare
3428 4989 3600 5058 valet,
3616 4991 3734 5046 imo

2095 5090 2206 5130 non
2235 5071 2577 5146 propulsare
2601 5071 2815 5141 solum,
2837 5074 2934 5128 sed
2960 5089 3162 5130 omnes
3182 5091 3411 5148 quoque
3431 5082 3584 5134 artes
3604 5079 3734 5149 ejus

2095 5165 2358 5232 frangere
2387 5161 2677 5233 quomodo
2706 5161 2833 5232 ejus
2863 5163 3127 5220 conditor
3153 5165 3366 5221 fuerit?
3394 5168 3556 5234 Quod
3579 5168 3735 5224 enim

1496 5308 1738 5364 νΑιιιίΕ
1779 5305 2176 5363 LECTIONES
2215 5305 2305 5360 ET
2342 5303 2572 5361 ΝΟΤᾸΒ.

403 5439 515 5508 (89)
547 5433 806 5516 Ηλάσμα.
856 5439 997 5516 Cum
1046 5436 1155 5493 hac
1205 5453 1344 5516 voce
1381 5437 1722 5516 frequenter
1778 5436 1980 5490 utatur

331 5507 768 5589 Noster,_s_emel
801 5509 1101 5565 monuisse
1130 5509 1443 5589 suﬁecerit,
1467 5507 1591 5564 eam
1615 5507 1725 5588 ipsi
1749 5520 1984 5589 semper

333 5582 410 5635 rei
439 5579 688 5636 conditae
719 5595 823 5636 seu
853 5590 1124 5638 creaturae
1153 5582 1390 5637 notione
1426 5578 1713 5646 usurpari.
1747 5582 1826 5633 De
1847 5578 1979 5633 aliis

330 5652 479 5726 vocis
526 5650 961 5726 significantibus
1005 5653 1128 5726 lege
1166 5652 1372 5726 Ezech.
1406 5650 1849 5726 Spanhemium,
1903 5651 1975 5705 ad

332 5721 548 5779 Juliani
579 5721 905 5792 Orationes,
940 5740 996 5796 p.
1020 5721 1090 5781 ιε
1118 5731 1172 5782 et
1202 5724 1288 5780 19.

2160 5431 2269 5502 (90)
2300 5431 2373 5484 Τὰ
2404 5426 2532 5505 ἔργα
2563 5432 2750 5490 αὐτοῦ.
2794 5435 3022 5490 Similia
3076 5435 3188 5501 his,
3238 5439 3295 5491 et
3343 5436 3581 5492 fortiora
3622 5438 3739 5493 alia

2095 5507 2439 5576 argumenta
2462 5504 2798 5562 Manichaais
2821 5507 3055 5576 Opponit
3076 5507 3236 5563 Titus
3255 5510 3599 5573 Bostrensis,
3632 5508 3731 5564 lib.

2093 5573 2134 5641 Ι,
2172 5575 2324 5699 ιὸιέυά
2359 5575 2442 5630 Cl.
2487 5576 2834 5649 Basnagium
2860 5573 2944 5634 'i'n
2988 5578 3353 5648 Lectionibus,
3401 5580 3715 5635 Canisiam‘s

2091 5663 2146 5717 p.
2277 5661 2399 5716 seq.
