  <div class='ocr_page' id='page_1' title='image "/cluster/home/n/w/nwhite01/storage/ocr_20150623/102/hvd.32044073502155/049.png"; bbox 0 0 4074 6208; ppageno 0'>
   <div class='ocr_carea' id='block_1_1' title="bbox 361 373 2571 441">
    <p class='ocr_par' dir='ltr' id='par_1_1' title="bbox 361 373 2571 441">
     <span class='ocr_line' id='line_1_1' title="bbox 361 373 2571 441; baseline 0.001 -5"><span class='ocrx_word' id='word_1_1' title='bbox 361 376 443 436; x_wconf 83' lang='grc'>87</span> <span class='ocrx_word' id='word_1_2' title='bbox 1563 378 1832 441; x_wconf 84' lang='lat' dir='ltr'><strong>PHOTII</strong></span> <span class='ocrx_word' id='word_1_3' title='bbox 1873 373 2413 438; x_wconf 63' lang='lat' dir='ltr'><strong>PATRIARCHIE</strong></span> <span class='ocrx_word' id='word_1_4' title='bbox 2451 375 2571 438; x_wconf 82' lang='lat' dir='ltr'><strong>GP.</strong></span> 
     </span>
    </p>
   </div>
   <div class='ocr_carea' id='block_1_2' title="bbox 3690 373 3774 434">
    <p class='ocr_par' dir='ltr' id='par_1_2' title="bbox 3690 373 3774 434">
     <span class='ocr_line' id='line_1_2' title="bbox 3690 373 3774 434; baseline 0 0"><span class='ocrx_word' id='word_1_5' title='bbox 3690 373 3774 434; x_wconf 86' lang='lat'><strong>88</strong></span> 
     </span>
    </p>
   </div>
   <div class='ocr_carea' id='block_1_3' title="bbox 362 505 2002 586">
    <p class='ocr_par' dir='ltr' id='par_1_3' title="bbox 362 512 2002 586">
     <span class='ocr_line' id='line_1_3' title="bbox 362 512 2002 586; baseline -0.001 -19"><span class='ocrx_word' id='word_1_6' title='bbox 362 515 626 568; x_wconf 82' lang='lat' dir='ltr'><strong>creatura</strong></span> <span class='ocrx_word' id='word_1_7' title='bbox 655 512 754 570; x_wconf 86' lang='lat' dir='ltr'><strong>Dei</strong></span> <span class='ocrx_word' id='word_1_8' title='bbox 787 518 1138 586; x_wconf 64' lang='lat' dir='ltr'><strong>praeceptum</strong></span> <span class='ocrx_word' id='word_1_9' title='bbox 1179 514 1408 571; x_wconf 87' lang='lat' dir='ltr'><strong>Domini</strong></span> <span class='ocrx_word' id='word_1_10' title='bbox 1458 515 1549 571; x_wconf 87' lang='lat' dir='ltr'><strong>sui</strong></span> <span class='ocrx_word' id='word_1_11' title='bbox 1599 515 1908 586; x_wconf 83' lang='lat' dir='ltr'><strong>negligere,</strong></span> <span class='ocrx_word' id='word_1_12' title='bbox 1953 514 2002 567; x_wconf 87' lang='lat' dir='ltr'><strong>et</strong></span> 
     </span>
    </p>
   </div>
   <div class='ocr_carea' id='block_1_4' title="bbox 2118 505 3772 586">
    <p class='ocr_par' dir='ltr' id='par_1_4' title="bbox 2127 505 3772 583">
     <span class='ocr_line' id='line_1_4' title="bbox 2127 505 3772 583; baseline 0.001 -20"><span class='ocrx_word' id='word_1_13' title='bbox 2127 511 2408 583; x_wconf 81' lang='grc' dir='ltr'>μηχανὴν,</span> <span class='ocrx_word' id='word_1_14' title='bbox 2448 515 2566 572; x_wconf 78' lang='grc' dir='ltr'><strong>πῶς</strong></span> <span class='ocrx_word' id='word_1_15' title='bbox 2597 508 2740 565; x_wconf 77' lang='grc' dir='ltr'>ἐστιν</span> <span class='ocrx_word' id='word_1_16' title='bbox 2771 506 2978 570; x_wconf 74' lang='grc' dir='ltr'>ικεῖνος</span> <span class='ocrx_word' id='word_1_17' title='bbox 3013 505 3265 578; x_wconf 84' lang='grc' dir='ltr'><strong>πλάστης</strong></span> <span class='ocrx_word' id='word_1_18' title='bbox 3311 508 3514 578; x_wconf 79' lang='grc' dir='ltr'>αύτοῦ;</span> <span class='ocrx_word' id='word_1_19' title='bbox 3565 509 3640 566; x_wconf 86' lang='grc' dir='ltr'>Τὸ</span> <span class='ocrx_word' id='word_1_20' title='bbox 3673 510 3772 583; x_wconf 79' lang='grc' dir='ltr'>μὶν</span> 
     </span>
    </p>
   </div>
   <div class='ocr_carea' id='block_1_5' title="bbox 361 602 1998 676">
    <p class='ocr_par' dir='ltr' id='par_1_5' title="bbox 361 602 1998 676">
     <span class='ocr_line' id='line_1_5' title="bbox 361 602 1998 676; baseline 0 -18"><span class='ocrx_word' id='word_1_21' title='bbox 361 602 432 658; x_wconf 86' lang='lat' dir='ltr'><strong>ab</strong></span> <span class='ocrx_word' id='word_1_22' title='bbox 489 602 730 659; x_wconf 89' lang='lat' dir='ltr'><strong>inimico</strong></span> <span class='ocrx_word' id='word_1_23' title='bbox 777 604 1041 676; x_wconf 87' lang='lat' dir='ltr'><strong>opposito</strong></span> <span class='ocrx_word' id='word_1_24' title='bbox 1099 605 1286 676; x_wconf 88' lang='lat' dir='ltr'><strong>decipi</strong></span> <span class='ocrx_word' id='word_1_25' title='bbox 1335 606 1536 676; x_wconf 91' lang='lat' dir='ltr'><strong>possit,</strong></span> <span class='ocrx_word' id='word_1_26' title='bbox 1587 604 1649 660; x_wconf 91' lang='lat' dir='ltr'><strong>id</strong></span> <span class='ocrx_word' id='word_1_27' title='bbox 1695 621 1998 676; x_wconf 87' lang='lat' dir='ltr'><strong>argumen-</strong></span> 
     </span>
    </p>
   </div>
   <div class='ocr_carea' id='block_1_6' title="bbox 360 693 1998 765">
    <p class='ocr_par' dir='ltr' id='par_1_6' title="bbox 360 693 1998 765">
     <span class='ocr_line' id='line_1_6' title="bbox 360 693 1998 765; baseline 0.001 -19"><span class='ocrx_word' id='word_1_28' title='bbox 360 694 488 746; x_wconf 85' lang='lat' dir='ltr'><strong>tum</strong></span> <span class='ocrx_word' id='word_1_29' title='bbox 519 701 605 748; x_wconf 88' lang='lat' dir='ltr'><strong>est</strong></span> <span class='ocrx_word' id='word_1_30' title='bbox 633 693 856 749; x_wconf 81' lang='lat' dir='ltr'><strong>arbitrii</strong></span> <span class='ocrx_word' id='word_1_31' title='bbox 889 693 950 749; x_wconf 92' lang='lat' dir='ltr'><strong>in</strong></span> <span class='ocrx_word' id='word_1_32' title='bbox 985 699 1289 764; x_wconf 83' lang='lat' dir='ltr'><strong>utramque</strong></span> <span class='ocrx_word' id='word_1_33' title='bbox 1320 698 1542 765; x_wconf 87' lang='lat' dir='ltr'><strong>partem</strong></span> <span class='ocrx_word' id='word_1_34' title='bbox 1582 693 1770 761; x_wconf 84' lang='lat' dir='ltr'><strong>liberi,</strong></span> <span class='ocrx_word' id='word_1_35' title='bbox 1831 693 1998 761; x_wconf 82' lang='lat' dir='ltr'><strong>cujus</strong></span> 
     </span>
    </p>
   </div>
   <div class='ocr_carea' id='block_1_7' title="bbox 361 781 2006 852">
    <p class='ocr_par' dir='ltr' id='par_1_7' title="bbox 361 781 2006 852">
     <span class='ocr_line' id='line_1_7' title="bbox 361 781 2006 852; baseline 0.001 -16"><span class='ocrx_word' id='word_1_36' title='bbox 361 781 532 836; x_wconf 86' lang='lat' dir='ltr'><strong>nobis</strong></span> <span class='ocrx_word' id='word_1_37' title='bbox 561 782 726 852; x_wconf 91' lang='lat' dir='ltr'><strong>copia</strong></span> <span class='ocrx_word' id='word_1_38' title='bbox 755 782 814 837; x_wconf 92' lang='lat' dir='ltr'><strong>in</strong></span> <span class='ocrx_word' id='word_1_39' title='bbox 845 781 1126 838; x_wconf 79' lang='lat' dir='ltr'><strong>creatione</strong></span> <span class='ocrx_word' id='word_1_40' title='bbox 1157 783 1308 838; x_wconf 83' lang='lat' dir='ltr'><strong>facta</strong></span> <span class='ocrx_word' id='word_1_41' title='bbox 1338 786 1444 838; x_wconf 87' lang='lat' dir='ltr'><strong>est.</strong></span> <span class='ocrx_word' id='word_1_42' title='bbox 1493 783 1704 838; x_wconf 84' lang='lat' dir='ltr'><strong>Anima</strong></span> <span class='ocrx_word' id='word_1_43' title='bbox 1751 782 1905 837; x_wconf 88' lang='lat' dir='ltr'><strong>enim</strong></span> <span class='ocrx_word' id='word_1_44' title='bbox 1938 782 2006 838; x_wconf 93' lang='lat' dir='ltr'><strong>li-</strong></span> 
     </span>
    </p>
   </div>
   <div class='ocr_carea' id='block_1_8' title="bbox 360 868 2000 943">
    <p class='ocr_par' dir='ltr' id='par_1_8' title="bbox 360 868 2000 943">
     <span class='ocr_line' id='line_1_8' title="bbox 360 868 2000 943; baseline 0.002 -19"><span class='ocrx_word' id='word_1_45' title='bbox 360 868 497 924; x_wconf 88' lang='lat' dir='ltr'><strong>bera</strong></span> <span class='ocrx_word' id='word_1_46' title='bbox 528 874 635 926; x_wconf 88' lang='lat' dir='ltr'><strong>est.</strong></span> <span class='ocrx_word' id='word_1_47' title='bbox 669 871 732 926; x_wconf 82' lang='lat' dir='ltr'><strong>Et</strong></span> <span class='ocrx_word' id='word_1_48' title='bbox 759 887 877 927; x_wconf 76' lang='lat' dir='ltr'><strong>ecce</strong></span> <span class='ocrx_word' id='word_1_49' title='bbox 910 872 1174 943; x_wconf 75' lang='lat' dir='ltr'><strong>proposui</strong></span> <span class='ocrx_word' id='word_1_50' title='bbox 1221 870 1327 927; x_wconf 79' lang='lat' dir='ltr'><strong>tibi</strong></span> <span class='ocrx_word' id='word_1_51' title='bbox 1369 878 1498 927; x_wconf 86' lang='lat' dir='ltr'><strong><em>ante</em></strong></span> <span class='ocrx_word' id='word_1_52' title='bbox 1548 873 1728 928; x_wconf 75' lang='lat' dir='ltr'><strong>oculos</strong></span> <span class='ocrx_word' id='word_1_53' title='bbox 1772 875 2000 928; x_wconf 80' lang='lat' dir='ltr'><strong>mortem</strong></span> 
     </span>
    </p>
   </div>
   <div class='ocr_carea' id='block_1_9' title="bbox 357 959 1999 1033">
    <p class='ocr_par' dir='ltr' id='par_1_9' title="bbox 357 959 1999 1033">
     <span class='ocr_line' id='line_1_9' title="bbox 357 959 1999 1033; baseline 0.002 -22"><span class='ocrx_word' id='word_1_54' title='bbox 357 962 413 1012; x_wconf 82' lang='lat' dir='ltr'><strong>et</strong></span> <span class='ocrx_word' id='word_1_55' title='bbox 449 959 622 1014; x_wconf 80' lang='lat' dir='ltr'><strong>vitam</strong></span> <span class='ocrx_word' id='word_1_56' title='bbox 650 960 692 1014; x_wconf 82' lang='grc'><strong>⁸.</strong></span> <span class='ocrx_word' id='word_1_57' title='bbox 741 960 869 1016; x_wconf 90' lang='lat' dir='ltr'><strong>Jam</strong></span> <span class='ocrx_word' id='word_1_58' title='bbox 911 975 1044 1015; x_wconf 90' lang='lat' dir='ltr'><strong>vero</strong></span> <span class='ocrx_word' id='word_1_59' title='bbox 1093 961 1246 1032; x_wconf 91' lang='lat' dir='ltr'><strong>quod</strong></span> <span class='ocrx_word' id='word_1_60' title='bbox 1299 964 1508 1027; x_wconf 90' lang='lat' dir='ltr'><strong>totum,</strong></span> <span class='ocrx_word' id='word_1_61' title='bbox 1558 966 1842 1033; x_wconf 88' lang='lat' dir='ltr'><strong>quantum</strong></span> <span class='ocrx_word' id='word_1_62' title='bbox 1891 965 1999 1028; x_wconf 90' lang='lat' dir='ltr'><strong>est,</strong></span> 
     </span>
    </p>
   </div>
   <div class='ocr_carea' id='block_1_10' title="bbox 361 1047 2002 1123">
    <p class='ocr_par' dir='ltr' id='par_1_10' title="bbox 361 1047 2002 1123">
     <span class='ocr_line' id='line_1_10' title="bbox 361 1047 2002 1123; baseline 0.002 -21"><span class='ocrx_word' id='word_1_63' title='bbox 361 1047 580 1102; x_wconf 89' lang='lat' dir='ltr'><strong>malum</strong></span> <span class='ocrx_word' id='word_1_64' title='bbox 612 1055 717 1115; x_wconf 86' lang='lat' dir='ltr'><strong>est,</strong></span> <span class='ocrx_word' id='word_1_65' title='bbox 750 1048 1039 1120; x_wconf 88' lang='lat' dir='ltr'><strong>quomodo</strong></span> <span class='ocrx_word' id='word_1_66' title='bbox 1073 1064 1395 1120; x_wconf 88' lang='lat' dir='ltr'><strong>repugnare</strong></span> <span class='ocrx_word' id='word_1_67' title='bbox 1425 1050 1708 1123; x_wconf 89' lang='lat' dir='ltr'><strong>principio</strong></span> <span class='ocrx_word' id='word_1_68' title='bbox 1741 1066 1844 1107; x_wconf 91' lang='lat' dir='ltr'><strong>suo</strong></span> <span class='ocrx_word' id='word_1_69' title='bbox 1897 1068 2002 1122; x_wconf 91' lang='lat' dir='ltr'><strong>po-</strong></span> 
     </span>
    </p>
   </div>
   <div class='ocr_carea' id='block_1_11' title="bbox 360 1135 2000 1210">
    <p class='ocr_par' dir='ltr' id='par_1_11' title="bbox 360 1135 2000 1210">
     <span class='ocr_line' id='line_1_11' title="bbox 360 1135 2000 1210; baseline 0.003 -20"><span class='ocrx_word' id='word_1_70' title='bbox 360 1137 523 1191; x_wconf 87' lang='lat' dir='ltr'><strong>test?</strong></span> <span class='ocrx_word' id='word_1_71' title='bbox 549 1135 845 1199; x_wconf 86' lang='lat' dir='ltr'><strong>Quomodo</strong></span> <span class='ocrx_word' id='word_1_72' title='bbox 878 1137 1056 1205; x_wconf 91' lang='lat' dir='ltr'><strong>enim,</strong></span> <span class='ocrx_word' id='word_1_73' title='bbox 1100 1138 1329 1208; x_wconf 86' lang='lat' dir='ltr'><strong>judicio</strong></span> <span class='ocrx_word' id='word_1_74' title='bbox 1378 1139 1751 1210; x_wconf 85' lang='lat' dir='ltr'><strong>destitutum,</strong></span> <span class='ocrx_word' id='word_1_75' title='bbox 1784 1157 1814 1196; x_wconf 85' lang='lat' dir='ltr'><strong>a</strong></span> <span class='ocrx_word' id='word_1_76' title='bbox 1849 1138 2000 1195; x_wconf 88' lang='lat' dir='ltr'><strong>malo</strong></span> 
     </span>
    </p>
   </div>
   <div class='ocr_carea' id='block_1_12' title="bbox 359 1222 2002 1300">
    <p class='ocr_par' dir='ltr' id='par_1_12' title="bbox 359 1222 2002 1300">
     <span class='ocr_line' id='line_1_12' title="bbox 359 1222 2002 1300; baseline 0.003 -22"><span class='ocrx_word' id='word_1_77' title='bbox 359 1222 646 1279; x_wconf 85' lang='lat' dir='ltr'><strong>descivit?</strong></span> <span class='ocrx_word' id='word_1_78' title='bbox 676 1222 761 1279; x_wconf 89' lang='lat' dir='ltr'><strong>vel</strong></span> <span class='ocrx_word' id='word_1_79' title='bbox 794 1225 1081 1294; x_wconf 88' lang='lat' dir='ltr'><strong>quomodo</strong></span> <span class='ocrx_word' id='word_1_80' title='bbox 1114 1225 1173 1281; x_wconf 91' lang='lat' dir='ltr'><strong>in</strong></span> <span class='ocrx_word' id='word_1_81' title='bbox 1204 1226 1425 1284; x_wconf 88' lang='lat' dir='ltr'><strong>bonum</strong></span> <span class='ocrx_word' id='word_1_82' title='bbox 1449 1227 1706 1295; x_wconf 84' lang='lat' dir='ltr'><strong>deflexit,</strong></span> <span class='ocrx_word' id='word_1_83' title='bbox 1729 1233 1786 1284; x_wconf 89' lang='lat' dir='ltr'><strong>et</strong></span> <span class='ocrx_word' id='word_1_84' title='bbox 1807 1227 2002 1300; x_wconf 91' lang='lat' dir='ltr'><strong>pristi-</strong></span> 
     </span>
    </p>
   </div>
   <div class='ocr_carea' id='block_1_13' title="bbox 356 1313 1999 1390">
    <p class='ocr_par' dir='ltr' id='par_1_13' title="bbox 356 1313 1999 1390">
     <span class='ocr_line' id='line_1_13' title="bbox 356 1313 1999 1390; baseline 0.004 -22"><span class='ocrx_word' id='word_1_85' title='bbox 356 1327 501 1368; x_wconf 83' lang='lat' dir='ltr'><strong>num</strong></span> <span class='ocrx_word' id='word_1_86' title='bbox 523 1313 839 1385; x_wconf 89' lang='lat' dir='ltr'><strong>imperium</strong></span> <span class='ocrx_word' id='word_1_87' title='bbox 861 1313 1042 1370; x_wconf 81' lang='lat' dir='ltr'><strong>vicit?</strong></span> <span class='ocrx_word' id='word_1_88' title='bbox 1071 1317 1267 1386; x_wconf 89' lang='lat' dir='ltr'><strong>Itaque</strong></span> <span class='ocrx_word' id='word_1_89' title='bbox 1287 1316 1410 1372; x_wconf 86' lang='lat' dir='ltr'><strong>ﬁeri</strong></span> <span class='ocrx_word' id='word_1_90' title='bbox 1444 1334 1560 1375; x_wconf 91' lang='lat' dir='ltr'><strong>non</strong></span> <span class='ocrx_word' id='word_1_91' title='bbox 1594 1323 1804 1390; x_wconf 86' lang='lat' dir='ltr'><strong>potest,</strong></span> <span class='ocrx_word' id='word_1_92' title='bbox 1838 1322 1902 1375; x_wconf 93' lang='lat' dir='ltr'><strong>ut</strong></span> <span class='ocrx_word' id='word_1_93' title='bbox 1929 1320 1999 1374; x_wconf 92' lang='lat' dir='ltr'><strong>ad</strong></span> 
     </span>
    </p>
   </div>
   <div class='ocr_carea' id='block_1_14' title="bbox 355 1401 1999 1478">
    <p class='ocr_par' dir='ltr' id='par_1_14' title="bbox 355 1401 1999 1478">
     <span class='ocr_line' id='line_1_14' title="bbox 355 1401 1999 1478; baseline 0.005 -22"><span class='ocrx_word' id='word_1_94' title='bbox 355 1401 469 1458; x_wconf 91' lang='lat' dir='ltr'><strong>duo</strong></span> <span class='ocrx_word' id='word_1_95' title='bbox 500 1403 768 1474; x_wconf 88' lang='lat' dir='ltr'><strong>opposita</strong></span> <span class='ocrx_word' id='word_1_96' title='bbox 796 1403 1084 1475; x_wconf 89' lang='lat' dir='ltr'><strong>principia</strong></span> <span class='ocrx_word' id='word_1_97' title='bbox 1126 1406 1385 1478; x_wconf 90' lang='lat' dir='ltr'><strong>corporis</strong></span> <span class='ocrx_word' id='word_1_98' title='bbox 1426 1411 1484 1463; x_wconf 90' lang='lat' dir='ltr'><strong>et</strong></span> <span class='ocrx_word' id='word_1_99' title='bbox 1528 1407 1736 1464; x_wconf 84' lang='lat' dir='ltr'><strong>animae</strong></span> <span class='ocrx_word' id='word_1_100' title='bbox 1785 1407 1999 1464; x_wconf 87' lang='lat' dir='ltr'><strong>creatio</strong></span> 
     </span>
    </p>
   </div>
   <div class='ocr_carea' id='block_1_15' title="bbox 354 1489 658 1546">
    <p class='ocr_par' dir='ltr' id='par_1_15' title="bbox 354 1489 658 1546">
     <span class='ocr_line' id='line_1_15' title="bbox 354 1489 658 1546; baseline 0.007 -2"><span class='ocrx_word' id='word_1_101' title='bbox 354 1489 658 1546; x_wconf 85' lang='lat' dir='ltr'><strong>referatur.</strong></span> 
     </span>
    </p>
   </div>
   <div class='ocr_carea' id='block_1_16' title="bbox 427 1668 2000 1746">
    <p class='ocr_par' dir='ltr' id='par_1_16' title="bbox 427 1668 2000 1746">
     <span class='ocr_line' id='line_1_16' title="bbox 427 1668 2000 1746; baseline 0.006 -24"><span class='ocrx_word' id='word_1_102' title='bbox 427 1669 528 1724; x_wconf 88' lang='lat' dir='ltr'><strong>III.</strong></span> <span class='ocrx_word' id='word_1_103' title='bbox 559 1668 844 1728; x_wconf 87' lang='lat' dir='ltr'><strong>Praeterea</strong></span> <span class='ocrx_word' id='word_1_104' title='bbox 873 1688 1028 1742; x_wconf 86' lang='lat' dir='ltr'><strong>vero,</strong></span> <span class='ocrx_word' id='word_1_105' title='bbox 1058 1672 1229 1745; x_wconf 87' lang='lat' dir='ltr'><strong>idque</strong></span> <span class='ocrx_word' id='word_1_106' title='bbox 1258 1682 1429 1744; x_wconf 90' lang='lat' dir='ltr'><strong>recte,</strong></span> <span class='ocrx_word' id='word_1_107' title='bbox 1461 1680 1741 1746; x_wconf 87' lang='lat' dir='ltr'><strong>monent;</strong></span> <span class='ocrx_word' id='word_1_108' title='bbox 1772 1676 2000 1734; x_wconf 82' lang='lat' dir='ltr'><strong>hostem</strong></span> 
     </span>
    </p>
   </div>
   <div class='ocr_carea' id='block_1_17' title="bbox 356 1754 2001 1836">
    <p class='ocr_par' dir='ltr' id='par_1_17' title="bbox 356 1754 2001 1836">
     <span class='ocr_line' id='line_1_17' title="bbox 356 1754 2001 1836; baseline 0.007 -25"><span class='ocrx_word' id='word_1_109' title='bbox 356 1754 418 1812; x_wconf 91' lang='lat' dir='ltr'><strong>in</strong></span> <span class='ocrx_word' id='word_1_110' title='bbox 448 1757 701 1814; x_wconf 84' lang='lat' dir='ltr'><strong>animam</strong></span> <span class='ocrx_word' id='word_1_111' title='bbox 732 1775 957 1828; x_wconf 90' lang='lat' dir='ltr'><strong>eorum,</strong></span> <span class='ocrx_word' id='word_1_112' title='bbox 991 1762 1092 1834; x_wconf 88' lang='lat' dir='ltr'><strong>qui</strong></span> <span class='ocrx_word' id='word_1_113' title='bbox 1122 1778 1182 1819; x_wconf 84' lang='lat' dir='ltr'><strong>se</strong></span> <span class='ocrx_word' id='word_1_114' title='bbox 1211 1768 1420 1836; x_wconf 82' lang='lat' dir='ltr'><strong>sponte</strong></span> <span class='ocrx_word' id='word_1_115' title='bbox 1449 1765 1558 1836; x_wconf 87' lang='lat' dir='ltr'><strong>ipsi</strong></span> <span class='ocrx_word' id='word_1_116' title='bbox 1592 1766 1890 1834; x_wconf 82' lang='lat' dir='ltr'><strong>dederent,</strong></span> <span class='ocrx_word' id='word_1_117' title='bbox 1923 1766 2001 1822; x_wconf 85' lang='lat' dir='ltr'><strong>ita</strong></span> 
     </span>
    </p>
   </div>
   <div class='ocr_carea' id='block_1_18' title="bbox 2109 594 3776 674">
    <p class='ocr_par' dir='ltr' id='par_1_18' title="bbox 2109 594 3776 674">
     <span class='ocr_line' id='line_1_18' title="bbox 2109 594 3776 674; baseline 0.002 -23"><span class='ocrx_word' id='word_1_118' title='bbox 2109 598 2213 673; x_wconf 85' lang='grc' dir='ltr'><strong>γὰρ</strong></span> <span class='ocrx_word' id='word_1_119' title='bbox 2245 598 2462 672; x_wconf 87' lang='grc' dir='ltr'>ποίημα</span> <span class='ocrx_word' id='word_1_120' title='bbox 2509 603 2607 654; x_wconf 88' lang='grc' dir='ltr'><strong>τοῦ</strong></span> <span class='ocrx_word' id='word_1_121' title='bbox 2658 601 2790 654; x_wconf 90' lang='grc' dir='ltr'>Θεοῦ</span> <span class='ocrx_word' id='word_1_122' title='bbox 2838 596 3064 666; x_wconf 74' lang='grc' dir='ltr'>ἐντολῆς</span> <span class='ocrx_word' id='word_1_123' title='bbox 3111 594 3459 674; x_wconf 84' lang='grc' dir='ltr'>όλιγωρῆσαι</span> <span class='ocrx_word' id='word_1_124' title='bbox 3510 604 3776 654; x_wconf 81' lang='grc' dir='ltr'>Δεσποτι-</span> 
     </span>
    </p>
   </div>
   <div class='ocr_carea' id='block_1_19' title="bbox 2110 685 3772 762">
    <p class='ocr_par' dir='ltr' id='par_1_19' title="bbox 2110 685 3772 762">
     <span class='ocr_line' id='line_1_19' title="bbox 2110 685 3772 762; baseline 0 -20"><span class='ocrx_word' id='word_1_125' title='bbox 2110 693 2234 756; x_wconf 85' lang='grc' dir='ltr'>κῆς,</span> <span class='ocrx_word' id='word_1_126' title='bbox 2264 688 2354 742; x_wconf 86' lang='grc' dir='ltr'><strong>καὶ</strong></span> <span class='ocrx_word' id='word_1_127' title='bbox 2413 694 2512 756; x_wconf 81' lang='grc' dir='ltr'><strong>τῆς</strong></span> <span class='ocrx_word' id='word_1_128' title='bbox 2561 688 2770 757; x_wconf 81' lang='grc' dir='ltr'>ἀπάτης</span> <span class='ocrx_word' id='word_1_129' title='bbox 2821 685 3061 760; x_wconf 81' lang='grc' dir='ltr'>γενέσθαι</span> <span class='ocrx_word' id='word_1_130' title='bbox 3114 690 3213 741; x_wconf 92' lang='grc' dir='ltr'><strong>τοῦ</strong></span> <span class='ocrx_word' id='word_1_131' title='bbox 3261 685 3487 762; x_wconf 74' lang='grc' dir='ltr'>ὶχθροῦ,</span> <span class='ocrx_word' id='word_1_132' title='bbox 3533 687 3772 762; x_wconf 82' lang='grc' dir='ltr'>γνώμης</span> 
     </span>
    </p>
   </div>
   <div class='ocr_carea' id='block_1_20' title="bbox 2109 773 3768 856">
    <p class='ocr_par' dir='ltr' id='par_1_20' title="bbox 2109 773 3768 856">
     <span class='ocr_line' id='line_1_20' title="bbox 2109 773 3768 856; baseline 0.001 -25"><span class='ocrx_word' id='word_1_133' title='bbox 2109 773 2220 831; x_wconf 68' lang='grc' dir='ltr'>ἐστὶ</span> <span class='ocrx_word' id='word_1_134' title='bbox 2261 783 2360 846; x_wconf 77' lang='grc' dir='ltr'>τῆς</span> <span class='ocrx_word' id='word_1_135' title='bbox 2405 777 2487 832; x_wconf 82' lang='grc' dir='ltr'><strong>ἐπ’</strong></span> <span class='ocrx_word' id='word_1_136' title='bbox 2526 777 2693 856; x_wconf 72' lang='grc' dir='ltr'>ἄμφω</span> <span class='ocrx_word' id='word_1_137' title='bbox 2741 775 2940 853; x_wconf 73' lang='grc' dir='ltr'>ῥέπειν,</span> <span class='ocrx_word' id='word_1_138' title='bbox 2981 777 3034 831; x_wconf 83' lang='grc' dir='ltr'>ὲν</span> <span class='ocrx_word' id='word_1_139' title='bbox 3094 780 3163 850; x_wconf 76' lang='grc' dir='ltr'>τῇ</span> <span class='ocrx_word' id='word_1_140' title='bbox 3212 773 3410 832; x_wconf 75' lang='grc' dir='ltr'>πλάσει</span> <span class='ocrx_word' id='word_1_141' title='bbox 3461 775 3768 852; x_wconf 75' lang='grc' dir='ltr'>δεδομένης</span> 
     </span>
    </p>
   </div>
   <div class='ocr_carea' id='block_1_21' title="bbox 2110 863 3768 944">
    <p class='ocr_par' dir='ltr' id='par_1_21' title="bbox 2110 863 3768 944">
     <span class='ocr_line' id='line_1_21' title="bbox 2110 863 3768 944; baseline 0.002 -24"><span class='ocrx_word' id='word_1_142' title='bbox 2110 867 2269 938; x_wconf 80' lang='grc' dir='ltr'>ἡμῖν·</span> <span class='ocrx_word' id='word_1_143' title='bbox 2305 866 2650 937; x_wconf 78' lang='grc' dir='ltr'><strong>αὐτεξούσιον</strong></span> <span class='ocrx_word' id='word_1_144' title='bbox 2674 868 2774 943; x_wconf 81' lang='grc' dir='ltr'>γὰρ</span> <span class='ocrx_word' id='word_1_145' title='bbox 2797 868 2832 935; x_wconf 84' lang='grc' dir='ltr'><strong>ἡ</strong></span> <span class='ocrx_word' id='word_1_146' title='bbox 2863 866 3018 944; x_wconf 81' lang='grc' dir='ltr'>ψυχή</span> <span class='ocrx_word' id='word_1_147' title='bbox 3063 867 3199 939; x_wconf 85' lang='grc'>(91)·</span> <span class='ocrx_word' id='word_1_148' title='bbox 3231 866 3340 922; x_wconf 82' lang='grc' dir='ltr'><strong>Καὶ</strong></span> <span class='ocrx_word' id='word_1_149' title='bbox 3369 863 3490 921; x_wconf 80' lang='grc' dir='ltr'>ἷδοὸ</span> <span class='ocrx_word' id='word_1_150' title='bbox 3540 865 3768 923; x_wconf 82' lang='grc' dir='ltr'>τέθεικα</span> 
     </span>
    </p>
   </div>
   <div class='ocr_carea' id='block_1_22' title="bbox 2108 953 3759 1031">
    <p class='ocr_par' dir='ltr' id='par_1_22' title="bbox 2108 953 3759 1031">
     <span class='ocr_line' id='line_1_22' title="bbox 2108 953 3759 1031; baseline 0.002 -22"><span class='ocrx_word' id='word_1_151' title='bbox 2108 954 2214 1030; x_wconf 92' lang='grc' dir='ltr'><strong>πρὸ</strong></span> <span class='ocrx_word' id='word_1_152' title='bbox 2271 957 2568 1031; x_wconf 84' lang='grc' dir='ltr'><strong>προσώπου</strong></span> <span class='ocrx_word' id='word_1_153' title='bbox 2635 977 2730 1010; x_wconf 86' lang='grc' dir='ltr'><strong>σου</strong></span> <span class='ocrx_word' id='word_1_154' title='bbox 2795 955 2886 1010; x_wconf 90' lang='grc' dir='ltr'><strong>τὸν</strong></span> <span class='ocrx_word' id='word_1_155' title='bbox 2947 956 3174 1009; x_wconf 77' lang='grc' dir='ltr'>θάνατον</span> <span class='ocrx_word' id='word_1_156' title='bbox 3245 953 3336 1010; x_wconf 82' lang='grc' dir='ltr'><strong>καὶ</strong></span> <span class='ocrx_word' id='word_1_157' title='bbox 3419 957 3520 1025; x_wconf 82' lang='grc' dir='ltr'><strong>τήν</strong></span> <span class='ocrx_word' id='word_1_158' title='bbox 3587 958 3759 1026; x_wconf 58' lang='grc' dir='ltr'>ζωήν</span> 
     </span>
    </p>
   </div>
   <div class='ocr_carea' id='block_1_23' title="bbox 2105 1039 3761 1119">
    <p class='ocr_par' dir='ltr' id='par_1_23' title="bbox 2105 1039 3761 1119">
     <span class='ocr_line' id='line_1_23' title="bbox 2105 1039 3761 1119; baseline 0 -19"><span class='ocrx_word' id='word_1_159' title='bbox 2105 1044 2169 1100; x_wconf 89' lang='grc' dir='ltr'><strong>τὸ</strong></span> <span class='ocrx_word' id='word_1_160' title='bbox 2199 1042 2257 1099; x_wconf 72' lang='grc' dir='ltr'>δὲ</span> <span class='ocrx_word' id='word_1_161' title='bbox 2286 1042 2397 1116; x_wconf 77' lang='grc' dir='ltr'><strong>ἤδη</strong></span> <span class='ocrx_word' id='word_1_162' title='bbox 2432 1046 2531 1114; x_wconf 78' lang='grc' dir='ltr'>τὴν</span> <span class='ocrx_word' id='word_1_163' title='bbox 2565 1043 2900 1119; x_wconf 84' lang='grc' dir='ltr'>ὁλοκληρίαν</span> <span class='ocrx_word' id='word_1_164' title='bbox 2934 1039 3062 1118; x_wconf 76' lang='grc' dir='ltr'>ἔχον</span> <span class='ocrx_word' id='word_1_165' title='bbox 3093 1047 3193 1100; x_wconf 89' lang='grc' dir='ltr'><strong>τοῦ</strong></span> <span class='ocrx_word' id='word_1_166' title='bbox 3240 1049 3431 1117; x_wconf 85' lang='grc' dir='ltr'>κακοῦ,</span> <span class='ocrx_word' id='word_1_167' title='bbox 3471 1051 3592 1110; x_wconf 81' lang='grc' dir='ltr'><strong>πῶς</strong></span> <span class='ocrx_word' id='word_1_168' title='bbox 3637 1044 3761 1101; x_wconf 79' lang='grc' dir='ltr'>οἷόν</span> 
     </span>
    </p>
   </div>
   <div class='ocr_carea' id='block_1_24' title="bbox 2105 1131 3766 1210">
    <p class='ocr_par' dir='ltr' id='par_1_24' title="bbox 2105 1131 3766 1210">
     <span class='ocr_line' id='line_1_24' title="bbox 2105 1131 3766 1210; baseline 0.001 -21"><span class='ocrx_word' id='word_1_169' title='bbox 2105 1131 2166 1190; x_wconf 81' lang='grc' dir='ltr'><strong>τέ</strong></span> <span class='ocrx_word' id='word_1_170' title='bbox 2222 1133 2366 1190; x_wconf 71' lang='grc' dir='ltr'>ἔστιν</span> <span class='ocrx_word' id='word_1_171' title='bbox 2423 1141 2938 1209; x_wconf 81' lang='grc' dir='ltr'><strong>καταστρατηγῆσαι</strong></span> <span class='ocrx_word' id='word_1_172' title='bbox 2991 1139 3093 1202; x_wconf 88' lang='grc' dir='ltr'><strong>τῆς</strong></span> <span class='ocrx_word' id='word_1_173' title='bbox 3153 1134 3384 1210; x_wconf 81' lang='grc' dir='ltr'>ἆρχῆς;</span> <span class='ocrx_word' id='word_1_174' title='bbox 3443 1134 3612 1190; x_wconf 73' lang='grc' dir='ltr'>Πόθεν</span> <span class='ocrx_word' id='word_1_175' title='bbox 3658 1136 3766 1210; x_wconf 82' lang='grc' dir='ltr'><strong>γὰρ</strong></span> 
     </span>
    </p>
   </div>
   <div class='ocr_carea' id='block_1_25' title="bbox 2107 1221 3767 1304">
    <p class='ocr_par' dir='ltr' id='par_1_25' title="bbox 2107 1221 3767 1304">
     <span class='ocr_line' id='line_1_25' title="bbox 2107 1221 3767 1304; baseline 0.001 -25"><span class='ocrx_word' id='word_1_176' title='bbox 2107 1222 2281 1298; x_wconf 80' lang='grc' dir='ltr'>κρίσιν</span> <span class='ocrx_word' id='word_1_177' title='bbox 2313 1223 2412 1279; x_wconf 82' lang='grc' dir='ltr'>οὐκ</span> <span class='ocrx_word' id='word_1_178' title='bbox 2451 1221 2582 1304; x_wconf 82' lang='grc' dir='ltr'>ἔχον</span> <span class='ocrx_word' id='word_1_179' title='bbox 2632 1222 2814 1297; x_wconf 77' lang='grc' dir='ltr'>ἐξέστη</span> <span class='ocrx_word' id='word_1_180' title='bbox 2864 1227 2962 1278; x_wconf 91' lang='grc' dir='ltr'><strong>τοῦ</strong></span> <span class='ocrx_word' id='word_1_181' title='bbox 3007 1221 3302 1300; x_wconf 87' lang='grc' dir='ltr'>χείρονος;</span> <span class='ocrx_word' id='word_1_182' title='bbox 3344 1227 3462 1287; x_wconf 83' lang='grc' dir='ltr'><strong>πῶς</strong></span> <span class='ocrx_word' id='word_1_183' title='bbox 3519 1223 3578 1280; x_wconf 69' lang='grc' dir='ltr'>δὲ</span> <span class='ocrx_word' id='word_1_184' title='bbox 3622 1225 3767 1300; x_wconf 91' lang='grc' dir='ltr'>πρὸς</span> 
     </span>
    </p>
   </div>
   <div class='ocr_carea' id='block_1_26' title="bbox 2105 1309 3768 1392">
    <p class='ocr_par' dir='ltr' id='par_1_26' title="bbox 2105 1309 3768 1392">
     <span class='ocr_line' id='line_1_26' title="bbox 2105 1309 3768 1392; baseline 0.001 -24"><span class='ocrx_word' id='word_1_185' title='bbox 2105 1318 2168 1368; x_wconf 84' lang='grc' dir='ltr'><strong>τὸ</strong></span> <span class='ocrx_word' id='word_1_186' title='bbox 2233 1319 2474 1390; x_wconf 83' lang='grc' dir='ltr'>κρεῖττον</span> <span class='ocrx_word' id='word_1_187' title='bbox 2538 1309 2736 1380; x_wconf 82' lang='grc' dir='ltr'>ἔκλινε,</span> <span class='ocrx_word' id='word_1_188' title='bbox 2824 1312 2913 1367; x_wconf 80' lang='grc' dir='ltr'><strong>καὶ</strong></span> <span class='ocrx_word' id='word_1_189' title='bbox 3007 1318 3108 1382; x_wconf 84' lang='grc' dir='ltr'><strong>τῆς</strong></span> <span class='ocrx_word' id='word_1_190' title='bbox 3165 1311 3514 1387; x_wconf 77' lang='grc' dir='ltr'>προαγούσης</span> <span class='ocrx_word' id='word_1_191' title='bbox 3571 1314 3768 1392; x_wconf 71' lang='grc' dir='ltr'>ἰσχύος</span> 
     </span>
    </p>
   </div>
   <div class='ocr_carea' id='block_1_27' title="bbox 2107 1399 3770 1483">
    <p class='ocr_par' dir='ltr' id='par_1_27' title="bbox 2107 1399 3770 1483">
     <span class='ocr_line' id='line_1_27' title="bbox 2107 1399 3770 1483; baseline 0.001 -25"><span class='ocrx_word' id='word_1_192' title='bbox 2107 1402 2398 1478; x_wconf 73' lang='grc' dir='ltr'>ἐκράτησεν</span> <span class='ocrx_word' id='word_1_193' title='bbox 2446 1421 2460 1472; x_wconf 81' lang='grc' dir='ltr'><strong>ς</strong></span> <span class='ocrx_word' id='word_1_194' title='bbox 2517 1404 2676 1458; x_wconf 82' lang='grc' dir='ltr'>Ὥστε</span> <span class='ocrx_word' id='word_1_195' title='bbox 2710 1399 2970 1458; x_wconf 82' lang='grc' dir='ltr'>ἀδύνατον</span> <span class='ocrx_word' id='word_1_196' title='bbox 3026 1401 3101 1464; x_wconf 81' lang='grc' dir='ltr'><strong>εἰς</strong></span> <span class='ocrx_word' id='word_1_197' title='bbox 3145 1401 3521 1477; x_wconf 53' lang='grc' dir='ltr'>ἀντικειμένας</span> <span class='ocrx_word' id='word_1_198' title='bbox 3570 1403 3770 1483; x_wconf 77' lang='grc' dir='ltr'>ἀναφέ-</span> 
     </span>
    </p>
   </div>
   <div class='ocr_carea' id='block_1_28' title="bbox 2109 1489 3768 1569">
    <p class='ocr_par' dir='ltr' id='par_1_28' title="bbox 2109 1489 3768 1569">
     <span class='ocr_line' id='line_1_28' title="bbox 2109 1489 3768 1569; baseline 0.002 -23"><span class='ocrx_word' id='word_1_199' title='bbox 2109 1494 2292 1566; x_wconf 80' lang='grc' dir='ltr'>ρεσθαι</span> <span class='ocrx_word' id='word_1_200' title='bbox 2351 1494 2529 1569; x_wconf 81' lang='grc' dir='ltr'>ἀρχὰς</span> <span class='ocrx_word' id='word_1_201' title='bbox 2583 1495 2681 1547; x_wconf 91' lang='grc' dir='ltr'><strong>τοῦ</strong></span> <span class='ocrx_word' id='word_1_202' title='bbox 2739 1491 2996 1566; x_wconf 85' lang='grc' dir='ltr'>σώματος</span> <span class='ocrx_word' id='word_1_203' title='bbox 3050 1491 3152 1562; x_wconf 81' lang='grc' dir='ltr'><strong>τήν</strong></span> <span class='ocrx_word' id='word_1_204' title='bbox 3229 1489 3592 1568; x_wconf 80' lang='grc' dir='ltr'>δημιουργίαν</span> <span class='ocrx_word' id='word_1_205' title='bbox 3651 1495 3768 1569; x_wconf 83' lang='grc'><strong>(92)</strong></span> 
     </span>
    </p>
   </div>
   <div class='ocr_carea' id='block_1_29' title="bbox 2106 1580 2566 1658">
    <p class='ocr_par' dir='ltr' id='par_1_29' title="bbox 2106 1580 2566 1658">
     <span class='ocr_line' id='line_1_29' title="bbox 2106 1580 2566 1658; baseline 0.011 -22"><span class='ocrx_word' id='word_1_206' title='bbox 2106 1580 2198 1637; x_wconf 85' lang='grc' dir='ltr'>καὶ</span> <span class='ocrx_word' id='word_1_207' title='bbox 2226 1588 2327 1652; x_wconf 86' lang='grc' dir='ltr'><strong>τῆς</strong></span> <span class='ocrx_word' id='word_1_208' title='bbox 2359 1585 2566 1658; x_wconf 77' lang='grc' dir='ltr'>ψυχῆς.</span> 
     </span>
    </p>
   </div>
   <div class='ocr_carea' id='block_1_30' title="bbox 2180 1665 3758 1747">
    <p class='ocr_par' dir='ltr' id='par_1_30' title="bbox 2180 1665 3758 1747">
     <span class='ocr_line' id='line_1_30' title="bbox 2180 1665 3758 1747; baseline 0.002 -21"><span class='ocrx_word' id='word_1_209' title='bbox 2180 1677 2250 1728; x_wconf 87' lang='grc' dir='ltr'><strong>Γ’.</strong></span> <span class='ocrx_word' id='word_1_210' title='bbox 2288 1670 2468 1728; x_wconf 80' lang='grc' dir='ltr'><strong>Ἀλλᾶ</strong></span> <span class='ocrx_word' id='word_1_211' title='bbox 2494 1671 2595 1746; x_wconf 79' lang='grc' dir='ltr'><strong>γὰρ</strong></span> <span class='ocrx_word' id='word_1_212' title='bbox 2627 1665 2704 1726; x_wconf 77' lang='grc' dir='ltr'>ἔτι</span> <span class='ocrx_word' id='word_1_213' title='bbox 2752 1671 2880 1746; x_wconf 77' lang='grc' dir='ltr'>φασὶ</span> <span class='ocrx_word' id='word_1_214' title='bbox 2919 1669 3106 1733; x_wconf 82' lang='grc' dir='ltr'>καλῶς</span> <span class='ocrx_word' id='word_1_215' title='bbox 3151 1691 3214 1747; x_wconf 81' lang='grc' dir='ltr'><strong>γε</strong></span> <span class='ocrx_word' id='word_1_216' title='bbox 3265 1671 3572 1745; x_wconf 69' lang='grc' dir='ltr'>φάσκοντεςσ</span> <span class='ocrx_word' id='word_1_217' title='bbox 3627 1670 3758 1729; x_wconf 77' lang='grc' dir='ltr'>οὐδὲ</span> 
     </span>
    </p>
   </div>
   <div class='ocr_carea' id='block_1_31' title="bbox 2109 1753 3757 1835">
    <p class='ocr_par' dir='ltr' id='par_1_31' title="bbox 2109 1753 3757 1835">
     <span class='ocr_line' id='line_1_31' title="bbox 2109 1753 3757 1835; baseline 0.001 -24"><span class='ocrx_word' id='word_1_218' title='bbox 2109 1756 2234 1834; x_wconf 79' lang='grc' dir='ltr'>γὰρ,</span> <span class='ocrx_word' id='word_1_219' title='bbox 2260 1754 2376 1812; x_wconf 75' lang='grc' dir='ltr'>οὐδ’</span> <span class='ocrx_word' id='word_1_220' title='bbox 2406 1757 2548 1813; x_wconf 77' lang='grc' dir='ltr'>οὕτω</span> <span class='ocrx_word' id='word_1_221' title='bbox 2578 1757 2975 1832; x_wconf 78' lang='grc' dir='ltr'>κατεκράτησεν</span> <span class='ocrx_word' id='word_1_222' title='bbox 3008 1753 3134 1812; x_wconf 74' lang='grc' dir='ltr'>οὐδὲ</span> <span class='ocrx_word' id='word_1_223' title='bbox 3183 1761 3292 1812; x_wconf 86' lang='grc' dir='ltr'><strong>τῶν</strong></span> <span class='ocrx_word' id='word_1_224' title='bbox 3342 1755 3567 1813; x_wconf 70' lang='grc' dir='ltr'>ἑκόντων</span> <span class='ocrx_word' id='word_1_225' title='bbox 3611 1779 3757 1835; x_wconf 85' lang='grc' dir='ltr'>προ-</span> 
     </span>
    </p>
   </div>
   <div class='ocr_carea' id='block_1_32' title="bbox 356 1843 2002 1922">
    <p class='ocr_par' dir='ltr' id='par_1_32' title="bbox 356 1848 1998 1918">
     <span class='ocr_line' id='line_1_32' title="bbox 356 1848 1998 1918; baseline 0.005 -16"><span class='ocrx_word' id='word_1_226' title='bbox 356 1862 475 1902; x_wconf 89' lang='lat' dir='ltr'><strong>non</strong></span> <span class='ocrx_word' id='word_1_227' title='bbox 505 1863 628 1903; x_wconf 84' lang='lat' dir='ltr'><strong>esse</strong></span> <span class='ocrx_word' id='word_1_228' title='bbox 659 1848 1047 1918; x_wconf 82' lang='lat' dir='ltr'><strong>dominatum,</strong></span> <span class='ocrx_word' id='word_1_229' title='bbox 1079 1856 1146 1908; x_wconf 91' lang='lat' dir='ltr'><strong>ut</strong></span> <span class='ocrx_word' id='word_1_230' title='bbox 1193 1854 1451 1910; x_wconf 85' lang='lat' dir='ltr'><strong>tenebris</strong></span> <span class='ocrx_word' id='word_1_231' title='bbox 1496 1855 1728 1911; x_wconf 88' lang='lat' dir='ltr'><strong>obducti</strong></span> <span class='ocrx_word' id='word_1_232' title='bbox 1769 1855 1998 1912; x_wconf 89' lang='lat' dir='ltr'><strong>nullum</strong></span> 
     </span>
    </p>
   </div>
   <div class='ocr_carea' id='block_1_33' title="bbox 2118 1843 3764 1922">
    <p class='ocr_par' dir='ltr' id='par_1_33' title="bbox 2118 1843 3764 1922">
     <span class='ocr_line' id='line_1_33' title="bbox 2118 1843 3764 1922; baseline 0 -20"><span class='ocrx_word' id='word_1_233' title='bbox 2118 1843 2424 1902; x_wconf 70' lang='grc' dir='ltr'>δεδωκότων</span> <span class='ocrx_word' id='word_1_234' title='bbox 2467 1845 2687 1907; x_wconf 69' lang='grc' dir='ltr'>ἑαυτοὺς</span> <span class='ocrx_word' id='word_1_235' title='bbox 2725 1852 2826 1916; x_wconf 85' lang='grc' dir='ltr'><strong>τῆς</strong></span> <span class='ocrx_word' id='word_1_236' title='bbox 2857 1848 3048 1920; x_wconf 75' lang='grc' dir='ltr'>ψυχῆς</span> <span class='ocrx_word' id='word_1_237' title='bbox 3075 1844 3104 1900; x_wconf 88' lang='grc' dir='ltr'><strong>ό</strong></span> <span class='ocrx_word' id='word_1_238' title='bbox 3140 1843 3361 1921; x_wconf 71' lang='grc' dir='ltr'>ἐχθρὸς,</span> <span class='ocrx_word' id='word_1_239' title='bbox 3403 1846 3477 1908; x_wconf 87' lang='grc' dir='ltr'>ὡς</span> <span class='ocrx_word' id='word_1_240' title='bbox 3526 1844 3764 1922; x_wconf 78' lang='grc' dir='ltr'>μηδαμῆ</span> 
     </span>
    </p>
   </div>
   <div class='ocr_carea' id='block_1_34' title="bbox 355 1937 2001 2016">
    <p class='ocr_par' dir='ltr' id='par_1_34' title="bbox 355 1937 2001 2016">
     <span class='ocr_line' id='line_1_34' title="bbox 355 1937 2001 2016; baseline 0.006 -26"><span class='ocrx_word' id='word_1_241' title='bbox 355 1951 599 2006; x_wconf 87' lang='lat' dir='ltr'><strong>prorsus</strong></span> <span class='ocrx_word' id='word_1_242' title='bbox 617 1937 874 1993; x_wconf 84' lang='lat' dir='ltr'><strong>veritatis</strong></span> <span class='ocrx_word' id='word_1_243' title='bbox 891 1939 1118 1995; x_wconf 84' lang='lat' dir='ltr'><strong>radium</strong></span> <span class='ocrx_word' id='word_1_244' title='bbox 1143 1941 1261 1997; x_wconf 93' lang='lat' dir='ltr'><strong>ullo</strong></span> <span class='ocrx_word' id='word_1_245' title='bbox 1285 1943 1454 1998; x_wconf 93' lang='lat' dir='ltr'><strong>modo</strong></span> <span class='ocrx_word' id='word_1_246' title='bbox 1471 1945 1780 2000; x_wconf 87' lang='lat' dir='ltr'><strong>admittere</strong></span> <span class='ocrx_word' id='word_1_247' title='bbox 1801 1948 2001 2016; x_wconf 88' lang='lat' dir='ltr'><strong>potue-</strong></span> 
     </span>
    </p>
   </div>
   <div class='ocr_carea' id='block_1_35' title="bbox 355 2024 1999 2104">
    <p class='ocr_par' dir='ltr' id='par_1_35' title="bbox 355 2024 1999 2104">
     <span class='ocr_line' id='line_1_35' title="bbox 355 2024 1999 2104; baseline 0.006 -25"><span class='ocrx_word' id='word_1_248' title='bbox 355 2024 497 2081; x_wconf 87' lang='lat' dir='ltr'><strong>rint.</strong></span> <span class='ocrx_word' id='word_1_249' title='bbox 527 2026 706 2082; x_wconf 80' lang='lat' dir='ltr'><strong>Aiunt</strong></span> <span class='ocrx_word' id='word_1_250' title='bbox 734 2029 931 2098; x_wconf 85' lang='lat' dir='ltr'><strong>itaque</strong></span> <span class='ocrx_word' id='word_1_251' title='bbox 961 2029 1146 2084; x_wconf 90' lang='lat' dir='ltr'><strong>Deum</strong></span> <span class='ocrx_word' id='word_1_252' title='bbox 1177 2030 1395 2086; x_wconf 91' lang='lat' dir='ltr'><strong>bonum</strong></span> <span class='ocrx_word' id='word_1_253' title='bbox 1425 2032 1598 2088; x_wconf 82' lang='lat' dir='ltr'><strong>fuisse</strong></span> <span class='ocrx_word' id='word_1_254' title='bbox 1646 2033 1718 2088; x_wconf 90' lang='lat' dir='ltr'><strong>ab</strong></span> <span class='ocrx_word' id='word_1_255' title='bbox 1766 2038 1999 2104; x_wconf 71' lang='lat' dir='ltr'><strong>aeterno,</strong></span> 
     </span>
    </p>
   </div>
   <div class='ocr_carea' id='block_1_36' title="bbox 358 2115 2002 2188">
    <p class='ocr_par' dir='ltr' id='par_1_36' title="bbox 358 2115 2002 2188">
     <span class='ocr_line' id='line_1_36' title="bbox 358 2115 2002 2188; baseline 0.005 -20"><span class='ocrx_word' id='word_1_256' title='bbox 358 2116 416 2168; x_wconf 90' lang='lat' dir='ltr'><strong>et</strong></span> <span class='ocrx_word' id='word_1_257' title='bbox 444 2130 574 2169; x_wconf 89' lang='lat' dir='ltr'><strong>esse</strong></span> <span class='ocrx_word' id='word_1_258' title='bbox 602 2118 660 2169; x_wconf 90' lang='lat' dir='ltr'><strong>et</strong></span> <span class='ocrx_word' id='word_1_259' title='bbox 697 2115 840 2180; x_wconf 77' lang='lat' dir='ltr'><strong>fore,</strong></span> <span class='ocrx_word' id='word_1_260' title='bbox 891 2117 1282 2188; x_wconf 89' lang='lat' dir='ltr'><strong>eumdemque</strong></span> <span class='ocrx_word' id='word_1_261' title='bbox 1327 2134 1432 2174; x_wconf 90' lang='lat' dir='ltr'><strong>nec</strong></span> <span class='ocrx_word' id='word_1_262' title='bbox 1475 2120 1656 2175; x_wconf 89' lang='lat' dir='ltr'><strong>videri</strong></span> <span class='ocrx_word' id='word_1_263' title='bbox 1707 2136 1813 2178; x_wconf 90' lang='lat' dir='ltr'><strong>nec</strong></span> <span class='ocrx_word' id='word_1_264' title='bbox 1842 2137 2002 2177; x_wconf 91' lang='lat' dir='ltr'><strong>com-</strong></span> 
     </span>
    </p>
   </div>
   <div class='ocr_carea' id='block_1_37' title="bbox 359 2200 2004 2280">
    <p class='ocr_par' dir='ltr' id='par_1_37' title="bbox 359 2200 2004 2280">
     <span class='ocr_line' id='line_1_37' title="bbox 359 2200 2004 2280; baseline 0.007 -25"><span class='ocrx_word' id='word_1_265' title='bbox 359 2200 644 2271; x_wconf 90' lang='lat' dir='ltr'><strong>prehendi</strong></span> <span class='ocrx_word' id='word_1_266' title='bbox 677 2218 868 2272; x_wconf 88' lang='lat' dir='ltr'><strong>posse.</strong></span> <span class='ocrx_word' id='word_1_267' title='bbox 902 2208 1090 2274; x_wconf 80' lang='lat' dir='ltr'><strong>Atque</strong></span> <span class='ocrx_word' id='word_1_268' title='bbox 1118 2205 1170 2260; x_wconf 89' lang='lat' dir='ltr'><strong>is</strong></span> <span class='ocrx_word' id='word_1_269' title='bbox 1187 2207 1418 2276; x_wconf 91' lang='lat' dir='ltr'><strong>quidem</strong></span> <span class='ocrx_word' id='word_1_270' title='bbox 1441 2208 1718 2280; x_wconf 88' lang='lat' dir='ltr'><strong>splendor</strong></span> <span class='ocrx_word' id='word_1_271' title='bbox 1749 2215 1837 2266; x_wconf 87' lang='lat' dir='ltr'><strong>est</strong></span> <span class='ocrx_word' id='word_1_272' title='bbox 1859 2210 2004 2266; x_wconf 88' lang='lat' dir='ltr'><strong>radii</strong></span> 
     </span>
    </p>
   </div>
   <div class='ocr_carea' id='block_1_38' title="bbox 361 2288 2006 2370">
    <p class='ocr_par' dir='ltr' id='par_1_38' title="bbox 361 2288 2006 2370">
     <span class='ocr_line' id='line_1_38' title="bbox 361 2288 2006 2370; baseline 0.007 -26"><span class='ocrx_word' id='word_1_273' title='bbox 361 2288 619 2344; x_wconf 80' lang='lat' dir='ltr'><strong>veritatis</strong></span> <span class='ocrx_word' id='word_1_274' title='bbox 647 2309 661 2357; x_wconf 90' lang='lat'><strong>;</strong></span> <span class='ocrx_word' id='word_1_275' title='bbox 694 2291 947 2346; x_wconf 69' lang='lat' dir='ltr'><strong>tenebrae</strong></span> <span class='ocrx_word' id='word_1_276' title='bbox 978 2308 1112 2349; x_wconf 90' lang='lat' dir='ltr'><strong>vero</strong></span> <span class='ocrx_word' id='word_1_277' title='bbox 1157 2310 1290 2350; x_wconf 91' lang='lat' dir='ltr'><strong>cum</strong></span> <span class='ocrx_word' id='word_1_278' title='bbox 1339 2300 1600 2369; x_wconf 89' lang='lat' dir='ltr'><strong>tempore</strong></span> <span class='ocrx_word' id='word_1_279' title='bbox 1633 2315 1878 2370; x_wconf 89' lang='lat' dir='ltr'><strong>magnas</strong></span> <span class='ocrx_word' id='word_1_280' title='bbox 1910 2316 2006 2356; x_wconf 87' lang='lat' dir='ltr'><strong>ac-</strong></span> 
     </span>
    </p>
   </div>
   <div class='ocr_carea' id='block_1_39' title="bbox 368 2377 2008 2454">
    <p class='ocr_par' dir='ltr' id='par_1_39' title="bbox 368 2377 2008 2454">
     <span class='ocr_line' id='line_1_39' title="bbox 368 2377 2008 2454; baseline 0.007 -22"><span class='ocrx_word' id='word_1_281' title='bbox 368 2377 661 2432; x_wconf 81' lang='lat' dir='ltr'><strong>cessiones</strong></span> <span class='ocrx_word' id='word_1_282' title='bbox 690 2382 871 2433; x_wconf 63' lang='lat' dir='ltr'><strong>nacta</strong></span> <span class='ocrx_word' id='word_1_283' title='bbox 901 2379 1281 2454; x_wconf 84' lang='lat' dir='ltr'><strong>ipsorumque</strong></span> <span class='ocrx_word' id='word_1_284' title='bbox 1310 2383 1627 2441; x_wconf 76' lang='lat' dir='ltr'><strong>intellectui</strong></span> <span class='ocrx_word' id='word_1_285' title='bbox 1674 2388 1872 2442; x_wconf 72' lang='lat' dir='ltr'><strong>offusae</strong></span> <span class='ocrx_word' id='word_1_286' title='bbox 1905 2403 2008 2443; x_wconf 86' lang='lat' dir='ltr'><strong>ra-</strong></span> 
     </span>
    </p>
   </div>
   <div class='ocr_carea' id='block_1_40' title="bbox 358 2464 2007 2535">
    <p class='ocr_par' dir='ltr' id='par_1_40' title="bbox 358 2464 2007 2535">
     <span class='ocr_line' id='line_1_40' title="bbox 358 2464 2007 2535; baseline 0.007 -15"><span class='ocrx_word' id='word_1_287' title='bbox 358 2464 579 2521; x_wconf 85' lang='lat' dir='ltr'><strong>tionem</strong></span> <span class='ocrx_word' id='word_1_288' title='bbox 611 2465 692 2521; x_wconf 87' lang='lat' dir='ltr'><strong>ita</strong></span> <span class='ocrx_word' id='word_1_289' title='bbox 723 2465 1040 2535; x_wconf 67' lang='lat' dir='ltr'><strong>obcaecant,</strong></span> <span class='ocrx_word' id='word_1_290' title='bbox 1083 2474 1146 2526; x_wconf 92' lang='lat' dir='ltr'><strong>ut</strong></span> <span class='ocrx_word' id='word_1_291' title='bbox 1175 2471 1536 2530; x_wconf 87' lang='lat' dir='ltr'><strong>insanientes</strong></span> <span class='ocrx_word' id='word_1_292' title='bbox 1565 2475 1761 2532; x_wconf 88' lang='lat' dir='ltr'><strong>dicant</strong></span> <span class='ocrx_word' id='word_1_293' title='bbox 1787 2475 2007 2532; x_wconf 85' lang='lat' dir='ltr'><strong>malum</strong></span> 
     </span>
    </p>
   </div>
   <div class='ocr_carea' id='block_1_41' title="bbox 359 2555 2010 2635">
    <p class='ocr_par' dir='ltr' id='par_1_41' title="bbox 359 2555 2010 2635">
     <span class='ocr_line' id='line_1_41' title="bbox 359 2555 2010 2635; baseline 0.008 -26"><span class='ocrx_word' id='word_1_294' title='bbox 359 2555 646 2626; x_wconf 88' lang='lat' dir='ltr'><strong>prodiisse</strong></span> <span class='ocrx_word' id='word_1_295' title='bbox 671 2571 742 2612; x_wconf 87' lang='lat' dir='ltr'><strong>ex</strong></span> <span class='ocrx_word' id='word_1_296' title='bbox 770 2558 1028 2615; x_wconf 89' lang='lat' dir='ltr'><strong>tenebris</strong></span> <span class='ocrx_word' id='word_1_297' title='bbox 1057 2565 1113 2616; x_wconf 92' lang='lat' dir='ltr'><strong>et</strong></span> <span class='ocrx_word' id='word_1_298' title='bbox 1141 2561 1298 2634; x_wconf 82' lang='lat' dir='ltr'><strong>igne,</strong></span> <span class='ocrx_word' id='word_1_299' title='bbox 1319 2563 1403 2622; x_wconf 91' lang='lat' dir='ltr'><strong>.id</strong></span> <span class='ocrx_word' id='word_1_300' title='bbox 1453 2565 1606 2635; x_wconf 93' lang='lat' dir='ltr'><strong>quod</strong></span> <span class='ocrx_word' id='word_1_301' title='bbox 1657 2565 1838 2622; x_wconf 93' lang='lat' dir='ltr'><strong>multo</strong></span> <span class='ocrx_word' id='word_1_302' title='bbox 1887 2566 2010 2622; x_wconf 88' lang='lat' dir='ltr'><strong>risu</strong></span> 
     </span>
    </p>
   </div>
   <div class='ocr_carea' id='block_1_42' title="bbox 361 2643 2010 2726">
    <p class='ocr_par' dir='ltr' id='par_1_42' title="bbox 361 2643 2010 2726">
     <span class='ocr_line' id='line_1_42' title="bbox 361 2643 2010 2726; baseline 0.007 -27"><span class='ocrx_word' id='word_1_303' title='bbox 361 2643 449 2699; x_wconf 89' lang='lat' dir='ltr'><strong>vel</strong></span> <span class='ocrx_word' id='word_1_304' title='bbox 471 2644 666 2714; x_wconf 89' lang='lat' dir='ltr'><strong>potius</strong></span> <span class='ocrx_word' id='word_1_305' title='bbox 686 2645 960 2716; x_wconf 75' lang='lat' dir='ltr'><strong>lacrymis</strong></span> <span class='ocrx_word' id='word_1_306' title='bbox 984 2665 1098 2705; x_wconf 90' lang='lat' dir='ltr'><strong>non</strong></span> <span class='ocrx_word' id='word_1_307' title='bbox 1122 2650 1405 2708; x_wconf 88' lang='lat' dir='ltr'><strong>sistendis</strong></span> <span class='ocrx_word' id='word_1_308' title='bbox 1426 2654 1668 2725; x_wconf 91' lang='lat' dir='ltr'><strong>dignum</strong></span> <span class='ocrx_word' id='word_1_309' title='bbox 1692 2662 1798 2725; x_wconf 90' lang='lat' dir='ltr'><strong>est,</strong></span> <span class='ocrx_word' id='word_1_310' title='bbox 1830 2659 1886 2711; x_wconf 87' lang='lat' dir='ltr'><strong>et</strong></span> <span class='ocrx_word' id='word_1_311' title='bbox 1907 2671 2010 2726; x_wconf 91' lang='lat' dir='ltr'><strong>pro</strong></span> 
     </span>
    </p>
   </div>
   <div class='ocr_carea' id='block_1_43' title="bbox 363 2730 2011 2800">
    <p class='ocr_par' dir='ltr' id='par_1_43' title="bbox 363 2730 2011 2800">
     <span class='ocr_line' id='line_1_43' title="bbox 363 2730 2011 2800; baseline 0.01 -15"><span class='ocrx_word' id='word_1_312' title='bbox 363 2730 693 2788; x_wconf 90' lang='lat' dir='ltr'><strong>incredibili</strong></span> <span class='ocrx_word' id='word_1_313' title='bbox 723 2735 932 2791; x_wconf 70' lang='lat' dir='ltr'><strong>anima</strong></span> <span class='ocrx_word' id='word_1_314' title='bbox 964 2743 1226 2795; x_wconf 89' lang='lat' dir='ltr'><strong>monstro</strong></span> <span class='ocrx_word' id='word_1_315' title='bbox 1259 2739 1610 2798; x_wconf 83' lang='lat' dir='ltr'><strong>habendum.</strong></span> <span class='ocrx_word' id='word_1_316' title='bbox 1643 2743 1700 2798; x_wconf 91' lang='lat' dir='ltr'><strong>Si</strong></span> <span class='ocrx_word' id='word_1_317' title='bbox 1739 2744 1894 2800; x_wconf 89' lang='lat' dir='ltr'><strong>enim</strong></span> <span class='ocrx_word' id='word_1_318' title='bbox 1941 2745 2011 2799; x_wconf 90' lang='lat' dir='ltr'><strong>de</strong></span> 
     </span>
    </p>
   </div>
   <div class='ocr_carea' id='block_1_44' title="bbox 364 2821 2010 2902">
    <p class='ocr_par' dir='ltr' id='par_1_44' title="bbox 364 2821 2010 2902">
     <span class='ocr_line' id='line_1_44' title="bbox 364 2821 2010 2902; baseline 0.008 -26"><span class='ocrx_word' id='word_1_319' title='bbox 364 2821 618 2877; x_wconf 86' lang='lat' dir='ltr'><strong>tenebris</strong></span> <span class='ocrx_word' id='word_1_320' title='bbox 639 2826 696 2878; x_wconf 93' lang='lat' dir='ltr'><strong>et</strong></span> <span class='ocrx_word' id='word_1_321' title='bbox 715 2823 848 2894; x_wconf 90' lang='lat' dir='ltr'><strong>igne</strong></span> <span class='ocrx_word' id='word_1_322' title='bbox 888 2825 1151 2883; x_wconf 89' lang='lat' dir='ltr'><strong>sensibili</strong></span> <span class='ocrx_word' id='word_1_323' title='bbox 1201 2827 1348 2901; x_wconf 92' lang='lat' dir='ltr'><strong>ipsis</strong></span> <span class='ocrx_word' id='word_1_324' title='bbox 1378 2846 1566 2888; x_wconf 86' lang='lat' dir='ltr'><strong>sermo</strong></span> <span class='ocrx_word' id='word_1_325' title='bbox 1601 2836 1708 2902; x_wconf 88' lang='lat' dir='ltr'><strong>est,</strong></span> <span class='ocrx_word' id='word_1_326' title='bbox 1758 2841 1812 2890; x_wconf 91' lang='lat' dir='ltr'><strong>et</strong></span> <span class='ocrx_word' id='word_1_327' title='bbox 1843 2833 2010 2900; x_wconf 90' lang='lat' dir='ltr'><strong>illud,</strong></span> 
     </span>
    </p>
   </div>
   <div class='ocr_carea' id='block_1_45' title="bbox 370 2909 2010 2986">
    <p class='ocr_par' dir='ltr' id='par_1_45' title="bbox 370 2909 2010 2986">
     <span class='ocr_line' id='line_1_45' title="bbox 370 2909 2010 2986; baseline 0.01 -24"><span class='ocrx_word' id='word_1_328' title='bbox 370 2910 522 2980; x_wconf 91' lang='lat' dir='ltr'><strong>quod</strong></span> <span class='ocrx_word' id='word_1_329' title='bbox 547 2909 680 2966; x_wconf 91' lang='lat' dir='ltr'><strong>inde</strong></span> <span class='ocrx_word' id='word_1_330' title='bbox 706 2916 909 2968; x_wconf 86' lang='lat' dir='ltr'><strong>natum</strong></span> <span class='ocrx_word' id='word_1_331' title='bbox 931 2921 1146 2986; x_wconf 91' lang='lat' dir='ltr'><strong>est,pro</strong></span> <span class='ocrx_word' id='word_1_332' title='bbox 1166 2919 1428 2974; x_wconf 89' lang='lat' dir='ltr'><strong>sensibili</strong></span> <span class='ocrx_word' id='word_1_333' title='bbox 1457 2920 1790 2978; x_wconf 87' lang='lat' dir='ltr'><strong>habendum</strong></span> <span class='ocrx_word' id='word_1_334' title='bbox 1820 2922 2010 2978; x_wconf 83' lang='lat' dir='ltr'><strong>fuerit.</strong></span> 
     </span>
    </p>
   </div>
   <div class='ocr_carea' id='block_1_46' title="bbox 367 2997 2014 3076">
    <p class='ocr_par' dir='ltr' id='par_1_46' title="bbox 367 2997 2014 3076">
     <span class='ocr_line' id='line_1_46' title="bbox 367 2997 2014 3076; baseline 0.01 -22"><span class='ocrx_word' id='word_1_335' title='bbox 367 2997 571 3068; x_wconf 87' lang='lat' dir='ltr'><strong>Itaque</strong></span> <span class='ocrx_word' id='word_1_336' title='bbox 593 2998 808 3055; x_wconf 79' lang='lat' dir='ltr'><strong>Malum</strong></span> <span class='ocrx_word' id='word_1_337' title='bbox 833 3002 1180 3075; x_wconf 88' lang='lat' dir='ltr'><strong>principium</strong></span> <span class='ocrx_word' id='word_1_338' title='bbox 1205 3007 1480 3066; x_wconf 88' lang='lat' dir='ltr'><strong>sensibile</strong></span> <span class='ocrx_word' id='word_1_339' title='bbox 1501 3014 1608 3066; x_wconf 89' lang='lat' dir='ltr'><strong>est.</strong></span> <span class='ocrx_word' id='word_1_340' title='bbox 1633 3011 1790 3076; x_wconf 89' lang='lat' dir='ltr'><strong>Quod</strong></span> <span class='ocrx_word' id='word_1_341' title='bbox 1817 3011 1860 3068; x_wconf 89' lang='lat' dir='ltr'><strong>si</strong></span> <span class='ocrx_word' id='word_1_342' title='bbox 1886 3028 2014 3070; x_wconf 83' lang='lat' dir='ltr'><strong>vero</strong></span> 
     </span>
    </p>
   </div>
   <div class='ocr_carea' id='block_1_47' title="bbox 367 3085 2009 3173">
    <p class='ocr_par' dir='ltr' id='par_1_47' title="bbox 367 3085 2009 3173">
     <span class='ocr_line' id='line_1_47' title="bbox 367 3085 2009 3173; baseline 0.01 -32"><span class='ocrx_word' id='word_1_343' title='bbox 367 3085 623 3143; x_wconf 69' lang='lat' dir='ltr'><strong>tenebrm</strong></span> <span class='ocrx_word' id='word_1_344' title='bbox 655 3087 769 3144; x_wconf 65' lang='lat' dir='ltr'><strong>illis</strong></span> <span class='ocrx_word' id='word_1_345' title='bbox 794 3093 851 3146; x_wconf 91' lang='lat' dir='ltr'><strong>et</strong></span> <span class='ocrx_word' id='word_1_346' title='bbox 871 3091 1025 3163; x_wconf 87' lang='lat' dir='ltr'><strong>ignis</strong></span> <span class='ocrx_word' id='word_1_347' title='bbox 1046 3101 1237 3152; x_wconf 88' lang='lat' dir='ltr'><strong>mente</strong></span> <span class='ocrx_word' id='word_1_348' title='bbox 1257 3101 1484 3153; x_wconf 86' lang='lat' dir='ltr'><strong>tantum</strong></span> <span class='ocrx_word' id='word_1_349' title='bbox 1509 3099 1724 3171; x_wconf 87' lang='lat' dir='ltr'><strong>percipi</strong></span> <span class='ocrx_word' id='word_1_350' title='bbox 1746 3106 2009 3173; x_wconf 90' lang='lat' dir='ltr'><strong>possunt,</strong></span> 
     </span>
    </p>
   </div>
   <div class='ocr_carea' id='block_1_48' title="bbox 367 3174 2012 3261">
    <p class='ocr_par' dir='ltr' id='par_1_48' title="bbox 367 3174 2012 3261">
     <span class='ocr_line' id='line_1_48' title="bbox 367 3174 2012 3261; baseline 0.01 -32"><span class='ocrx_word' id='word_1_351' title='bbox 367 3174 551 3231; x_wconf 88' lang='lat' dir='ltr'><strong>multo</strong></span> <span class='ocrx_word' id='word_1_352' title='bbox 581 3176 769 3249; x_wconf 88' lang='lat' dir='ltr'><strong>magis</strong></span> <span class='ocrx_word' id='word_1_353' title='bbox 801 3180 1087 3250; x_wconf 87' lang='lat' dir='ltr'><strong>ejusmodi</strong></span> <span class='ocrx_word' id='word_1_354' title='bbox 1117 3183 1257 3256; x_wconf 89' lang='lat' dir='ltr'><strong>quid</strong></span> <span class='ocrx_word' id='word_1_355' title='bbox 1281 3185 1456 3242; x_wconf 82' lang='lat' dir='ltr'><strong>fuerit</strong></span> <span class='ocrx_word' id='word_1_356' title='bbox 1485 3186 2012 3261; x_wconf 83' lang='lat' dir='ltr'><strong>Malum,tanquam</strong></span> 
     </span>
    </p>
   </div>
   <div class='ocr_carea' id='block_1_49' title="bbox 369 3263 2015 3346">
    <p class='ocr_par' dir='ltr' id='par_1_49' title="bbox 369 3263 2015 3346">
     <span class='ocr_line' id='line_1_49' title="bbox 369 3263 2015 3346; baseline 0.01 -29"><span class='ocrx_word' id='word_1_357' title='bbox 369 3263 522 3332; x_wconf 91' lang='lat' dir='ltr'><strong>quod</strong></span> <span class='ocrx_word' id='word_1_358' title='bbox 557 3263 690 3320; x_wconf 89' lang='lat' dir='ltr'><strong>hinc</strong></span> <span class='ocrx_word' id='word_1_359' title='bbox 721 3267 1045 3336; x_wconf 81' lang='lat' dir='ltr'><strong>profectum</strong></span> <span class='ocrx_word' id='word_1_360' title='bbox 1077 3275 1186 3327; x_wconf 89' lang='lat' dir='ltr'><strong>est.</strong></span> <span class='ocrx_word' id='word_1_361' title='bbox 1237 3273 1440 3346; x_wconf 87' lang='lat' dir='ltr'><strong>Itaque</strong></span> <span class='ocrx_word' id='word_1_362' title='bbox 1489 3277 1740 3331; x_wconf 82' lang='lat' dir='ltr'><strong>tenebrae</strong></span> <span class='ocrx_word' id='word_1_363' title='bbox 1789 3277 1899 3332; x_wconf 77' lang='lat' dir='ltr'><strong>illae</strong></span> <span class='ocrx_word' id='word_1_364' title='bbox 1947 3294 2015 3335; x_wconf 89' lang='lat' dir='ltr'><strong>ac</strong></span> 
     </span>
    </p>
   </div>
   <div class='ocr_carea' id='block_1_50' title="bbox 367 3352 2015 3437">
    <p class='ocr_par' dir='ltr' id='par_1_50' title="bbox 367 3352 2015 3437">
     <span class='ocr_line' id='line_1_50' title="bbox 367 3352 2015 3437; baseline 0.01 -30"><span class='ocrx_word' id='word_1_365' title='bbox 367 3352 524 3424; x_wconf 89' lang='lat' dir='ltr'><strong>ignis</strong></span> <span class='ocrx_word' id='word_1_366' title='bbox 554 3359 656 3410; x_wconf 88' lang='lat' dir='ltr'><strong>aut</strong></span> <span class='ocrx_word' id='word_1_367' title='bbox 684 3361 899 3414; x_wconf 70' lang='lat' dir='ltr'><strong>eterna</strong></span> <span class='ocrx_word' id='word_1_368' title='bbox 937 3365 1102 3414; x_wconf 87' lang='lat' dir='ltr'><strong>erant</strong></span> <span class='ocrx_word' id='word_1_369' title='bbox 1138 3378 1299 3433; x_wconf 70' lang='lat' dir='ltr'><strong>isque</strong></span> <span class='ocrx_word' id='word_1_370' title='bbox 1339 3379 1406 3419; x_wconf 90' lang='lat' dir='ltr'><strong>ac</strong></span> <span class='ocrx_word' id='word_1_371' title='bbox 1448 3364 1620 3434; x_wconf 91' lang='lat' dir='ltr'><strong>Deus,</strong></span> <span class='ocrx_word' id='word_1_372' title='bbox 1669 3369 1768 3421; x_wconf 89' lang='lat' dir='ltr'><strong>aut</strong></span> <span class='ocrx_word' id='word_1_373' title='bbox 1816 3371 2015 3437; x_wconf 88' lang='lat' dir='ltr'><strong>postea</strong></span> 
     </span>
    </p>
   </div>
   <div class='ocr_carea' id='block_1_51' title="bbox 368 3440 2008 3526">
    <p class='ocr_par' dir='ltr' id='par_1_51' title="bbox 368 3440 2008 3526">
     <span class='ocr_line' id='line_1_51' title="bbox 368 3440 2008 3526; baseline 0.01 -32"><span class='ocrx_word' id='word_1_374' title='bbox 368 3440 605 3526; x_wconf 88' lang='lat' dir='ltr'><strong>demum</strong></span> <span class='ocrx_word' id='word_1_375' title='bbox 635 3448 762 3500; x_wconf 87' lang='lat' dir='ltr'><strong>orta</strong></span> <span class='ocrx_word' id='word_1_376' title='bbox 782 3443 810 3497; x_wconf 67' lang='grc' dir='ltr'><strong>ἱ)</strong></span> <span class='ocrx_word' id='word_1_377' title='bbox 841 3444 950 3501; x_wconf 91' lang='lat' dir='ltr'><strong>Ubi</strong></span> <span class='ocrx_word' id='word_1_378' title='bbox 980 3463 1113 3504; x_wconf 91' lang='lat' dir='ltr'><strong>vero</strong></span> <span class='ocrx_word' id='word_1_379' title='bbox 1143 3455 1268 3506; x_wconf 86' lang='lat' dir='ltr'><strong>erat</strong></span> <span class='ocrx_word' id='word_1_380' title='bbox 1298 3455 1438 3508; x_wconf 88' lang='lat' dir='ltr'><strong>tunc</strong></span> <span class='ocrx_word' id='word_1_381' title='bbox 1469 3453 1700 3523; x_wconf 80' lang='lat' dir='ltr'><strong>Malum,</strong></span> <span class='ocrx_word' id='word_1_382' title='bbox 1743 3453 1859 3511; x_wconf 89' lang='lat' dir='ltr'><strong>illis</strong></span> <span class='ocrx_word' id='word_1_383' title='bbox 1886 3456 2008 3526; x_wconf 75' lang='lat' dir='ltr'><strong>jam</strong></span> 
     </span>
    </p>
   </div>
   <div class='ocr_carea' id='block_1_52' title="bbox 367 3525 2010 3614">
    <p class='ocr_par' dir='ltr' id='par_1_52' title="bbox 367 3525 2010 3614">
     <span class='ocr_line' id='line_1_52' title="bbox 367 3525 2010 3614; baseline 0.01 -31"><span class='ocrx_word' id='word_1_384' title='bbox 367 3525 782 3614; x_wconf 84' lang='lat' dir='ltr'><strong>exsistentibus</strong></span> <span class='ocrx_word' id='word_1_385' title='bbox 811 3531 838 3585; x_wconf 74' lang='grc' dir='ltr'><strong><em>τ</em></strong></span> <span class='ocrx_word' id='word_1_386' title='bbox 869 3531 928 3588; x_wconf 91' lang='lat' dir='ltr'><strong>Si</strong></span> <span class='ocrx_word' id='word_1_387' title='bbox 959 3547 1092 3591; x_wconf 89' lang='lat' dir='ltr'><strong>vero</strong></span> <span class='ocrx_word' id='word_1_388' title='bbox 1121 3541 1321 3607; x_wconf 89' lang='lat' dir='ltr'><strong>postea</strong></span> <span class='ocrx_word' id='word_1_389' title='bbox 1366 3538 1604 3596; x_wconf 91' lang='lat' dir='ltr'><strong>demum</strong></span> <span class='ocrx_word' id='word_1_390' title='bbox 1649 3525 2010 3614; x_wconf 85' lang='lat' dir='ltr'><strong>prodierunt.</strong></span> 
     </span>
    </p>
   </div>
   <div class='ocr_carea' id='block_1_53' title="bbox 368 3613 2008 3700">
    <p class='ocr_par' dir='ltr' id='par_1_53' title="bbox 368 3613 2008 3700">
     <span class='ocr_line' id='line_1_53' title="bbox 368 3613 2008 3700; baseline 0.013 -32"><span class='ocrx_word' id='word_1_391' title='bbox 368 3613 501 3685; x_wconf 89' lang='lat' dir='ltr'><strong>quis</strong></span> <span class='ocrx_word' id='word_1_392' title='bbox 531 3615 628 3671; x_wconf 90' lang='lat' dir='ltr'><strong>illa</strong></span> <span class='ocrx_word' id='word_1_393' title='bbox 659 3616 717 3672; x_wconf 90' lang='lat' dir='ltr'><strong>in</strong></span> <span class='ocrx_word' id='word_1_394' title='bbox 751 3617 941 3677; x_wconf 89' lang='lat' dir='ltr'><strong>lucem</strong></span> <span class='ocrx_word' id='word_1_395' title='bbox 974 3625 1294 3695; x_wconf 81' lang='lat' dir='ltr'><strong>produxit?</strong></span> <span class='ocrx_word' id='word_1_396' title='bbox 1333 3629 1607 3686; x_wconf 69' lang='lat' dir='ltr'><strong>Tenebras</strong></span> <span class='ocrx_word' id='word_1_397' title='bbox 1658 3613 1836 3700; x_wconf 87' lang='lat' dir='ltr'><strong>enim,</strong></span> <span class='ocrx_word' id='word_1_398' title='bbox 1883 3649 2008 3700; x_wconf 67' lang='lat' dir='ltr'><strong>qua:</strong></span> 
     </span>
    </p>
   </div>
   <div class='ocr_carea' id='block_1_54' title="bbox 366 3706 2006 3791">
    <p class='ocr_par' dir='ltr' id='par_1_54' title="bbox 366 3706 2006 3791">
     <span class='ocr_line' id='line_1_54' title="bbox 366 3706 2006 3791; baseline 0.012 -31"><span class='ocrx_word' id='word_1_399' title='bbox 366 3706 588 3762; x_wconf 82' lang='lat' dir='ltr'><strong>ratione</strong></span> <span class='ocrx_word' id='word_1_400' title='bbox 608 3711 838 3765; x_wconf 88' lang='lat' dir='ltr'><strong>tantum</strong></span> <span class='ocrx_word' id='word_1_401' title='bbox 862 3711 1289 3786; x_wconf 89' lang='lat' dir='ltr'><strong>intelliguntur,</strong></span> <span class='ocrx_word' id='word_1_402' title='bbox 1306 3719 1377 3774; x_wconf 90' lang='lat' dir='ltr'><strong>ab</strong></span> <span class='ocrx_word' id='word_1_403' title='bbox 1397 3720 1561 3777; x_wconf 91' lang='lat' dir='ltr'><strong>initio</strong></span> <span class='ocrx_word' id='word_1_404' title='bbox 1584 3723 1729 3778; x_wconf 88' lang='lat' dir='ltr'><strong>tales</strong></span> <span class='ocrx_word' id='word_1_405' title='bbox 1753 3724 2006 3791; x_wconf 81' lang='lat' dir='ltr'><strong>fuerunt,</strong></span> 
     </span>
    </p>
   </div>
   <div class='ocr_carea' id='block_1_55' title="bbox 2109 1932 3764 2011">
    <p class='ocr_par' dir='ltr' id='par_1_55' title="bbox 2109 1932 3764 2011">
     <span class='ocr_line' id='line_1_55' title="bbox 2109 1932 3764 2011; baseline 0.001 -21"><span class='ocrx_word' id='word_1_406' title='bbox 2109 1936 2246 2011; x_wconf 90' lang='grc' dir='ltr'>πρὸς</span> <span class='ocrx_word' id='word_1_407' title='bbox 2305 1932 2576 2008; x_wconf 81' lang='grc' dir='ltr'>μηδεμίαν</span> <span class='ocrx_word' id='word_1_408' title='bbox 2643 1932 2790 1997; x_wconf 84' lang='grc' dir='ltr'>’ὀλως</span> <span class='ocrx_word' id='word_1_409' title='bbox 2855 1937 2954 2004; x_wconf 79' lang='grc' dir='ltr'><strong>τῆς</strong></span> <span class='ocrx_word' id='word_1_410' title='bbox 3035 1933 3296 2006; x_wconf 67' lang='grc' dir='ltr'>ἀληθείας</span> <span class='ocrx_word' id='word_1_411' title='bbox 3364 1933 3566 2011; x_wconf 67' lang='grc' dir='ltr'>α’ίγλην</span> <span class='ocrx_word' id='word_1_412' title='bbox 3632 1937 3764 2000; x_wconf 79' lang='grc' dir='ltr'>τοὺς</span> 
     </span>
    </p>
   </div>
   <div class='ocr_carea' id='block_1_56' title="bbox 2111 2021 3764 2101">
    <p class='ocr_par' dir='ltr' id='par_1_56' title="bbox 2111 2021 3764 2101">
     <span class='ocr_line' id='line_1_56' title="bbox 2111 2021 3764 2101; baseline 0.001 -22"><span class='ocrx_word' id='word_1_413' title='bbox 2111 2022 2522 2096; x_wconf 75' lang='grc' dir='ltr'>ἰσκοτισμένοος</span> <span class='ocrx_word' id='word_1_414' title='bbox 2616 2021 3042 2099; x_wconf 70' lang='grc' dir='ltr'>ἐπιστρέφεσθαι.</span> <span class='ocrx_word' id='word_1_415' title='bbox 3129 2022 3222 2078; x_wconf 88' lang='grc' dir='ltr'>Διό</span> <span class='ocrx_word' id='word_1_416' title='bbox 3306 2043 3487 2101; x_wconf 75' lang='grc' dir='ltr'>φασιν,</span> <span class='ocrx_word' id='word_1_417' title='bbox 3569 2023 3655 2080; x_wconf 82' lang='grc' dir='ltr'><strong>ὅτι</strong></span> <span class='ocrx_word' id='word_1_418' title='bbox 3734 2026 3764 2080; x_wconf 89' lang='lat'><strong>6</strong></span> 
     </span>
    </p>
   </div>
   <div class='ocr_carea' id='block_1_57' title="bbox 2111 2107 3764 2188">
    <p class='ocr_par' dir='ltr' id='par_1_57' title="bbox 2111 2107 3764 2188">
     <span class='ocr_line' id='line_1_57' title="bbox 2111 2107 3764 2188; baseline 0.001 -20"><span class='ocrx_word' id='word_1_419' title='bbox 2111 2114 2310 2188; x_wconf 81' lang='grc' dir='ltr'>ἀγαθὸς</span> <span class='ocrx_word' id='word_1_420' title='bbox 2370 2112 2499 2174; x_wconf 82' lang='grc' dir='ltr'>Θεὸς</span> <span class='ocrx_word' id='word_1_421' title='bbox 2545 2115 2612 2180; x_wconf 70' lang='grc' dir='ltr'>ἦν</span> <span class='ocrx_word' id='word_1_422' title='bbox 2662 2112 2765 2185; x_wconf 77' lang='grc' dir='ltr'>ἀεὶ,</span> <span class='ocrx_word' id='word_1_423' title='bbox 2831 2113 2923 2166; x_wconf 84' lang='grc' dir='ltr'><strong>καὶ</strong></span> <span class='ocrx_word' id='word_1_424' title='bbox 2972 2107 3108 2179; x_wconf 81' lang='grc' dir='ltr'>ἔστι,</span> <span class='ocrx_word' id='word_1_425' title='bbox 3157 2114 3248 2167; x_wconf 79' lang='grc' dir='ltr'><strong>καὶ</strong></span> <span class='ocrx_word' id='word_1_426' title='bbox 3297 2109 3442 2168; x_wconf 74' lang='grc' dir='ltr'>ἔσται</span> <span class='ocrx_word' id='word_1_427' title='bbox 3482 2115 3620 2186; x_wconf 84' lang='grc'>(93),</span> <span class='ocrx_word' id='word_1_428' title='bbox 3669 2115 3764 2170; x_wconf 82' lang='grc' dir='ltr'><strong>καὶ</strong></span> 
     </span>
    </p>
   </div>
   <div class='ocr_carea' id='block_1_58' title="bbox 2112 2199 3764 2276">
    <p class='ocr_par' dir='ltr' id='par_1_58' title="bbox 2112 2199 3764 2276">
     <span class='ocr_line' id='line_1_58' title="bbox 2112 2199 3764 2276; baseline 0.001 -19"><span class='ocrx_word' id='word_1_429' title='bbox 2112 2200 2195 2257; x_wconf 76' lang='grc' dir='ltr'><strong>ὅτι</strong></span> <span class='ocrx_word' id='word_1_430' title='bbox 2248 2199 2478 2275; x_wconf 82' lang='grc' dir='ltr'>ἀόρατος</span> <span class='ocrx_word' id='word_1_431' title='bbox 2516 2201 2611 2256; x_wconf 84' lang='grc' dir='ltr'><strong>καὶ</strong></span> <span class='ocrx_word' id='word_1_432' title='bbox 2657 2200 3066 2272; x_wconf 81' lang='grc' dir='ltr'>ἀκατάληπτος.</span> <span class='ocrx_word' id='word_1_433' title='bbox 3121 2199 3294 2258; x_wconf 79' lang='grc' dir='ltr'>Ἀλλὰ</span> <span class='ocrx_word' id='word_1_434' title='bbox 3340 2206 3502 2258; x_wconf 87' lang='grc' dir='ltr'>τοῦτο</span> <span class='ocrx_word' id='word_1_435' title='bbox 3551 2203 3645 2276; x_wconf 81' lang='grc' dir='ltr'>μὲν</span> <span class='ocrx_word' id='word_1_436' title='bbox 3692 2200 3764 2272; x_wconf 81' lang='grc' dir='ltr'>δὴ</span> 
     </span>
    </p>
   </div>
   <div class='ocr_carea' id='block_1_59' title="bbox 2110 2288 3767 2368">
    <p class='ocr_par' dir='ltr' id='par_1_59' title="bbox 2110 2288 3767 2368">
     <span class='ocr_line' id='line_1_59' title="bbox 2110 2288 3767 2368; baseline 0.001 -22"><span class='ocrx_word' id='word_1_437' title='bbox 2110 2293 2212 2360; x_wconf 78' lang='grc' dir='ltr'>τῆς</span> <span class='ocrx_word' id='word_1_438' title='bbox 2264 2288 2475 2352; x_wconf 84' lang='grc' dir='ltr'>ἆκτῖνός</span> <span class='ocrx_word' id='word_1_439' title='bbox 2533 2290 2645 2345; x_wconf 74' lang='grc' dir='ltr'>ἐστι</span> <span class='ocrx_word' id='word_1_440' title='bbox 2696 2297 2797 2359; x_wconf 82' lang='grc' dir='ltr'>τῆς</span> <span class='ocrx_word' id='word_1_441' title='bbox 2856 2289 3139 2362; x_wconf 75' lang='grc' dir='ltr'>ἀληθείας·</span> <span class='ocrx_word' id='word_1_442' title='bbox 3197 2296 3276 2364; x_wconf 81' lang='grc' dir='ltr'>τῷ</span> <span class='ocrx_word' id='word_1_443' title='bbox 3333 2291 3524 2368; x_wconf 84' lang='grc' dir='ltr'>χρόνῳ</span> <span class='ocrx_word' id='word_1_444' title='bbox 3582 2290 3642 2348; x_wconf 73' lang='grc' dir='ltr'>δὲ</span> <span class='ocrx_word' id='word_1_445' title='bbox 3700 2292 3767 2348; x_wconf 85' lang='grc' dir='ltr'><strong>τὸ</strong></span> 
     </span>
    </p>
   </div>
   <div class='ocr_carea' id='block_1_60' title="bbox 2117 2372 3770 2456">
    <p class='ocr_par' dir='ltr' id='par_1_60' title="bbox 2117 2372 3770 2456">
     <span class='ocr_line' id='line_1_60' title="bbox 2117 2372 3770 2456; baseline 0.001 -22"><span class='ocrx_word' id='word_1_446' title='bbox 2117 2378 2311 2441; x_wconf 89' lang='grc' dir='ltr'>σκότος</span> <span class='ocrx_word' id='word_1_447' title='bbox 2353 2376 2582 2451; x_wconf 82' lang='grc' dir='ltr'>δύναμῖν</span> <span class='ocrx_word' id='word_1_448' title='bbox 2632 2375 2852 2448; x_wconf 76' lang='grc' dir='ltr'>πολλὴν</span> <span class='ocrx_word' id='word_1_449' title='bbox 2901 2372 3070 2435; x_wconf 75' lang='grc' dir='ltr'>λαϐὸν</span> <span class='ocrx_word' id='word_1_450' title='bbox 3116 2378 3308 2435; x_wconf 77' lang='grc' dir='ltr'>αὐτίκα</span> <span class='ocrx_word' id='word_1_451' title='bbox 3354 2381 3770 2456; x_wconf 83' lang='grc' dir='ltr'>καταχεόμενον</span> 
     </span>
    </p>
   </div>
   <div class='ocr_carea' id='block_1_61' title="bbox 2117 2463 3773 2546">
    <p class='ocr_par' dir='ltr' id='par_1_61' title="bbox 2117 2463 3773 2546">
     <span class='ocr_line' id='line_1_61' title="bbox 2117 2463 3773 2546; baseline -0.001 -23"><span class='ocrx_word' id='word_1_452' title='bbox 2117 2467 2292 2523; x_wconf 80' lang='grc' dir='ltr'>αὐτῶν</span> <span class='ocrx_word' id='word_1_453' title='bbox 2355 2468 2454 2535; x_wconf 81' lang='grc' dir='ltr'><strong>τῆς</strong></span> <span class='ocrx_word' id='word_1_454' title='bbox 2524 2463 2784 2538; x_wconf 79' lang='grc' dir='ltr'>διανοίας,</span> <span class='ocrx_word' id='word_1_455' title='bbox 2848 2465 3052 2544; x_wconf 74' lang='grc' dir='ltr'>τυφλοῖ</span> <span class='ocrx_word' id='word_1_456' title='bbox 3111 2467 3242 2532; x_wconf 82' lang='grc' dir='ltr'>τοὺς</span> <span class='ocrx_word' id='word_1_457' title='bbox 3311 2465 3616 2546; x_wconf 79' lang='grc' dir='ltr'>λογισμοὺς</span> <span class='ocrx_word' id='word_1_458' title='bbox 3677 2467 3773 2522; x_wconf 81' lang='grc' dir='ltr'><strong>καὶ</strong></span> 
     </span>
    </p>
   </div>
   <div class='ocr_carea' id='block_1_62' title="bbox 2118 2553 3777 2634">
    <p class='ocr_par' dir='ltr' id='par_1_62' title="bbox 2118 2553 3777 2634">
     <span class='ocr_line' id='line_1_62' title="bbox 2118 2553 3777 2634; baseline -0.001 -24"><span class='ocrx_word' id='word_1_459' title='bbox 2118 2560 2408 2629; x_wconf 80' lang='grc' dir='ltr'>παρανοεῖν</span> <span class='ocrx_word' id='word_1_460' title='bbox 2437 2553 2527 2609; x_wconf 86' lang='grc' dir='ltr'><strong>καὶ</strong></span> <span class='ocrx_word' id='word_1_461' title='bbox 2579 2553 2780 2629; x_wconf 71' lang='grc' dir='ltr'>λέγειν,</span> <span class='ocrx_word' id='word_1_462' title='bbox 2831 2555 2907 2610; x_wconf 74' lang='grc' dir='ltr'><strong>ὡς</strong></span> <span class='ocrx_word' id='word_1_463' title='bbox 2945 2556 2974 2610; x_wconf 97' lang='lat'><strong>6</strong></span> <span class='ocrx_word' id='word_1_464' title='bbox 3006 2556 3256 2630; x_wconf 85' lang='grc' dir='ltr'>Πονηρὸς</span> <span class='ocrx_word' id='word_1_465' title='bbox 3299 2557 3515 2634; x_wconf 67' lang='grc' dir='ltr'>γέγονεν</span> <span class='ocrx_word' id='word_1_466' title='bbox 3561 2554 3623 2611; x_wconf 77' lang='grc' dir='ltr'>ἐκ</span> <span class='ocrx_word' id='word_1_467' title='bbox 3667 2559 3777 2610; x_wconf 86' lang='grc' dir='ltr'><strong>τοῦ</strong></span> 
     </span>
    </p>
   </div>
   <div class='ocr_carea' id='block_1_63' title="bbox 2119 2643 3780 2723">
    <p class='ocr_par' dir='ltr' id='par_1_63' title="bbox 2119 2643 3780 2723">
     <span class='ocr_line' id='line_1_63' title="bbox 2119 2643 3780 2723; baseline 0 -23"><span class='ocrx_word' id='word_1_468' title='bbox 2119 2645 2346 2707; x_wconf 85' lang='grc' dir='ltr'>σκότους</span> <span class='ocrx_word' id='word_1_469' title='bbox 2391 2665 2450 2700; x_wconf 90' lang='grc' dir='ltr'><strong>τε</strong></span> <span class='ocrx_word' id='word_1_470' title='bbox 2495 2645 2585 2698; x_wconf 85' lang='grc' dir='ltr'><strong>καὶ</strong></span> <span class='ocrx_word' id='word_1_471' title='bbox 2632 2648 2729 2700; x_wconf 88' lang='grc' dir='ltr'><strong>τοῦ</strong></span> <span class='ocrx_word' id='word_1_472' title='bbox 2775 2645 2945 2720; x_wconf 82' lang='grc' dir='ltr'>πυρὸς</span> <span class='ocrx_word' id='word_1_473' title='bbox 2986 2645 3015 2699; x_wconf 84' lang='grc' dir='ltr'><strong>’ὀ</strong></span> <span class='ocrx_word' id='word_1_474' title='bbox 3063 2643 3286 2701; x_wconf 86' lang='grc' dir='ltr'>πολλοῦ</span> <span class='ocrx_word' id='word_1_475' title='bbox 3332 2645 3573 2723; x_wconf 75' lang='grc' dir='ltr'>γέλωτός</span> <span class='ocrx_word' id='word_1_476' title='bbox 3624 2645 3780 2702; x_wconf 72' lang='grc' dir='ltr'>ἇστιν</span> 
     </span>
    </p>
   </div>
   <div class='ocr_carea' id='block_1_64' title="bbox 2123 2730 3775 2809">
    <p class='ocr_par' dir='ltr' id='par_1_64' title="bbox 2123 2730 3775 2809">
     <span class='ocr_line' id='line_1_64' title="bbox 2123 2730 3775 2809; baseline 0.001 -21"><span class='ocrx_word' id='word_1_477' title='bbox 2123 2732 2292 2805; x_wconf 74' lang='grc' dir='ltr'>ἄξιον,</span> <span class='ocrx_word' id='word_1_478' title='bbox 2317 2731 2532 2807; x_wconf 79' lang='grc' dir='ltr'>μᾶλλον</span> <span class='ocrx_word' id='word_1_479' title='bbox 2559 2733 2617 2788; x_wconf 79' lang='grc' dir='ltr'>δὲ</span> <span class='ocrx_word' id='word_1_480' title='bbox 2637 2730 2884 2808; x_wconf 83' lang='grc' dir='ltr'>δακρύων</span> <span class='ocrx_word' id='word_1_481' title='bbox 2919 2733 3150 2790; x_wconf 80' lang='grc' dir='ltr'>ἀεννάων</span> <span class='ocrx_word' id='word_1_482' title='bbox 3175 2737 3288 2809; x_wconf 72' lang='grc'><strong>(94)</strong></span> <span class='ocrx_word' id='word_1_483' title='bbox 3328 2735 3418 2791; x_wconf 83' lang='grc' dir='ltr'><strong>καὶ</strong></span> <span class='ocrx_word' id='word_1_484' title='bbox 3449 2732 3775 2806; x_wconf 82' lang='grc' dir='ltr'>ἀδιανόητον</span> 
     </span>
    </p>
   </div>
   <div class='ocr_carea' id='block_1_65' title="bbox 2122 2822 3781 2898">
    <p class='ocr_par' dir='ltr' id='par_1_65' title="bbox 2122 2822 3781 2898">
     <span class='ocr_line' id='line_1_65' title="bbox 2122 2822 3781 2898; baseline 0.002 -21"><span class='ocrx_word' id='word_1_485' title='bbox 2122 2822 2370 2898; x_wconf 74' lang='grc' dir='ltr'>γέννημα</span> <span class='ocrx_word' id='word_1_486' title='bbox 2399 2827 2605 2898; x_wconf 82' lang='grc' dir='ltr'>ψυχῆς.</span> <span class='ocrx_word' id='word_1_487' title='bbox 2630 2823 2705 2880; x_wconf 90' lang='grc' dir='ltr'>Τὸ</span> <span class='ocrx_word' id='word_1_488' title='bbox 2727 2823 2831 2898; x_wconf 71' lang='grc' dir='ltr'><strong>γὰρ</strong></span> <span class='ocrx_word' id='word_1_489' title='bbox 2874 2822 3067 2885; x_wconf 90' lang='grc' dir='ltr'>σκότος</span> <span class='ocrx_word' id='word_1_490' title='bbox 3096 2826 3186 2879; x_wconf 76' lang='grc' dir='ltr'>καὶ</span> <span class='ocrx_word' id='word_1_491' title='bbox 3226 2825 3289 2879; x_wconf 90' lang='grc' dir='ltr'><strong>τὸ</strong></span> <span class='ocrx_word' id='word_1_492' title='bbox 3318 2828 3424 2898; x_wconf 90' lang='grc' dir='ltr'><strong>πῦρ</strong></span> <span class='ocrx_word' id='word_1_493' title='bbox 3456 2822 3507 2880; x_wconf 77' lang='grc' dir='ltr'><strong>εἷ’</strong></span> <span class='ocrx_word' id='word_1_494' title='bbox 3537 2825 3633 2897; x_wconf 77' lang='grc' dir='ltr'>μὲν</span> <span class='ocrx_word' id='word_1_495' title='bbox 3660 2824 3781 2880; x_wconf 76' lang='grc' dir='ltr'>αἷσ-</span> 
     </span>
    </p>
   </div>
   <div class='ocr_carea' id='block_1_66' title="bbox 2123 2911 3782 2988">
    <p class='ocr_par' dir='ltr' id='par_1_66' title="bbox 2123 2911 3782 2988">
     <span class='ocr_line' id='line_1_66' title="bbox 2123 2911 3782 2988; baseline 0 -19"><span class='ocrx_word' id='word_1_496' title='bbox 2123 2913 2286 2983; x_wconf 88' lang='grc' dir='ltr'>θητόν</span> <span class='ocrx_word' id='word_1_497' title='bbox 2333 2911 2612 2988; x_wconf 72' lang='grc' dir='ltr'>λέγουσιν,</span> <span class='ocrx_word' id='word_1_498' title='bbox 2667 2912 2882 2975; x_wconf 85' lang='grc' dir='ltr'>πάντως</span> <span class='ocrx_word' id='word_1_499' title='bbox 2930 2912 3021 2967; x_wconf 82' lang='grc' dir='ltr'><strong>καὶ</strong></span> <span class='ocrx_word' id='word_1_500' title='bbox 3068 2914 3131 2968; x_wconf 84' lang='grc' dir='ltr'><strong>τὸ</strong></span> <span class='ocrx_word' id='word_1_501' title='bbox 3179 2913 3231 2984; x_wconf 72' lang='grc' dir='ltr'><strong>ἐξ</strong></span> <span class='ocrx_word' id='word_1_502' title='bbox 3283 2913 3460 2970; x_wconf 77' lang='grc' dir='ltr'>αὐτῶν</span> <span class='ocrx_word' id='word_1_503' title='bbox 3508 2911 3782 2988; x_wconf 83' lang='grc' dir='ltr'>προελθὸν</span> 
     </span>
    </p>
   </div>
   <div class='ocr_carea' id='block_1_67' title="bbox 2124 3000 3780 3078">
    <p class='ocr_par' dir='ltr' id='par_1_67' title="bbox 2124 3000 3780 3078">
     <span class='ocr_line' id='line_1_67' title="bbox 2124 3000 3780 3078; baseline 0.001 -21"><span class='ocrx_word' id='word_1_504' title='bbox 2124 3001 2400 3073; x_wconf 72' lang='grc' dir='ltr'>αἰσθητόν·</span> <span class='ocrx_word' id='word_1_505' title='bbox 2459 3000 2599 3058; x_wconf 84' lang='grc' dir='ltr'>ὥστε</span> <span class='ocrx_word' id='word_1_506' title='bbox 2645 3001 2674 3054; x_wconf 94' lang='lat'><strong>6</strong></span> <span class='ocrx_word' id='word_1_507' title='bbox 2731 3003 2973 3078; x_wconf 88' lang='grc' dir='ltr'>πονηρὸς</span> <span class='ocrx_word' id='word_1_508' title='bbox 3057 3002 3311 3073; x_wconf 74' lang='grc' dir='ltr'>αἰσθητός</span> <span class='ocrx_word' id='word_1_509' title='bbox 3386 3002 3552 3061; x_wconf 79' lang='grc' dir='ltr'>ἐστιν.</span> <span class='ocrx_word' id='word_1_510' title='bbox 3613 3003 3672 3059; x_wconf 84' lang='lat' dir='ltr'><strong>El</strong></span> <span class='ocrx_word' id='word_1_511' title='bbox 3717 3001 3780 3058; x_wconf 73' lang='grc' dir='ltr'>δὲ</span> 
     </span>
    </p>
   </div>
   <div class='ocr_carea' id='block_1_68' title="bbox 2121 3089 3772 3166">
    <p class='ocr_par' dir='ltr' id='par_1_68' title="bbox 2121 3089 3772 3166">
     <span class='ocr_line' id='line_1_68' title="bbox 2121 3089 3772 3166; baseline 0.001 -19"><span class='ocrx_word' id='word_1_512' title='bbox 2121 3091 2314 3163; x_wconf 89' lang='grc' dir='ltr'>νοητόν</span> <span class='ocrx_word' id='word_1_513' title='bbox 2371 3089 2483 3147; x_wconf 76' lang='grc' dir='ltr'>ἐστι</span> <span class='ocrx_word' id='word_1_514' title='bbox 2539 3091 2602 3146; x_wconf 89' lang='grc' dir='ltr'><strong>τὸ</strong></span> <span class='ocrx_word' id='word_1_515' title='bbox 2659 3091 2850 3154; x_wconf 88' lang='grc' dir='ltr'>σκότος</span> <span class='ocrx_word' id='word_1_516' title='bbox 2905 3093 2997 3147; x_wconf 83' lang='grc' dir='ltr'><strong>καὶ</strong></span> <span class='ocrx_word' id='word_1_517' title='bbox 3051 3091 3114 3148; x_wconf 91' lang='grc' dir='ltr'><strong>τὸ</strong></span> <span class='ocrx_word' id='word_1_518' title='bbox 3147 3097 3254 3166; x_wconf 89' lang='grc' dir='ltr'><strong>πῦρ</strong></span> <span class='ocrx_word' id='word_1_519' title='bbox 3300 3091 3490 3162; x_wconf 81' lang='grc' dir='ltr'>ἐκεῖνο,</span> <span class='ocrx_word' id='word_1_520' title='bbox 3551 3091 3772 3166; x_wconf 81' lang='grc' dir='ltr'>μᾶλλόν</span> 
     </span>
    </p>
   </div>
   <div class='ocr_carea' id='block_1_69' title="bbox 2124 3180 3774 3258">
    <p class='ocr_par' dir='ltr' id='par_1_69' title="bbox 2124 3180 3774 3258">
     <span class='ocr_line' id='line_1_69' title="bbox 2124 3180 3774 3258; baseline 0 -21"><span class='ocrx_word' id='word_1_521' title='bbox 2124 3183 2262 3237; x_wconf 82' lang='grc' dir='ltr'>ἐστιν</span> <span class='ocrx_word' id='word_1_522' title='bbox 2319 3182 2348 3236; x_wconf 93' lang='lat'><strong>6</strong></span> <span class='ocrx_word' id='word_1_523' title='bbox 2407 3181 2654 3257; x_wconf 88' lang='grc' dir='ltr'>Πονηρὸς</span> <span class='ocrx_word' id='word_1_524' title='bbox 2705 3181 2796 3236; x_wconf 81' lang='grc' dir='ltr'><strong>καὶ</strong></span> <span class='ocrx_word' id='word_1_525' title='bbox 2852 3182 2915 3236; x_wconf 89' lang='grc' dir='ltr'><strong>τὸ</strong></span> <span class='ocrx_word' id='word_1_526' title='bbox 2973 3180 3023 3255; x_wconf 73' lang='grc' dir='ltr'><strong>ἐξ</strong></span> <span class='ocrx_word' id='word_1_527' title='bbox 3077 3182 3253 3237; x_wconf 79' lang='grc' dir='ltr'>αὐτῶν</span> <span class='ocrx_word' id='word_1_528' title='bbox 3321 3182 3610 3258; x_wconf 89' lang='grc' dir='ltr'>προελθόν.</span> <span class='ocrx_word' id='word_1_529' title='bbox 3670 3183 3774 3238; x_wconf 81' lang='grc' dir='ltr'>Καὶ</span> 
     </span>
    </p>
   </div>
   <div class='ocr_carea' id='block_1_70' title="bbox 2121 3269 3776 3346">
    <p class='ocr_par' dir='ltr' id='par_1_70' title="bbox 2121 3269 3776 3346">
     <span class='ocr_line' id='line_1_70' title="bbox 2121 3269 3776 3346; baseline 0.001 -20"><span class='ocrx_word' id='word_1_530' title='bbox 2121 3275 2284 3327; x_wconf 87' lang='grc' dir='ltr'>τοῦτο</span> <span class='ocrx_word' id='word_1_531' title='bbox 2325 3269 2382 3327; x_wconf 72' lang='grc' dir='ltr'>δὶ</span> <span class='ocrx_word' id='word_1_532' title='bbox 2411 3271 2474 3325; x_wconf 87' lang='grc' dir='ltr'><strong>τὸ</strong></span> <span class='ocrx_word' id='word_1_533' title='bbox 2505 3272 2697 3334; x_wconf 83' lang='grc' dir='ltr'>σκότος</span> <span class='ocrx_word' id='word_1_534' title='bbox 2730 3271 2821 3326; x_wconf 83' lang='grc' dir='ltr'><strong>καὶ</strong></span> <span class='ocrx_word' id='word_1_535' title='bbox 2852 3272 2916 3326; x_wconf 88' lang='grc' dir='ltr'><strong>τὸ</strong></span> <span class='ocrx_word' id='word_1_536' title='bbox 2945 3275 3053 3346; x_wconf 87' lang='grc' dir='ltr'><strong>πῦρ</strong></span> <span class='ocrx_word' id='word_1_537' title='bbox 3085 3273 3188 3346; x_wconf 80' lang='grc' dir='ltr'>ἄρα</span> <span class='ocrx_word' id='word_1_538' title='bbox 3246 3269 3495 3327; x_wconf 79' lang='grc' dir='ltr'>συναΐδιά</span> <span class='ocrx_word' id='word_1_539' title='bbox 3531 3272 3644 3328; x_wconf 71' lang='grc' dir='ltr'>ἐστι</span> <span class='ocrx_word' id='word_1_540' title='bbox 3693 3277 3776 3344; x_wconf 81' lang='grc' dir='ltr'><strong>τῷ</strong></span> 
     </span>
    </p>
   </div>
   <div class='ocr_carea' id='block_1_71' title="bbox 2123 3358 3778 3435">
    <p class='ocr_par' dir='ltr' id='par_1_71' title="bbox 2123 3358 3778 3435">
     <span class='ocr_line' id='line_1_71' title="bbox 2123 3358 3778 3435; baseline 0.001 -19"><span class='ocrx_word' id='word_1_541' title='bbox 2123 3360 2296 3432; x_wconf 70' lang='grc' dir='ltr'><strong>Θεῷἣ</strong></span> <span class='ocrx_word' id='word_1_542' title='bbox 2339 3358 2560 3432; x_wconf 80' lang='grc' dir='ltr'>ὕστερον</span> <span class='ocrx_word' id='word_1_543' title='bbox 2611 3361 2842 3435; x_wconf 77' lang='grc' dir='ltr'>γέγονε;</span> <span class='ocrx_word' id='word_1_544' title='bbox 2880 3361 2976 3415; x_wconf 81' lang='grc' dir='ltr'><strong>Καὶ</strong></span> <span class='ocrx_word' id='word_1_545' title='bbox 3031 3364 3138 3415; x_wconf 89' lang='grc' dir='ltr'><strong>ποῦ</strong></span> <span class='ocrx_word' id='word_1_546' title='bbox 3188 3360 3256 3430; x_wconf 80' lang='grc' dir='ltr'><strong>ἦν</strong></span> <span class='ocrx_word' id='word_1_547' title='bbox 3303 3361 3427 3417; x_wconf 80' lang='grc' dir='ltr'>τότε</span> <span class='ocrx_word' id='word_1_548' title='bbox 3464 3362 3492 3416; x_wconf 90' lang='lat'><strong>6</strong></span> <span class='ocrx_word' id='word_1_549' title='bbox 3527 3361 3778 3435; x_wconf 85' lang='grc' dir='ltr'>Πονηρὸς</span> 
     </span>
    </p>
   </div>
   <div class='ocr_carea' id='block_1_72' title="bbox 2121 3445 3777 3527">
    <p class='ocr_par' dir='ltr' id='par_1_72' title="bbox 2121 3445 3777 3527">
     <span class='ocr_line' id='line_1_72' title="bbox 2121 3445 3777 3527; baseline 0.001 -23"><span class='ocrx_word' id='word_1_550' title='bbox 2121 3449 2211 3505; x_wconf 77' lang='grc' dir='ltr'><strong>ὅτε</strong></span> <span class='ocrx_word' id='word_1_551' title='bbox 2240 3452 2406 3504; x_wconf 81' lang='grc' dir='ltr'>ταῦτα</span> <span class='ocrx_word' id='word_1_552' title='bbox 2452 3450 2556 3519; x_wconf 84' lang='grc' dir='ltr'><strong>ἦν;</strong></span> <span class='ocrx_word' id='word_1_553' title='bbox 2590 3449 2634 3504; x_wconf 74' lang='grc' dir='ltr'>εἰ</span> <span class='ocrx_word' id='word_1_554' title='bbox 2684 3445 2742 3504; x_wconf 74' lang='grc' dir='ltr'>δὲ</span> <span class='ocrx_word' id='word_1_555' title='bbox 2788 3448 3006 3523; x_wconf 79' lang='grc' dir='ltr'>ὕστερον</span> <span class='ocrx_word' id='word_1_556' title='bbox 3052 3449 3268 3527; x_wconf 78' lang='grc' dir='ltr'>γέγονε,</span> <span class='ocrx_word' id='word_1_557' title='bbox 3317 3449 3398 3513; x_wconf 87' lang='grc' dir='ltr'><strong>τίς</strong></span> <span class='ocrx_word' id='word_1_558' title='bbox 3447 3451 3476 3505; x_wconf 89' lang='lat'><strong>6</strong></span> <span class='ocrx_word' id='word_1_559' title='bbox 3524 3470 3777 3526; x_wconf 87' lang='grc' dir='ltr'>προαγα-</span> 
     </span>
    </p>
   </div>
   <div class='ocr_carea' id='block_1_73' title="bbox 2119 3537 3774 3618">
    <p class='ocr_par' dir='ltr' id='par_1_73' title="bbox 2119 3537 3774 3618">
     <span class='ocr_line' id='line_1_73' title="bbox 2119 3537 3774 3618; baseline -0.001 -24"><span class='ocrx_word' id='word_1_560' title='bbox 2119 3538 2232 3614; x_wconf 88' lang='grc' dir='ltr'><strong>γὼν</strong></span> <span class='ocrx_word' id='word_1_561' title='bbox 2265 3537 2439 3610; x_wconf 73' lang='grc' dir='ltr'>αὐτάς</span> <span class='ocrx_word' id='word_1_562' title='bbox 2477 3538 2554 3594; x_wconf 90' lang='grc' dir='ltr'>Τὸ</span> <span class='ocrx_word' id='word_1_563' title='bbox 2582 3537 2686 3614; x_wconf 81' lang='grc' dir='ltr'><strong>γὰρ</strong></span> <span class='ocrx_word' id='word_1_564' title='bbox 2729 3538 2924 3605; x_wconf 88' lang='grc' dir='ltr'>νοητὸν</span> <span class='ocrx_word' id='word_1_565' title='bbox 2971 3539 3162 3601; x_wconf 88' lang='grc' dir='ltr'>σκότος</span> <span class='ocrx_word' id='word_1_566' title='bbox 3211 3537 3303 3594; x_wconf 71' lang='grc' dir='ltr'><strong>ἄπ’</strong></span> <span class='ocrx_word' id='word_1_567' title='bbox 3360 3541 3542 3618; x_wconf 80' lang='grc' dir='ltr'>ἀρχῆς</span> <span class='ocrx_word' id='word_1_568' title='bbox 3593 3537 3774 3615; x_wconf 76' lang='grc' dir='ltr'>ὑπάρο</span> 
     </span>
    </p>
   </div>
   <div class='ocr_carea' id='block_1_74' title="bbox 2120 3623 3780 3704">
    <p class='ocr_par' dir='ltr' id='par_1_74' title="bbox 2120 3623 3780 3704">
     <span class='ocr_line' id='line_1_74' title="bbox 2120 3623 3780 3704; baseline -0.001 -21"><span class='ocrx_word' id='word_1_569' title='bbox 2120 3629 2220 3704; x_wconf 80' lang='grc' dir='ltr'><strong>χόν</strong></span> <span class='ocrx_word' id='word_1_570' title='bbox 2251 3628 2462 3695; x_wconf 84' lang='grc' dir='ltr'>σκότος,</span> <span class='ocrx_word' id='word_1_571' title='bbox 2495 3623 2620 3682; x_wconf 79' lang='grc' dir='ltr'>ούδὲ</span> <span class='ocrx_word' id='word_1_572' title='bbox 2647 3626 2740 3681; x_wconf 89' lang='grc' dir='ltr'><strong>τὸν</strong></span> <span class='ocrx_word' id='word_1_573' title='bbox 2774 3628 3162 3703; x_wconf 76' lang='grc' dir='ltr'>προαγαγόντα</span> <span class='ocrx_word' id='word_1_574' title='bbox 3190 3627 3356 3683; x_wconf 81' lang='grc' dir='ltr'>αὐτὸν</span> <span class='ocrx_word' id='word_1_575' title='bbox 3386 3628 3561 3683; x_wconf 79' lang='grc' dir='ltr'>ἀθῶον</span> <span class='ocrx_word' id='word_1_576' title='bbox 3606 3627 3780 3702; x_wconf 74' lang='grc' dir='ltr'>ἀφίη-</span> 
     </span>
    </p>
   </div>
   <div class='ocr_carea' id='block_1_75' title="bbox 2119 3713 3776 3793">
    <p class='ocr_par' dir='ltr' id='par_1_75' title="bbox 2119 3713 3776 3793">
     <span class='ocr_line' id='line_1_75' title="bbox 2119 3713 3776 3793; baseline -0.001 -19"><span class='ocrx_word' id='word_1_577' title='bbox 2119 3738 2231 3774; x_wconf 69' lang='grc' dir='ltr'>στνο</span> <span class='ocrx_word' id='word_1_578' title='bbox 2265 3716 2474 3790; x_wconf 88' lang='grc' dir='ltr'>ὁμοίως</span> <span class='ocrx_word' id='word_1_579' title='bbox 2521 3713 2579 3771; x_wconf 71' lang='grc' dir='ltr'>δὲ</span> <span class='ocrx_word' id='word_1_580' title='bbox 2626 3713 2752 3771; x_wconf 73' lang='grc' dir='ltr'>οὐδὲ</span> <span class='ocrx_word' id='word_1_581' title='bbox 2797 3716 2860 3770; x_wconf 86' lang='grc' dir='ltr'><strong>τὸ</strong></span> <span class='ocrx_word' id='word_1_582' title='bbox 2905 3720 3039 3793; x_wconf 86' lang='grc' dir='ltr'>πῦρ,</span> <span class='ocrx_word' id='word_1_583' title='bbox 3097 3715 3246 3791; x_wconf 74' lang='grc' dir='ltr'>ε’ίπερ</span> <span class='ocrx_word' id='word_1_584' title='bbox 3305 3716 3499 3788; x_wconf 83' lang='grc' dir='ltr'>νοητὸν</span> <span class='ocrx_word' id='word_1_585' title='bbox 3555 3717 3614 3771; x_wconf 86' lang='grc' dir='ltr'><strong>’ὀν</strong></span> <span class='ocrx_word' id='word_1_586' title='bbox 3674 3721 3776 3772; x_wconf 88' lang='grc' dir='ltr'><strong>τοῦ</strong></span> 
     </span>
    </p>
   </div>
   <div class='ocr_carea' id='block_1_76' title="bbox 364 3798 2002 3885">
    <p class='ocr_par' dir='ltr' id='par_1_76' title="bbox 364 3798 2002 3885">
     <span class='ocr_line' id='line_1_76' title="bbox 364 3798 2002 3885; baseline 0.013 -37"><span class='ocrx_word' id='word_1_587' title='bbox 364 3809 552 3864; x_wconf 90' lang='lat' dir='ltr'><strong>neque</strong></span> <span class='ocrx_word' id='word_1_588' title='bbox 609 3798 972 3871; x_wconf 89' lang='lat' dir='ltr'><strong>permittunt,</strong></span> <span class='ocrx_word' id='word_1_589' title='bbox 1029 3809 1092 3860; x_wconf 90' lang='lat' dir='ltr'><strong>ut</strong></span> <span class='ocrx_word' id='word_1_590' title='bbox 1147 3805 1384 3864; x_wconf 89' lang='lat' dir='ltr'><strong>illarum</strong></span> <span class='ocrx_word' id='word_1_591' title='bbox 1435 3813 1790 3868; x_wconf 83' lang='lat' dir='ltr'><strong>conditorem</strong></span> <span class='ocrx_word' id='word_1_592' title='bbox 1841 3813 2002 3885; x_wconf 86' lang='lat' dir='ltr'><strong>culpa</strong></span> 
     </span>
    </p>
   </div>
   <div class='ocr_carea' id='block_1_77' title="bbox 2118 3798 3773 3885">
    <p class='ocr_par' dir='ltr' id='par_1_77' title="bbox 2118 3801 3773 3883">
     <span class='ocr_line' id='line_1_77' title="bbox 2118 3801 3773 3883; baseline -0.016 1"><span class='ocrx_word' id='word_1_593' title='bbox 2118 3807 2375 3883; x_wconf 74' lang='grc' dir='ltr'>ἀρχηγοῦ</span> <span class='ocrx_word' id='word_1_594' title='bbox 2429 3811 2529 3872; x_wconf 71' lang='grc' dir='ltr'><strong>τῆς</strong></span> <span class='ocrx_word' id='word_1_595' title='bbox 2587 3805 2778 3868; x_wconf 75' lang='grc' dir='ltr'>κακίας</span> <span class='ocrx_word' id='word_1_596' title='bbox 2837 3805 3028 3882; x_wconf 79' lang='grc' dir='ltr'>γέγονε</span> <span class='ocrx_word' id='word_1_597' title='bbox 3082 3801 3411 3881; x_wconf 74' lang='grc' dir='ltr'>προϐολεύς.</span> <span class='ocrx_word' id='word_1_598' title='bbox 3489 3806 3592 3861; x_wconf 82' lang='grc' dir='ltr'>Καὶ</span> <span class='ocrx_word' id='word_1_599' title='bbox 3651 3812 3773 3870; x_wconf 79' lang='grc' dir='ltr'><strong>πῶς</strong></span> 
     </span>
    </p>
   </div>
   <div class='ocr_carea' id='block_1_78' title="bbox 363 3887 2002 3976">
    <p class='ocr_par' dir='ltr' id='par_1_78' title="bbox 363 3887 2002 3976">
     <span class='ocr_line' id='line_1_78' title="bbox 363 3887 2002 3976; baseline 0.014 -39"><span class='ocrx_word' id='word_1_600' title='bbox 363 3899 570 3976; x_wconf 84' lang='lat' dir='ltr'><strong>vacare</strong></span> <span class='ocrx_word' id='word_1_601' title='bbox 599 3887 924 3946; x_wconf 87' lang='lat' dir='ltr'><strong>credamus.</strong></span> <span class='ocrx_word' id='word_1_602' title='bbox 958 3892 1238 3953; x_wconf 88' lang='lat' dir='ltr'><strong>Similiter</strong></span> <span class='ocrx_word' id='word_1_603' title='bbox 1274 3914 1380 3956; x_wconf 87' lang='lat' dir='ltr'><strong>nec</strong></span> <span class='ocrx_word' id='word_1_604' title='bbox 1425 3900 1598 3972; x_wconf 87' lang='lat' dir='ltr'><strong>ignis,</strong></span> <span class='ocrx_word' id='word_1_605' title='bbox 1649 3905 1749 3973; x_wconf 90' lang='lat' dir='ltr'><strong>qui</strong></span> <span class='ocrx_word' id='word_1_606' title='bbox 1788 3903 2002 3960; x_wconf 87' lang='lat' dir='ltr'><strong>scilicet</strong></span> 
     </span>
    </p>
   </div>
   <div class='ocr_carea' id='block_1_79' title="bbox 2118 3887 3774 3976">
    <p class='ocr_par' dir='ltr' id='par_1_79' title="bbox 2120 3890 3774 3976">
     <span class='ocr_line' id='line_1_79' title="bbox 2120 3890 3774 3976; baseline -0.002 -21"><span class='ocrx_word' id='word_1_607' title='bbox 2120 3897 2373 3976; x_wconf 81' lang='grc' dir='ltr'>ἀρχηγὸς</span> <span class='ocrx_word' id='word_1_608' title='bbox 2406 3897 2433 3951; x_wconf 89' lang='lat'><strong>6</strong></span> <span class='ocrx_word' id='word_1_609' title='bbox 2466 3894 2515 3966; x_wconf 78' lang='grc' dir='ltr'><strong>ἒξ</strong></span> <span class='ocrx_word' id='word_1_610' title='bbox 2549 3893 2744 3971; x_wconf 78' lang='grc' dir='ltr'>ὲτέρων</span> <span class='ocrx_word' id='word_1_611' title='bbox 2786 3896 2884 3964; x_wconf 84' lang='grc' dir='ltr'><strong>τήν</strong></span> <span class='ocrx_word' id='word_1_612' title='bbox 2936 3893 3159 3969; x_wconf 69' lang='grc' dir='ltr'>ὕπαρξιν</span> <span class='ocrx_word' id='word_1_613' title='bbox 3217 3890 3443 3966; x_wconf 76' lang='grc' dir='ltr'>λαϐώνς</span> <span class='ocrx_word' id='word_1_614' title='bbox 3487 3895 3578 3950; x_wconf 83' lang='grc' dir='ltr'><strong>καὶ</strong></span> <span class='ocrx_word' id='word_1_615' title='bbox 3626 3897 3774 3952; x_wconf 88' lang='grc' dir='ltr'>πόσα</span> 
     </span>
    </p>
   </div>
   <div class='ocr_carea' id='block_1_80' title="bbox 362 3970 2002 4062">
    <p class='ocr_par' dir='ltr' id='par_1_80' title="bbox 362 3970 2002 4062">
     <span class='ocr_line' id='line_1_80' title="bbox 362 3970 2002 4062; baseline 0.013 -37"><span class='ocrx_word' id='word_1_616' title='bbox 362 3970 553 4062; x_wconf 81' lang='lat' dir='ltr'><strong>anime</strong></span> <span class='ocrx_word' id='word_1_617' title='bbox 599 3979 826 4032; x_wconf 89' lang='lat' dir='ltr'><strong>tantum</strong></span> <span class='ocrx_word' id='word_1_618' title='bbox 874 3981 1030 4035; x_wconf 89' lang='lat' dir='ltr'><strong>cerni</strong></span> <span class='ocrx_word' id='word_1_619' title='bbox 1078 3989 1286 4053; x_wconf 86' lang='lat' dir='ltr'><strong>potest,</strong></span> <span class='ocrx_word' id='word_1_620' title='bbox 1345 3970 1546 4044; x_wconf 73' lang='lat' dir='ltr'><strong>auctor</strong></span> <span class='ocrx_word' id='word_1_621' title='bbox 1587 3970 1774 4046; x_wconf 70' lang='lat' dir='ltr'><strong>fuisse</strong></span> <span class='ocrx_word' id='word_1_622' title='bbox 1818 3991 2002 4062; x_wconf 88' lang='lat' dir='ltr'><strong>potuit</strong></span> 
     </span>
    </p>
   </div>
   <div class='ocr_carea' id='block_1_81' title="bbox 2118 3970 3765 4062">
    <p class='ocr_par' dir='ltr' id='par_1_81' title="bbox 2119 3970 3765 4061">
     <span class='ocr_line' id='line_1_81' title="bbox 2119 3970 3765 4061; baseline -0.001 -19"><span class='ocrx_word' id='word_1_623' title='bbox 2119 3970 2300 4049; x_wconf 35' lang='lat' dir='ltr'><strong>alia:</strong></span> <span class='ocrx_word' id='word_1_624' title='bbox 2323 3984 2472 4042; x_wconf 66' lang='grc' dir='ltr'>ε’ίποι</span> <span class='ocrx_word' id='word_1_625' title='bbox 2502 3986 2605 4054; x_wconf 78' lang='grc' dir='ltr'>τὴν</span> <span class='ocrx_word' id='word_1_626' title='bbox 2632 3983 2834 4059; x_wconf 79' lang='grc' dir='ltr'>ἄλογον</span> <span class='ocrx_word' id='word_1_627' title='bbox 2866 3985 3066 4055; x_wconf 89' lang='grc' dir='ltr'>ταύτην</span> <span class='ocrx_word' id='word_1_628' title='bbox 3109 3984 3365 4060; x_wconf 81' lang='grc' dir='ltr'>συζυγίαν</span> <span class='ocrx_word' id='word_1_629' title='bbox 3417 3983 3720 4061; x_wconf 85' lang='grc' dir='ltr'>λογοθετῶν</span> <span class='ocrx_word' id='word_1_630' title='bbox 3748 4005 3765 4055; x_wconf 85' lang='lat'><strong><em>;</em></strong></span> 
     </span>
    </p>
   </div>
   <div class='ocr_carea' id='block_1_82' title="bbox 361 4059 3764 4150">
    <p class='ocr_par' dir='ltr' id='par_1_82' title="bbox 361 4059 3764 4150">
     <span class='ocr_line' id='line_1_82' title="bbox 361 4059 3764 4150; baseline 0.005 -36"><span class='ocrx_word' id='word_1_631' title='bbox 361 4059 714 4134; x_wconf 90' lang='lat' dir='ltr'><strong>principium</strong></span> <span class='ocrx_word' id='word_1_632' title='bbox 745 4065 901 4121; x_wconf 86' lang='lat' dir='ltr'><strong>mali.</strong></span> <span class='ocrx_word' id='word_1_633' title='bbox 939 4072 1004 4124; x_wconf 83' lang='lat' dir='ltr'><strong>Et</strong></span> <span class='ocrx_word' id='word_1_634' title='bbox 1029 4073 1318 4142; x_wconf 90' lang='lat' dir='ltr'><strong>quomodo</strong></span> <span class='ocrx_word' id='word_1_635' title='bbox 1354 4075 1707 4148; x_wconf 88' lang='lat' dir='ltr'><strong>principium</strong></span> <span class='ocrx_word' id='word_1_636' title='bbox 1741 4059 1870 4135; x_wconf 77' lang='lat' dir='ltr'><strong>esse</strong></span> <span class='ocrx_word' id='word_1_637' title='bbox 1921 4081 2131 4150; x_wconf 89' lang='lat' dir='ltr'><strong>potest,</strong></span> <span class='ocrx_word' id='word_1_638' title='bbox 2167 4076 2323 4148; x_wconf 91' lang='lat' dir='ltr'><strong>quod</strong></span> <span class='ocrx_word' id='word_1_639' title='bbox 2351 4076 2482 4130; x_wconf 89' lang='lat' dir='ltr'><strong>aliis</strong></span> <span class='ocrx_word' id='word_1_640' title='bbox 2530 4076 2806 4143; x_wconf 84' lang='lat' dir='ltr'><strong>originem</strong></span> <span class='ocrx_word' id='word_1_641' title='bbox 2850 4091 3021 4130; x_wconf 90' lang='lat' dir='ltr'><strong>suam</strong></span> <span class='ocrx_word' id='word_1_642' title='bbox 3067 4059 3296 4130; x_wconf 82' lang='lat' dir='ltr'><strong>debet?</strong></span> <span class='ocrx_word' id='word_1_643' title='bbox 3343 4077 3413 4131; x_wconf 88' lang='lat' dir='ltr'><strong>Et</strong></span> <span class='ocrx_word' id='word_1_644' title='bbox 3458 4059 3592 4145; x_wconf 85' lang='lat' dir='ltr'><strong>quot</strong></span> <span class='ocrx_word' id='word_1_645' title='bbox 3643 4073 3764 4132; x_wconf 82' lang='lat' dir='ltr'><strong>alia</strong></span> 
     </span>
    </p>
   </div>
   <div class='ocr_carea' id='block_1_83' title="bbox 360 4151 3240 4237">
    <p class='ocr_par' dir='ltr' id='par_1_83' title="bbox 360 4151 3240 4237">
     <span class='ocr_line' id='line_1_83' title="bbox 360 4151 3240 4237; baseline 0.005 -30"><span class='ocrx_word' id='word_1_646' title='bbox 360 4151 564 4210; x_wconf 71' lang='lat' dir='ltr'><strong>aﬂ‘erre</strong></span> <span class='ocrx_word' id='word_1_647' title='bbox 597 4158 780 4225; x_wconf 84' lang='lat' dir='ltr'><strong>possit</strong></span> <span class='ocrx_word' id='word_1_648' title='bbox 818 4159 890 4229; x_wconf 90' lang='lat' dir='ltr'><strong>is,</strong></span> <span class='ocrx_word' id='word_1_649' title='bbox 925 4161 1023 4232; x_wconf 90' lang='lat' dir='ltr'><strong>qui</strong></span> <span class='ocrx_word' id='word_1_650' title='bbox 1053 4164 1296 4222; x_wconf 88' lang='lat' dir='ltr'><strong>stultam</strong></span> <span class='ocrx_word' id='word_1_651' title='bbox 1330 4166 1481 4222; x_wconf 87' lang='lat' dir='ltr'><strong>hanc</strong></span> <span class='ocrx_word' id='word_1_652' title='bbox 1512 4170 1984 4237; x_wconf 86' lang='lat' dir='ltr'><strong>conjunctionem</strong></span> <span class='ocrx_word' id='word_1_653' title='bbox 2027 4169 2140 4225; x_wconf 90' lang='lat' dir='ltr'><strong>sub</strong></span> <span class='ocrx_word' id='word_1_654' title='bbox 2166 4167 2411 4224; x_wconf 88' lang='lat' dir='ltr'><strong>rationis</strong></span> <span class='ocrx_word' id='word_1_655' title='bbox 2442 4181 2684 4222; x_wconf 85' lang='lat' dir='ltr'><strong>examen</strong></span> <span class='ocrx_word' id='word_1_656' title='bbox 2715 4181 2920 4222; x_wconf 87' lang='lat' dir='ltr'><strong>vocare</strong></span> <span class='ocrx_word' id='word_1_657' title='bbox 2944 4163 3240 4222; x_wconf 81' lang='lat' dir='ltr'><strong>voluerit?</strong></span> 
     </span>
    </p>
   </div>
   <div class='ocr_carea' id='block_1_84' title="bbox 429 4242 2002 4332">
    <p class='ocr_par' dir='ltr' id='par_1_84' title="bbox 429 4242 2002 4328">
     <span class='ocr_line' id='line_1_84' title="bbox 429 4242 2002 4328; baseline 0.01 -31"><span class='ocrx_word' id='word_1_658' title='bbox 429 4242 519 4298; x_wconf 90' lang='lat' dir='ltr'><strong>IV.</strong></span> <span class='ocrx_word' id='word_1_659' title='bbox 551 4247 666 4300; x_wconf 91' lang='lat' dir='ltr'><strong>Cur</strong></span> <span class='ocrx_word' id='word_1_660' title='bbox 695 4263 906 4318; x_wconf 88' lang='lat' dir='ltr'><strong>nempe</strong></span> <span class='ocrx_word' id='word_1_661' title='bbox 937 4253 1183 4308; x_wconf 66' lang='lat' dir='ltr'><strong>tenebrae</strong></span> <span class='ocrx_word' id='word_1_662' title='bbox 1215 4255 1350 4310; x_wconf 64' lang='lat' dir='ltr'><strong>solae</strong></span> <span class='ocrx_word' id='word_1_663' title='bbox 1375 4257 1733 4312; x_wconf 80' lang='lat' dir='ltr'><strong>suffecerunt</strong></span> <span class='ocrx_word' id='word_1_664' title='bbox 1765 4257 1845 4313; x_wconf 89' lang='lat' dir='ltr'><strong>illi</strong></span> <span class='ocrx_word' id='word_1_665' title='bbox 1873 4275 2002 4328; x_wconf 91' lang='lat' dir='ltr'><strong>pro-</strong></span> 
     </span>
    </p>
   </div>
   <div class='ocr_carea' id='block_1_85' title="bbox 2118 4242 3772 4332">
    <p class='ocr_par' dir='ltr' id='par_1_85' title="bbox 2185 4254 3772 4332">
     <span class='ocr_line' id='line_1_85' title="bbox 2185 4254 3772 4332; baseline 0.001 -23"><span class='ocrx_word' id='word_1_666' title='bbox 2185 4258 2258 4312; x_wconf 82' lang='lat' dir='ltr'><strong>&#39;A.</strong></span> <span class='ocrx_word' id='word_1_667' title='bbox 2293 4259 2417 4316; x_wconf 81' lang='grc' dir='ltr'><strong>Πῶς</strong></span> <span class='ocrx_word' id='word_1_668' title='bbox 2447 4255 2546 4308; x_wconf 87' lang='grc' dir='ltr'><strong>ούκ</strong></span> <span class='ocrx_word' id='word_1_669' title='bbox 2576 4254 2774 4328; x_wconf 75' lang='grc' dir='ltr'>ἢρκεσε</span> <span class='ocrx_word' id='word_1_670' title='bbox 2802 4254 2865 4310; x_wconf 87' lang='grc' dir='ltr'><strong>τὸ</strong></span> <span class='ocrx_word' id='word_1_671' title='bbox 2907 4254 3100 4317; x_wconf 88' lang='grc' dir='ltr'>σκότος</span> <span class='ocrx_word' id='word_1_672' title='bbox 3161 4256 3331 4328; x_wconf 82' lang='grc' dir='ltr'>μόνον</span> <span class='ocrx_word' id='word_1_673' title='bbox 3381 4260 3720 4332; x_wconf 82' lang='grc' dir='ltr'>προαγαγεῖν</span> <span class='ocrx_word' id='word_1_674' title='bbox 3757 4285 3772 4327; x_wconf 72' lang='grc' dir='ltr'>ς</span> 
     </span>
    </p>
   </div>
   <div class='ocr_carea' id='block_1_86' title="bbox 360 4329 2002 4418">
    <p class='ocr_par' dir='ltr' id='par_1_86' title="bbox 360 4329 2002 4418">
     <span class='ocr_line' id='line_1_86' title="bbox 360 4329 2002 4418; baseline 0.012 -37"><span class='ocrx_word' id='word_1_675' title='bbox 360 4329 624 4418; x_wconf 86' lang='lat' dir='ltr'><strong>ducendo</strong></span> <span class='ocrx_word' id='word_1_676' title='bbox 646 4332 674 4384; x_wconf 68' lang='grc' dir='ltr'><em>Ἰ</em></span> <span class='ocrx_word' id='word_1_677' title='bbox 703 4349 808 4390; x_wconf 91' lang='lat' dir='ltr'><strong>cur</strong></span> <span class='ocrx_word' id='word_1_678' title='bbox 837 4353 941 4393; x_wconf 91' lang='lat' dir='ltr'><strong>nec</strong></span> <span class='ocrx_word' id='word_1_679' title='bbox 974 4340 1125 4410; x_wconf 90' lang='lat' dir='ltr'><strong>ignis</strong></span> <span class='ocrx_word' id='word_1_680' title='bbox 1157 4341 1436 4397; x_wconf 72' lang='lat' dir='ltr'><strong>suffecit?</strong></span> <span class='ocrx_word' id='word_1_681' title='bbox 1467 4343 1597 4415; x_wconf 87' lang='lat' dir='ltr'><strong>quis</strong></span> <span class='ocrx_word' id='word_1_682' title='bbox 1631 4351 1872 4416; x_wconf 87' lang='lat' dir='ltr'><strong>utraque</strong></span> <span class='ocrx_word' id='word_1_683' title='bbox 1901 4346 2002 4402; x_wconf 90' lang='lat' dir='ltr'><strong>illa</strong></span> 
     </span>
    </p>
   </div>
   <div class='ocr_carea' id='block_1_87' title="bbox 2118 4329 3771 4418">
    <p class='ocr_par' dir='ltr' id='par_1_87' title="bbox 2118 4329 3771 4418">
     <span class='ocr_line' id='line_1_87' title="bbox 2118 4329 3771 4418; baseline 0.001 -19"><span class='ocrx_word' id='word_1_684' title='bbox 2118 4347 2232 4406; x_wconf 83' lang='grc' dir='ltr'>πῶς</span> <span class='ocrx_word' id='word_1_685' title='bbox 2267 4341 2397 4418; x_wconf 77' lang='grc' dir='ltr'>οῦχὶ</span> <span class='ocrx_word' id='word_1_686' title='bbox 2443 4343 2504 4398; x_wconf 88' lang='grc' dir='ltr'><strong>τὸ</strong></span> <span class='ocrx_word' id='word_1_687' title='bbox 2551 4347 2657 4417; x_wconf 92' lang='grc' dir='ltr'><strong>πῦρ</strong></span> <span class='ocrx_word' id='word_1_688' title='bbox 2693 4363 2706 4412; x_wconf 86' lang='grc'><strong>;</strong></span> <span class='ocrx_word' id='word_1_689' title='bbox 2744 4343 2828 4408; x_wconf 88' lang='grc' dir='ltr'><strong>τίς</strong></span> <span class='ocrx_word' id='word_1_690' title='bbox 2868 4345 2897 4398; x_wconf 95' lang='lat'><strong>6</strong></span> <span class='ocrx_word' id='word_1_691' title='bbox 2941 4343 3251 4418; x_wconf 84' lang='grc' dir='ltr'>συναγαγὼν</span> <span class='ocrx_word' id='word_1_692' title='bbox 3295 4329 3462 4399; x_wconf 83' lang='grc' dir='ltr'>ταῦτα</span> <span class='ocrx_word' id='word_1_693' title='bbox 3510 4329 3771 4417; x_wconf 72' lang='grc' dir='ltr'>μᾶλλονς</span> 
     </span>
    </p>
   </div>
   <div class='ocr_carea' id='block_1_88' title="bbox 361 4417 2002 4508">
    <p class='ocr_par' dir='ltr' id='par_1_88' title="bbox 361 4417 2002 4508">
     <span class='ocr_line' id='line_1_88' title="bbox 361 4417 2002 4508; baseline 0.013 -39"><span class='ocrx_word' id='word_1_694' title='bbox 361 4417 431 4470; x_wconf 90' lang='lat' dir='ltr'><strong>ad</strong></span> <span class='ocrx_word' id='word_1_695' title='bbox 448 4419 884 4508; x_wconf 87' lang='lat' dir='ltr'><strong>productionem</strong></span> <span class='ocrx_word' id='word_1_696' title='bbox 904 4427 1173 4500; x_wconf 91' lang='lat' dir='ltr'><strong>principii</strong></span> <span class='ocrx_word' id='word_1_697' title='bbox 1191 4430 1327 4485; x_wconf 85' lang='lat' dir='ltr'><strong>mali</strong></span> <span class='ocrx_word' id='word_1_698' title='bbox 1351 4433 1699 4502; x_wconf 81' lang='lat' dir='ltr'><strong>conjunxit?</strong></span> <span class='ocrx_word' id='word_1_699' title='bbox 1715 4435 2002 4504; x_wconf 89' lang='lat' dir='ltr'><strong>quomodo</strong></span> 
     </span>
    </p>
   </div>
   <div class='ocr_carea' id='block_1_89' title="bbox 2118 4417 3776 4508">
    <p class='ocr_par' dir='ltr' id='par_1_89' title="bbox 2118 4417 3776 4508">
     <span class='ocr_line' id='line_1_89' title="bbox 2118 4417 3776 4508; baseline 0.001 -19"><span class='ocrx_word' id='word_1_700' title='bbox 2118 4435 2206 4489; x_wconf 87' lang='grc' dir='ltr'><strong>καὶ</strong></span> <span class='ocrx_word' id='word_1_701' title='bbox 2236 4433 2288 4489; x_wconf 89' lang='grc' dir='ltr'><strong>τί</strong></span> <span class='ocrx_word' id='word_1_702' title='bbox 2345 4417 2578 4508; x_wconf 72' lang='grc' dir='ltr'>γεγονε;</span> <span class='ocrx_word' id='word_1_703' title='bbox 2627 4434 2681 4488; x_wconf 84' lang='grc' dir='ltr'><strong>τί</strong></span> <span class='ocrx_word' id='word_1_704' title='bbox 2729 4431 2790 4489; x_wconf 68' lang='lat' dir='ltr'><strong>Si</strong></span> <span class='ocrx_word' id='word_1_705' title='bbox 2835 4438 3004 4504; x_wconf 78' lang='grc' dir='ltr'>ποιεῖ,</span> <span class='ocrx_word' id='word_1_706' title='bbox 3053 4417 3161 4488; x_wconf 85' lang='grc' dir='ltr'><strong>τοῦ</strong></span> <span class='ocrx_word' id='word_1_707' title='bbox 3202 4432 3251 4502; x_wconf 69' lang='grc' dir='ltr'><strong>ιε</strong></span> <span class='ocrx_word' id='word_1_708' title='bbox 3301 4432 3465 4489; x_wconf 78' lang='grc' dir='ltr'>αὐτοῦ</span> <span class='ocrx_word' id='word_1_709' title='bbox 3512 4434 3776 4508; x_wconf 83' lang='grc' dir='ltr'>προελη-</span> 
     </span>
    </p>
   </div>
   <div class='ocr_carea' id='block_1_90' title="bbox 357 4505 2002 4599">
    <p class='ocr_par' dir='ltr' id='par_1_90' title="bbox 357 4505 2002 4599">
     <span class='ocr_line' id='line_1_90' title="bbox 357 4505 2002 4599; baseline 0.012 -41"><span class='ocrx_word' id='word_1_710' title='bbox 357 4519 472 4560; x_wconf 90' lang='lat' dir='ltr'><strong>non</strong></span> <span class='ocrx_word' id='word_1_711' title='bbox 504 4505 699 4599; x_wconf 78' lang='lat' dir='ltr'><strong>potius</strong></span> <span class='ocrx_word' id='word_1_712' title='bbox 745 4508 845 4565; x_wconf 90' lang='lat' dir='ltr'><strong>illa</strong></span> <span class='ocrx_word' id='word_1_713' title='bbox 889 4529 987 4580; x_wconf 94' lang='lat' dir='ltr'><strong>pro</strong></span> <span class='ocrx_word' id='word_1_714' title='bbox 1040 4516 1321 4587; x_wconf 91' lang='lat' dir='ltr'><strong>principio</strong></span> <span class='ocrx_word' id='word_1_715' title='bbox 1367 4521 1804 4590; x_wconf 84' lang='lat' dir='ltr'><strong>agnoscuntur?</strong></span> <span class='ocrx_word' id='word_1_716' title='bbox 1853 4522 2002 4586; x_wconf 89' lang='lat' dir='ltr'><strong>Quid</strong></span> 
     </span>
    </p>
   </div>
   <div class='ocr_carea' id='block_1_91' title="bbox 2118 4505 3774 4599">
    <p class='ocr_par' dir='ltr' id='par_1_91' title="bbox 2118 4505 3774 4599">
     <span class='ocr_line' id='line_1_91' title="bbox 2118 4505 3774 4599; baseline 0 -19"><span class='ocrx_word' id='word_1_717' title='bbox 2118 4505 2722 4599; x_wconf 24' lang='lat' dir='ltr'><strong>Auﬁdrocidpndoav‘roc</strong></span> <span class='ocrx_word' id='word_1_718' title='bbox 2778 4525 2877 4594; x_wconf 71' lang='grc' dir='ltr'>τὴν</span> <span class='ocrx_word' id='word_1_719' title='bbox 2938 4522 3158 4598; x_wconf 80' lang='grc' dir='ltr'>ἁρχήν;</span> <span class='ocrx_word' id='word_1_720' title='bbox 3216 4521 3448 4587; x_wconf 75' lang='grc' dir='ltr'>’Ἄλλως</span> <span class='ocrx_word' id='word_1_721' title='bbox 3493 4505 3685 4595; x_wconf 41' lang='lat' dir='ltr'><strong>156‘s,</strong></span> <span class='ocrx_word' id='word_1_722' title='bbox 3727 4505 3774 4580; x_wconf 77' lang='grc' dir='ltr'>εἰ</span> 
     </span>
    </p>
   </div>
   <div class='ocr_carea' id='block_1_92' title="bbox 356 4595 2002 4688">
    <p class='ocr_par' dir='ltr' id='par_1_92' title="bbox 356 4595 2002 4684">
     <span class='ocr_line' id='line_1_92' title="bbox 356 4595 2002 4684; baseline 0.013 -37"><span class='ocrx_word' id='word_1_723' title='bbox 356 4609 488 4650; x_wconf 90' lang='lat' dir='ltr'><strong>vero</strong></span> <span class='ocrx_word' id='word_1_724' title='bbox 519 4595 590 4650; x_wconf 90' lang='lat' dir='ltr'><strong>de</strong></span> <span class='ocrx_word' id='word_1_725' title='bbox 620 4595 736 4654; x_wconf 86' lang='lat' dir='ltr'><strong>illis</strong></span> <span class='ocrx_word' id='word_1_726' title='bbox 767 4599 988 4658; x_wconf 83' lang='lat' dir='ltr'><strong>factum</strong></span> <span class='ocrx_word' id='word_1_727' title='bbox 1019 4611 1103 4661; x_wconf 90' lang='lat' dir='ltr'><strong>est</strong></span> <span class='ocrx_word' id='word_1_728' title='bbox 1125 4604 1153 4660; x_wconf 85' lang='lat'><strong>?</strong></span> <span class='ocrx_word' id='word_1_729' title='bbox 1183 4609 1238 4662; x_wconf 88' lang='lat' dir='ltr'><strong>et</strong></span> <span class='ocrx_word' id='word_1_730' title='bbox 1267 4606 1409 4678; x_wconf 92' lang='lat' dir='ltr'><strong>quid</strong></span> <span class='ocrx_word' id='word_1_731' title='bbox 1442 4624 1597 4665; x_wconf 91' lang='lat' dir='ltr'><strong>nunc</strong></span> <span class='ocrx_word' id='word_1_732' title='bbox 1617 4614 1817 4682; x_wconf 89' lang='lat' dir='ltr'><strong>agunt,</strong></span> <span class='ocrx_word' id='word_1_733' title='bbox 1843 4617 2002 4684; x_wconf 90' lang='lat' dir='ltr'><strong>post-</strong></span> 
     </span>
    </p>
   </div>
   <div class='ocr_carea' id='block_1_93' title="bbox 2118 4595 3771 4688">
    <p class='ocr_par' dir='ltr' id='par_1_93' title="bbox 2118 4595 3771 4688">
     <span class='ocr_line' id='line_1_93' title="bbox 2118 4595 3771 4688; baseline 0 -19"><span class='ocrx_word' id='word_1_734' title='bbox 2118 4611 2323 4688; x_wconf 73' lang='grc' dir='ltr'>ἰγὲνετο</span> <span class='ocrx_word' id='word_1_735' title='bbox 2381 4595 2427 4668; x_wconf 32' lang='grc' dir='ltr'><strong>ὁ·</strong></span> <span class='ocrx_word' id='word_1_736' title='bbox 2463 4613 2713 4688; x_wconf 88' lang='grc' dir='ltr'>Πονηρὸς</span> <span class='ocrx_word' id='word_1_737' title='bbox 2757 4611 2818 4668; x_wconf 78' lang='grc' dir='ltr'>ἐκ</span> <span class='ocrx_word' id='word_1_738' title='bbox 2862 4595 3237 4674; x_wconf 15' lang='grc' dir='ltr'>τοῦνσκότους</span> <span class='ocrx_word' id='word_1_739' title='bbox 3282 4611 3373 4667; x_wconf 86' lang='grc' dir='ltr'><strong>καὶ</strong></span> <span class='ocrx_word' id='word_1_740' title='bbox 3420 4615 3518 4668; x_wconf 89' lang='grc' dir='ltr'><strong>τοῦ</strong></span> <span class='ocrx_word' id='word_1_741' title='bbox 3566 4612 3771 4688; x_wconf 83' lang='grc' dir='ltr'>πυρὸς,</span> 
     </span>
    </p>
   </div>
   <div class='ocr_carea' id='block_1_94' title="bbox 425 4719 919 4794">
    <p class='ocr_par' dir='ltr' id='par_1_94' title="bbox 425 4719 919 4794">
     <span class='ocr_line' id='line_1_94' title="bbox 425 4719 919 4794; baseline 0.014 -19"><span class='ocrx_word' id='word_1_742' title='bbox 425 4719 446 4754; x_wconf 87' lang='grc'><strong><em>⁸</em></strong></span> <span class='ocrx_word' id='word_1_743' title='bbox 475 4722 635 4778; x_wconf 90' lang='lat' dir='ltr'><strong>Deut.</strong></span> <span class='ocrx_word' id='word_1_744' title='bbox 671 4739 804 4794; x_wconf 83' lang='lat' dir='ltr'><strong>xxx,</strong></span> <span class='ocrx_word' id='word_1_745' title='bbox 833 4725 919 4784; x_wconf 84' lang='grc'><strong>19.</strong></span> 
     </span>
    </p>
   </div>
   <div class='ocr_carea' id='block_1_95' title="bbox 1541 4826 2611 4889">
    <p class='ocr_par' dir='ltr' id='par_1_95' title="bbox 1541 4826 2611 4889">
     <span class='ocr_line' id='line_1_95' title="bbox 1541 4826 2611 4889; baseline 0.003 -8"><span class='ocrx_word' id='word_1_746' title='bbox 1541 4826 1779 4886; x_wconf 71' lang='grc' dir='ltr'>νΑιιιιΕ</span> <span class='ocrx_word' id='word_1_747' title='bbox 1819 4830 2211 4888; x_wconf 83' lang='lat' dir='ltr'><strong>LECTIONES</strong></span> <span class='ocrx_word' id='word_1_748' title='bbox 2248 4832 2341 4888; x_wconf 87' lang='grc' dir='ltr'>ΕΤ</span> <span class='ocrx_word' id='word_1_749' title='bbox 2383 4830 2611 4889; x_wconf 65' lang='lat' dir='ltr'><strong>NOTAE.</strong></span> 
     </span>
    </p>
   </div>
   <div class='ocr_carea' id='block_1_96' title="bbox 413 4908 2002 5004">
    <p class='ocr_par' dir='ltr' id='par_1_96' title="bbox 413 4908 2002 5004">
     <span class='ocr_line' id='line_1_96' title="bbox 413 4908 2002 5004; baseline 0 0"><span class='ocrx_word' id='word_1_750' title='bbox 413 4908 970 5004; x_wconf 53' lang='lat' dir='ltr'><strong>fgtlééfféeémz</strong></span> <span class='ocrx_word' id='word_1_751' title='bbox 1006 4919 1592 5004; x_wconf 66' lang='grc' dir='ltr'><strong>ιιι.μσιο.σαηίείρτιο</strong></span> <span class='ocrx_word' id='word_1_752' title='bbox 1644 4929 1794 4985; x_wconf 77' lang='lat' dir='ltr'><strong>hanc</strong></span> <span class='ocrx_word' id='word_1_753' title='bbox 1839 4931 2002 5004; x_wconf 68' lang='lat' dir='ltr'><strong>arbi-</strong></span> 
     </span>
    </p>
   </div>
   <div class='ocr_carea' id='block_1_97' title="bbox 2118 4908 3770 5004">
    <p class='ocr_par' dir='ltr' id='par_1_97' title="bbox 2118 4923 3770 5004">
     <span class='ocr_line' id='line_1_97' title="bbox 2118 4923 3770 5004; baseline -0.001 -20"><span class='ocrx_word' id='word_1_754' title='bbox 2118 4930 2337 5004; x_wconf 68' lang='grc' dir='ltr'>ᾗνίοχον</span> <span class='ocrx_word' id='word_1_755' title='bbox 2371 4929 2596 5004; x_wconf 69' lang='grc' dir='ltr'>ἅρματι,</span> <span class='ocrx_word' id='word_1_756' title='bbox 2635 4927 2727 4983; x_wconf 87' lang='grc' dir='ltr'><strong>καὶ</strong></span> <span class='ocrx_word' id='word_1_757' title='bbox 2759 4923 3034 5004; x_wconf 76' lang='grc' dir='ltr'>παραδοὺς</span> <span class='ocrx_word' id='word_1_758' title='bbox 3069 4925 3166 5004; x_wconf 76' lang='grc' dir='ltr'><strong>τᾲς</strong></span> <span class='ocrx_word' id='word_1_759' title='bbox 3201 4925 3371 5004; x_wconf 23' lang='grc' dir='ltr'>,ἡνίας</span> <span class='ocrx_word' id='word_1_760' title='bbox 3415 4928 3496 4999; x_wconf 76' lang='grc' dir='ltr'><strong>τῷ</strong></span> <span class='ocrx_word' id='word_1_761' title='bbox 3542 4927 3770 5004; x_wconf 69' lang='grc' dir='ltr'>ἡνιόχῳ</span> 
     </span>
    </p>
   </div>
   <div class='ocr_carea' id='block_1_98' title="bbox 354 4981 2002 5126">
    <p class='ocr_par' dir='ltr' id='par_1_98' title="bbox 354 4981 2002 5126">
     <span class='ocr_line' id='line_1_98' title="bbox 354 4981 2002 5072; baseline 0.015 -39"><span class='ocrx_word' id='word_1_762' title='bbox 354 4981 449 5061; x_wconf 78' lang='lat' dir='ltr'><strong>trii</strong></span> <span class='ocrx_word' id='word_1_763' title='bbox 488 4981 809 5041; x_wconf 83' lang='lat' dir='ltr'><strong>libertatem</strong></span> <span class='ocrx_word' id='word_1_764' title='bbox 842 4994 1044 5046; x_wconf 89' lang='lat' dir='ltr'><strong>contra</strong></span> <span class='ocrx_word' id='word_1_765' title='bbox 1075 4991 1424 5053; x_wconf 67' lang='lat' dir='ltr'><strong>Manichwos</strong></span> <span class='ocrx_word' id='word_1_766' title='bbox 1452 4981 2002 5072; x_wconf 28' lang='lat' dir='ltr'><strong>diligeutver&#39;aswlruit</strong></span> 
     </span>
     <span class='ocr_line' id='line_1_99' title="bbox 357 5052 2000 5126; baseline 0.015 -21"><span class='ocrx_word' id='word_1_767' title='bbox 357 5052 524 5108; x_wconf 84' lang='lat' dir='ltr'><strong>Titus</strong></span> <span class='ocrx_word' id='word_1_768' title='bbox 551 5057 906 5126; x_wconf 88' lang='lat' dir='ltr'><strong>Bostrensis,</strong></span> <span class='ocrx_word' id='word_1_769' title='bbox 942 5061 1040 5116; x_wconf 89' lang='lat' dir='ltr'><strong>lib.</strong></span> <span class='ocrx_word' id='word_1_770' title='bbox 1074 5081 1135 5126; x_wconf 83' lang='grc' dir='ltr'><strong>ιι,</strong></span> <span class='ocrx_word' id='word_1_771' title='bbox 1187 5065 1305 5122; x_wconf 77' lang='lat' dir='ltr'><strong>fere</strong></span> <span class='ocrx_word' id='word_1_772' title='bbox 1347 5077 1479 5126; x_wconf 80' lang='lat' dir='ltr'><strong>toto.</strong></span> <span class='ocrx_word' id='word_1_773' title='bbox 1530 5073 1683 5126; x_wconf 73' lang='grc' dir='ltr'>ιωυά</span> <span class='ocrx_word' id='word_1_774' title='bbox 1732 5072 1814 5126; x_wconf 92' lang='lat' dir='ltr'><strong>CI.</strong></span> <span class='ocrx_word' id='word_1_775' title='bbox 1858 5072 2000 5126; x_wconf 85' lang='lat' dir='ltr'><strong>Bas-</strong></span> 
     </span>
    </p>
   </div>
   <div class='ocr_carea' id='block_1_99' title="bbox 2118 4981 3767 5126">
    <p class='ocr_par' dir='ltr' id='par_1_99' title="bbox 2118 4981 3767 5126">
     <span class='ocr_line' id='line_1_100' title="bbox 2118 4981 3767 5126; baseline -0.003 -69"><span class='ocrx_word' id='word_1_776' title='bbox 2118 4981 2714 5092; x_wconf 46' lang='lat' dir='ltr'><strong>tegaaeizfriotm</strong></span> <span class='ocrx_word' id='word_1_777' title='bbox 2750 4981 3032 5126; x_wconf 59' lang='grc' dir='ltr'>,ιξιπαρῖ</span> <span class='ocrx_word' id='word_1_778' title='bbox 3067 4981 3481 5074; x_wconf 44' lang='lat' dir='ltr'><strong>arearum;</strong></span> <span class='ocrx_word' id='word_1_779' title='bbox 3529 4981 3767 5078; x_wconf 58' lang='grc' dir='ltr'>τιχνιῖξ</span> 
     </span>
     <span class='ocr_line' id='line_1_101' title="bbox 2118 5069 3131 5126; baseline 0 0"><span class='ocrx_word' id='word_1_780' title='bbox 2118 5069 2342 5126; x_wconf 76' lang='grc' dir='ltr'>ἔνουσαν</span> <span class='ocrx_word' id='word_1_781' title='bbox 2374 5071 2431 5126; x_wconf 75' lang='grc' dir='ltr'>δὲ</span> <span class='ocrx_word' id='word_1_782' title='bbox 2460 5092 2546 5126; x_wconf 89' lang='grc' dir='ltr'><strong>και</strong></span> <span class='ocrx_word' id='word_1_783' title='bbox 2581 5073 2744 5126; x_wconf 80' lang='grc' dir='ltr'>ἀτεγν</span> <span class='ocrx_word' id='word_1_784' title='bbox 2770 5092 2832 5126; x_wconf 87' lang='grc' dir='ltr'><strong>ας</strong></span> <span class='ocrx_word' id='word_1_785' title='bbox 2871 5070 3131 5126; x_wconf 68' lang='grc' dir='ltr'>ἐξουσίαν.</span> 
     </span>
    </p>
   </div>
   <div class='ocr_carea' id='block_1_100' title="bbox 410 5057 2002 5151">
    <p class='ocr_par' dir='ltr' id='par_1_100' title="bbox 410 5057 2000 5151">
     <span class='ocr_line' id='line_1_102' title="bbox 410 5057 2000 5151; baseline 0.014 -45"><span class='ocrx_word' id='word_1_786' title='bbox 410 5057 906 5151; x_wconf 40' lang='lat' dir='ltr'><strong>itus-‘Bgstrensis,</strong></span> <span class='ocrx_word' id='word_1_787' title='bbox 942 5061 1135 5151; x_wconf 43' lang='lat' dir='ltr'><strong>libzlu,</strong></span> <span class='ocrx_word' id='word_1_788' title='bbox 1187 5065 1305 5122; x_wconf 77' lang='lat' dir='ltr'><strong>fere</strong></span> <span class='ocrx_word' id='word_1_789' title='bbox 1347 5077 1479 5140; x_wconf 81' lang='lat' dir='ltr'><strong>toto,</strong></span> <span class='ocrx_word' id='word_1_790' title='bbox 1530 5057 1683 5142; x_wconf 62' lang='lat' dir='ltr'><strong>apud</strong></span> <span class='ocrx_word' id='word_1_791' title='bbox 1732 5072 1814 5151; x_wconf 84' lang='lat' dir='ltr'><strong>_C|.</strong></span> <span class='ocrx_word' id='word_1_792' title='bbox 1858 5057 2000 5151; x_wconf 35' lang='lat' dir='ltr'><strong>Bas;</strong></span> 
     </span>
    </p>
   </div>
   <div class='ocr_carea' id='block_1_101' title="bbox 2118 5057 3131 5151">
    <p class='ocr_par' dir='ltr' id='par_1_101' title="bbox 2118 5057 3131 5151">
     <span class='ocr_line' id='line_1_103' title="bbox 2118 5057 3131 5151; baseline -0.002 -25"><span class='ocrx_word' id='word_1_793' title='bbox 2118 5057 2342 5151; x_wconf 52' lang='lat' dir='ltr'><strong>iiopcav</strong></span> <span class='ocrx_word' id='word_1_794' title='bbox 2373 5057 2553 5151; x_wconf 62' lang='grc' dir='ltr'>δὲ’κέῖ</span> <span class='ocrx_word' id='word_1_795' title='bbox 2581 5057 2832 5151; x_wconf 73' lang='grc' dir='ltr'>ἀτεχνίας</span> <span class='ocrx_word' id='word_1_796' title='bbox 2871 5057 3131 5151; x_wconf 67' lang='grc' dir='ltr'>ξξούσίαν.</span> 
     </span>
    </p>
   </div>
   <div class='ocr_carea' id='block_1_102' title="bbox 355 5126 1997 5214">
    <p class='ocr_par' dir='ltr' id='par_1_102' title="bbox 355 5126 1997 5214">
     <span class='ocr_line' id='line_1_104' title="bbox 355 5126 1997 5214; baseline 0.012 -36"><span class='ocrx_word' id='word_1_797' title='bbox 355 5139 493 5214; x_wconf 51' lang='lat' dir='ltr'><strong>pag:</strong></span> <span class='ocrx_word' id='word_1_798' title='bbox 509 5126 685 5214; x_wconf 9' lang='lat' dir='ltr'><strong>p.794.</strong></span> <span class='ocrx_word' id='word_1_799' title='bbox 701 5126 1132 5214; x_wconf 28' lang='lat' dir='ltr'><strong>seqqrgentiles&#39;</strong></span> <span class='ocrx_word' id='word_1_800' title='bbox 1149 5152 1378 5210; x_wconf 89' lang='lat' dir='ltr'><strong>quoque</strong></span> <span class='ocrx_word' id='word_1_801' title='bbox 1400 5126 1522 5197; x_wconf 53' lang='lat' dir='ltr'><strong>ea’m</strong></span> <span class='ocrx_word' id='word_1_802' title='bbox 1545 5126 1846 5214; x_wconf 58' lang='lat' dir='ltr'><strong>agnovisse</strong></span> <span class='ocrx_word' id='word_1_803' title='bbox 1864 5126 1997 5200; x_wconf 76' lang='lat' dir='ltr'><strong>etin</strong></span> 
     </span>
    </p>
   </div>
   <div class='ocr_carea' id='block_1_103' title="bbox 355 5196 1998 5272">
    <p class='ocr_par' dir='ltr' id='par_1_103' title="bbox 355 5196 1998 5272">
     <span class='ocr_line' id='line_1_105' title="bbox 355 5196 1998 5272; baseline 0.013 -22"><span class='ocrx_word' id='word_1_804' title='bbox 355 5196 602 5272; x_wconf 81' lang='lat' dir='ltr'><strong>abusum</strong></span> <span class='ocrx_word' id='word_1_805' title='bbox 634 5199 760 5272; x_wconf 80' lang='lat' dir='ltr'><strong>ejus</strong></span> <span class='ocrx_word' id='word_1_806' title='bbox 783 5196 1060 5259; x_wconf 66' lang='lat' dir='ltr'><strong>vitiorum</strong></span> <span class='ocrx_word' id='word_1_807' title='bbox 1097 5196 1336 5264; x_wconf 74' lang='lat' dir='ltr'><strong>causam</strong></span> <span class='ocrx_word' id='word_1_808' title='bbox 1383 5196 1998 5272; x_wconf 26' lang='lat' dir='ltr'><strong>retulisse&#39;luculeintis</strong></span> 
     </span>
    </p>
   </div>
   <div class='ocr_carea' id='block_1_104' title="bbox 355 5267 1994 5358">
    <p class='ocr_par' dir='ltr' id='par_1_104' title="bbox 355 5267 1994 5358">
     <span class='ocr_line' id='line_1_106' title="bbox 355 5267 1994 5358; baseline 0.015 -38"><span class='ocrx_word' id='word_1_809' title='bbox 355 5267 720 5358; x_wconf 46' lang='lat' dir='ltr'><strong>eorujmmlpcis</strong></span> <span class='ocrx_word' id='word_1_810' title='bbox 743 5281 1243 5358; x_wconf 43' lang='lat' dir='ltr'><strong>constatquorum</strong></span> <span class='ocrx_word' id='word_1_811' title='bbox 1266 5267 1514 5358; x_wconf 67' lang='lat' dir='ltr'><strong>amplam</strong></span> <span class='ocrx_word' id='word_1_812' title='bbox 1541 5267 1994 5358; x_wconf 58' lang='grc' dir='ltr'><strong>ιίάὑεέςζέέέιὲίτί</strong></span> 
     </span>
    </p>
   </div>
   <div class='ocr_carea' id='block_1_105' title="bbox 353 5339 1994 5464">
    <p class='ocr_par' dir='ltr' id='par_1_105' title="bbox 353 5339 1994 5464">
     <span class='ocr_line' id='line_1_107' title="bbox 353 5339 1994 5464; baseline 0.013 -73"><span class='ocrx_word' id='word_1_813' title='bbox 353 5339 507 5464; x_wconf 56' lang='grc' dir='ltr'><strong>ἶιὶυὰ</strong></span> <span class='ocrx_word' id='word_1_814' title='bbox 540 5341 819 5399; x_wconf 88' lang='lat' dir='ltr'><strong>Thomam</strong></span> <span class='ocrx_word' id='word_1_815' title='bbox 862 5339 1236 5433; x_wconf 77' lang='lat' dir='ltr'><strong>Gataberum,</strong></span> <span class='ocrx_word' id='word_1_816' title='bbox 1289 5339 1994 5440; x_wconf 35' lang='lat' dir='ltr'><strong>inNolistAhtgnini,</strong></span> 
     </span>
     <span class='ocr_line' id='line_1_108' title="bbox 378 5413 1994 5464; baseline 0.001 -2"><span class='ocrx_word' id='word_1_817' title='bbox 378 5424 394 5462; x_wconf 83' lang='grc' dir='ltr'><strong>ι</strong></span> <span class='ocrx_word' id='word_1_818' title='bbox 444 5452 456 5464; x_wconf 96' lang='grc'>.</span> <span class='ocrx_word' id='word_1_819' title='bbox 489 5425 547 5464; x_wconf 83' lang='lat' dir='ltr'><strong>ll.</strong></span> <span class='ocrx_word' id='word_1_820' title='bbox 579 5413 606 5464; x_wconf 68' lang='grc' dir='ltr'><strong>δ</strong></span> <span class='ocrx_word' id='word_1_821' title='bbox 635 5413 706 5464; x_wconf 83' lang='lat'>9:</span> <span class='ocrx_word' id='word_1_822' title='bbox 739 5420 796 5464; x_wconf 83' lang='lat' dir='ltr'><strong>et</strong></span> <span class='ocrx_word' id='word_1_823' title='bbox 828 5415 975 5464; x_wconf 71' lang='lat' dir='ltr'><strong>Patr-</strong></span> <span class='ocrx_word' id='word_1_824' title='bbox 1015 5421 1302 5464; x_wconf 67' lang='lat' dir='ltr'><strong>Danielum</strong></span> <span class='ocrx_word' id='word_1_825' title='bbox 1343 5424 1604 5464; x_wconf 64' lang='lat' dir='ltr'><strong>&quot;nanum</strong></span> <span class='ocrx_word' id='word_1_826' title='bbox 1634 5447 1687 5464; x_wconf 75' lang='grc' dir='ltr'>ιη</span> <span class='ocrx_word' id='word_1_827' title='bbox 1724 5431 1994 5464; x_wconf 68' lang='grc' dir='ltr'>Αιυοηιωρ</span> 
     </span>
    </p>
   </div>
   <div class='ocr_carea' id='block_1_106' title="bbox 353 5407 1995 5486">
    <p class='ocr_par' dir='ltr' id='par_1_106' title="bbox 353 5407 1995 5486">
     <span class='ocr_line' id='line_1_109' title="bbox 353 5407 1995 5486; baseline 0.015 -24"><span class='ocrx_word' id='word_1_828' title='bbox 353 5407 456 5486; x_wconf 69' lang='lat' dir='ltr'><strong>lib.</strong></span> <span class='ocrx_word' id='word_1_829' title='bbox 489 5413 606 5486; x_wconf 80' lang='lat' dir='ltr'><strong>n,_§</strong></span> <span class='ocrx_word' id='word_1_830' title='bbox 635 5413 706 5486; x_wconf 16' lang='lat'><strong>9,;</strong></span> <span class='ocrx_word' id='word_1_831' title='bbox 739 5420 796 5486; x_wconf 87' lang='lat' dir='ltr'><strong>et</strong></span> <span class='ocrx_word' id='word_1_832' title='bbox 827 5415 975 5472; x_wconf 89' lang='lat' dir='ltr'><strong>Petr.</strong></span> <span class='ocrx_word' id='word_1_833' title='bbox 1014 5407 1305 5477; x_wconf 75' lang='lat' dir='ltr'><strong>Danielém</strong></span> <span class='ocrx_word' id='word_1_834' title='bbox 1336 5407 1995 5486; x_wconf 59' lang='grc' dir='ltr'><strong>Ηὶιὲέῖιῐιιῖἷηΐᾱήἓῖιὲἦέἒ</strong></span> 
     </span>
    </p>
   </div>
   <div class='ocr_carea' id='block_1_107' title="bbox 357 5480 1992 5574">
    <p class='ocr_par' dir='ltr' id='par_1_107' title="bbox 357 5480 1992 5574">
     <span class='ocr_line' id='line_1_110' title="bbox 357 5480 1992 5574; baseline 0.015 -41"><span class='ocrx_word' id='word_1_835' title='bbox 357 5480 757 5574; x_wconf 39' lang='lat' dir='ltr'><strong>patefeceram</strong></span> <span class='ocrx_word' id='word_1_836' title='bbox 786 5485 886 5570; x_wconf 79' lang='lat' dir='ltr'><strong>lib.</strong></span> <span class='ocrx_word' id='word_1_837' title='bbox 923 5505 980 5557; x_wconf 81' lang='grc' dir='ltr'><strong>ιι,</strong></span> <span class='ocrx_word' id='word_1_838' title='bbox 1015 5506 1156 5574; x_wconf 81' lang='lat' dir='ltr'><strong>cap._</strong></span> <span class='ocrx_word' id='word_1_839' title='bbox 1170 5495 1372 5574; x_wconf 74' lang='lat' dir='ltr'><strong>_10,_p._</strong></span> <span class='ocrx_word' id='word_1_840' title='bbox 1390 5480 1500 5574; x_wconf 57' lang='lat' dir='ltr'><strong>leo</strong></span> <span class='ocrx_word' id='word_1_841' title='bbox 1519 5480 1703 5574; x_wconf 46' lang='lat' dir='ltr'><strong>saga.</strong></span> <span class='ocrx_word' id='word_1_842' title='bbox 1720 5480 1992 5574; x_wconf 50' lang='lat' dir='ltr'><strong>&#39;Eié&#39;gliaé</strong></span> 
     </span>
    </p>
   </div>
   <div class='ocr_carea' id='block_1_108' title="bbox 353 5552 1993 5639">
    <p class='ocr_par' dir='ltr' id='par_1_108' title="bbox 353 5552 1993 5639">
     <span class='ocr_line' id='line_1_111' title="bbox 353 5552 1993 5639; baseline 0.015 -34"><span class='ocrx_word' id='word_1_843' title='bbox 353 5552 498 5639; x_wconf 63' lang='lat' dir='ltr'><strong>mihi</strong></span> <span class='ocrx_word' id='word_1_844' title='bbox 522 5569 763 5635; x_wconf 66' lang='lat' dir='ltr'><strong>semper</strong></span> <span class='ocrx_word' id='word_1_845' title='bbox 791 5552 982 5639; x_wconf 73' lang='lat' dir='ltr'><strong>visum</strong></span> <span class='ocrx_word' id='word_1_846' title='bbox 1010 5552 1375 5639; x_wconf 66' lang='lat' dir='ltr'><strong>est_Maximi</strong></span> <span class='ocrx_word' id='word_1_847' title='bbox 1403 5552 1558 5639; x_wconf 76' lang='lat' dir='ltr'><strong>Tyrii</strong></span> <span class='ocrx_word' id='word_1_848' title='bbox 1575 5552 1993 5630; x_wconf 63' lang='lat' dir='ltr'><strong>&#39;iB‘imE&#39;éSﬁEi</strong></span> 
     </span>
    </p>
   </div>
   <div class='ocr_carea' id='block_1_109' title="bbox 347 5624 1990 5714">
    <p class='ocr_par' dir='ltr' id='par_1_109' title="bbox 347 5624 1990 5714">
     <span class='ocr_line' id='line_1_112' title="bbox 347 5624 1990 5714; baseline 0.014 -36"><span class='ocrx_word' id='word_1_849' title='bbox 347 5624 844 5714; x_wconf 34' lang='lat' dir='ltr'><strong>judiciumfkquod</strong></span> <span class='ocrx_word' id='word_1_850' title='bbox 877 5631 1084 5714; x_wconf 77' lang='lat' dir='ltr'><strong>legitur</strong></span> <span class='ocrx_word' id='word_1_851' title='bbox 1103 5634 1163 5714; x_wconf 75' lang='lat' dir='ltr'><strong>in</strong></span> <span class='ocrx_word' id='word_1_852' title='bbox 1187 5624 1990 5714; x_wconf 27' lang='lat' dir='ltr'><strong>DissertatioAnibusejusﬂdis:</strong></span> 
     </span>
    </p>
   </div>
   <div class='ocr_carea' id='block_1_110' title="bbox 355 5698 1987 5788">
    <p class='ocr_par' dir='ltr' id='par_1_110' title="bbox 355 5698 1987 5788">
     <span class='ocr_line' id='line_1_113' title="bbox 355 5698 1987 5788; baseline 0.01 -36"><span class='ocrx_word' id='word_1_853' title='bbox 355 5700 491 5753; x_wconf 87' lang='lat' dir='ltr'><strong>sert.</strong></span> <span class='ocrx_word' id='word_1_854' title='bbox 523 5698 632 5755; x_wconf 84' lang='lat'><strong>25:</strong></span> <span class='ocrx_word' id='word_1_855' title='bbox 667 5698 794 5762; x_wconf 75' lang='grc' dir='ltr'>Θεὸς</span> <span class='ocrx_word' id='word_1_856' title='bbox 824 5698 1053 5774; x_wconf 69' lang='grc' dir='ltr'>ἐπέθηκε</span> <span class='ocrx_word' id='word_1_857' title='bbox 1080 5705 1180 5776; x_wconf 78' lang='grc' dir='ltr'>τὴν</span> <span class='ocrx_word' id='word_1_858' title='bbox 1210 5710 1396 5784; x_wconf 82' lang='grc' dir='ltr'>ψυχὴν</span> <span class='ocrx_word' id='word_1_859' title='bbox 1435 5709 1608 5787; x_wconf 75' lang='grc' dir='ltr'>γηΐνῳ</span> <span class='ocrx_word' id='word_1_860' title='bbox 1646 5698 1987 5788; x_wconf 38' lang='lat' dir='ltr'><strong>adigat—576:</strong></span> 
     </span>
    </p>
   </div>
   <div class='ocr_carea' id='block_1_111' title="bbox 2179 5141 3762 5220">
    <p class='ocr_par' dir='ltr' id='par_1_111' title="bbox 2179 5141 3762 5220">
     <span class='ocr_line' id='line_1_114' title="bbox 2179 5141 3762 5220; baseline 0.001 -20"><span class='ocrx_word' id='word_1_861' title='bbox 2179 5147 2287 5217; x_wconf 83' lang='grc'>(92)</span> <span class='ocrx_word' id='word_1_862' title='bbox 2313 5147 2428 5220; x_wconf 19' lang='grc' dir='ltr'>,Τὴν</span> <span class='ocrx_word' id='word_1_863' title='bbox 2457 5141 2847 5220; x_wconf 58' lang='grc' dir='ltr'>δημιουργίαν.</span> <span class='ocrx_word' id='word_1_864' title='bbox 2882 5141 3152 5216; x_wconf 82' lang='lat' dir='ltr'><strong>Disputat</strong></span> <span class='ocrx_word' id='word_1_865' title='bbox 3191 5142 3346 5198; x_wconf 87' lang='lat' dir='ltr'><strong>hanc</strong></span> <span class='ocrx_word' id='word_1_866' title='bbox 3388 5141 3447 5198; x_wconf 90' lang='lat' dir='ltr'><strong>in</strong></span> <span class='ocrx_word' id='word_1_867' title='bbox 3498 5159 3622 5199; x_wconf 89' lang='lat' dir='ltr'><strong>rem</strong></span> <span class='ocrx_word' id='word_1_868' title='bbox 3663 5144 3762 5201; x_wconf 77' lang='lat' dir='ltr'><strong>fu-</strong></span> 
     </span>
    </p>
   </div>
   <div class='ocr_carea' id='block_1_112' title="bbox 2110 5217 3572 5298">
    <p class='ocr_par' dir='ltr' id='par_1_112' title="bbox 2110 5217 3572 5298">
     <span class='ocr_line' id='line_1_115' title="bbox 2110 5217 3572 5298; baseline 0.01 -1"><span class='ocrx_word' id='word_1_869' title='bbox 2110 5217 2888 5298; x_wconf 49' lang='lat' dir='ltr'><strong>8i9§.Ti39§tib-&quot;ge-76;.</strong></span> <span class='ocrx_word' id='word_1_870' title='bbox 2987 5292 2996 5298; x_wconf 86' lang='lat'><em>.</em></span> <span class='ocrx_word' id='word_1_871' title='bbox 3215 5285 3392 5298; x_wconf 62' lang='grc' dir='ltr'><strong>...η</strong></span> <span class='ocrx_word' id='word_1_872' title='bbox 3536 5285 3572 5298; x_wconf 83' lang='lat'><strong>..</strong></span> 
     </span>
    </p>
   </div>
   <div class='ocr_carea' id='block_1_113' title="bbox 2175 5285 3762 5359">
    <p class='ocr_par' dir='ltr' id='par_1_113' title="bbox 2175 5285 3762 5359">
     <span class='ocr_line' id='line_1_116' title="bbox 2175 5285 3762 5359; baseline 0 -15"><span class='ocrx_word' id='word_1_873' title='bbox 2175 5289 2296 5359; x_wconf 85' lang='lat'><strong>(93)</strong></span> <span class='ocrx_word' id='word_1_874' title='bbox 2326 5288 2429 5342; x_wconf 86' lang='lat' dir='ltr'><strong>Kal</strong></span> <span class='ocrx_word' id='word_1_875' title='bbox 2459 5285 2627 5343; x_wconf 81' lang='grc' dir='ltr'>ἔσται.</span> <span class='ocrx_word' id='word_1_876' title='bbox 2661 5285 2795 5344; x_wconf 74' lang='lat' dir='ltr'><strong>Tres</strong></span> <span class='ocrx_word' id='word_1_877' title='bbox 2830 5285 3261 5359; x_wconf 84' lang='lat' dir='ltr'><strong>illastemporis</strong></span> <span class='ocrx_word' id='word_1_878' title='bbox 3284 5285 3644 5359; x_wconf 73' lang='lat' dir='ltr'><strong>differentias</strong></span> <span class='ocrx_word' id='word_1_879' title='bbox 3686 5288 3762 5344; x_wconf 89' lang='lat' dir='ltr'><strong>ad</strong></span> 
     </span>
    </p>
   </div>
   <div class='ocr_carea' id='block_1_114' title="bbox 2105 5356 3761 5431">
    <p class='ocr_par' dir='ltr' id='par_1_114' title="bbox 2105 5356 3761 5431">
     <span class='ocr_line' id='line_1_117' title="bbox 2105 5356 3761 5431; baseline 0 -15"><span class='ocrx_word' id='word_1_880' title='bbox 2105 5356 2555 5431; x_wconf 83' lang='lat' dir='ltr'><strong>describendum</strong></span> <span class='ocrx_word' id='word_1_881' title='bbox 2587 5361 2770 5415; x_wconf 87' lang='lat' dir='ltr'><strong>Deum</strong></span> <span class='ocrx_word' id='word_1_882' title='bbox 2801 5358 3050 5431; x_wconf 84' lang='lat' dir='ltr'><strong>gentiles</strong></span> <span class='ocrx_word' id='word_1_883' title='bbox 3083 5356 3317 5429; x_wconf 83' lang='lat' dir='ltr'><strong>quoque</strong></span> <span class='ocrx_word' id='word_1_884' title='bbox 3339 5356 3761 5431; x_wconf 85' lang='lat' dir='ltr'><strong>adhibuerunt.</strong></span> 
     </span>
    </p>
   </div>
   <div class='ocr_carea' id='block_1_115' title="bbox 2105 5429 3762 5504">
    <p class='ocr_par' dir='ltr' id='par_1_115' title="bbox 2105 5429 3762 5504">
     <span class='ocr_line' id='line_1_118' title="bbox 2105 5429 3762 5504; baseline -0.001 -18"><span class='ocrx_word' id='word_1_885' title='bbox 2105 5430 2256 5504; x_wconf 90' lang='lat' dir='ltr'><strong>Lege</strong></span> <span class='ocrx_word' id='word_1_886' title='bbox 2273 5433 2302 5488; x_wconf 90' lang='lat' dir='ltr'><strong>J</strong></span> <span class='ocrx_word' id='word_1_887' title='bbox 2314 5433 2575 5488; x_wconf 69' lang='lat' dir='ltr'><strong>uliiCaes.</strong></span> <span class='ocrx_word' id='word_1_888' title='bbox 2603 5429 2903 5504; x_wconf 76' lang='lat' dir='ltr'><strong>Bulengeri</strong></span> <span class='ocrx_word' id='word_1_889' title='bbox 2937 5431 3170 5504; x_wconf 70' lang='lat' dir='ltr'><strong>Eclogas</strong></span> <span class='ocrx_word' id='word_1_890' title='bbox 3201 5429 3568 5504; x_wconf 48' lang='lat'><strong>47720012131113,</strong></span> <span class='ocrx_word' id='word_1_891' title='bbox 3599 5432 3762 5504; x_wconf 79' lang='lat' dir='ltr'><strong>p.28.</strong></span> 
     </span>
    </p>
   </div>
   <div class='ocr_carea' id='block_1_116' title="bbox 2103 5500 3762 5572">
    <p class='ocr_par' dir='ltr' id='par_1_116' title="bbox 2103 5500 3762 5572">
     <span class='ocr_line' id='line_1_119' title="bbox 2103 5500 3762 5572; baseline -0.002 -13"><span class='ocrx_word' id='word_1_892' title='bbox 2103 5512 2157 5559; x_wconf 92' lang='lat' dir='ltr'><strong>et</strong></span> <span class='ocrx_word' id='word_1_893' title='bbox 2187 5500 2404 5561; x_wconf 78' lang='lat' dir='ltr'><strong>Theod.</strong></span> <span class='ocrx_word' id='word_1_894' title='bbox 2435 5503 2729 5560; x_wconf 85' lang='lat' dir='ltr'><strong>Janssonii</strong></span> <span class='ocrx_word' id='word_1_895' title='bbox 2783 5500 3164 5558; x_wconf 64' lang='lat' dir='ltr'><strong>Almelovenii</strong></span> <span class='ocrx_word' id='word_1_896' title='bbox 3217 5500 3516 5572; x_wconf 75' lang='lat' dir='ltr'><strong>Opuscula,</strong></span> <span class='ocrx_word' id='word_1_897' title='bbox 3565 5500 3762 5572; x_wconf 69' lang='lat' dir='ltr'><strong>p.107</strong></span> 
     </span>
    </p>
   </div>
   <div class='ocr_carea' id='block_1_117' title="bbox 2102 5573 3468 5647">
    <p class='ocr_par' dir='ltr' id='par_1_117' title="bbox 2102 5573 3468 5647">
     <span class='ocr_line' id='line_1_120' title="bbox 2102 5573 3468 5647; baseline -0.004 -18"><span class='ocrx_word' id='word_1_898' title='bbox 2102 5590 2224 5647; x_wconf 91' lang='lat' dir='ltr'><strong>seq_.</strong></span> <span class='ocrx_word' id='word_1_899' title='bbox 2255 5577 2465 5647; x_wconf 84' lang='lat' dir='ltr'><strong>confer</strong></span> <span class='ocrx_word' id='word_1_900' title='bbox 2487 5573 2826 5647; x_wconf 12' lang='lat' dir='ltr'><strong>erilologos</strong></span> <span class='ocrx_word' id='word_1_901' title='bbox 2860 5574 2931 5629; x_wconf 85' lang='lat' dir='ltr'><strong>ad</strong></span> <span class='ocrx_word' id='word_1_902' title='bbox 2966 5573 3305 5646; x_wconf 78' lang='lat' dir='ltr'><strong>Apocalyps.</strong></span> <span class='ocrx_word' id='word_1_903' title='bbox 3331 5588 3382 5647; x_wconf 77' lang='lat' dir='ltr'><strong>_r,</strong></span> <span class='ocrx_word' id='word_1_904' title='bbox 3404 5573 3468 5647; x_wconf 64' lang='grc' dir='ltr'><strong>⁸ἂν.</strong></span> 
     </span>
    </p>
   </div>
   <div class='ocr_carea' id='block_1_118' title="bbox 2099 5643 3762 5770">
    <p class='ocr_par' dir='ltr' id='par_1_118' title="bbox 2099 5643 3762 5770">
     <span class='ocr_line' id='line_1_121' title="bbox 2172 5643 3762 5770; baseline 0.003 -72"><span class='ocrx_word' id='word_1_905' title='bbox 2172 5645 2283 5770; x_wconf 54' lang='grc'><strong>(942</strong></span> <span class='ocrx_word' id='word_1_906' title='bbox 2317 5646 2600 5700; x_wconf 79' lang='grc' dir='ltr'>Ἀεννὰων.</span> <span class='ocrx_word' id='word_1_907' title='bbox 2647 5643 2909 5716; x_wconf 43' lang='lat' dir='ltr'><strong>Ita—lego,</strong></span> <span class='ocrx_word' id='word_1_908' title='bbox 2950 5643 3054 5716; x_wconf 73' lang='lat' dir='ltr'><strong>pro</strong></span> <span class='ocrx_word' id='word_1_909' title='bbox 3100 5643 3346 5716; x_wconf 81' lang='lat' dir='ltr'><strong>ecquod</strong></span> <span class='ocrx_word' id='word_1_910' title='bbox 3399 5643 3462 5700; x_wconf 90' lang='lat' dir='ltr'><strong>in</strong></span> <span class='ocrx_word' id='word_1_911' title='bbox 3505 5658 3615 5702; x_wconf 87' lang='lat' dir='ltr'><strong>ms.</strong></span> <span class='ocrx_word' id='word_1_912' title='bbox 3668 5649 3762 5703; x_wconf 88' lang='lat' dir='ltr'><strong>est</strong></span> 
     </span>
     <span class='ocr_line' id='line_1_122' title="bbox 2099 5715 2378 5770; baseline 0 0"><span class='ocrx_word' id='word_1_913' title='bbox 2099 5715 2245 5770; x_wconf 82' lang='grc' dir='ltr'>ἀνενν</span> <span class='ocrx_word' id='word_1_914' title='bbox 2285 5737 2378 5770; x_wconf 87' lang='grc' dir='ltr'>ων.</span> 
     </span>
    </p>
   </div>
   <div class='ocr_carea' id='block_1_119' title="bbox 2133 5733 2378 5774">
    <p class='ocr_par' dir='ltr' id='par_1_119' title="bbox 2133 5733 2378 5774">
     <span class='ocr_line' id='line_1_123' title="bbox 2133 5733 2378 5774; baseline 0.016 -4"><span class='ocrx_word' id='word_1_915' title='bbox 2133 5733 2378 5774; x_wconf 85' lang='grc' dir='ltr'>νενναων.</span> 
     </span>
    </p>
   </div>
  </div>
