4074 6208
277 398 370 461 89
1409 380 1725 450 CONTRA
1767 385 2248 450 MANICILEOS
2291 385 2524 448 LIBER
2563 389 2614 451 Ι.
3633 412 3714 471 90

279 562 412 619 πῶς
443 555 610 613 πάλιν
637 557 741 611 τοῦ
782 555 1012 617 σκότους
1058 553 1148 608 καὶ
1196 549 1295 607 τοῦ
1345 549 1516 625 πυρὸς
1574 548 1814 619 ποιητήν
1862 549 1915 602 At

2025 593 2038 618 ι
2067 565 2247 622 quam
2279 549 2423 607 illud
2456 555 2611 624 quod
2653 565 3106 629 progenuerunt,
3157 565 3544 639 principatum
3597 573 3712 631 sibi

282 669 484 724 γουσιν
543 647 636 700 τὸν
692 645 982 718 Πονηρόν;
1035 641 1096 698 Εἰ
1145 639 1202 697 δὲ
1257 641 1360 696 οὐκ
1403 634 1673 734 Ean-106
1699 638 1891 734 ,πυρὸς

2062 640 2424 734 vindicavit?
2451 644 2754 734 Praterea,
2787 648 2833 702 si
2863 649 3078 708 Malum
3111 634 3180 709 ex
3211 634 3465 714 tenebris
3497 663 3556 716 et
3578 660 3712 734 igne

287 738 543 810 Πονηρὸς
591 735 859 805 ποιητὴς,
920 733 1034 788 ἔστι
1089 729 1149 786 δὶ
1209 730 1272 786 τὸ
1329 732 1435 804 πῦρ
1493 725 1776 798 αἰσθητὸν,
1835 730 1915 781 πῶ

2061 728 2298 800 prodiit,
2339 733 2629 801 quomodo
2668 734 2927 793 vicissim
2968 741 3182 798 Malum
3224 725 3634 806 tenebrarum"
3655 755 3711 809 et

291 826 567 902 λέγουσιν,
619 823 705 878 δτι
753 824 782 877 6
813 820 1017 897 ἀγαθὸς
1065 820 1196 884 Θεὸς
1252 815 1404 873 οὐδὲν
1459 815 1710 884 ἐποίησεν
1757 815 1914 885 αἰσθη

2060 819 2209 890 ignis
2242 821 2475 876 tradunt
2506 828 2853 882 auctorem?
2890 828 2948 883 Si
3001 847 3134 888 vero
3183 835 3398 893 Malum
3450 856 3566 896 non
3616 847 3704 899 est

284 916 418 983 16v;
461 913 526 970 Εί
575 913 681 987 γὰρ
735 909 1056 990 αἰσχυνθείὴ
1109 909 1172 964 τὸ
1222 907 1570 983 ἀναίσχυντον
1625 903 1801 960 αὐτῶν
1845 909 1912 973 τῆ

2059 909 2414 981 principium
2465 911 2634 983 ignis,
2677 913 2832 984 ignis
2887 932 3022 974 vero
3069 923 3342 982 sensibus
3399 928 3703 998 subjectus

283 1002 530 1074 πλάνης,
587 999 778 1057 δοῦναι
823 1005 904 1073 τῷ
954 1003 1188 1074 Πονηρῷ
1232 999 1333 1068 τὴν
1372 997 1574 1088 γένεσιν
1609 997 1706 1048 τοῦ
1743 993 1915 1088 nep-64

2057 1002 2166 1067 est,
2200 1001 2491 1070 quomodo
2523 1000 2744 1072 dicunt,
2777 1005 2951 1062 deum
2984 1007 3202 1066 bonum
3234 1014 3403 1081 nihil,
3437 993 3591 1088 qu-od
3627 1021 3700 1075 ad

273 1091 370 1148 ’ἱνα
421 1093 520 1165 μὲν
565 1095 658 1146 νῦν
709 1089 808 1164 μὲν
857 1087 1127 1160 πλάστην,
1177 1091 1270 1143 νῦν
1321 1085 1377 1142 δὲ
1432 1083 1660 1158 πλάσμα
1703 1082 1766 1138 τὸ
1814 1082 1911 1136 αὐτ

2055 1103 2262 1145 sensus
2293 1091 2564 1161 pertinet,
2597 1093 2976 1151 condidisse?
3004 1098 3062 1153 Si
3103 1100 3260 1155 enim
3307 1082 3704 1174 impudentis-

278 1178 641 1258 διελέγχοιτο
673 1179 943 1255 ληροῦσα,
997 1178 1074 1240 εἷς
1124 1174 1279 1232 οὐδὲν
1327 1174 1586 1232 ἐλάττονα
1625 1169 1915 1247 γινωσκὲτι

2053 1176 2240 1269 simos
2279 1176 2545 1269 homines
2584 1181 2805 1269 pudere
2851 1190 3050 1256 posset
3097 1187 3274 1259 hujus
3318 1169 3552 1266 erroris,
3584 1214 3700 1269 quo

272 1271 732 1347 καταστρέφουσα
815 1267 1085 1342 αἶσχύνην
1120 1284 1136 1299 ⁸
1233 1263 1576 1341 ὁμολογήσει
1670 1262 1774 1352 γὰρ
1851 1281 1915 1352 κα

2052 1265 2209 1338 ignis
2231 1265 2516 1339 originem
2532 1268 2590 1324 in
2606 1268 2824 1326 Malum
2848 1273 3126 1342 referunt,
3152 1260 3696 1352 caverentquevadeo

278 1362 490 1418 ὣιουσα
520 1361 612 1416 καὶ
660 1365 869 1437 σιγῶσα
909 1363 1007 1415 τοῦ
1054 1357 1262 1433 ἀγαθοῦ
1301 1357 1439 1412 εἶναι
1481 1357 1616 1410 Θεοῦ
1669 1350 1907 1428 δημιούρ

2051 1355 2181 1422 sibi,
2215 1371 2286 1412 ne
2317 1372 2473 1412 nunc
2513 1358 2746 1428 quidem
2786 1363 3166 1434 conditorem,
3200 1383 3355 1424 nunc
3385 1350 3518 1428 vero
3550 1390 3696 1445 opus

271 1473 455 1528 γημα.
500 1451 638 1528 ὅπερ
699 1451 868 1506 αὐτοῦ
917 1448 1064 1523 πάσῃ
1115 1444 1326 1522 σπουδῇ
1376 1446 1466 1502 καὶ
1519 1448 1796 1520 μηχαναῖς
1835 1442 1915 1520 ἀφ.

2049 1443 2242 1516 ipsum
2276 1445 2483 1502 iisdem
2517 1448 3025 1508 criminationibus
3065 1453 3453 1528 impeterent;
3494 1442 3695 1520 vel‘sic

267 1546 457 1617 ῃρεῖτο
490 1543 715 1604 πάσαις.
767 1537 998 1601 Πάντως
1049 1538 1151 1615 γὰρ
1197 1537 1262 1592 16
1310 1534 1568 1607 αἰσθητὸν
1625 1537 1758 1608 πῦρ,
1809 1533 1915 1586 ὅσοε

2048 1538 2244 1590 tamen
2256 1549 2380 1590 rem
2399 1551 2516 1591 non
2536 1536 2733 1592 minus
2756 1539 3088 1609 pudendam
3105 1544 3466 1604 admissuros
3490 1566 3552 1605 se
3567 1566 3697 1609 esse

273 1633 339 1689 ἂν
373 1632 789 1704 ὶσκοτίσθησαν,
834 1627 958 1687 οὔτε
997 1627 1256 1706 ἄναρχον,
1305 1625 1430 1683 οὔτε
1475 1622 1648 1680 ἀΐδιον
1695 1622 1910 1698 ἐροῦσιν

2047 1622 2256 1680 sciant.
2281 1623 2650 1682 Profitebitur
2677 1626 2834 1683 enim
2866 1629 3039 1687 factio
3071 1632 3192 1689 haec
3225 1635 3398 1691 etiam
3431 1636 3611 1695 invita
3640 1648 3696 1697 et

267 1727 478 1796 tacita,
508 1726 650 1782 boni
683 1725 774 1782 dei
808 1740 936 1782 esse
965 1740 1132 1796 opus,
1167 1723 1322 1795 quod
1353 1723 1522 1777 antea
1551 1717 1713 1776 omni
1745 1717 1940 1773 studio
1971 1720 2028 1774 et
2057 1731 2226 1788 opere
2257 1716 2417 1772 omni
2449 1716 2561 1789 ipsi
2595 1718 2970 1791 surripiebat.
3005 1722 3252 1782 Omnino
3288 1727 3443 1783 enim
3495 1728 3692 1802 ignem

270 1815 558 1872 sensibus
600 1813 1059 1888 perceptibilem,
1110 1817 1629 1886 quantumcunque
1666 1808 1839 1864 etiam
1881 1806 2245 1864 obtenebrati
2272 1807 2409 1875 sint,
2451 1823 2556 1864 nec
2596 1807 2762 1865 initio
2806 1826 3022 1882 carere,
3072 1830 3179 1872 nec
3224 1818 3507 1876 aternum
3559 1837 3688 1878 esse

282 1904 510 1961 dicent.

367 1996 438 2048 E'.
495 1992 627 2048 Εἶτα
670 1996 758 2049 τοῦ
807 1992 1036 2055 σκότους
1090 1989 1275 2060 πάλιν,
1345 1989 1390 2044 εἰ
1447 1988 1538 2043 καὶ
1599 1987 1675 2062 μὴ
1733 1985 1915 2045 πάντες

2107 1985 2174 2041 ν.
2218 1987 2369 2041 Tum
2399 2002 2556 2057 vero,
2578 1987 2630 2043 si
2658 2004 2774 2045 non
2807 2006 3032 2061 omnes,
3065 1992 3246 2064 aliqui
3277 2001 3431 2054 certe
3462 2014 3685 2069 eorum,

275 2079 482 2152 αὐτῶν,
515 2077 645 2137 ἔνιοι
677 2079 733 2138 δὲ
769 2081 926 2157 ὅμως
971 2078 1260 2144 ἀναδύντες
1307 2077 1550 2155 λέγουσι,
1593 2077 1684 2132 τὸν
1727 2076 1915 2150 ἀγαθόι

2037 2089 2106 2130 ex
2137 2073 2394 2130 tenebris
2434 2075 2647 2131 emersi
2691 2077 2914 2146 dicunt,
2955 2079 3174 2136 bonum
3226 2083 3464 2154 quidem
3509 2088 3686 2145 deum

264 2171 404 2226 Θεὸν
434 2169 585 2246 ἔχειν
638 2172 735 2244 μὶν
787 2171 855 2227 τὰ
901 2171 1214 2246 ἐπουράνια,
1254 2169 1344 2225 καὶ
1395 2165 1741 2242 δημιουργὸν
1791 2164 1915 2219 εἶναι

2036 2161 2291 2218 cmlestia
2320 2167 2540 2231 tenere,
2581 2167 2639 2218 et
2683 2164 2952 2235 opiﬁcem
3002 2183 3131 2224 esse
3171 2171 3320 2237 caeli,
3368 2189 3435 2229 ac
3490 2174 3684 2232 homi-

261 2263 375 2316 τοῦ
405 2259 646 2335 οὐρανοῦ
677 2260 766 2315 καὶ
797 2260 1043 2336 χορηγὸν
1085 2260 1216 2314 εἶναι
1267 2263 1385 2319 τοῖς
1433 2256 1739 2331 ἀνθρώποις
1786 2253 1926 2328 πρά-

263 2350 422 2418 ξεων,
457 2347 521 2404 οὐ
564 2348 732 2426 μέχρι
761 2347 982 2405 πολλοῦ
1022 2347 1078 2404 δὲ
1114 2350 1216 2419 τήν
1255 2345 1434 2426 ἀχλὺν
1480 2344 1926 2417 ἀποσκευασάμε-

258 2457 351 2491 νοι
390 2434 562 2492 πάλιν
605 2433 1003 2514 δυσφημοῦσιν,
1055 2433 1179 2492 οὔτε
1213 2442 1314 2506 τῆς
1367 2441 1474 2510 γῆς
1529 2431 1921 2507 δημιουργίαν,

261 2523 394 2582 οὗτε
455 2529 566 2581 τῶν
635 2525 689 2582 ἐν
758 2527 907 2600 μέσῳ
979 2527 1129 2598 αὐτῷ
1198 2525 1676 2599 συναρμόττοντες,
1733 2518 1918 2595 ἕτερον

263 2611 325 2671 δὲ
382 2613 723 2692 δημιουργὸν
782 2615 1180 2692 ἐπεισάγοντεςο
1239 2616 1376 2678 τινὲς
1436 2611 1493 2670 δὲ
1566 2614 1743 2669 αὐτῶν
1802 2613 1920 2684 (πο-

259 2703 543 2781 λυσχιδής
592 2705 696 2781 γὰρ
727 2708 762 2774 ἡ
804 2703 1014 2781 πλάνη)
1068 2705 1158 2760 καὶ
1208 2706 1300 2760 τὸν
1346 2702 1570 2780 οὐρανὸν
1617 2700 1776 2757 αὐτὸν
1825 2702 1916 2756 καὶ

263 2796 338 2850 τὰ
401 2795 454 2850 ἐν
515 2795 667 2869 μέσῳ
723 2795 898 2850 πάντα
966 2793 1340 2869 τετολμήκασι
1397 2794 1576 2868 λέγειν
1629 2793 1915 2866 ποιήματα

256 2889 364 2942 τοῦ
399 2885 661 2960 Ἐχθροῦ.
713 2881 872 2942 Ἀλλ’
920 2883 1067 2960 εἴπερ
1112 2885 1251 2939 ἐστὶν
1284 2885 1312 2939 6
1343 2882 1572 2959 οὐρανός
1627 2881 1763 2936 κατὰ
1812 2882 1913 2950 τὴν

257 2973 487 3029 ἐκείνων
544 2969 948 3050 ἐμϐροντησίαν
1013 2969 1173 3049 ἔργον
1229 2977 1326 3028 τοῦ
1379 2976 1652 3047 Πονηροῦ,
1699 2975 1817 3033 πῶς
1885 2972 1913 3026 6

257 3064 468 3138 ἀγαθὸς
491 3063 620 3126 Θεὸς
652 3063 706 3118 ἐν
749 3069 866 3126 τοῖς
898 3061 1239 3138 ἐπουρανίοις
1278 3061 1603 3118 ἀναπαύεται
1631 3081 1645 3131 ;
1675 3060 1764 3116 καὶ
1797 3059 1844 3115 εἴ
1883 3061 1912 3115 6

257 3150 498 3226 οὐρανὸς
529 3152 775 3228 περιέχει
798 3153 889 3208 τὸν
923 3151 1052 3227 ἀέρα
1088 3151 1177 3207 καὶ
1218 3153 1316 3222 τήν
1361 3154 1462 3228 γῆν
1507 3152 1596 3205 καὶ
1651 3150 1714 3204 τὸ
1763 3146 1911 3223 ὕδωρ

256 3241 374 3312 (καὶ
429 3241 537 3317 γὰρ
593 3242 683 3296 καὶ
737 3243 804 3296 τὰ
860 3241 1192 3318 καταχθόνια
1238 3239 1550 3315 περιέχεται
1605 3238 1660 3294 ἐν
1713 3238 1908 3310 αὐτῷ),

2037 2251 2208 2307 nibus
2237 2251 2526 2307 bonarum
2566 2253 2861 2310 actionum
2910 2259 3205 2314 auctorem
3254 2261 3574 2333 exsistere;
3624 2270 3684 2322 at

2031 2339 2209 2396 iidem
2240 2340 2550 2413 caliginem
2583 2357 2753 2398 suam
2786 2359 2901 2398 non
2935 2360 3144 2416 magna
3171 2363 3240 2402 ex
3271 2353 3433 2420 parte
3456 2353 3680 2409 amoliti

2030 2431 2246 2487 iterum
2287 2437 2602 2501 nugantur,
2657 2432 2890 2502 quando
2932 2449 3039 2490 nec
3087 2442 3272 2506 terrae,
3323 2453 3428 2494 nec
3471 2456 3676 2499 eorum

2029 2535 2157 2592 qua
2189 2519 2247 2574 in
2281 2518 2407 2590 ipsa
2432 2523 2592 2585 sunt,
2616 2520 2972 2577 creationem
3004 2525 3327 2596 ascribunt,
3359 2529 3461 2584 sed
3492 2530 3675 2590 alium

2026 2607 2223 2678 potius
2253 2607 2611 2664 conditorem
2663 2609 3065 2668 introducunt.
3107 2615 3353 2680 Quidam
3397 2634 3530 2675 vero
3581 2637 3677 2678 eo-

2026 2713 2155 2754 rum
2187 2697 2270 2770 (in
2305 2697 2523 2754 multas
2553 2697 2710 2754 enim
2745 2705 2934 2769 partes
2963 2717 3125 2759 error
3162 2705 3326 2778 abit),
3369 2712 3426 2763 et
3459 2708 3670 2772 omium

2024 2785 2244 2858 ipsum,
2268 2792 2324 2843 et
2345 2803 2473 2860 qua
2495 2787 2552 2842 in
2577 2804 2642 2844 eo
2665 2793 2809 2845 sunt
2828 2791 3048 2859 omnia,
3068 2792 3258 2851 hostis
3279 2797 3500 2853 audent
3521 2800 3668 2856 fetus

2024 2877 2420 2948 pronuntiare.
2457 2875 2762 2934 Enimvero
2794 2878 2844 2934 si
2875 2896 2979 2951 pro
3019 2886 3259 2954 stupore
3293 2901 3517 2956 eorum,
3549 2905 3669 2945 cce—

2021 2965 2144 3021 lum
2177 2965 2315 3022 Mali
2345 2982 2492 3038 opus
2513 2973 2620 3035 est,
2644 2967 2935 3038 quomodo
2954 2970 3140 3027 bonus
3161 2973 3305 3030 deus
3329 2975 3386 3030 in
3420 2975 3668 3034 cmlesti-

2022 3056 2131 3110 bus
2161 3054 2407 3126 habitat,
2438 3059 2494 3111 et
2523 3054 2571 3112 si
2601 3056 2812 3113 cmlum
2839 3059 3282 3131 comprehendit
3309 3079 3445 3120 aera
3475 3070 3532 3121 et
3562 3070 3674 3124 ter-

2019 3161 2168 3213 ram,
2191 3153 2243 3202 et
2267 3162 2478 3217 aquam
2500 3147 2661 3218 (nam
2685 3152 2742 3203 et
2763 3148 3141 3206 subterranea
3163 3167 3228 3208 eo
3253 3154 3670 3230 continentur),

2019 3234 2311 3306 quomodo
2325 3235 2662 3306 ocelum,Dei
2677 3237 2928 3293 ccelestis
2940 3237 3344 3296 habitaculum
3359 3243 3672 3314 exsistens,

259 3333 385 3391 πῶς
436 3315 466 3385 6
523 3329 749 3403 οὐρανὸς
802 3335 899 3386 τοῦ
957 3315 1278 3403 ἐπουρανίου
1327 3333 1460 3384 Θεοῦ
1518 3327 1666 3391 οἶκος
1721 3326 1795 3381 ὢν
1849 3326 1915 3381 τὰ

2026 3322 2163 3379 Mali
2185 3337 2380 3395 opera,
2412 3323 2523 3380 hoc
2560 3333 2665 3394 est,
2697 3329 2936 3393 terram,
2969 3327 3164 3400 ignem
3196 3333 3253 3385 et
3273 3347 3463 3387 aerem
3496 3334 3679 3389 conti-

251 3421 352 3474 τοῦ
392 3424 651 3495 Πονηροῦ
706 3414 862 3497 ἔργα,
921 3420 1166 3476 τουτέστι
1209 3425 1311 3496 γῆν
1351 3418 1442 3473 καὶ
1490 3421 1596 3493 πῦρ
1653 3417 1744 3472 καὶ
1783 3415 1914 3492 ἀέρα

255 3507 531 3584 περιέχει,
587 3509 678 3564 καὶ
727 3509 789 3565 οὐ
839 3510 1084 3586 περιέχει
1139 3509 1325 3584 μόνον,
1377 3506 1521 3564 ἀλλὰ
1590 3509 1680 3562 καὶ
1730 3504 1915 3562 διακυ-

255 3593 456 3674 ϐερνᾷς
511 3601 606 3655 Ἐκ
667 3600 768 3674 γὰρ
825 3606 928 3669 τῆς
983 3598 1252 3669 ἀνατολῆς
1308 3602 1407 3654 τοῦ
1453 3598 1619 3668 ἡλίου
1666 3597 1757 3652 καὶ
1812 3603 1914 3667 τῆς

258 3684 491 3758 δύσεως,
523 3689 612 3743 καὶ
644 3692 754 3744 τῶν
786 3686 1016 3765 ἄστρων,
1050 3691 1084 3743 ἃ
1131 3689 1232 3744 εἶσι
1272 3692 1372 3744 τοῦ
1420 3687 1672 3762 οὐρανοῦ,
1719 3686 1808 3742 καὶ
1838 3693 1906 3762 γῆ

255 3777 346 3830 καὶ
377 3775 550 3852 ὕδωρ,
582 3778 675 3832 καὶ
717 3778 845 3852 ἀὴρ,
893 3779 983 3832 καὶ
1030 3781 1158 3850 πῦρ,
1209 3781 1277 3852 τῇ
1326 3781 1421 3832 τοῦ
1478 3782 1610 3832 Θεοῦ
1659 3777 1908 3851 προνοίᾳ,

2027 3419 2142 3484 net,
2165 3427 2271 3468 nec
2291 3411 2549 3469 continet
2572 3415 2788 3482 solum,
2841 3415 2942 3471 sed
2982 3420 3040 3472 et
3069 3417 3397 3488 gubernat?
3427 3419 3506 3476 Ex
3541 3425 3673 3478 ortu

2026 3503 2183 3560 enim
2215 3509 2268 3560 et
2298 3519 2507 3560 occasu
2541 3505 2703 3576 solis,
2734 3508 3160 3580 astrorumque,
3192 3525 3320 3580 qua
3350 3510 3478 3566 coeli
3510 3517 3673 3586 sunt,

2025 3599 2081 3650 et
2109 3598 2280 3663 terra,
2312 3598 2369 3651 et
2399 3609 2571 3667 aqua,
2604 3599 2662 3651 et
2691 3611 2806 3668 aer,
2833 3600 2889 3653 et
2916 3597 3092 3671 ignis,
3125 3599 3337 3656 divinis
3367 3603 3671 3674 auspiciis,

2025 3688 2152 3740 tum
2193 3683 2344 3740 bona
2393 3700 2502 3740 sua
2531 3688 2922 3756 temperatura
2970 3689 3246 3759 gaudent,
3290 3693 3417 3745 tum
3469 3696 3672 3748 mutua

2021 3775 2175 3831 inter
2204 3791 2267 3830 se
2292 3776 2722 3847 permutatione
2751 3776 2811 3832 in
2843 3795 3156 3836 commune
3185 3780 3405 3836 bonum
3448 3783 3676 3854 perfru-

263 3867 482 3935 καὶτῆς
531 3867 818 3942 εὐκρασίας
866 3865 1228 3938 ἀπολαύουσι,
1277 3867 1366 3922 καὶ
1414 3869 1513 3937 τήν
1563 3867 1639 3930 εἰς
1686 3866 1911 3938 ἄλληλα

2025 3867 2221 3933 untur,
2253 3863 2632 3936 humanoque
2664 3866 2863 3937 generi
2895 3867 3143 3938 aliisque
3174 3869 3576 3927 animantibus
3599 3872 3672 3927 ad

261 3951 578 4028 μεταϐολὴν
639 3954 728 4011 ἐπὶ
785 3961 954 4030 κοινῷ
1008 3960 1337 4029 καρποῦνται
1414 3955 1745 4034 συμφέροντι
1819 3958 1908 4012 καὶ

2025 3959 2334 4024 praesentes
2376 3956 2749 4011 necessitates
2799 3954 3184 4027 opitulantur.
3238 3958 3400 4022 Quod
3457 3960 3506 4014 si
3538 3977 3670 4016 vero

253 4049 335 4116 τῷ
392 4044 719 4120 ἀνθρωπίνῳ
771 4044 938 4122 γένει,
995 4047 1086 4101 καὶ
1150 4051 1270 4108 τοῖς
1323 4044 1519 4107 ἄλλοις
1563 4046 1726 4116 ζώοις
1769 4044 1905 4118 πρὸς

2025 4044 2285 4115 principii
2314 4043 2453 4099 mali
2487 4060 2633 4116 cpus
2664 4044 2874 4100 caelum
2918 4050 3027 4114 est,
3073 4047 3366 4116 quomodo
3404 4047 3669 4104 Servator

249 4139 351 4201 τήν
381 4137 668 4208 παροῦσαν
709 4134 901 4213 χρείαν
950 4134 1306 4211 ἁρμόζονται.
1351 4133 1510 4192 Ἀλλ’
1557 4134 1603 4189 εί
1651 4140 1752 4203 τῆς
1800 4155 1906 4189 πο-

2025 4137 2220 4190 noster
2235 4133 2625 4189 venerandam
2650 4132 2808 4188 illam
2830 4137 2886 4188 et
2900 4132 3227 4189 mirandam
3255 4135 3525 4206 precandi
3549 4137 3666 4192 for-

250 4226 420 4298 νηρᾶς
454 4224 640 4302 ἀρχῆς
671 4225 699 4279 6
731 4223 984 4298 οὐρανὸς,
1015 4228 1134 4286 πῶς
1168 4224 1196 4278 6
1229 4225 1426 4296 Σωτὴρ
1458 4225 1618 4296 ἡμῶν
1652 4220 1904 4299 εὔχεσθαι

2025 4224 2237 4280 mulam
2270 4224 2484 4280 docens
2514 4228 2572 4280 et
2601 4222 2980 4296 praescribens
3011 4225 3176 4280 Pater
3202 4229 3406 4294 noster,
3449 4226 3663 4301 inquit,

247 4311 344 4378 τήν
387 4312 697 4385 θαυμασίαν
727 4313 938 4385 ἐκείνην
993 4312 1084 4368 καὶ
1136 4313 1370 4390 φρικτήν
1430 4310 1760 4368 ἐκδιδάσκων
1812 4311 1902 4367 καὶ

2025 4316 2111 4387 (ut
2141 4315 2198 4370 in
2227 4313 2378 4370 caelis
2419 4330 2474 4371 es
2518 4315 2556 4368 θ.
2610 4313 2989 4385 lterumque:
3041 4313 3421 4385 sanctiﬁcatur
3464 4331 3666 4372 nomen

249 4397 603 4472 παραδιδούς.
643 4403 818 4477 Πάτερ
849 4405 1034 4476 ἡμῶν,
1067 4403 1251 4480 φησὶν,
1297 4403 1326 4457 6
1355 4400 1407 4458 ἐν
1437 4407 1555 4464 τοῖς
1605 4401 1855 4476 οὐρανοῖς
1887 4417 1902 4470 ;

2025 4407 2195 4472 tuum,
2226 4403 2371 4459 sicut
2402 4404 2462 4458 in
2491 4403 2618 4460 calo
2641 4410 2695 4459 et
2714 4404 2774 4458 in
2795 4407 2949 4459 terra
2973 4402 3035 4459 ¹⁰.
3060 4403 3358 4468 Quomodo
3383 4404 3580 4477 itaque
3602 4405 3664 4462 in

249 4489 361 4540 καί·
418 4490 774 4564 Ἁγιασθήτω
848 4493 912 4547 τὸ
983 4491 1156 4567 ὄνομά
1235 4513 1358 4566 σου,
1417 4493 1492 4556 ὡς
1559 4490 1610 4547 ἓν
1689 4491 1901 4567 οὐρανῷ

2025 4493 2202 4550 aliena
2223 4497 2486 4551 creatura
2507 4492 2701 4550 omnis
2722 4497 2994 4550 creatura:
3017 4493 3209 4566 opifex
3236 4493 3476 4564 habitat,
3502 4511 3661 4567 quaa-

247 4577 341 4630 καὶ
375 4575 458 4634 ἐπὶ
489 4583 592 4645 τῆς
645 4586 781 4656 γῆς;
832 4585 959 4647 Πῶς
1006 4579 1097 4638 οὖν
1149 4580 1202 4638 ἐν
1238 4580 1523 4657 ἀλλοτρίῳ
1567 4581 1821 4656 κτίσματι
1872 4581 1900 4636 6

2025 4598 2125 4654 que
2145 4586 2202 4638 et
2224 4582 2373 4639 mala
2395 4582 2471 4639 sit
2493 4587 2548 4638 et
2576 4581 2711 4637 mali
2744 4581 3015 4654 principii
3047 4598 3214 4652 opus.
3240 4581 3394 4638 Alibi
3426 4599 3659 4654 quoque

241 4667 424 4737 πάσης
483 4642 833 4746 δημιουργὸς
879 4642 1110 4734 κτίσεως
1160 4669 1382 4742 ἐνοικεῖ,
1421 4642 1522 4727 ’καὶ
1570 4669 1650 4744 τῷ
1695 4642 1754 4726 τε
1793 4677 1902 4727 Πο-

2025 4672 2283 4728 Servatur
2311 4671 2579 4728 homines
2611 4672 2672 4726 in
2715 4687 2778 4726 se
2817 4670 3067 4727 invicem
3119 4670 3485 4743 indulgentes
3527 4688 3658 4729 esse

241 4760 397 4830 νηρῷ
417 4759 538 4831 (95)
565 4759 658 4814 καὶ
705 4754 860 4837 ἔργον
885 4761 1187 4840 ὑπάρχοντι
1223 4763 1494 4836 Πονηροῦ.
1528 4759 1812 4836 Ἀλλαχοῦ
1844 4756 1902 4815 δὶ

2025 4761 2287 4832 :upiens:
2339 4761 2401 4817 Si
2447 4759 2795 4829 remiseritis,
2847 4759 3058 4831 inquit,
3105 4759 3427 4818 hminibus
3476 4761 3660 4834 lapsus

241 4847 549 4918 συμπαθεῖς
582 4848 721 4903 εἶναι
751 4850 894 4924 πρὸς
936 4849 1220 4921 ἀλλήλους
1266 4852 1579 4922 νομοθετῶν
1622 4850 1650 4904 6
1682 4851 1902 4921 Σωτὴρ,

2025 4868 2199 4908 acrum
2244 4855 2299 4908 et
2338 4851 2485 4908 vobis
2516 4855 2686 4907 Pater
2722 4854 2895 4906 uester
2931 4851 3170 4907 caelestis
3216 4857 3424 4908 vestros
3467 4856 3664 4910 remit-

240 4935 360 4990 ἐὰν
416 4937 617 5015 ἀφῆτε,
674 4939 834 5019 φησί,
918 4945 1038 5004 τοῖς
1103 4940 1416 5015 ἀνθρώποις
1472 4941 1541 4996 τὰ
1613 4939 1906 5016 παραπτώ-

2025 4946 2083 4998 “et
2127 4940 2194 4998 υ.
2244 4939 2398 4996 Alibi
2443 4938 2598 4996 idem
2649 4938 2933 4996 voluntati
2985 4939 3087 4996 Dei
3135 4939 3657 4999 obsecundandum

245 5045 390 5096 ματα
447 5026 654 5099 αὐτῶν,
714 5029 915 5099 ἀφήσει
972 5029 1061 5084 καὶ
1123 5030 1250 5104 ὑμῖν
1311 5030 1339 5085 6
1401 5031 1590 5105 Πατὴρ
1663 5031 1815 5103 ὑμῶν
1873 5031 1903 5086 6

2025 5031 2374 5104 praecipiens,
2408 5028 2554 5086 sicut
2584 5033 2643 5086 et
2671 5029 2798 5102 ipse
2830 5027 3086 5101 primum
3118 5029 3477 5088 voluntatem
3528 5032 3656 5103 ejus

243 5111 522 5188 οὐράνιος.
584 5117 690 5174 Καὶ
737 5117 904 5174 πάλιν
952 5123 1032 5192 τῷ
1081 5119 1354 5193 θελήματι
1399 5124 1497 5176 τοῦ
1555 5123 1690 5176 Θεοῦ
1737 5140 1902 5176 κατα-

2025 5120 2332 5177 ιωίοοοιθι·
2353 5118 2650 5190 implevit:
2686 5117 3027 5190 Quicunque,
3060 5118 3274 5190 inquit,
3316 5121 3656 5178 voluntatem

245 5203 532 5261 κολουθεῖν
592 5210 895 5282 παραινῶν,
949 5206 1068 5264 ἐπεὶ
1114 5208 1274 5271 αὐτὸς
1328 5213 1546 5285 πρῶτον
1612 5209 1898 5289 ὑπερφυῶς

2025 5211 2190 5267 Patris
2241 5210 2372 5274 mei,
2405 5207 2505 5280 qui
2532 5208 2591 5264 in
2620 5207 2770 5264 caelis
2799 5212 2900 5276 est,
2929 5209 3242 5279 perfecerit,
3282 5208 3333 5266 is
3375 5213 3430 5265 et
3476 5212 3656 5279 frater

249 5289 534 5350 ἰτελείωσε
560 5295 631 5354 τὸ
670 5294 889 5371 θέλημα
915 5297 1101 5370 αὐτοῦ,
1149 5299 1338 5360 Ὅστις
1386 5299 1467 5368 ἂν,
1518 5299 1676 5378 φησί,
1725 5301 1896 5369 ποιή-

2025 5306 2260 5368 neus,'et
2288 5289 2442 5368 soror
2469 5305 2519 5355 et
2548 5302 2725 5356 mater
2753 5298 2969 5354 exsistit
3014 5299 3077 5353 ¹².
3128 5301 3206 5354 Ex
3255 5298 3654 5356 misericordia

237 5399 299 5454 σῃ
358 5385 422 5440 τὸ
482 5383 703 5460 θέλημα
755 5389 858 5442 τοῦ
923 5385 1134 5464 Πατρός
1189 5408 1295 5462 μου
1351 5391 1450 5444 τοῦ
1508 5387 1560 5444 ἐν
1617 5389 1892 5462 οὐρανοῖς,

2025 5390 2223 5447 scilicet
2243 5389 2549 5446 hominum
2572 5388 2981 5446 amantissima
3001 5388 3058 5444 id
3081 5388 3306 5445 donans
3329 5387 3646 5461 aliis,quod

297 5501 319 5536 '
348 5501 562 5561 “sub.
601 5521 678 5575 \‘I,
714 5507 772 5561 9.
849 5505 896 5542 ¹⁰
925 5506 1067 5564 ibid.
1099 5524 1158 5576 v,
1187 5509 1243 5577 9,
1277 5508 1363 5564 10.
1444 5506 1488 5544 ίί
1521 5507 1662 5562 ibid.
1698 5507 1784 5563 14.
1867 5507 1910 5544 ¹²

2025 5508 2144 5563 ιῐιδ.
2178 5524 2281 5576 xu,
2310 5507 2399 5562 50.

1401 5623 1646 5682 VARle
1685 5624 2074 5682 LECTIONES
2114 5624 2202 5681 ET
2241 5624 2476 5682 NOTAE.

297 5737 414 5808 (ω)
439 5739 534 5810 τῷ
579 5755 660 5796 τι.
711 5739 798 5798 Ita
841 5741 1050 5814 scripsi
1105 5758 1208 5814 pro
1252 5739 1397 5814 τότε,
1446 5742 1602 5814 quod
1649 5741 1710 5798 in
1759 5757 1872 5800 ms.
1904 5744 2113 5800 exstat.
