4074 6208
425 390 500 454 91
1626 385 1890 448 ΡΗΟΤΠ
1933 384 2084 445 ΡΑΤ

2197 384 2466 446 iRCHZE
2505 387 2625 448 ΟΡ.
3748 391 3838 452 92

430 530 560 603 ipse
579 531 788 584 natura
809 526 1178 600 possidebat:
1204 522 1329 596 ipse
1349 522 1504 579 enim
1530 522 1713 580 Filius
1735 521 1922 578 Patris
1951 536 2066 576 non

2197 518 2343 582 ιιύτός
2413 541 2518 594 μου
2575 517 2808 602 ἀδελφὸς
2864 520 2956 577 καὶ
3012 517 3221 602 ἀδελφὴ
3279 521 3368 578 καὶ
3429 524 3614 598 μήτηρ
3693 524 3836 581 ἔστί.

428 618 753 674 secundum
799 616 1072 688 gratiam,
1115 614 1218 670 sed
1263 615 1589 670 secundum
1639 620 1908 668 naturam
1959 613 2066 667 est.

429 709 573 764 Cum
597 722 731 764 vero
756 711 821 761 ut
843 706 1017 762 homo
1042 705 1394 761 voluntatem
1419 705 1541 775 ejus
1565 702 1914 773 perfecisset,
1947 716 2067 772 eos,

427 798 529 870 qui
561 795 888 852 imitatione
931 795 1083 851 idem
1133 795 1489 866 exprimunt,
1539 794 1598 848 in
1648 792 1800 848 filios
1847 789 2069 863 recipit,

425 887 789 954 fratrumque
843 883 1079 941 nomine
1117 884 1480 941 cohonestat.
1531 885 1597 938 Et
1645 881 1801 952 quid,
1853 897 2070 951 quaeso,

428 977 739 1048 quisquam
782 973 1094 1029 obverterit
1122 973 1227 1041 eis,
1258 989 1361 1046 per
1389 988 1516 1044 quae
1544 971 1806 1026 Servatur
1845 969 2072 1024 Patrem

428 1081 603 1121 suum
636 1063 928 1119 ccelestem
960 1067 1017 1118 et
1046 1063 1108 1118 in
1139 1062 1300 1119 cmlis
1331 1061 1714 1118 exsistentem
1757 1057 2075 1130 praedicat?

429 1155 496 1210 Et
518 1153 656 1224 quid
681 1158 884 1208 caetera
906 1152 1396 1209 commemorem?
1415 1150 1704 1222 quomodo
1725 1148 2077 1205 sacerrimu-

431 1259 560 1299 rum
603 1242 910 1297 hominum
959 1243 1326 1314 impudentia
1363 1258 1480 1297 non
1521 1239 1827 1313 frangitur,
1876 1238 2078 1294 audita

428 1332 660 1388 Domini
690 1348 867 1388 voce:
903 1332 1170 1402 Conﬁteor
1219 1331 1341 1400 tibi,
1373 1333 1560 1397 Pater,
1604 1330 1834 1387 Domine
1861 1329 1986 1386 creti
2025 1331 2078 1385 et

423 1427 586 1478 terrae
618 1421 686 1476 ¹⁸.
724 1420 830 1477 Ubi
860 1437 996 1477 eum
1028 1437 1144 1476 non
1178 1420 1370 1476 solum
1403 1419 1551 1487 caeli,
1578 1418 1680 1475 sed
1695 1422 1753 1474 et
1773 1423 1940 1474 terrae
1963 1418 2079 1474 Do-

427 1511 656 1566 minum
687 1515 882 1582 aperte
915 1509 1302 1581 pronuntiat?
1331 1513 1388 1564 et
1417 1508 1558 1582 quid
1588 1507 1697 1563 hoc
1740 1507 2078 1564 testimonio

430 1600 645 1656 clarius
674 1608 779 1666 est,
805 1599 1057 1670 quidque
1081 1599 1263 1670 magis
1285 1597 1475 1654 valere
1499 1601 1692 1669 potest
1718 1597 1789 1652 ad
1819 1595 2077 1651 efﬁcien-

433 1691 596 1759 dum,
621 1693 687 1745 ut
707 1690 935 1746 Patrem
959 1687 1190 1743 Domini
1214 1687 1400 1743 nostri
1420 1687 1557 1744 Jesu
1579 1685 1793 1742 Christi
1810 1685 2078 1758 opiﬁcem

428 1787 485 1839 et
525 1778 838 1836 Dominum
886 1777 1061 1834 totius
1110 1777 1364 1834 universi
1410 1775 1863 1845 constituamus,
1909 1779 1967 1831 et
2009 1774 2082 1830 de

431 1868 774 1926 defectionis
805 1869 932 1939 ejus
963 1867 1264 1940 impietate
1294 1866 1772 1940 triumphamus?

508 2047 596 2103 VI.
631 2047 892 2118 Cumque
909 2045 1048 2101 alibi
1071 2044 1694 2116 Petrus,apostolorum
1718 2043 2082 2116 corypheus,

433 2152 812 2195 communem
847 2139 1106 2190 nostrum
1141 2134 1487 2206 Magistrum
1511 2141 1566 2188 et
1593 2135 1766 2189 Deum
1787 2133 2084 2203 professus

439 2228 617 2289 esset,
651 2223 702 2279 is
751 2223 930 2293 hujus
974 2221 1354 2293 professionis
1403 2221 1707 2293 prmmium
1754 2220 1867 2293 ipsi
1915 2221 2084 2292 quasi

438 2313 727 2369 relaturus
755 2313 992 2368 beatum
1024 2312 1262 2384 quidem
1294 2328 1424 2367 eum
1459 2311 1754 2384 praedicat,
1779 2309 2083 2366 revelatio-

441 2419 575 2459 nem
601 2418 732 2458 vero
753 2400 907 2457 hanc
927 2405 1155 2458 Patrem
1180 2401 1239 2456 in
1262 2400 1421 2456 cmlis
1453 2400 1566 2473 ipsi
1616 2400 1948 2455 exhibuisse
1978 2399 2085 2454 do-

433 2507 574 2548 cens
600 2507 614 2546 :
639 2493 836 2546 Beatus
865 2505 944 2560 es,
979 2489 1194 2560 inquit,
1226 2488 1313 2560 ﬁli
1339 2489 1515 2555 Jonas,
1547 2487 1681 2558 quia
1708 2503 1844 2544 caro
1872 2492 1923 2544 et
1953 2503 2087 2544 san-

435 2582 561 2654 guis
583 2596 696 2634 non
719 2579 992 2635 reuelauit
1023 2579 1143 2644 tibi,
1169 2577 1261 2633 sed
1280 2580 1454 2634 Pater
1480 2593 1633 2634 meus
1662 2580 1722 2633 in
1759 2577 1926 2634 caelis.
1979 2578 2086 2648 Ego

433 2685 559 2726 vero
579 2668 702 2724 dico
725 2667 829 2723 tibi
850 2684 870 2722 :
903 2668 976 2722 Tu
1002 2683 1056 2723 es
1084 2669 1300 2735 Petrus,
1345 2671 1395 2722 et
1427 2668 1486 2722 in
1519 2666 1620 2722 hac
1659 2671 1819 2739 petra
1847 2666 2087 2737 aediﬁca-

440 2759 502 2814 bo
533 2757 832 2813 Ecclesium
859 2773 1060 2826 meam,
1092 2764 1145 2812 et
1166 2764 1337 2826 portae
1367 2757 1677 2826 inferorum
1705 2757 1759 2812 ei
1785 2772 1894 2812 non
1939 2772 2086 2827 prae-

441 2846 719 2903 valebunt.
768 2846 834 2901 Et
881 2845 1017 2902 dabo
1059 2845 1177 2900 Tibi
1221 2846 1401 2901 claves
1471 2846 1638 2916 regni
1682 2843 1987 2908 castorum;
2033 2853 2086 2901 et

441 2935 707 3010 quidquid
737 2935 996 3006 ligaveris
1025 2935 1087 2990 in
1114 2940 1288 3003 terra,
1330 2935 1570 3004 ligatum
1597 2937 1705 2990 erit
1730 2936 1788 2991 in
1819 2935 1984 3003 castis,
2033 2939 2086 2992 et

440 3025 708 3097 quidquid
735 3025 963 3080 solveris
995 3025 1054 3079 in
1100 3028 1269 3093 terra,
1315 3023 1556 3080 solutum
1596 3026 1702 3080 erit
1740 3026 1798 3079 in
1838 3023 1988 3080 catis
2019 3023 2086 3080 “.

439 3113 624 3170 Millia
653 3113 940 3184 ejusmodi
971 3114 1030 3169 in
1062 3112 1518 3169 contutationem
1541 3114 1729 3185 impiaa
1753 3113 1930 3185 hujus
1955 3131 2088 3170 sen-

441 3204 630 3260 tentiaa
654 3219 722 3259 ex
743 3202 925 3258 sacris
951 3202 1141 3258 Libris
1163 3204 1364 3260 afferre
1385 3202 1606 3259 liceret.
1629 3204 1926 3274 Perpende
1954 3219 2088 3259 vero

437 3296 496 3349 et
517 3293 627 3348 hoc
647 3310 660 3348 :
691 3293 845 3348 Iesus
864 3292 1178 3364 baptizatus
1197 3293 1485 3364 confestim
1500 3309 1570 3349 ex
1589 3310 1730 3365 aqua
1753 3292 1994 3349 ascendit
2020 3292 2086 3348 η.

440 3383 525 3438 En
556 3381 818 3453 linguam
844 3381 1024 3454 impia
1045 3381 1498 3438 declamantem!
1528 3383 1665 3438 Boni
1701 3381 1887 3438 Patris
1906 3381 2087 3438 Filius

439 3471 698 3543 optimus
730 3471 788 3526 in
821 3478 1084 3526 creatura
1114 3471 1214 3526 Dei
1247 3471 1573 3541 baptizatus
1605 3469 1938 3538 exscendit;
1988 3476 2085 3527 et:

436 3562 568 3616 Ecce
594 3559 721 3616 cali
747 3575 910 3630 super
939 3563 1124 3630 ipsum
1158 3562 1494 3630 aperiuntur
1525 3559 1568 3594 ¹⁶
1593 3559 1606 3614 ι
1641 3560 1724 3615 En
1755 3559 1861 3614 tibi
1911 3559 2087 3616 aliam

440 3648 606 3704 mala:
638 3664 849 3704 manus
882 3647 1248 3704 creaturam!
1291 3663 1397 3704 cur
1425 3664 1557 3704 vero
1606 3649 1789 3721 aperti
1835 3653 1992 3714 sunt,
2032 3652 2090 3704 et

437 3740 605 3809 cujus
639 3753 818 3793 causa
838 3736 866 3791 ‘l
903 3736 1065 3803 Vidit,
1097 3737 1310 3809 inquit,
1344 3737 1621 3808 Spiritum
1640 3738 1736 3795 Dei
1765 3737 2091 3794 descenden—

437 3833 544 3883 tem
578 3829 754 3882 instar
793 3826 1063 3883 columbae
1111 3824 1174 3880 ¹⁷.
1224 3826 1482 3883 Tertium
1527 3827 1647 3884 haec
1695 3844 1876 3900 pauca
1914 3827 2091 3882 verba

443 3915 514 3970 de
535 3914 830 3987 impietate
845 3915 1676 3989 triumphandiargumentum
1691 3917 2088 3989 suppeditant.

444 4005 744 4071 Quomodo
773 4005 930 4062 enim
963 4020 1064 4077 per
1093 4022 1239 4077 rem,
1271 4023 1304 4062 a
1334 4006 1490 4062 malo
1511 4007 1828 4078 profectam
1874 4005 2089 4078 princi-

443 4095 564 4167 pio,
585 4095 838 4167 Spiritus
864 4094 966 4152 Dei
988 4095 1370 4152 adumbratur
1388 4097 1416 4152 ?
1445 4096 1643 4152 Prodit
1672 4095 1772 4152 illa
1800 4111 1869 4152 ex
1897 4097 2091 4168 operi-

441 4185 553 4241 bus
584 4185 769 4242 hostis
801 4190 974 4258 atque
1008 4186 1142 4242 inde
1173 4201 1479 4257 progressa
1510 4185 1812 4242 descendit
1834 4185 1894 4239 in
1924 4185 2092 4243 Chri-

438 4281 612 4328 stum.
677 4275 910 4330 Accedit
967 4278 1240 4344 quartum
1291 4273 1609 4343 impietatis
1657 4280 2088 4346 argumentum.

435 4362 560 4416 Vox
589 4361 748 4416 enim
771 4377 801 4416 e
824 4363 966 4417 cmlo
989 4366 1159 4418 sonat
1183 4377 1196 4417 :
1232 4360 1330 4415 Hic
1357 4367 1439 4416 est
1464 4360 1638 4416 Filius
1668 4377 1818 4416 meus
1838 4361 2087 4432 dilectus,

2180 607 2591 685 φιλανθρώποις
2649 608 2994 687 δωρούμενος
3050 611 3412 688 σπλάγχνοις,
3461 611 3592 687 ὅπερ
3667 612 3836 676 αὐτὸς

2181 698 2297 774 εἶχε
2326 701 2460 755 κατὰ
2492 701 2670 780 φύσιν.
2701 700 2873 764 Αὐτὸς
2917 703 3013 776 μὶν
3061 702 3164 776 γὰρ
3195 703 3317 766 Υἱὸς
3360 706 3460 757 τοῦ
3505 709 3722 779 Πατρος
3766 703 3832 758 οὐ

2181 789 2318 844 κατὰ
2375 788 2560 865 χάριν,
2615 788 2761 845 ἀλλά
2803 790 2937 846 κατὰ
2985 790 3160 868 φύσιν
3210 788 3442 865 πληρῶν
3479 788 3536 846 δε
3583 792 3722 847 κατᾶ
3767 793 3833 847 τὸ

2182 878 2520 951 ἀνθρώπινον
2568 881 2630 934 τὸ
2688 879 2907 953 θέλημα
2961 880 3138 937 αὐτῶν
3187 880 3317 944 τοὺς
3383 881 3519 937 κατὰ
3595 883 3837 956 μίμησιν

2182 967 2480 1040 πληρωτὰς
2537 968 2613 1031 είς
2672 970 2940 1025 υἱοθεσίαν
2985 969 3126 1048 ἄγει,
3176 971 3268 1025 καὶ
3311 971 3372 1025 τὸ
3420 975 3530 1026 τῶν
3576 969 3834 1050 ἀδελιρῶν

2184 1057 2466 1136 χαρίζεται
2497 1056 2692 1132 ὄνομα.
2729 1059 2826 1114 Καὶ
2860 1058 2905 1114 τί
2939 1059 3001 1114 ἄν
3041 1081 3124 1124 τις
3167 1058 3443 1134 ἀναλέγοι,
3494 1058 3561 1115 δι’
3611 1063 3685 1115 ὧν
3735 1061 3838 1117 οὐ·

2185 1147 2366 1220 ράνιον
2389 1145 2478 1201 καὶ
2511 1146 2562 1202 έν
2587 1146 2839 1221 οὐρανοῖς
2881 1148 2909 1202 6
2949 1149 3146 1222 Σωτήρ
3175 1146 3265 1204 τὸν
3313 1153 3525 1224 Πατέρα
3573 1150 3840 1223 ἀνυμνεῖς

2183 1234 2250 1292 Τί
2280 1231 2338 1289 δὲ
2367 1233 2546 1291 τᾶλλα
2585 1235 2774 1312 λέγω;
2833 1240 2951 1302 πῶς
2999 1241 3106 1292 τῶν
3157 1235 3518 1310 παλαμναίων
3562 1237 3625 1293 οὐ
3675 1258 3845 1294 κατα-

2186 1322 2368 1378 δύεται
2395 1324 2458 1378 τὸ
2501 1324 2860 1401 ἀναίσχυντον
2908 1332 3008 1394 τῆς
3050 1333 3382 1396 Δεσποτικῆς
3429 1324 3670 1402 ἒχόύσης
3719 1329 3842 1399 (96)

2187 1419 2392 1491 φωνῆς·
2419 1438 2447 1466 ‹‹
2482 1412 2961 1489 Ἐξομολογοῦμαί
2993 1435 3071 1485 σε,
3107 1416 3307 1490 Πάτερ,
3341 1415 3502 1491 Κύριε
3530 1420 3629 1471 τοῦ
3669 1415 3842 1490 οὐρα-

2185 1506 2281 1557 νοῦ
2318 1502 2408 1557 καὶ
2438 1505 2536 1572 τῆς
2569 1511 2708 1580 γῆς
2739 1527 2767 1555 ››
2804 1504 2865 1559 οὐ
2889 1504 2990 1581 γὰρ
3024 1501 3189 1578 μόνον
3220 1503 3445 1561 ἐνταῦθα
3474 1509 3570 1560 τοῦ
3599 1505 3842 1580 οὐρανοῦ

2189 1591 2404 1666 Κύριον,
2435 1591 2583 1647 ἄλλᾶ
2612 1593 2702 1647 καὶ
2730 1601 2832 1663 τῆς
2859 1601 2960 1668 γῆς
2991 1593 3339 1669 τρανολογεῖ·
3395 1593 3483 1649 καὶ
3531 1595 3586 1649 τί
3626 1594 3840 1661 ταύτης

2185 1688 2286 1752 τῆς
2339 1683 2634 1757 μαρτυρίας
2683 1683 3052 1758 σαφέστερον;
3098 1683 3147 1739 τί
3222 1682 3279 1739 δὲ
3328 1681 3685 1759 δυνατώτερον
3738 1684 3835 1739 καί

2187 1771 2278 1826 τὸν
2329 1769 2542 1846 Πατέρα
2594 1776 2692 1827 τοῦ
2744 1771 2940 1847 Κυρίου
2980 1775 3140 1846 ἡμῶν
3186 1775 3368 1844 Ἰησοῦ
3421 1777 3671 1848 Χριστοῦ,
3731 1771 3838 1844 δη-

2112 1845 2160 1911 Β
2195 1845 2604 1936 μιουργὸνίκαὶ
2663 1845 2859 1936 Κύριον
2917 1869 3254 1937 παραστῆσαι
3311 1867 3406 1918 τοῦ
3469 1845 3691 1934 παντὸς,
3744 1862 3843 1918 καὶ

2188 1951 2252 2006 τὸ
2283 1950 2556 2026 θεομάχον
2589 1957 2688 2021 τῆς
2720 1951 3046 2014 ἀποστασίας
3077 1947 3432 2026 θριαμϐεῦσαι
3461 1974 3475 2024 ;

2263 2040 2356 2113 ς’.
2399 2037 2801 2114 Θεολογήσαντι
2833 2043 2948 2114 (97)
2978 2038 3034 2096 δὲ
3071 2039 3236 2097 πάλιν
3276 2047 3356 2114 τῷ
3393 2042 3678 2122 κορυφαίῳ
3725 2045 3838 2096 τῶν

2190 2127 2513 2184 ἀποστόλων
2556 2129 2742 2204 Πέτρῳ
2789 2131 2877 2184 τὸν
2928 2131 3106 2186 κοινὸν
3153 2133 3310 2204 ἡμῶν
3363 2129 3698 2187 Διδάσκαλον
3742 2132 3834 2186 καὶ

2193 2220 2346 2290 Θεὸν,
2407 2220 2588 2296 ὥσπερ
2632 2226 2733 2290 τῆς
2771 2219 3059 2299 θεολογίας
3106 2221 3266 2285 αὐτὸς
3313 2219 3709 2284 ἀνταποδιδοὺς
3748 2244 3853 2295 μι-

2194 2307 2340 2375 σθὸν,
2398 2307 2680 2381 μακαρίζει
2733 2307 2827 2382 μὲν
2873 2309 2967 2364 τὸν
3017 2309 3277 2388 θεολόγον
3340 2313 3680 2386 θεοπρεπῶςο
3738 2310 3844 2378 τὴν

2193 2393 2539 2469 ἀποκάλυψιν
2572 2393 2628 2452 δὲ
2684 2399 2884 2468 ταύτην
2929 2399 3021 2453 τὸν
3067 2399 3119 2452 έν
3161 2398 3407 2474 οὐρανοῖς
3448 2399 3659 2474 Πατέρα
3698 2395 3846 2454 ἔκδι-

2195 2481 2376 2540 δάσκει
2432 2491 2735 2565 παρασχεῖν
2802 2487 2972 2560 αὐτῷ·
3041 2489 3321 2564 Μακάριος
3378 2491 3446 2558 εἴ,
3513 2489 3673 2567 φησί,
3735 2487 3845 2562 βάρ

2194 2578 2371 2644 Ἰωνᾶ,
2440 2573 2522 2630 ὅτι
2593 2575 2718 2650 σὰρξ
2785 2576 2872 2630 καὶ
2937 2577 3080 2649 αἷμα
3172 2575 3271 2631 οὐκ
3337 2575 3651 2652 ἆπεκάλυψέ
3729 2598 3846 2645 σοι,

2193 2659 2321 2717 ἀλλ’
2389 2663 2416 2716 6
2467 2663 2656 2737 Πατήρ
2705 2683 2812 2735 μου
2879 2664 2907 2717 6
2957 2662 3008 2717 ἐν
3058 2669 3173 2726 τοῖς
3233 2663 3506 2740 οὐρανοῖς.
3568 2664 3732 2740 Κάγὼ
3786 2662 3850 2720 δέ

2195 2771 2279 2806 σοι
2311 2750 2480 2826 λέγω·
2543 2752 2617 2806 Σὺ
2667 2752 2717 2806 εἴ
2765 2753 2990 2827 Πέτρος,
3048 2754 3138 2808 καὶ
3199 2752 3288 2808 ἐπὶ
3330 2754 3497 2829 ταύτῃ
3545 2757 3614 2827 τῇ
3673 2753 3852 2829 πέτρᾳ

2197 2838 2552 2913 οἰκοδομήσω
2614 2856 2722 2912 μου
2778 2844 2876 2912 τὴν
2939 2840 3286 2915 Ἐκκλησίαν,
3344 2845 3433 2899 καὶ
3490 2843 3660 2900 πύλαι
3713 2843 3851 2900 ἅδοι»

2198 2929 2259 2985 οὐ
2349 2929 2772 3006 κατισχύσουσιν
2889 2931 3078 2998 αὐτῆς·
3162 2934 3251 2987 καὶ
3338 2930 3496 2988 δώσω
3579 2955 3664 2990 σοι
3746 2935 3850 2996 τὰς

2197 3018 2350 3082 κλεῖς
2397 3023 2498 3086 τῆς
2550 3019 2830 3096 βασιλείας
2884 3026 2992 3077 τῶν
3052 3021 3317 3096 οὐρανῶψ
3389 3023 3479 3080 καί
3525 3022 3556 3078 6'
3600 3025 3690 3079 ὶάν
3743 3022 3857 3096 δή-

2199 3133 2292 3185 σῃς
2345 3108 2432 3165 ἐπὶ
2489 3116 2588 3179 τῆς
2642 3117 2770 3185 γῆς,
2829 3107 2972 3166 ἔσται
3046 3109 3330 3186 δεδεμένον
3401 3113 3453 3168 έν
3519 3118 3641 3176 τοῖς
3686 3113 3858 3187 οὐρα-

2197 3205 2332 3260 νοῖς·
2393 3198 2483 3255 καὶ
2541 3201 2569 3254 ὃ
2628 3197 2715 3254 ἐὰν
2764 3197 2938 3275 λύσῃς
2987 3200 3075 3256 ἐπὶ
3133 3209 3232 3272 τῆς
3281 3209 3406 3276 γῆς,
3474 3201 3621 3259 ἔσται
3679 3201 3854 3259 λελυ-

2201 3289 2356 3362 μένον
2416 3287 2468 3343 iv
2535 3294 2651 3351 τοῖς
2720 3289 2998 3364 οὐρανοῖς·
3075 3289 3165 3347 καὶ
3253 3291 3422 3367 μυρία
3496 3291 3558 3347 ἄν
3615 3312 3698 3356 τις
3766 3292 3852 3356 εἷς

2197 3375 2430 3453 ἔλεγχον
2488 3384 2588 3447 τῆς
2647 3374 2875 3441 ἀσεϐοῦς
2941 3377 3180 3442 διανοίας
3228 3380 3288 3436 ἐκ
3332 3386 3439 3436 τῶν
3507 3381 3668 3456 ἱερῶν
3721 3403 3853 3436 συν-

2197 3467 2397 3544 αγάγοι
2463 3466 2697 3543 Λογίων.
2766 3470 2903 3542 Ὅρα
2952 3465 3010 3524 δὲ
3063 3468 3153 3524 καὶ
3212 3473 3394 3525 τοῦτο·
3457 3471 3778 3534 Βαπτισθεὶς
3819 3473 3850 3526 6

2196 3557 2409 3624 Ἰησοῦς
2465 3553 2660 3611 ἄνεισιν
2717 3558 2873 3621 εὐθὺς
2935 3557 3041 3612 ἀπὸ
3097 3563 3194 3613 τοῦ
3269 3556 3483 3621 ὕδατος.
3536 3562 3601 3614 Ὠ
3658 3557 3852 3635 γλώσ-

2199 3666 2298 3715 σης
2359 3644 2676 3718 μελετώσης
2737 3641 3094 3703 δυσσέϐειανέ
3157 3649 3241 3704 Ἐν
3288 3653 3368 3716 τῷ
3417 3647 3697 3723 πλάσματι
3748 3653 3852 3706 τοῦ

2200 3739 2452 3809 Πονηροῦ
2493 3735 2521 3790 6
2577 3739 2674 3790 τοῦ
2726 3737 2929 3811 ἀγαθοῦ
2973 3738 3181 3813 Πατρὸς
3231 3739 3427 3815 ἀγαθὸς
3477 3740 3600 3800 Υἱὸς
3644 3740 3855 3813 βαπτι-

2200 3825 2344 3887 σθεὶς
2401 3824 2599 3881 ἐκεῖθεν
2657 3823 2849 3894 ἄνεισι,
2901 3825 2990 3881 καὶ
3060 3823 3200 3884 Ἰδοὺ
3277 3826 3628 3902 ἀνεῴχθησαν
3697 3827 3854 3902 αὐτῷ

2200 3917 2254 3973 oi
2284 3917 2541 3993 οὐρανοίι
2597 3915 2781 3974 ’Ἄλλο
2833 3916 3064 3992 πλάσμα
3114 3917 3281 3973 πάλιν
3343 3923 3582 3994 πονηρᾶς
3631 3921 3856 3996 χειρός

2201 4002 2346 4062 διατί
2404 4003 2459 4061 δὲ
2531 4007 2904 4082 ὀτεῴχθησαν,
2961 4008 3050 4062 καὶ
3107 4009 3256 4070 τίνος
3333 4007 3538 4084 χάριν;
3599 4003 3722 4062 Εῖδε
3783 4009 3854 4063 τὸ

2203 4099 2424 4168 Πνεῦμα
2477 4099 2575 4151 τοῦ
2633 4099 2788 4165 Θεοῦ,
2849 4097 3005 4174 φησὶ,
3071 4092 3397 4152 καταϐαῖνον
3469 4097 3591 4152 ὡσεὶ
3678 4116 3859 4172 περι-

2201 4182 2413 4258 στεράν.
2444 4185 2638 4256 Τρίτος
2669 4181 2827 4248 οὗτος
2856 4186 2956 4254 τῆς
3013 4181 3257 4250 ἀσεϐείας
3304 4185 3356 4241 έν
3406 4185 3618 4262 ὀλίγοις
3669 4187 3858 4260 ῥήμα-

2203 4292 2282 4326 σιν
2315 4267 2604 4344 θρίαμϐος.
2638 4277 2762 4335 Πῶς
2803 4275 2906 4350 γὰρ
2939 4272 2990 4328 έν
3039 4279 3117 4347 τῷ
3175 4277 3425 4353 σχήματι
3453 4279 3550 4331 τοῦ
3598 4275 3860 4348 πλάσμα-

2200 4380 2293 4421 τος
2324 4363 2420 4414 τοῦ
2452 4365 2704 4434 Πονηροῦ
2734 4361 2796 4416 τὸ
2835 4367 2932 4417 τοῦ
2983 4368 3117 4419 Θεοῦ
3165 4365 3382 4438 Πνεῦμα
3426 4369 3710 4436 τυποῦται,
3756 4364 3855 4420 καὶ

439 4453 499 4505 in
528 4465 632 4521 quo
659 4449 960 4506 delectatus
990 4466 1110 4504 sum
1143 4449 1206 4503 η.
1261 4448 1598 4516 Considera,
1630 4465 1846 4520 quasso,
1891 4451 2084 4520 singu-

2200 4450 2432 4505 κάτεισιν
2467 4449 2525 4505 ἐκ
2551 4455 2660 4506 τῶν
2701 4446 2871 4528 ἔργων
2915 4456 3010 4508 τοῦ
3050 4451 3309 4532 Ἐχθροῦ,
3358 4454 3602 4510 κάκεῖθεν
3641 4454 3849 4510 κατιὼν

440 4539 531 4596 las
561 4554 750 4608 voces,
786 4542 851 4594 ut
880 4554 1014 4594 cum
1046 4537 1131 4594 eis
1162 4537 1375 4592 invicta
1405 4536 1723 4608 impietatis
1771 4539 2084 4597 confutatio

2197 4534 2414 4616 ἔρχεται
2445 4539 2533 4595 ἐπὶ
2564 4543 2656 4596 τὸν
2695 4543 2904 4613 Ἰησοῦν
2931 4561 2944 4611 ;
2980 4544 3078 4598 Καὶ
3108 4545 3338 4619 τετάρτη
3373 4544 3552 4614 στήλη
3745 4550 3854 4614 τῆς

527 4662 569 4697 ιι
601 4656 801 4715 Matth.
835 4671 917 4724 ιι,
944 4655 1036 4710 25.
1131 4653 1178 4690 ιι
1208 4650 1353 4710 ibid.

445 4736 534 4792 17.

1447 4651 1493 4688 ¹⁴
1520 4652 1722 4711 Matth.
1751 4668 1868 4725 xw,
1902 4655 1990 4722 17,
2023 4656 2111 4712 18.

2203 4656 2248 4692 ¹⁵
2277 4657 2477 4713 Matth.
2522 4675 2602 4728 ur,
2637 4659 2730 4716 16.
2828 4658 2873 4697 ¹⁶
2903 4659 3046 4715 ibid.
3084 4661 3170 4717 16.
3268 4659 3311 4698 ¹⁷
3361 4659 3502 4716 ibid.
3607 4658 3657 4694 ¹⁸
3700 4659 3852 4716 ibid.

1603 4816 1844 4874 VARUE
1881 4815 2267 4876 LECTIONES
2307 4821 2399 4875 ET
2439 4820 2671 4879 NOTE.

514 4931 628 5004 (96)
686 4923 980 5004 Ἐχούσης.
1032 4928 1304 4998 Legerem
1357 4924 1608 4984 libenter
1675 4925 1951 5002 ἠχούσης,
2025 4943 2094 4984 ex

531 5023 627 5059 ειν.

446 5006 1102 5146 1“($33).esoiowlmm.
1177 5066 1467 5146 Θεοᾼλογέῖν
1540 5069 1696 5146 ίάὲω
1757 5070 1854 5146 hi?
1939 5085 2088 5138 ⁸⁸⁸⁰’

447 5141 616 5224 quod
645 5145 817 5224 Deum
857 5141 1106 5224 aliquem
1148 5141 1416 5224 proﬁteji,
1454 5158 1556 5224 pro
1606 5143 1735 5224 Deo_
1752 5143 1970 5224 habere,
2014 5158 2095 5224 ex.

448 5213 700 5276 Matthaai
731 5215 856 5272 loco
898 5213 1164 5286 allegato,
1214 5219 1271 5270 et
1316 5213 1552 5286 Petrina
1599 5214 1963 5271 confessione
2012 5213 2092 5268 ibi

447 5292 790 5356 memorata,
825 5302 928 5358 per
956 5285 1030 5342 se
1049 5290 1222 5358 patet.
1255 5287 1445 5358 Atque
1474 5285 1590 5358 ista
1609 5286 1768 5358 vocis
1799 5287 1954 5358 notio
1995 5301 2094 5358 an-

449 5365 613 5435 tiqua
642 5356 960 5435 admodum
989 5356 1419 5435 et'Doctcribus
1448 5356 2096 5435 Christianisnperfami-

393 5446 398 5451 '
448 5428 640 5512 liaris.
669 5437 778 5512 est.
828 5428 1144 5512 Videjo.“
1173 5429 1414 5512 Gaspar.
1442 5428 1706 5512 “sinceri
1761 5428 2093 5512 thesaurum

447 5502 768 5567 ecclesiast.,
795 5516 848 5571 p.
876 5501 1015 5555 1355
1036 5516 1051 5567 ;
1081 5499 1417 5572 Dionysium
1442 5499 1762 5566 Patavium,
1787 5499 1844 5555 in
1868 5501 2092 5572 prmfat.

449 5579 520 5634 ad
553 5581 779 5630 tomum
814 5573 838 5626 Ι
878 5572 1201 5641 Dogmatum
1236 5571 1548 5644 theologia,
1578 5576 1650 5644 Aet
1676 5589 1817 5644 reos,
1868 5572 1970 5644 qui
2022 5571 2093 5626 ad

449 5661 773 5721 cognomen
803 5643 1047 5721 Joannis
1083 5643 1466 5721 evangelista,
1493 5642 1592 5721 qui
1628 5642 1917 5721 Tbcotogu's
1934 5658 2098 5721 voca:

447 5713 569 5792 tur,
600 5717 977 5775 commentati
1006 5719 1162 5772 sunt.
1215 5715 1476 5770 Similem
1516 5713 1921 5786 significatum
1970 5713 2096 5770 voci

2203 4924 2483 5001 θεολογία,
2517 4929 2615 5001 qui
2647 4934 2704 4985 et
2733 4928 2827 4985 hic
2875 4927 3047 5001 paulo
3079 4931 3532 5001 postgoccurrit,
3582 4932 3856 5001 respectu

2203 4999 2413 5055 Christi
2443 5001 2500 5055 in
2525 4999 2732 5071 primis
2752 4999 3064 5056 vindicavit
3080 4999 3398 5058 luculentis
3418 4999 3691 5057 veterum
3706 4999 3860 5056 locis

2199 5071 2288 5127 Jo.
2341 5073 2592 5128 Pearson
2641 5072 2702 5127 in
2749 5072 2914 5143 Notis
2956 5072 3030 5143 ad
3076 5073 3282 5143 lgnatii
3347 5071 3640 5143 Epistolas,
3688 5072 3858 5143 ps7,

2202 5143 2358 5217 Alias
2385 5143 2658 5217 θεολογεῖν
2681 5148 2782 5217 -ςξέΔ
2809 5140 3065 5217 θεολογία
3108 5140 3180 5217 de
3223 5140 3564 5217 laudatione
3604 5150 3660 5217 et
3689 5140 3859 5217 'cele:

2203 5215 2464 5270 bratione
2497 5213 2598 5269 Dei
2629 5213 2890 5270 adhiberi
2929 5213 3186 5271 ostendit
3237 5215 3412 5272 Henr.
3469 5213 3734 5270 Valesius
3777 5214 3857 5269 ad

2203 5285 2434 5359 Eusebii
2466 5287 2664 5359 Hister.
2702 5286 2888 5359 eccles.
2917 5303 2973 5356 κ,
3005 5288 3058 5359 3,
3091 5302 3220 5359 pag.
3253 5287 3375 5342 190.
3427 5329 3450 5352 .

2273 5356 2387 5428 (98)
2421 5353 2632 5430 Στήλη,
2676 5358 2911 5430 Proprie
2949 5353 3307 5430 columnam,
3357 5363 3493 5430 tum,
3535 5372 3666 5430 vero
3714 5354 3862 5412 titu-

2202 5427 2323 5484 lum
2357 5427 2424 5484 ac
2454 5427 2918 5500 inscriptionem,
2942 5429 3231 5486 columnis
3261 5427 3498 5486 inscribi
3529 5429 3861 5496 solitam,et

2204 5499 2378 5556 aliam
2415 5499 2846 5572 quamcunque,
2879 5519 2944 5557 ac
2973 5501 3107 5558 hinc
3145 5510 3338 5558 notam
3387 5517 3520 5558 cum
3566 5500 3858 5572 dedecore

2202 5574 2575 5655 coniunctam
2595 5570 2870 5628 denotare
2889 5574 3053 5655 solet,
3074 5574 3175 5645 qui
3199 5578 3530 5646 postremus
3551 5570 3856 5653 signiﬁca-

2203 5647 2298 5716 tus
2329 5643 2426 5716 hic
2454 5659 2686 5716 quoque
2717 5643 2906 5700 locum
2935 5645 3468 5716 obtinerevidetur,
3492 5642 3855 5716 quem_alras

2205 5713 2264 5770 in
2309 5685 2546 5771 vocibius
2575 5685 2729 5772 ᾞὶιιο
2771 5715 3042 5775 derivatis
3097 5685 3404 5787 ἕτηλιτεύω
3452 5685 3528 5774 ἒιῖ
3563 5712 3859 5784 στηλιτεῦ-
