4074 6208
267 403 343 463 93
1379 402 1698 466 CONTRA
1740 398 2220 467 MANICILEOS
2263 398 2499 462 LIBER
2541 400 2589 462 Ι.
3605 402 3683 463 94

273 534 538 601 ἀσεϐείας·
604 539 764 617 φωνή
823 536 1036 596 δίδοται
1095 538 1155 595 ἐκ
1210 542 1318 596 τῶν
1404 543 1661 616 οὐρανῶν·

277 627 407 683 ἔστιν
471 628 501 681 6
561 627 692 690 Υἷὸς
751 649 858 700 μου
918 631 946 684 6
1012 628 1320 704 ἀγαπητὸς,
1388 629 1441 684 ἐν
1497 631 1542 702 ᾦ
1633 625 1926 698 εὐδόκησα.

283 717 590 774 Ἐπισκόπει
645 738 766 790 μοι,
816 718 1086 793 ἀγαπητὲ,
1149 719 1481 789 καθεκάστην
1553 720 1718 789 λέξιν,
1778 720 1928 780 ὅπως

287 809 461 868 αὐταῖς
529 809 895 881 συμπρόεισιν
957 809 985 862 6
1035 808 1172 863 κατὰ
1220 815 1321 878 τῆς
1389 804 1636 873 ἀσεϐείας
1693 805 1930 886 ἄφυκτος

286 895 533 972 ἔλεγχος
608 898 781 960 Οὗτός
850 898 986 969 ἐστι,
1039 900 1226 974 φησὶν,
1287 901 1316 954 6
1375 901 1496 961 Υἱός
1561 920 1666 974 μου
1727 901 1755 954 6
1801 899 1933 974 ἀγα-

285 988 451 1058 πητὸς
483 985 538 1042 ἒν
583 989 631 1060 ᾧ
670 986 964 1058 εὐδόκησα,
994 987 1089 1050 Τίς
1138 989 1296 1050 οὗτος
1342 989 1372 1044 6
1416 987 1469 1044 ἐν
1519 987 1674 1044 ὕδατι
1734 991 1930 1063 βαπτι-

279 1078 534 1150 ζόμενος,
567 1077 618 1149 ᾧ
648 1078 1003 1155 ἀνεῳχθησαν
1046 1079 1098 1132 οἱ
1138 1079 1384 1152 οὐρανοὶ,
1415 1077 1498 1157 ἐφ’
1527 1080 1585 1133 ’ὸν
1613 1079 1677 1134 τὸ
1719 1083 1932 1151 Πνεῦμα

277 1175 334 1221 16
379 1166 516 1240 ἐμὸν
579 1165 632 1222 ἐν
702 1171 894 1242 μορφῇ
948 1172 1266 1242 περιστερᾶς
1324 1163 1646 1224 καταϐαῖνον
1705 1167 1765 1223 ὲκ
1818 1174 1926 1224 τῶν

279 1256 525 1329 οὐρανῶν
607 1257 1133 1331 συνεπιμαρτύρεται
1179 1262 1276 1313 τοῦ
1349 1259 1749 1333 βαπτιζομένου
1831 1259 1930 1326 τὴν

277 1346 510 1416 υὶότητα
535 1365 552 1413 ;
587 1346 766 1400 Πάντα
797 1345 904 1418 ἐμὰ
933 1343 1023 1400 διὰ
1049 1350 1156 1400 τῶν
1188 1345 1335 1420 ἒμῶν
1366 1348 1702 1420 κτισμάτων,
1736 1348 1763 1402 ὁ
1795 1347 1928 1419 ἐμὸς

274 1435 422 1502 Υἱὸς,
453 1434 522 1490 τὸ
562 1431 783 1506 Θὲλημα
812 1433 1044 1509 πληρῶν
1075 1435 1138 1489 τὸ
1171 1433 1323 1507 ἐμὸν,
1356 1436 1455 1504 τὴν
1508 1437 1780 1509 σωτηρίαν
1828 1456 1928 1490 κα-

268 1524 573 1599 ταπράττει
601 1527 700 1578 τοῦ
729 1518 963 1596 κόσμου·
1001 1523 1168 1596 μόνης
1199 1521 1257 1578 δὲ
1293 1528 1391 1579 τοῦ
1444 1525 1753 1597 Πνεύματος
1784 1525 1929 1594 ἐξου-

277 1613 420 1680 σίας,
469 1617 552 1684 τῷ
597 1614 834 1689 ὁμοφυεῖ
875 1614 1271 1688 συμπαρούσης
1318 1614 1406 1668 καὶ
1451 1613 1927 1688 ἂνακηρυττούσης

269 1706 352 1774 τῷ
409 1703 699 1776 πράγματι
755 1701 818 1756 τὸ
856 1704 1076 1777 γνήσιον
1130 1706 1230 1768 τῆς
1289 1702 1563 1774 υἱότητος.
1636 1703 1927 1778 Ἑτέρωθεν

277 1788 339 1845 δὲ
394 1790 565 1845 πάλιν
611 1795 728 1853 τοῖς
774 1791 951 1845 πάντα
1004 1791 1324 1864 πράττουσι,
1383 1793 1520 1866 πρός
1569 1795 1632 1848 τὸ
1681 1793 1922 1867 ἀρέσκειν

1759 538 1928 602 Οὗτός
1958 542 2013 608 Α
2042 557 2323 614 offeratur
2355 572 2369 612 :
2403 556 2500 612 Hic
2527 564 2629 625 est,
2661 555 2877 628 inquit,
2909 555 3085 612 Filius
3119 571 3272 612 meus
3317 553 3575 623 dilectus,
3626 555 3688 612 in

2039 663 2147 719 quo
2177 645 2481 702 delectatus
2509 661 2650 700 sum.
2685 645 2827 712 Quis
2858 650 2967 710 est,
3002 646 3102 717 qui
3135 647 3193 703 in
3226 662 3380 716 aqua
3433 644 3690 716 baptiza-

2041 743 2156 802 tur,
2189 751 2366 807 super
2401 752 2518 806 quo
2558 734 2740 805 aperti
2773 739 2913 790 sunt
2941 735 3088 802 caeli,
3122 735 3181 790 in
3234 750 3408 806 quem
3438 733 3684 804 Spiritus

2043 842 2228 890 meus,
2263 824 2464 880 habitu
2496 824 2778 880 columbae
2811 825 3172 880 descendens
3203 841 3271 880 ex
3302 822 3485 888 caelis,
3517 826 3689 878 testa-

2040 923 2135 970 tur
2157 915 2514 985 baptizatum
2542 913 2698 969 hunc
2721 929 2849 969 esse
2870 913 3124 969 Filium?
3146 913 3352 969 Omnia
3375 929 3505 969 mea
3525 917 3684 982 sunt,

2041 1004 2176 1076 quia
2205 1003 2400 1059 omnia
2425 1002 2658 1058 condidi
2695 1019 2707 1057 :
2740 1003 2922 1058 Filius
2949 1018 3182 1074 quoque
3215 1019 3378 1059 meus
3409 1007 3517 1072 est,
3561 1001 3686 1072 qui,

2041 1093 2400 1148 voluntatem
2425 1108 2610 1147 meam
2638 1091 3188 1163 perficiens,mundo
3211 1090 3461 1146 salutem
3485 1091 3686 1146 conci-

2038 1181 2163 1249 liat,
2198 1182 2337 1237 dum
2372 1181 2608 1237 interim
2655 1181 2839 1236 virtus
2889 1179 3142 1251 Spiritus
3191 1179 3330 1247 mei,
3379 1196 3509 1251 quae
3546 1178 3682 1250 ipsi,

2038 1272 2215 1326 unius
2245 1277 2304 1326 et
2333 1271 2598 1339 ejusdem
2624 1274 2847 1325 naturai
2871 1285 3101 1324 mecum
3134 1267 3684 1340 participi,pr:ssens

2041 1364 2152 1428 est,
2183 1375 2354 1431 opere
2375 1361 2502 1430 ipso
2533 1359 2726 1430 palam
2751 1358 3044 1425 facit,cum
3076 1374 3274 1414 verum
3299 1373 3426 1413 esse
3446 1356 3678 1412 Filium.

2035 1449 2190 1504 Alibi
2221 1450 2433 1504 iterum
2465 1463 2582 1516 eos,
2608 1447 2707 1520 qui
2741 1447 2938 1502 omnia
2981 1445 3108 1502 ideo
3141 1446 3430 1502 faciebant
3461 1449 3524 1500 ut
3558 1445 3682 1516 pla-

2037 1542 2232 1594 cerent
2276 1539 2630 1606 hominibus,
2683 1537 2995 1607 Mercedem,
3049 1536 3259 1608 inquit,
3306 1552 3418 1591 non
3465 1534 3682 1590 habetis

2035 1627 2182 1699 apud
2227 1629 2448 1684 Patrem
2495 1636 2737 1683 vestrum
2789 1629 2846 1682 in
2895 1629 3042 1682 creti:
3074 1627 3138 1680 ιθ.
3199 1628 3338 1681 Item
3395 1640 3408 1680 :
3469 1625 3681 1692 Quanto

2035 1719 2213 1785 magis
2243 1718 2407 1772 Pater
2435 1726 2607 1772 vester
2634 1718 2692 1770 in
2724 1715 2885 1771 caelis
2923 1715 3076 1771 dabit
3125 1715 3324 1770 bonum
3371 1711 3682 1785 petentibus

2037 1806 2104 1861 ab
2134 1807 2250 1876 ipso
2281 1805 2347 1860 το.
2382 1807 2522 1861 Item
2556 1821 2570 1860 :
2607 1807 2753 1863 Unus
2780 1813 2859 1860 est
2889 1808 3050 1860 Pater
3085 1812 3256 1860 vester
3301 1805 3359 1858 :‘n
3409 1800 3566 1857 aceti:
3610 1800 3680 1857 ει.

289 1879 618 1954 ἀνθρώποις,
673 1878 968 1953 ἐπιτιμῶν.
1028 1883 1260 1954 Μισθὸν,
1326 1883 1511 1958 φησὶν,
1590 1883 1692 1938 οὐκ
1775 1881 1923 1957 ἔχετε

2042 1895 2106 1950 Et
2135 1868 2272 1966 quid
2301 1895 2506 1967 Optimi
2535 1896 2721 1952 Patris
2751 1895 3007 1966 optimus
3039 1893 3222 1949 Filius
3261 1891 3493 1959 caelum,
3541 1890 3683 1946 alie-

296 1969 445 2042 παρᾶ
496 1974 578 2040 τῷ
629 1968 792 2043 Πατρὶ
848 1970 1001 2042 ὑμῶν
1064 1975 1146 2042 τῷ
1211 1971 1262 2026 ἐν
1311 1977 1428 2034 τοῖς
1489 1971 1760 2043 οὐρανοῖς·
1831 1971 1929 2026 Καὶ

291 2057 448 2130 πόσῳ
489 2056 698 2130 μᾶλλον
748 2060 777 2114 6
835 2062 1022 2134 Πατὴρ
1081 2060 1233 2133 ὑμῶν
1295 2063 1323 2115 6
1382 2061 1434 2115 ἐν
1491 2066 1608 2122 τοῖς
1676 2061 1931 2136 οὐρανοῖς

281 2145 448 2203 δώσει
494 2148 666 2222 ἀγαθὰ
721 2154 840 2210 τοῖς
889 2148 1128 2204 αἰτοῦσιν
1183 2149 1383 2219 αὐτόν;
1446 2150 1562 2205 Καί·
1627 2151 1722 2213 Εἷς
1787 2149 1928 2208 ἔστιν

273 2239 303 2294 6
357 2239 550 2312 Πατὴρ
606 2239 760 2310 ὑμων
821 2239 849 2293 6
898 2238 949 2294 ἐν
990 2245 1106 2301 τοῖς
1164 2239 1434 2314 οὐρανοῖς.
1493 2241 1564 2296 Τί
1615 2237 1671 2294 δὲ
1714 2238 1803 2293 καὶ
1835 2239 1926 2292 άν-

269 2321 506 2382 ἐϐλεπεν
543 2327 573 2380 6
601 2326 801 2403 ἀγαθὸς
832 2328 955 2390 Υἱὸς
987 2333 1086 2384 τοῦ
1121 2329 1324 2403 ἀγαθοῦ
1371 2330 1578 2403 [ἰατρὸς
1626 2326 1924 2402 ἀλλότριον

228 2424 236 2432 '
270 2415 492 2487 ποίημα
520 2415 615 2470 τὸν
650 2417 900 2492 οὐρανὸν,
934 2416 1022 2471 καὶ
1072 2417 1199 2480 τοὺς
1242 2414 1543 2482 δακτύλους
1579 2417 1657 2480 είς
1699 2416 1767 2472 τὰ
1813 2416 1928 2472 ὦτα

269 2502 540 2578 ἰμϐαλὼν
589 2512 690 2562 τοῦ
750 2511 936 2584 κωφοῦ
984 2509 1190 2578 ἥπτετο
1238 2515 1338 2578 τῆς
1382 2508 1662 2583 γλώσσης,
1720 2507 1925 2569 πτύσας

271 2595 360 2648 καὶ
389 2602 494 2664 τῆς
526 2595 840 2674 κωφώσεως
874 2595 1075 2653 ἂπίλυε
1122 2598 1214 2652 τὸν
1262 2596 1486 2671 κωφόν;
1537 2597 1716 2655 ’Ἄλλο
1758 2595 1923 2652 πάλιν

271 2683 503 2758 πλάσμα
543 2686 809 2758 πονηρὸν,
849 2686 924 2748 ὡς
965 2687 1017 2740 οἱ
1063 2687 1460 2762 θιομαχοῦντὲς
1509 2706 1688 2763 φασιν.
1737 2685 1797 2741 Τί
1843 2683 1921 2757 δὶ,

272 2771 543 2848 λὲγοντος
602 2773 792 2830 αὐτοῦ·
851 2777 1047 2851 Πάτερ,
1124 2772 1347 2846 δόξασόν
1429 2797 1526 2830 σου
1601 2777 1691 2830 τὸν
1775 2775 1920 2844 Υἱὸν,

268 2861 331 2918 ἐκ
379 2867 479 2918 τοῦ
527 2863 761 2939 οὐρανοῦ
808 2867 938 2933 ἧκεν
984 2867 1019 2935 ἡ
1071 2865 1227 2942 φωνή
1260 2864 1510 2939 λέγουσα,
1547 2866 1641 2920 Καὶ
1676 2861 1919 2934 ἐδόξασα,

268 2951 362 3005 καὶ
419 2950 594 3006 πάλιν
663 2949 912 3025 δοξάσως
965 2951 1119 3022 ᾝδει
1179 2953 1272 3026 μὲν
1336 2953 1439 3029 γὰρ
1496 2953 1658 3014 αὐτὸς
1706 2951 1788 3006 6'1:
1828 2951 1920 3007 καὶ

263 3039 487 3115 ἰδόξάσε
515 3043 608 3099 καὶ
639 3040 869 3114 δοξάσει.
904 3044 1004 3099 Καὶ
1045 3043 1106 3099 οὐ
1150 3041 1238 3099 διὰ
1283 3047 1445 3100 τοῦτο
1498 3040 1616 3119 ᾔτει
1663 3044 1756 3099 τὸν
1807 3050 1917 3099 [Ια-

259 3127 413 3202 τέραο
467 3131 630 3194 αὐτὸς
674 3133 774 3206 γὰρ
823 3131 970 3208 ἔχων
1011 3134 1183 3188 πάντα
1228 3137 1325 3189 τοῦ
1359 3134 1587 3208 Πατρὸς,
1629 3133 1717 3188 καὶ
1753 3134 1919 3204 μόνος
1948 3168 1995 3233 C

263 3217 430 3284 εἰδὼς
455 3220 556 3275 τὸν
589 3218 820 3296 Πατέρα,
852 3220 978 3278 οὐδὲ
1015 3227 1178 3278 τοῦτο
1207 3222 1418 3298 ἠγνόει·
1451 3220 1578 3277 ἀλλ’
1612 3220 1705 3277 ’ίνα
1733 3221 1823 3276 καὶ
1852 3221 1914 3276 τὸ

267 3310 443 3384 παρὸν
490 3314 599 3365 τῶν
641 3309 1007 3385 ἀκροωμένων
1064 3312 1278 3385 πλῆθος
1322 3316 1506 3392 σαφῶς
1557 3311 1781 3389 ἐπιγνῷ,
1828 3314 1918 3364 καί

273 3399 444 3472 μάθῃ,
501 3398 584 3452 ὅτι
641 3400 732 3454 καὶ
789 3405 1130 3473 παραιτεῖται
1161 3403 1224 3457 τὸ
1281 3400 1451 3465 πάθος
1493 3401 1569 3465 ὡς
1615 3403 1917 3476 ἄνθρωπος,

265 3488 352 3541 καὶ
388 3487 644 3557 ἐπιζητεῖ
686 3493 874 3560 τοῦτο,
914 3491 1117 3552 πάντας
1166 3487 1439 3545 διδάσκων
1480 3491 1554 3552 ὡς
1605 3490 1742 3545 ἑκὼν
1790 3488 1919 3546 αὐτὸ

269 3577 590 3653 ὑπέρχεται.
651 3579 744 3632 Διὸ
793 3578 885 3633 καὶ
938 3575 1144 3656 ἔλεγεν.
1203 3580 1281 3638 Οὐ
1331 3576 1398 3633 δι’
1459 3578 1558 3652 ἐμὲ
1603 3598 1821 3654 γεγονεν
1880 3583 1915 3649 ἡ

270 3666 448 3742 φωνὴ,
499 3664 651 3721 ἀλλὰ
696 3665 767 3722 δι’
826 3669 988 3741 ὑμᾶς.
1036 3668 1175 3743 Ἐγὼ
1236 3669 1331 3742 μὲν
1367 3668 1468 3745 γὰρ
1519 3665 1671 3743 ᾔδειν
1709 3670 1776 3724 τὰ
1822 3674 1918 3724 τοῦ

265 3755 475 3827 Πατρὸς
507 3756 707 3825 πάντα,
747 3755 838 3811 καὶ
898 3755 1054 3812 οὐδὲν
1102 3757 1358 3830 ἠγνόουνο
1410 3754 1535 3812 οὐδὲ
1577 3755 1647 3812 δι’
1682 3755 1779 3831 ἐμὲ
1815 3759 1914 3828 τήν

264 3845 444 3920 φωνὴν
482 3843 626 3918 πρὸς
659 3845 824 3900 αὐτὸν
850 3844 1054 3920 ἀφῆκα,
1089 3841 1213 3900 οὐδὲ
1244 3843 1314 3899 δι’
1364 3845 1461 3918 ἐμὲ
1503 3844 1705 3916 ταύτην
1756 3847 1917 3908 αὐτὸς

271 3925 618 4001 ἐϐεϐαίωσεν,
658 3931 805 3989 ἀλλὰ
837 3931 908 3989 δι’
949 3935 1110 4008 ὑμᾶς·
1147 3933 1243 3990 ’ίνα
1288 3941 1464 4010 γνῶτε
1512 3937 1599 3991 ὅτι
1637 3935 1918 4011 συντρέχει

259 4019 324 4073 τὸ
352 4019 575 4094 θέλημα
615 4024 677 4078 τὸ
709 4021 842 4096 ἐμὸν
870 4029 950 4096 τῷ
979 4024 1251 4098 θελήματι
1281 4029 1380 4080 τοῦ
1431 4026 1663 4099 Πατρὸς,
1717 4025 1806 4080 καὶ
1854 4027 1915 4080 τὸ

269 4111 439 4173 πάθος
495 4107 655 4182 δόξαν
721 4112 995 4186 ὀνομάζω.
1061 4114 1218 4188 Ὑπὲρ
1275 4115 1381 4190 γὰρ
1439 4115 1591 4188 ὑμῶν
1663 4115 1910 4171 ἁπάντων
1973 4113 2445 4190 ἀνακαταδὲχομαι
2499 4117 2682 4169 τοῦτο’
2762 4110 2852 4168 διὰ
2907 4115 3066 4166 τοῦτο
3151 4112 3240 4165 καὶ

2041 2001 2175 2039 nam
2208 1993 2554 2052 creaturam,
2589 1985 2861 2054 respexit,
2895 1984 3211 2056 digitisque
3249 1983 3308 2038 in
3357 1997 3525 2038 aures
3573 1981 3684 2036 im-

2040 2073 2260 2140 missis,
2288 2073 2432 2128 muti
2454 2074 2650 2144 tetigit
2671 2073 2956 2144 linguam,
2989 2078 3281 2144 sputoque
3310 2071 3526 2126 emisso
3555 2086 3682 2125 mu-

2041 2167 2162 2218 tum
2183 2161 2335 2217 malo
2357 2178 2464 2217 suo
2485 2161 2747 2216 liberavit
2765 2160 2954 2216 ?Nova
2980 2160 3074 2214 hic
3095 2169 3180 2215 est
3207 2164 3473 2214 creatura
3505 2156 3678 2224 mala,

2039 2253 2105 2305 ut
2134 2253 2246 2305 Deo
2278 2249 2650 2305 adversantes
2682 2247 3138 2320 loquuntur.Qui
3167 2262 3300 2302 vero
3331 2245 3458 2317 ipso
3489 2244 3682 2299 dicen-

2037 2338 2082 2394 ti
2117 2355 2130 2393 :
2164 2340 2348 2406 Pater,
2379 2338 2632 2408 glori/ica
2660 2338 2862 2393 Filium
2897 2341 3067 2404 tuum,
3098 2351 3164 2392 ex
3198 2334 3339 2390 coelo
3384 2333 3542 2389 venit
3574 2348 3680 2388 vox

2038 2427 2238 2483 dicens
2271 2443 2285 2483 :
2317 2427 2382 2481 Et
2410 2425 2754 2498 gloriﬁcavi,
2774 2434 2826 2480 et
2844 2425 3048 2480 iterum
3067 2423 3383 2494 gloriﬁcabo
3400 2422 3468 2476 ³³.
3494 2421 3680 2478 Nove-

2038 2519 2124 2569 rat
2150 2514 2306 2569 enim
2337 2519 2394 2568 et
2423 2516 2570 2586 ipse,
2604 2515 2758 2585 quod
2790 2519 2846 2569 et
2877 2511 3302 2584 gloriﬁcaverit,
3353 2517 3410 2566 et
3455 2509 3675 2581 gloriﬁ-

2036 2607 2276 2660 caturus
2298 2603 2393 2660 sit.
2415 2603 2613 2674 Neque
2643 2607 2948 2675 propterea
2968 2600 3241 2657 exorabat
3268 2602 3517 2656 Patrem.
3554 2600 3574 2653 Ι
3580 2613 3680 2670 pse

2035 2692 2194 2748 enim
2246 2693 2460 2760 omnia,
2512 2708 2640 2763 quas
2682 2691 2870 2746 Patris
2919 2694 3075 2760 sunt,
3121 2688 3365 2758 habens,
3414 2692 3471 2743 et
3517 2686 3680 2744 solus

2035 2781 2228 2837 sciens
2259 2780 2508 2850 Patrem,
2544 2797 2732 2851 neque
2771 2780 2878 2836 hoc
2908 2780 3234 2852 ignorabat.
3270 2778 3342 2834 Ut
3378 2794 3512 2833 vero
3539 2793 3676 2849 pras-

2035 2887 2170 2926 sens
2200 2871 2567 2926 audientium
2602 2871 2775 2926 turba
2800 2874 3167 2940 perspectum
3198 2867 3460 2934 haberet,
3493 2866 3682 2922 disce-

2033 2967 2232 3032 retque
2262 2977 2324 3016 se
2355 2965 2411 3017 et
2442 2960 2778 3032 passionem
2830 2960 3012 3014 instar
3061 2957 3316 3014 hominis
3363 2957 3678 3025 declinare,

2031 3053 2090 3105 et
2151 3058 2344 3106 tamen
2394 3057 2682 3122 expetere,
2731 3065 2935 3104 omnes
2976 3049 3142 3104 docet
3197 3063 3257 3103 se
3306 3052 3512 3117 sponte
3570 3063 3680 3102 sua

2031 3139 2190 3194 illam
2240 3141 2457 3196 subire.
2510 3138 2655 3194 Hinc
2704 3143 2761 3194 et
2801 3138 2923 3193 ait:
2973 3139 3099 3193 Non
3145 3141 3372 3207 prapter
3425 3151 3530 3202 me,
3583 3134 3678 3190 sed

2022 3232 2249 3300 propter
2304 3244 2394 3284 vos
2439 3243 2548 3282 vox
2594 3229 2700 3282 ista
2744 3227 2901 3295 facta
2946 3234 3024 3282 est
3052 3226 3116 3281 ’³.
3149 3229 3264 3296 Ego
3299 3225 3453 3279 enim
3490 3222 3674 3278 Patris

2025 3317 2270 3373 consilia
2300 3316 2500 3372 omnia
2531 3331 2830 3382 noveram,
2863 3330 3049 3386 neque
3099 3314 3419 3386 quidquam
3468 3327 3671 3367 eorum

2027 3406 2388 3479 ignorabam.
2439 3405 2640 3478 Neque
2691 3409 2926 3476 propter
2973 3419 3064 3460 me
3111 3417 3308 3458 vocem
3357 3402 3426 3455 ad
3475 3399 3669 3472 ipsum

2021 3496 2213 3566 emisi,
2245 3511 2432 3567 neque
2465 3499 2701 3567 propter
2732 3509 2823 3549 me
2849 3492 2947 3548 ille
2991 3507 3119 3548 eam
3166 3489 3518 3563 obsignavit,
3568 3489 3669 3545 sed

2023 3591 2257 3658 propter
2285 3601 2410 3652 vos,
2446 3589 2507 3639 ut
2538 3583 2736 3640 sciatis
2763 3582 3123 3638 voluntatem
3154 3597 3342 3636 meam
3386 3595 3519 3636 cum
3566 3595 3670 3634 vo-

2023 3673 2249 3730 luntate
2280 3674 2469 3730 Patris
2490 3673 2842 3743 conspirare,
2861 3687 3069 3743 meque
3087 3670 3518 3743 perpessionem
3540 3667 3673 3739 glo—

2023 3764 2167 3819 riam
2194 3763 2505 3834 appellare.
2543 3761 2650 3816 Pro
2671 3759 2838 3816 vobis
2873 3762 3029 3816 enim
3053 3759 3321 3815 omnibus
3345 3757 3454 3813 hoc
3485 3757 3542 3810 in
3579 3770 3672 3810 me

2022 3851 2258 3921 recipio.
2295 3851 2410 3907 Hoc
2443 3850 2556 3905 fine
2587 3857 2640 3904 et
2689 3849 2944 3920 precatio
2976 3847 3118 3916 haec,
3139 3852 3196 3903 et
3224 3846 3408 3902 Patris
3439 3860 3509 3901 ex
3525 3843 3669 3900 cmlo

2021 3957 2129 3996 vox
2161 3941 2338 4012 petita
2367 3939 2755 3995 conﬁrmavit.
2788 3940 2978 4009 Atque
3007 3937 3131 3992 haec
3171 3937 3406 4007 quidem
3455 3935 3526 3989 de
3575 3932 3669 3987 his

2023 4029 2342 4086 sufficiant.

3325 4111 3362 4177 ἡ
3449 4107 3668 4179 α’ίτησις

263 4201 592 4279 προσήχθη,
624 4202 712 4256 καὶ
744 4203 779 4272 ἡ
812 4201 860 4272 ἐξ
894 4203 1143 4279 οὐρανῶν
1170 4206 1409 4280 πατρική
1443 4205 1597 4284 φωνή
1632 4200 1926 4261 ἐϐεϐαίωσε
1953 4206 2020 4261 τὰ
2053 4206 2364 4277 αἰτηθέντα.
2392 4202 2570 4260 Ἀλλὰ
2594 4204 2732 4265 τὲως
2765 4204 2860 4277 μὶν
2889 4204 3125 4256 τοσαῦτα
3156 4199 3279 4273 περὶ
3310 4197 3542 4254 τούτων.

323 4290 403 4356 Ζ⁸,
438 4287 504 4343 Εἰ
537 4284 598 4342 δέ
621 4309 684 4364 γε
721 4289 785 4344 τὸ
834 4293 942 4366 πῦρ
981 4291 1198 4365 ποίημα
1245 4296 1344 4346 τοῦ
1394 4297 1669 4369 Πονηροῦ,
1720 4297 1838 4357 πῶς
1885 4293 1913 4347 6

2093 4298 2215 4352 VII.
2249 4296 2412 4361 Quod
2445 4296 2489 4351 si
2528 4310 2654 4350 vero
2680 4294 2834 4367 ignis
2866 4291 2999 4348 Mali
3025 4307 3172 4364 opus
3222 4295 3325 4358 est,
3377 4289 3666 4359 quomodo

253 4375 460 4450 ἀγαθὸς
511 4377 670 4447 Θεὸς,
721 4379 749 4432 6
792 4383 889 4433 τοῦ
930 4379 1138 4456 ἀγαθοῦ
1181 4381 1330 4449 Υἱὸς,
1359 4380 1488 4444 τοὺς
1521 4403 1916 4460 μυσταγωγου-

2035 4387 2211 4442 bonus
2247 4387 2415 4451 Deus,
2446 4385 2581 4440 boni
2615 4383 2820 4450 Filius,
2847 4397 2967 4448 eos,
2998 4381 3097 4454 qui
3126 4381 3201 4436 ad
3242 4379 3436 4452 ipsum
3482 4379 3666 4436 addu-

267 4465 458 4536 μὲνους
506 4466 659 4539 αὐτῷ
710 4467 760 4521 ἐν
804 4468 1074 4542 Πνεύματι
1118 4470 1259 4545 ἁγίῳ
1307 4469 1556 4543 βαπτίζει
1605 4472 1694 4526 καὶ
1757 4471 1910 4546 πυρὶ,

2035 4481 2240 4530 suntur
2270 4473 2515 4545 baptizat
2533 4473 2592 4528 in
2612 4473 2829 4543 Spiritu
2853 4479 3050 4527 sancto
3071 4475 3128 4526 et
3151 4471 3286 4542 igne
3317 4466 3385 4537 ν,
3435 4472 3667 4524 creatu-

264 4553 322 4608 v6
351 4553 580 4629 πλάσμα
611 4555 893 4612 συνάπτων
934 4562 1030 4613 τοῦ
1069 4559 1310 4636 Ἐχθροῦ
1339 4563 1417 4631 τῷ
1445 4558 1587 4634 ἁγίῳ
1635 4561 1911 4633 Πνεύματι

2035 4579 2146 4620 ram
2180 4563 2310 4618 Mali
2362 4561 2605 4634 Spiritui
2638 4566 2841 4618 sancto
2864 4563 3145 4632 jungens,
3188 4563 3361 4630 atque
3391 4559 3535 4614 adeo
3567 4571 3668 4627 per

257 4645 348 4698 καί
415 4641 489 4699 δι’
545 4646 932 4720 ἀντικειμένων
992 4649 1233 4725 ἁγιάζων
1291 4650 1382 4706 τὸν
1468 4651 1908 4724 βαπτιζόμενονς

2035 4653 2314 4709 :ontraria
2339 4652 2697 4724 baptizatum
2720 4649 3138 4706 sanctiﬁcans?
3160 4650 3298 4714 Quae
3321 4647 3476 4702 enim
3501 4660 3665 4700 mens

250 4738 420 4796 Ποίος
477 4735 591 4809 γὰρ
636 4735 701 4790 ἄν
746 4756 830 4799 τις
889 4742 1054 4792 τοῦτο
1113 4736 1479 4812 παραδέξηται
1534 4743 1707 4809 νοῦς;
1753 4745 1913 4804 ποῖος

2035 4743 2144 4798 huic
2173 4742 2410 4813 capiat?
2439 4757 2567 4812 qua:
2598 4739 2744 4796 ratio
2775 4739 2970 4810 inepta
3000 4738 3123 4793 haec
3145 4736 3336 4792 ferat?
3367 4735 3501 4807 quis
3531 4751 3664 4792 vero

249 4822 388 4878 οἴσει
443 4825 508 4880 τὸ
554 4822 844 4901 δύσφημον
913 4825 1219 4903 λογισμός;
1278 4829 1362 4892 τίς
1421 4826 1479 4884 δὲ
1515 4828 1576 4884 οὐ
1618 4831 1909 4906 καταγνοίη

2035 4831 2336 4903 .mpielatie
2357 4829 2818 4902 magnitudinem
2838 4843 2955 4883 non
2974 4823 3662 4897 abominetur‘2quomodo

247 4922 348 4984 τῆς
381 4909 704 4977 δυσσεϐείας
735 4913 800 4970 16
828 4917 1100 4993 μὲγεθος;
1143 4921 1266 4980 Πῶς
1317 4915 1373 4973 δὲ
1420 4915 1587 4973 πάλιν
1635 4919 1663 4973 6
1711 4917 1913 4994 ἀγαθὸς

2035 4925 2218 4992 taque
2247 4920 2402 4976 Deus
2431 4920 2621 4976 bonus
2653 4917 2907 4989 Angelos
2937 4932 3076 4974 suos
3106 4915 3243 4972 facit
3272 4915 3537 4986 spiritus,
3559 4914 3664 4968 mi-

248 5003 382 5064 Θεὸς
415 5008 573 5058 ποιεῖ
605 5002 733 5065 τοὺς
785 5002 1051 5080 ἀγγέλους
1101 5007 1270 5061 αὐτοῦ
1317 5005 1599 5080 πνεύματα
1643 5009 1732 5062 καὶ
1781 5006 1909 5071 τοὺς

2035 5011 2234 5066 iistros
2258 5024 2394 5064 suos
2422 5007 2575 5080 ignis
2602 5006 2902 5063 flammam
2924 5006 2990 5074 ³⁵,
3042 5005 3364 5062 alienorum
3415 5017 3660 5076 operum

249 5091 614 5168 λειτουργοὺς
674 5093 841 5148 αὑτοῦ
891 5095 1062 5168 πυρὸς
1130 5094 1327 5172 φλόγα,
1405 5101 1521 5159 τοῖς
1585 5094 1909 5171 ἀλλοτρίοις

2035 5116 2080 5156 ιο
2111 5099 2305 5170 ipsum
2336 5096 2645 5154 venditans
2676 5096 3055 5153 conditorem.
3079 5092 3479 5165 PrOpheticam
3503 5089 3659 5146 enim

245 5177 431 5256 ἔργοις
481 5183 721 5254 ποιητήν
789 5183 1105 5264 ἐπιγράφων
1173 5185 1384 5244 δαυτόν.
1443 5187 1558 5257 Τήν
1608 5185 1709 5260 γὰρ
1769 5206 1908 5260 προ-

2035 5187 2178 5244 llam
2205 5203 2404 5245 vocem
2435 5190 2715 5259 tanquam
2749 5185 3005 5242 divinam
3045 5189 3102 5240 et
3145 5183 3400 5242 veritatis
3445 5197 3660 5253 praco-

317 5311 364 5347 ί*
391 5310 607 5368 Matth.
642 5328 720 5381 v1,
755 5312 838 5368 19.
918 5311 964 5348 ⁸ο
994 5313 1202 5370 Matth.
1233 5330 1334 5387 v11,
1369 5316 1456 5372 11.
1532 5316 1576 5352 ²¹
1611 5315 1820 5372 Matth.
1849 5332 1923 5372 xx

247 5380 296 5416 ³⁵
323 5382 501 5442 Hebr.
537 5401 578 5452 ι,
612 5384 666 5440 7.

2038 5315 2093 5370 9.
2171 5314 2218 5350 ¹²
2244 5315 2415 5372 Joan.
2447 5330 2549 5381 xu,
2580 5315 2672 5371 28.
2751 5313 2798 5348 ³³
2828 5313 2968 5370 ibid.
3002 5313 3090 5367 30.
3169 5309 3218 5345 ²⁴
3247 5310 3387 5366 Luc.
3431 5323 3516 5375 ιιι,
3569 5307 3654 5363 16.

1417 5537 1665 5594 VARle
1706 5537 2100 5595 LECTIONES
2140 5539 2228 5594 ET
2266 5539 2502 5594 NOT/E.

248 5656 398 5735 ταὸς
433 5658 768 5735 frequenter
798 5658 1404 5735 observestgompara
1433 5661 1744 5735 Claudium
1776 5659 1901 5735 Sal:
2013 5661 2352 5735 Eusebium,
2387 5680 2443 5735 p.
2477 5663 2584 5731 32;
2617 5667 2674 5718 et
2703 5663 2914 5718 Anton.
2952 5655 3358 5725 Muratorium,
3384 5654 3456 5710 ad
3487 5654 3654 5710 Aneo-

254 5729 533 5795 masium,
582 5729 659 5786 De
703 5745 886 5797 cruce,
934 5746 992 5803 p.
1045 5731 1174 5789 268.
1216 5729 1446 5789 Henric.
1481 5732 1794 5799 Valesium,
1830 5733 1900 5789 ad
2012 5733 2144 5791 data
2175 5729 2476 5807 Graeca;p.
2511 5729 2578 5791 14
2606 5738 2664 5791 et
2688 5735 2772 5790 15.
