4074 6208
401 379 477 442 95
1604 378 1878 440 PHO'I‘II
1921 375 2440 440 PATRIARCHJE
2482 376 2598 438 op.
3215 339 3220 342 ’
3515 333 3520 336 ’
3721 373 3805 432 es

400 514 590 583 nium,
615 511 832 570 Paulus
864 513 1152 584 obsignat.
1175 513 1477 579 Quomodo
1497 527 1630 570 vero
1655 511 2037 586 paleam,quaa

2157 511 2394 588 φητικήν
2447 510 2650 580 ταύτην
2707 509 2892 587 φωνὴν
2953 506 3027 570 ὡς
3091 504 3150 563 ἔκ
3217 507 3349 561 Θεοῦ
3413 505 3504 561 καὶ
3563 504 3712 561 θείαν
3777 507 3806 560 6

399 611 770 678 peccatorum
802 602 1097 660 levitatem
1139 603 1429 675 designat,
1485 606 1765 658 creaturae
1811 602 1944 658 Mali
1987 602 2048 657 in

403 692 758 765 supplicium
794 692 990 760 tradit,
1024 691 1495 763 quandoquidem
1527 707 1656 748 eam
1701 690 1835 763 igne
1882 691 2048 745 inex-

400 780 732 851 stinguibili
764 781 1222 836 comburendam
1253 794 1382 836 esse
1415 779 1648 836 nuntiat
1670 779 1764 834 25?
1805 780 1874 834 Et
1903 795 2048 850 quo-

401 871 574 926 modo
624 869 877 926 domitor
925 868 1108 926 hostis
1156 869 1332 937 venit,
1385 873 1449 924 ut
1490 869 1682 942 ignem
1725 870 1945 940 jaceret
1988 869 2047 922 in

401 964 618 1016 terram
641 957 712 1025 ³⁸,
744 958 932 1014 hostis
963 974 1110 1028 opus
1157 959 1240 1015 sic
1290 958 1659 1030 ampliﬁcans
1694 962 1753 1014 et
1780 957 2048 1030 augens?

401 1048 696 1120 quomodo
755 1047 889 1102 item
951 1047 1183 1104 diabolo
1247 1052 1489 1118 paratus
1545 1051 1636 1104 est
1688 1047 1840 1118 ignis
1873 1047 1938 1117 ³⁷,
1997 1047 2046 1103 si

406 1139 532 1209 ipse
563 1141 652 1192 est
681 1137 808 1207 ejus
840 1136 1152 1193 conditor?
1182 1152 1367 1208 neque
1415 1136 1569 1194 enim
1620 1138 1746 1208 ipse
1793 1137 1904 1194 sibi
1951 1154 2047 1209 pa-

399 1225 552 1282 rabit
582 1224 964 1296 supplicium.
998 1225 1264 1282 Vicissim
1295 1242 1451 1294 vero,
1483 1226 1533 1282 si
1555 1225 1738 1283 hostis
1757 1227 2048 1297 ignem,ut

401 1315 649 1381 videtur,
681 1330 796 1369 non
829 1314 1070 1386 paravit,
1095 1330 1210 1370 non
1233 1315 1460 1387 paravit
1489 1315 1666 1371 etiam
1698 1315 2044 1387 quidquam,

399 1418 501 1475 per
531 1403 686 1475 quod
715 1401 982 1458 homines
1003 1403 1130 1460 sine
1152 1403 1559 1460 emendatione
1597 1407 1903 1476 peccantes
1935 1421 2043 1474 pu-

400 1491 524 1547 nire
554 1491 758 1564 possit,
791 1507 982 1563 neque
1012 1492 1204 1564 ipsum
1237 1491 1426 1562 illum,
1451 1491 1551 1564 qui
1569 1491 1786 1549 zizania
1807 1493 2043 1564 sparsit,

404 1596 507 1652 per
535 1597 706 1652 quem
730 1581 956 1653 justam
987 1585 1181 1638 sumat
1209 1581 1514 1639 ultionem.
1553 1585 1624 1638 Et
1664 1582 1796 1655 quis
1845 1582 2044 1640 omnia

397 1671 687 1742 ejusmodi
716 1671 1074 1729 enumerarit
1092 1670 1122 1729 ι

2159 599 2372 661 Παῦλος
2416 601 2506 655 καὶ
2555 608 2655 669 τῆς
2704 598 2963 668 ἀληθείας
3011 595 3458 674 ἐπισφραγίζεται
3518 598 3806 672 κήρυγμα.

2158 689 2259 746 Καὶ
2319 689 2382 745 τὸ
2439 686 2644 764 ἄχυρον
2703 687 2758 743 δὲ
2809 689 2837 742 ὃ
2896 692 3003 742 τῶν
3064 683 3408 760 ἁμαρτωλῶν
3491 685 3685 756 μηνύει
3744 686 3805 741 τὸ

2159 777 2461 856 ἄχρηστον,
2526 783 2644 841 πῶς
2699 775 2864 832 πάλιν
2920 780 3000 848 τῷ
3066 773 3348 846 πλάσματι
3425 770 3803 847 παραδίδωσιν

2158 867 2233 928 εἰς
2288 867 2519 923 κόλασιν
2563 871 2662 922 τοῦ
2711 867 3000 940 Ἐχθροῦς
3057 864 3187 938 πυρὶ
3227 865 3331 940 γὰρ
3371 857 3613 935 ἀσϐέστῳ
3667 863 3807 942 φησί

2155 957 2559 1014 κατακαίεσθαι.
2627 957 2724 1012 Καὶ
2786 960 2903 1016 πῶς
2960 953 3098 1023 ἦλθε
3153 957 3260 1027 πῦρ
3322 950 3509 1027 βαλεῖν
3560 952 3648 1007 ἐπὶ
3699 959 3802 1021 τήν

2157 1053 2260 1121 γῆν
2311 1049 2340 1102 6
2388 1047 2710 1121 καθαιρέτης
2757 1049 2854 1102 τοῦ
2899 1046 3160 1119 Ἐχθροῦ,
3211 1042 3273 1096 τὸ
3325 1037 3478 1117 ἔργον
3512 1040 3804 1097 πλατύνων

2155 1138 2244 1191 καὶ
2293 1135 2466 1207 αὔξων
2513 1142 2610 1192 τοῦ
2658 1138 2930 1212 Ἐχθροῦς
2982 1138 3100 1194 πῶς
3153 1130 3210 1188 δὲ
3238 1132 3327 1187 καὶ
3367 1132 3696 1205 ἡτοίμασται
3724 1137 3804 1204 τῷ

2156 1221 2404 1299 διαϐόλῳ
2431 1227 2493 1281 τὸ
2521 1230 2649 1302 πῦρ,
2677 1226 2723 1280 εἰ
2755 1223 2956 1286 ἐκεῖνός
3007 1221 3149 1278 ἐστιν
3199 1222 3228 1276 6
3274 1219 3472 1277 τούτου
3524 1219 3808 1295 δημιουρ-

2152 1316 2280 1391 γός;
2329 1316 2404 1372 Ού
2450 1317 2552 1392 γὰρ
2611 1314 2770 1377 αὐτὸς
2819 1314 2992 1385 ἑαυτῷ
3038 1313 3140 1380 τήν
3198 1311 3446 1385 τιμωρὸν
3514 1311 3802 1385 ὑφίστησιν

2155 1400 2312 1474 δίκην
2361 1405 2493 1477 (99).
2539 1401 2762 1466 Ἀλλως
2808 1399 2886 1470 δὲ,
2947 1400 2992 1455 εἴ
3044 1402 3119 1472 μή
3169 1399 3232 1455 τὸ
3289 1403 3419 1473 πῦρ,
3461 1399 3536 1460 ὡς
3603 1395 3802 1457 ἔοικεν.

2156 1493 2449 1564 ὑπέστησεν
2479 1493 2507 1546 6
2535 1492 2790 1570 Ἐχθρὸς,
2823 1487 2950 1545 οὔτε
2980 1487 3052 1543 δι’
3101 1488 3164 1544 οὗ
3215 1489 3339 1548 τοὺς
3385 1487 3800 1566 ἀνεπιστρόφως

2153 1583 2558 1657 ἁμαρτάνοντας
2605 1580 2849 1648 κολάσει,
2900 1576 3026 1635 οὕτε
3071 1578 3232 1633 αὐτὸν
3283 1576 3484 1651 σπορὲα
3549 1583 3656 1632 νῶν
3720 1583 3804 1646 ζι-

2155 1672 2372 1742 ζανίων,
2423 1669 2494 1726 δι’
2543 1673 2605 1727 οὗ
2651 1672 2750 1740 τὴν
2803 1668 3012 1725 δικαίαν
3074 1665 3415 1742 εἰσπράξεται
3457 1663 3632 1736 δίκην.
3685 1665 3795 1724 Καὶ

2152 1756 2297 1817 πόσα
2324 1760 2385 1816 ἄν
2425 1782 2506 1823 τις
2538 1760 2980 1834 ἀπαριθμήσαιτο
3012 1760 3238 1814 τοιαῦτα
3265 1775 3278 1826 ;

464 1851 613 1907 VIII.
647 1851 932 1916 Quoniam
990 1867 1120 1909 vero
1169 1851 1459 1910 maledica
1502 1857 1559 1910 et
1610 1853 1792 1926 impia
1835 1853 2037 1926 lingua

2219 1855 2304 1907 H'.
2357 1847 2515 1907 Ἀλλ’
2563 1848 2713 1922 εἷ’περ
2763 1849 2839 1912 ὡς
2903 1849 2939 1917 ἡ
3000 1845 3331 1925 βλάσφημος
3383 1845 3473 1900 καὶ
3532 1839 3798 1912 δυσσεϐὴς

394 1939 692 1996 terrestria
718 1941 789 1996 ad
822 1941 1044 1998 malum
1079 1942 1431 2013 principium
1463 1943 1638 2000 audet
1659 1943 2044 2014 referre,quo-

395 2031 566 2085 modo
619 2045 687 2086 ea
731 2046 842 2085 sua
892 2029 1035 2085 dicit
1076 2029 1406 2086 communis
1450 2035 1646 2087 noster
1673 2031 1958 2088 Dominus
1988 2037 2046 2088 et

390 2117 707 2174 Servator?
736 2119 800 2173 In
828 2121 1061 2188 prapria
1089 2120 1239 2174 enim
1268 2120 1438 2185 venit,
1464 2120 1677 2190 inquit,
1698 2121 1794 2176 sed
1813 2121 1905 2176 sui
1931 2137 2042 2176 non

287 2249 290 2252 .
391 2211 713 2277 receperunt
743 2223 871 2262 eum
901 2207 964 2262 ²⁸.
997 2208 1161 2273 Quod
1195 2208 1244 2262 si
1270 2207 1527 2265 dixerint
1564 2213 1859 2280 apostataa,
1910 2226 2043 2280 pro-

393 2293 519 2368 prie
550 2293 646 2352 hic
692 2293 805 2352 dici
855 2311 1156 2352 sermones
1207 2295 1598 2368 propheticos,
1648 2298 1708 2352 in
1758 2297 1866 2354 hos
1913 2314 2044 2354 vero

393 2382 625 2440 venisse
659 2383 979 2453 Christum,
1010 2385 1173 2456 ipsos
1202 2400 1336 2442 vero
1383 2401 1520 2442 eum
1569 2402 1685 2442 non
1740 2387 2042 2457 recepisse,

392 2472 544 2541 vide,
562 2489 781 2544 quasso,
803 2473 1093 2544 insignem
1124 2489 1325 2530 eorum
1348 2473 1637 2530 insaniam
1662 2480 1718 2530 et
1739 2475 2045 2546 impuden-

392 2560 558 2615 tiam.
592 2561 857 2615 Primum
889 2559 1068 2628 enim,
1099 2562 1394 2630 quomodo
1415 2562 1786 2634 propheticos
1816 2579 2042 2620 sermo-

393 2663 496 2702 nes
517 2648 783 2719 proprios
796 2647 1010 2704 Christi
1024 2664 1151 2706 esse
1173 2649 1359 2720 aiunt,
1384 2666 1517 2706 cum
1540 2651 1697 2723 ipsos
1728 2653 2037 2725 prophetas

387 2744 445 2793 et
475 2736 919 2808 inspirationem
941 2754 1142 2795 eorum
1172 2741 1242 2795 ad
1274 2739 1491 2796 malum
1535 2741 1830 2798 referant?
1867 2742 2040 2799 Dein-

392 2827 484 2894 de,
521 2827 812 2898 quomodo
842 2827 904 2883 in
933 2827 1304 2900 propheticos
1333 2845 1635 2886 sermones
1670 2831 1830 2886 venit
1871 2831 2037 2888 Chri-

391 2914 563 2970 stus?
594 2915 788 2972 Primo
819 2916 998 2986 enim,
1031 2917 1185 2987 quod
1216 2922 1273 2973 et
1301 2917 1412 2989 ipsi
1450 2919 1633 2990 aiunt,
1691 2921 1763 2976 ad
1813 2919 2036 2977 alienos

391 3008 573 3074 venit,
606 3005 933 3078 prophetici
958 3007 1116 3062 enim
1147 3023 1444 3065 sermones
1475 3009 1651 3066 alieni
1693 3011 1834 3082 quid
1875 3014 2033 3083 sunt,

2153 1937 2467 2011 θρασύνεται
2515 1934 2760 2010 γλῶσσα,
2805 1935 2872 1990 τὰ
2938 1932 3146 2008 ἐπίγεια
3193 1935 3291 1988 τοῦ
3348 1935 3621 2005 Ιῐονηροῦ,
3679 1934 3801 1993 πῶς

2152 2025 2298 2101 λέγει
2328 2026 2465 2082 αὐτὰ
2495 2023 2610 2081 ἴδια
2640 2027 2668 2080 6
2699 2025 2878 2086 κοινὸς
2908 2025 3070 2095 ἡμῶν
3112 2021 3386 2092 Δεσπότης
3432 2021 3523 2076 καὶ
3555 2023 3758 2096 Σωτήρ
3783 2042 3800 2092 ς

2149 2117 2244 2178 Εὶς
2289 2116 2357 2171 τὰ
2397 2114 2509 2170 ἰ¹δια
2554 2116 2654 2191 γὰρ
2701 2113 2860 2184 ἦλθε,
2920 2114 3080 2191 φησὶ,
3126 2112 3217 2167 καὶ
3267 2113 3319 2166 οἱ
3367 2109 3500 2166 ἴδιοι
3544 2109 3706 2166 αὐτὸν
3738 2110 3800 2166 ού

2147 2201 2483 2280 παρέλαϐον.
2517 2205 2578 2260 Εἰ
2610 2202 2666 2260 δὲ
2697 2203 2905 2280 λέγοιεν
2934 2205 2988 2258 οἱ
3031 2202 3353 2269 ἀποστάται,
3407 2197 3524 2256 ἴδια
3568 2201 3667 2271 μὲν
3722 2200 3803 2255 εἶ-

2142 2315 2230 2350 ναι
2257 2296 2390 2357 τοὺς
2418 2292 2801 2369 προφητικοὺς
2827 2291 3037 2367 λόγους
3066 2295 3166 2365 (1),
3195 2289 3371 2347 ἐλθεῖν
3397 2287 3456 2346 δὶ
3485 2290 3562 2351 εἰς
3591 2289 3797 2352 αὐτοὺς

2139 2388 2233 2441 τὸν
2283 2385 2534 2456 Χριστὸν,
2577 2383 2814 2444 ἐκείνους
2860 2380 2919 2438 δὲ
2971 2387 3164 2438 τοῦτον
3233 2382 3308 2454 μή
3365 2377 3802 2456 παραδέξασθαι·

2141 2471 2242 2548 δρα
2295 2473 2395 2541 τὴν
2455 2467 2905 2548 ὑπερϐάλλουσαν
2973 2472 3152 2526 αὐτων
3225 2469 3408 2525 ἄνοιαν
3466 2467 3561 2524 καὶ
3649 2469 3804 2523 ἀναι-

2144 2561 2427 2638 σχυντίαν.
2479 2567 2703 2637 Πρῶτον
2749 2563 2842 2636 μὶν
2888 2564 3005 2623 πῶς
3055 2557 3280 2636 λέγουσι
3335 2557 3462 2620 τοὺς
3520 2577 3801 2636 προφητι.

2143 2650 2273 2714 χοῦς
2314 2649 2517 2726 λόγους
2567 2647 2740 2713 ἰδίους
2791 2649 2927 2705 εἷ’ναι
2973 2654 3074 2702 τοῦ
3123 2651 3381 2722 Χριστοῦ,
3432 2645 3632 2708 αὐτοὺς
3661 2645 3798 2708 τοὺς

2143 2742 2430 2818 προφήτας
2487 2739 2740 2815 λέγοντες
2797 2738 3024 2812 πλάσμα
3076 2759 3136 2792 τε
3179 2736 3314 2794 εἶναι
3362 2735 3452 2792 καὶ
3501 2735 3797 2791 ἐπίπνοιαν

2143 2827 2396 2904 δέχεσθαι
2443 2833 2538 2886 τοῦ
2591 2832 2884 2901 Πονηροῦ;
2935 2828 3188 2900 Δεύτερον
3243 2823 3320 2896 δὲ,
3361 2829 3477 2887 πῶς
3536 2824 3612 2886 εἷς
3665 2825 3797 2884 τοὺς

2139 2917 2517 2996 προφητικοὺς
2564 2916 2764 2993 λόγους
2814 2916 2982 2986 ἦλθεν
3031 2917 3058 2969 ὁ
3099 2912 3368 2988 Χριστός;
3408 2916 3634 2987 Πρῶτον
3691 2912 3791 2984 μὶν

2143 3007 2247 3084 γὰρ
2290 3007 2366 3070 εἰς
2407 3004 2736 3082 ἀλλοτρίους
2783 3005 2943 3075 ἦλθε,
2993 3003 3130 3059 κατὰ
3184 3003 3277 3058 τὸν
3335 3001 3552 3058 ἂκείνων
3602 2999 3792 3075 λόγον.

387 3098 675 3166 tanquam
705 3095 778 3151 ab
808 3094 994 3152 alieno
1026 3096 1316 3168 inspirati,
1349 3114 1454 3155 nec
1485 3099 1558 3154 ad
1600 3097 1815 3156 bonum
1846 3099 2030 3156 Deum

2144 3095 2439 3172 ἀλλότριον
2484 3097 2590 3172 γὰρ
2635 3098 2687 3152 οἱ
2734 3095 3072 3171 προφητιχοὶ
3117 3093 3300 3169 λόγοι,
3372 3095 3447 3153 ὡς
3503 3092 3556 3162 ἐξ
3611 3088 3794 3146 ἀλλο-

389 3185 700 3256 pertinent.
731 3183 974 3252 Deinde,
1016 3186 1308 3257 quomodo
1355 3187 1596 3244 omnino
1641 3188 1856 3260 proprii
1905 3205 2033 3245 esse

2499 3151 2649 3172 ,νιν
2779 3151 2795 3171 ,ν
2858 3151 2920 3170 ..
3201 3151 3213 3169 .
3284 3151 3299 3163 .
3433 3151 3443 3153 -
3536 3151 3556 3162 -

2144 3186 2296 3262 τρίου
2353 3185 2738 3260 ἐμπνεόμενοι,
2804 3185 2895 3241 καὶ
2949 3183 3050 3240 οὐκ
3105 3183 3164 3240 ἐκ
3219 3183 3315 3238 τόῦ
3373 3183 3578 3256 ἀγαθοῦ
3627 3184 3792 3237 Θεοῦ.

387 3277 636 3344 possunt
662 3273 882 3330 Christi
911 3290 1207 3332 sermones
1231 3276 1571 3348 prophetici,
1600 3277 1703 3350 qui
1732 3293 1850 3334 non
1882 3293 2032 3335 rece-

386 3369 600 3437 perunt
639 3382 773 3422 eum
797 3366 825 3421 ?
871 3365 1095 3423 Dicitur
1141 3368 1295 3424 enim
1331 3386 1345 3425 :
1398 3370 1460 3424 In
1487 3385 1590 3424 sua
1617 3369 1789 3437 venit,
1819 3370 1913 3426 sed
1939 3371 2032 3426 sui

387 3470 518 3508 eum
544 3469 655 3511 non
681 3465 1022 3526 receperunt.
1047 3457 1246 3524 Porro,
1271 3456 1486 3528 quibus
1521 3463 1864 3529 potestatem
1899 3458 2032 3514 fecit

389 3541 680 3608 Christus,
711 3547 774 3598 ut
805 3543 912 3598 filii
944 3543 1047 3600 Dei
1079 3545 1323 3602 ﬁerent?
1342 3563 1483 3602 num
1503 3547 1877 3603 sermonibus
1899 3563 2028 3619 pro-

388 3629 686 3701 pheticis?
718 3631 969 3689 IIoccine
993 3649 1111 3689 non
1139 3638 1226 3690 est
1255 3635 1515 3708 nugari?
1540 3636 1852 3692 Sermones
1873 3635 2030 3692 enim

385 3719 438 3776 si
467 3735 536 3774 ex
572 3720 682 3776 Deo
712 3723 869 3788 sunt,
898 3735 964 3777 eo
1002 3721 1129 3793 ipso
1174 3723 1390 3795 proprii
1438 3731 1576 3780 sunt
1623 3731 1677 3780 et
1723 3724 2028 3782 domestici

386 3808 529 3877 Dei;
563 3808 613 3865 si
641 3824 776 3865 vero
801 3809 964 3879 mali,
1011 3814 1304 3883 quomodo
1355 3813 1461 3870 ﬁlii
1507 3813 1609 3870 Dei
1660 3815 2031 3872 efﬁcientur?

386 3900 553 3971 Tum,
585 3898 776 3970 qualis
804 3916 991 3958 sermo
1022 3902 1399 3975 propheticus
1429 3919 1498 3960 ex
1538 3894 1927 3977 sanguinibus
1973 3909 2031 3963 et

386 3988 686 4046 voluntate
713 3989 821 4046 viri
850 3994 907 4046 et
934 4005 1002 4047 ex
1032 3990 1330 4048 voluntate
1365 3993 1560 4050 carnis
1585 3999 1865 4066 pronatus
1895 3998 1984 4052 est
2001 3994 2030 4050 ?

385 4079 562 4137 Addit
589 4079 746 4137 enim
780 4097 795 4140 :
829 4081 935 4150 Qui
951 4098 1150 4139 nonem
1177 4084 1568 4154 sanguinibus,
1596 4101 1696 4142 nec
1725 4101 1796 4142 ea:
1825 4084 2029 4142 volun-

385 4171 497 4226 tate
521 4171 650 4239 viri,
683 4187 782 4228 nec
807 4187 877 4228 ea:
919 4172 1208 4229 voluntate
1251 4173 1464 4243 carnis,
1511 4173 1604 4229 sed
1650 4189 1721 4229 ea:
1767 4174 1872 4230 Deo
1914 4176 2033 4229 nati

383 4264 514 4314 sunt
543 4260 605 4312 η.
640 4261 747 4326 Qui
780 4261 963 4331 igitur
992 4265 1130 4315 sunt
1159 4259 1244 4316 illi
1273 4275 1596 4327 sermones,
1629 4277 1697 4316 ex
1729 4261 2030 4330 sanguini-

388 4346 497 4402 bus
529 4347 817 4417 prognati,
850 4353 905 4402 et
935 4347 1035 4419 qui
1067 4365 1182 4403 non
1203 4348 1230 4402 ‘I
1265 4346 1469 4404 Nullus
1498 4348 1652 4402 enim
1675 4347 2030 4414 sermo,sive

389 4434 600 4506 bonus,
623 4434 746 4492 sive
766 4435 978 4503 malus,
1001 4437 1119 4492 sive
1139 4452 1330 4504 verus,
1359 4434 1480 4492 sive
1502 4435 1681 4491 falsus
1718 4437 1814 4505 sit,
1846 4435 1966 4492 sive
1997 4453 2031 4492 a
2060 4469 2108 4538 Ι)

389 4523 561 4592 bono,
594 4522 713 4581 sive
738 4542 773 4580 a
800 4523 953 4581 malo
981 4529 1097 4582 Deo
1128 4517 1545 4597 proﬁciscatur,
1585 4532 1736 4582 certe
1785 4540 1854 4581 ex
1902 4542 2032 4582 san-

388 4613 962 4686 guinibus,quamvis
985 4613 1382 4685 maximopere
1411 4613 1712 4672 insaniant
1741 4614 2029 4686 ejusmodi

387 4717 481 4760 res
507 4704 890 4774 proferentes,
911 4708 1081 4762 natus
1111 4704 1356 4763 dicetur.
1377 4705 1578 4778 Itaque
1599 4704 1660 4764 in
1684 4705 1775 4762 his
1798 4705 2028 4766 Domini

385 4792 577 4849 verbis
597 4792 923 4866 prophetici
945 4808 1244 4852 sermones
1259 4795 1480 4852 nullum
1496 4794 2026 4853 locuminveniunt.

383 4880 492 4936 Sed
523 4881 758 4954 propria
789 4881 870 4939 ibi
900 4882 1159 4956 appellat
1189 4885 1499 4953 mundum,
1519 4883 1674 4942 sicut
1701 4889 1758 4943 et
1786 4883 1925 4941 alibi
1955 4884 2026 4942 ad

384 4969 708 5044 discipulos
741 4987 877 5030 suos
907 4973 987 5030 ait
1019 4989 1032 5030 :
1064 4974 1198 5031 Ecce
1223 4976 1374 5032 venit
1399 4975 1556 5045 hora,
1578 4979 1632 5032 et
1652 4975 1774 5048 jam
1799 4976 1946 5031 venit
1967 4981 2027 5031 ut

382 5059 792 5136 disperguntur
835 5062 1048 5135 singuli
1095 5064 1155 5119 in
1197 5063 1378 5122 sua”.
1425 5067 1558 5132 Qum
1604 5064 1780 5138 igitur
1808 5063 1889 5120 ibi
1919 5079 2028 5120 sua

453 5208 499 5242 ²⁶
529 5208 668 5264 Luc.
703 5224 787 5280 ιιι,
821 5208 908 5265 17.
1054 5209 1100 5246 ³⁸
1130 5208 1261 5266 Luc.
1292 5227 1391 5280 xu,
1424 5211 1512 5268 49.

381 5296 500 5350 xvx,
539 5280 630 5337 32.

1660 5209 1708 5244 ³⁷
1737 5210 1940 5267 Matth.
1971 5225 2101 5279 xxv,
2143 5208 2232 5263 41.

2139 3276 2367 3332 Ἔπειτα
2397 3273 2454 3331 δὶ
2483 3281 2600 3338 πῶς
2630 3272 2882 3330 δύνανται
2923 3272 3071 3336 ὅλως
3117 3270 3255 3328 είδιοι
3303 3271 3441 3328 εἶναι
3481 3270 3534 3325 οἱ
3576 3289 3796 3348 προφη-

2245 3364 2276 3386 -\
2569 3369 2593 3379 ε·
2679 3393 2682 3397 .
2829 3367 2852 3378 α
2941 3361 2966 3383 υ
3195 3362 3208 3381 9
3635 3357 3648 3378 9
3709 3359 3720 3376 1
3779 3377 3792 3389 ο

2137 3384 2277 3420 τικοι
2382 3385 2470 3438 γοι
2499 3384 2598 3418 του
2629 3371 2881 3437 Χριστοῦ,
2915 3383 3109 3425 οιτινες
3147 3383 3254 3416 ουκ
3301 3357 3548 3433 ἐδέξαντο
3590 3377 3754 3414 αυτον
3778 3402 3794 3428 ,

2138 3451 2299 3528 Λέγει
2346 3453 2470 3528 γὰρ,
2511 3453 2604 3515 Εἷς
2661 3453 2730 3508 τὰ
2761 3451 2882 3508 ’ίδια
2937 3451 3096 3521 ἦλθε,
3152 3451 3242 3506 καὶ
3291 3451 3345 3505 οἱ
3401 3446 3540 3505 ῒδιοι
3625 3447 3792 3503 αὐτὸν

2138 3542 2205 3596 οὐ
2263 3537 2595 3618 παρέλαϐον.
2654 3545 2778 3598 Ἔτι
2849 3538 2907 3596 δὲ
2961 3539 3108 3602 τίνας
3185 3535 3383 3594 ἔδωκεν
3453 3538 3483 3592 6
3548 3537 3789 3612 Χριστὸς

2138 3632 2377 3702 ἐξουσίαν
2425 3631 2580 3687 τέκνα
2627 3636 2761 3688 Θεοῦ
2815 3630 3092 3704 γενέσθαι;
3151 3629 3253 3704 ἄρα
3324 3627 3452 3692 τοὺς
3505 3646 3790 3704 προφητι-

2137 3723 2265 3785 κοὺς
2310 3720 2548 3798 λόγουςς
2597 3720 2701 3778 Καὶ
2739 3725 2856 3782 πῶς
2909 3720 2970 3775 οὺ
3018 3719 3224 3794 μακρὸς
3263 3717 3438 3792 λῆρος
3465 3721 3674 3787 τόῦτο;
3725 3714 3788 3771 Oi

2137 3809 2294 3888 λόγοι
2324 3812 2448 3888 γὰρ,
2481 3811 2526 3867 εἰ
2574 3811 2669 3885 μὲν
2723 3810 2783 3866 ἐκ
2820 3813 2954 3866 Θεοῦ
2997 3809 3155 3877 εἰσιν,
3213 3806 3431 3863 αὐτόθεν
3478 3801 3670 3880 ἔχουσι
3723 3806 3789 3860 τὸ

2138 3903 2275 3958 εἶναι
2318 3902 2511 3958 οἰκεῖοι
2561 3905 2716 3958 Θεοῦ·
2763 3900 2808 3954 εἰ
2858 3897 2915 3955 δὲ
2978 3899 3238 3972 πονηροὶ,
3290 3900 3407 3958 πῶς
3471 3896 3532 3950 ἃν
3584 3914 3790 3950 τεκνω-

2137 3993 2275 4048 θεῖεν
2325 3995 2476 4064 Θεῷ;
2539 3994 2656 4048 Ἐτι
2703 3987 2780 4058 δὲ,
2824 3993 2986 4050 ποῖος
3064 3988 3158 4060 μὲν
3220 3983 3385 4062 λόγος
3439 3984 3784 4060 προφητικὸς

2136 4079 2186 4150 ἐξ
2235 4080 2481 4153 αἱμάτων
2530 4079 2620 4136 καὶ
2667 4078 2726 4133 ἐκ
2771 4076 3086 4149 θελήματος
3137 4071 3350 4151 ἀνδρὸς,
3400 4072 3486 4128 καὶ
3517 4070 3576 4126 ἐκ
3603 4068 3780 4140 θελή-

2140 4188 2312 4242 ματος
2369 4168 2565 4242 σαρκὸς
2621 4165 2915 4241 ἑγεννήθη;
2974 4164 3202 4241 Ἐπάγει
3250 4163 3373 4240 γάρ’
3433 4162 3498 4218 Οἳ
3568 4158 3670 4215 οὐκ
3727 4158 3782 4231 ἒξ

2137 4258 2405 4330 αἱμάτων,
2475 4254 2601 4312 οὐδὲ
2677 4255 2737 4311 ἐκ
2816 4254 3128 4330 θελήματος
3214 4251 3429 4330 ἀνδρὸς,
3514 4247 3640 4308 οὐδὲ
3723 4247 3788 4305 ἐκ

2139 4344 2453 4418 θελήματος
2537 4345 2756 4414 σαρκὸς,
2838 4343 2966 4401 ἀλλ’
3056 4342 3112 4400 ἐκ
3179 4347 3313 4398 Θεοῦ
3398 4341 3785 4417 ἱγεννήθησαν.

2139 4433 2285 4497 Τίνες
2343 4433 2433 4490 οῦν
2477 4435 2529 4489 οἱ
2576 4435 2626 4508 ἐξ
2677 4433 2922 4507 αἱμάτων
2967 4426 3350 4509 γεγεννημέναι
3410 4428 3612 4508 λόγοις
3691 4427 3786 4484 καὶ

2138 4527 2278 4585 τίνες
2327 4526 2378 4580 οἱ
2431 4528 2550 4599 pi;
2599 4521 2790 4585 Οὐδεὶς
2827 4524 2930 4599 γὰρ
2977 4521 3174 4599 λόγος,
3223 4517 3346 4576 οὔτε
3395 4520 3616 4596 ἀγαθὸς,
3660 4516 3790 4574 οὔτε

2137 4618 2402 4690 πονηρὸς,
2433 4615 2560 4672 ἀλλ’
2592 4612 2715 4671 οὔτε
2745 4613 2978 4685 ἀληθὴς,
3013 4610 3138 4668 οὕτε
3166 4609 3392 4692 ψευδὴς,
3444 4609 3540 4666 κᾶν
3583 4609 3645 4664 ὲκ
3682 4614 3786 4666 τοῦ

2137 4703 2345 4779 ἀγαθοῦ
2389 4708 2524 4760 Θεοῦ
2571 4702 2834 4779 πρόεισιν,
2879 4699 2973 4757 κᾶν
3024 4698 3087 4755 ἐκ
3131 4702 3230 4755 τοῦ
3277 4700 3543 4773 πονηροῦ,
3585 4695 3650 4751 ού
3683 4715 3786 4768 με·

2135 4798 2258 4849 νοῦν
2317 4793 2366 4862 ἐξ
2426 4793 2691 4865 αἱμάτων,
2749 4792 2795 4847 εἰ
2847 4790 2938 4846 καὶ
2993 4784 3160 4845 πλέον
3225 4791 3465 4862 μανῶσιν
3524 4786 3578 4842 οἱ
3613 4787 3790 4840 ταῦτα

2137 4879 2415 4960 λέγοντες,
2475 4881 2536 4936 ού
2591 4881 2928 4959 γεγέννηται.
3004 4871 3403 4955 Ὥστελχώραν
3449 4875 3502 4932 ἐν
3561 4873 3787 4936 τούτοις

2135 4977 2251 5034 τοῖς
2300 4975 2647 5033 Δεσποτικοῖς
2711 4970 2948 5047 ῥήμασιν
3009 4965 3269 5043 οὐδεμίαν
3309 4966 3373 5028 ,οἱ
3445 4961 3788 5042 προφητικοὶ

2137 5061 2299 5137 λόγοι
2359 5057 2754 5134 λαμϐάνουσιν.
2807 5057 2972 5115 Ἀλλ’
3022 5055 3142 5114 ’ίδια
3191 5057 3288 5131 μὲν
3343 5055 3503 5112 καλεῖ
3541 5054 3634 5111 τὸν
3682 5053 3790 5108 κό-

2382 5206 2431 5242 τε
2491 5207 2660 5263 Joan.
2706 5223 2744 5278 ι,
2797 5206 2884 5265 11.
3028 5204 3075 5241 ³⁸
3121 5203 3264 5260 ibid.
3310 5201 3399 5258 30.
3512 5199 3563 5236 ³ο
3608 5197 3792 5256 Joan.

1545 5396 1785 5456 νΑιιιιΕ
1824 5397 2214 5456 LECTIONES
2253 5397 2344 5454 ET
2389 5395 2622 5452 NOTAE.

457 5506 571 5581 (99)
602 5502 786 5581 Δίκην.
808 5505 896 5560 Ita
917 5509 1617 5581 quoqueargumentatur
1636 5508 1826 5581 Titus,
1859 5508 1961 5581 lib.
1995 5517 2036 5581 ι,

387 5573 674 5668 aptid't'cl.
724 5573 1112 5668 'Bas‘nag.‘p.’
1144 5573 1270 5668 85‘?
1309 5573 1451 5668 ’ξδοὺ
1626 5581 1732 5652 πῦρ
1781 5573 1939 5636 ἑαυτὸ
1971 5573 2033 5634 οὗ

387 5646 553 5706 καίει·
584 5646 766 5722 ἕτερον
801 5647 904 5724 γὰρ
931 5646 1167 5726 ἷιαΐούχ
1204 5647 1364 5703 ἑαυτὸ
1394 5646 1712 5705 ἀναλώσει.’

460 5723 546 5797 (1)
603 5721 982 5797 Ιῐροφητιιιοὺς
1040 5717 1265 5795 λόγους.
1343 5720 1488 5779 Hinc
1564 5725 1717 5779 recte
1795 5721 2036 5794 colligas

2147 5506 2416 5563 homines
2445 5504 2759 5561 intrunitos
2786 5503 2853 5556 τὰ
2877 5497 3000 5555 ’ίδια
3029 5501 3088 5556 in
3118 5500 3522 5557 tamalienum
3545 5511 3792 5553 sensum

2141 5579 2493 5706 getoquuere
2521 5575 2737 5644 solitos,
2769 5590 2938 5646 quem
2969 5573 3066 5630 vix
3096 5570 3444 5644 somniando
3477 5567 3609 5642 quis
3653 5584 3792 5640 pro-

2183 5665 2268 5706 ιιι
2301 5691 2315 5706 .
3245 5675 3248 5679 -

2183 5665 2315 5708 ιιιι.
3245 5675 3248 5679 ·
