4074 6208
217 345 290 407 9‘1
1318 347 1634 410 CONTRA
1677 347 2154 412 MANICHAEOS
2195 352 2432 414 LIBER
2473 352 2525 414 Ι.

3545 361 3626 421 98

226 501 359 552 σμον
392 480 492 552 (2),
525 475 606 540 ὥς
645 498 752 564 που
780 479 873 533 καὶ
904 476 1161 554 ἀλλαχοῦ
1191 501 1324 560 φησι
1355 483 1492 555 πρὸς
1531 483 1657 544 τοὺς
1689 484 1872 555 μαθη-

1992 486 2193 540 vocat?
2223 502 2364 542 num
2397 501 2699 542 sermones
2732 487 3101 559 propheticos
3120 491 3148 544 ?
3177 506 3250 546 an
3303 493 3630 564 possessio-

221 571 322 632 τάς
385 591 398 602 ·
437 569 578 624 Ἰδοὺ
647 563 870 642 ἔρχεται
930 565 1069 642 ὥρα,
1122 570 1211 624 καὶ
1271 574 1364 625 νῦν
1424 569 1714 641 ἐλήλυθεν,
1780 569 1875 626 *ίνα

235 659 610 733 σκορπισθῆτε,
660 655 890 720 ἕκαστος
957 657 1034 720 εἰς
1091 659 1159 714 τὰ
1211 657 1353 717 ’ίδια.
1413 666 1551 715 Ποῖα
1605 658 1694 715 οὖν
1767 657 1876 714 ἴδια

235 746 380 822 λέγει
437 747 698 816 innuba;
758 745 864 823 ἆρα
917 748 1047 812 τοὺς
1099 748 1474 826 προφητικοὺς
1535 749 1774 823 λόγους;
1834 749 1870 819 ἢ

235 835 486 908 δηλονότι
541 836 606 892 τὸ
673 842 878 909 κτῆμα·
928 837 1019 892 καὶ
1083 839 1182 907 τὴν
1257 837 1535 894 κατοικίαν
1609 839 1869 908 ἑκάστους

233 930 260 949 ο
506 923 535 946 τ
742 929 770 940 ~
891 923 945 946 rm
1103 925 1116 946 ς
1175 926 1191 944 ε
1473 928 1487 948 κ
1791 927 1803 946 ο

257 933 427 1001 Ωπερ
474 947 569 980 ουν
620 923 846 980 ἐνταυθα
893 941 1006 980 ιοια
1062 947 1192 1005 ουχι
1249 928 1385 983 κατὰ
1433 947 1524 983 τον
1587 947 1875 1002 μεμηνοτα

235 1015 397 1090 λῆρον
453 1014 588 1078 τοὺς
653 1013 1033 1092 προφητικοὺς
1097 1014 1300 1093 λόγους
1365 1015 1533 1093 λέγει,
1591 1015 1738 1072 ἀλλὰ
1809 1017 1873 1072 τὸ

229 1105 448 1160 ἑκάστου
509 1110 701 1177 κτῆμα
764 1103 858 1158 καὶ
921 1105 1022 1174 τήν
1080 1102 1224 1160 ἰδίαν
1286 1104 1457 1160 οἷ’κίαν
1519 1106 1662 1160 οὕτω
1695 1125 1710 1140 ·
1783 1105 1875 1160 καί

228 1194 441 1250 ἐπειδὰν
474 1194 637 1269 λέγῃ·
680 1194 778 1254 Et:
825 1193 896 1248 τὰ
935 1191 1053 1250 ’ίδια
1099 1195 1258 1264 ἦλθε,
1299 1197 1385 1251 καὶ
1433 1197 1486 1251 οἱ
1531 1195 1672 1252 ’ίδιοι
1713 1195 1872 1252 αὐτὸν

225 1285 282 1341 ού
311 1279 658 1360 παρέλαϐον,
705 1281 816 1338 ἴδια
860 1284 955 1356 μὶν
993 1285 1085 1340 τὸν
1136 1283 1396 1356 αἰσθητὸν
1447 1287 1652 1360 κόσμον
1687 1285 1872 1361 λέγει·

221 1377 403 1447 κτῆμα
459 1373 566 1451 γὰρ
623 1373 793 1429 αὐτοῦ
843 1373 936 1428 καὶ
975 1372 1192 1448 ποίημα
1252 1375 1409 1438 οὗτος
1444 1396 1458 1410 ·
1511 1375 1769 1438 ὡσαύτως
1819 1373 1876 1431 δὲ

223 1464 307 1519 καὶ
357 1464 409 1518 οἳ
457 1463 514 1518 ἐν
577 1461 748 1535 αὐτῷ,
799 1463 873 1516 ὧν
925 1463 977 1518 οἱ
1039 1463 1136 1536 μὲν
1175 1459 1484 1539 παρέλαϐον
1547 1465 1720 1520 αὐτοῦ
1773 1468 1872 1537 τήν

225 1549 628 1628 μυσταγωγίαν,
679 1551 732 1606 οἱ
787 1547 846 1607 δὲ
895 1547 979 1609 οὔ.
1039 1550 1139 1607 Καὶ
1196 1550 1454 1628 ἀλλαχοῦ
1502 1552 1668 1609 πάλιν
1717 1555 1879 1618 αὐτὸς

222 1644 250 1697 ὁ
305 1643 528 1712 Ἰησοῦς
595 1641 624 1696 ὁ
685 1642 886 1714 Σωτήρ
954 1642 1114 1715 ἡμῶν
1173 1643 1276 1710 τὴν
1345 1640 1486 1697 ἰδίαν
1537 1645 1878 1719 περιτρέχων

219 1728 481 1806 πατρίδα,
512 1731 604 1786 καὶ
657 1732 760 1800 τήν
818 1729 993 1785 αἰτίαν
1041 1737 1142 1800 τῆς
1197 1729 1540 1809 περιδρομῆς
1581 1731 1878 1798 ἀποδιδούς

1987 591 2119 630 nem
2151 579 2209 631 et
2238 577 2480 632 domum
2511 577 2846 648 cujusque?
2887 579 3049 634 Sicut
3077 579 3252 650 igitur
3281 581 3361 636 ibi
3408 598 3508 636 sua
3538 581 3626 653 (τὰ

1979 659 2120 735 ’ίδια)
2153 671 2326 736 prout
2355 665 2438 720 illi
2471 667 2705 738 quidem
2740 673 3056 740 nugantur,
3077 686 3190 724 non
3220 669 3472 741 appellat
3503 687 3624 726 ser-

1983 769 2186 810 mones
2219 755 2709 827 propheticos,sed
2743 759 3035 829 propriam
3061 759 3349 830 cujusque
3378 764 3622 816 domum

1984 850 2043 900 et
2074 846 2401 916 facultates,
2432 847 2514 902 ita
2545 850 2620 916 et,
2655 850 2888 919 quando
2921 849 3066 904 dixit
3098 866 3112 904 :
3144 851 3206 905 In
3236 867 3337 906 sua
3372 851 3539 915 venit,
3574 856 3628 908 et

1982 935 2074 989 sui
2100 950 2212 990 non
2241 941 2561 1006 receperunt
2590 953 2738 1004 eum,
2773 954 2878 993 sua
2909 938 3143 1007 quidem
3178 941 3463 995 mundum
3494 955 3628 996 sen-

1987 1023 2218 1080 sibilem
2249 1029 2457 1094 vocat;
2491 1026 2780 1097 possessio
2811 1027 2968 1082 enim
3000 1027 3128 1096 ejus
3159 1032 3215 1082 et
3245 1033 3511 1084 creatura
3531 1028 3628 1084 ille

1983 1117 2074 1169 est
2106 1129 2119 1168 :
2151 1113 2308 1170 sicut
2340 1117 2396 1170 et
2425 1116 2546 1183 isti,
2592 1115 2689 1185 qui
2720 1115 2780 1170 in
2821 1131 2887 1171 eo
2919 1123 3080 1184 sunt,
3131 1120 3188 1171 et
3229 1132 3477 1188 quorum
3527 1117 3628 1174 alii

1985 1201 2318 1258 doctrinam
2352 1203 2480 1274 ejus
2506 1201 2973 1274 receperunt,alii
3000 1202 3382 1259 minus.A1ibi
3401 1220 3628 1276 quoque

1987 1289 2113 1362 ipse
2140 1295 2310 1347 Jesus
2359 1293 2625 1350 Servator
2673 1297 2870 1349 noster
2899 1309 3066 1348 suam
3117 1293 3470 1350 circumiens
3522 1310 3627 1366 pa-

1986 1379 2183 1450 triam,
2225 1386 2401 1453 atque
2431 1382 2611 1453 hujus
2642 1382 2735 1438 sui
2766 1383 3024 1438 instituti
3056 1383 3333 1440 rationem
3365 1384 3631 1440 redditu-

1989 1485 2113 1537 rus,
2146 1473 2390 1527 testatus
2438 1475 2524 1528 est
2581 1472 2827 1530 dicens:
2877 1473 3158 1544 Propheta
3184 1474 3248 1528 in
3292 1472 3481 1544 patria
3532 1489 3634 1529 sua

1989 1557 2250 1616 honorem
2279 1577 2391 1618 non
2441 1561 2604 1619 habet
2641 1560 2710 1616 δι.
2744 1561 2887 1617 Cum
2937 1561 3130 1632 itaque
3179 1562 3354 1618 dictio
3403 1563 3527 1618 haec
3564 1578 3634 1618 ex

1987 1647 2132 1720 ipsis
2163 1649 2456 1721 Evangelii
2487 1651 2678 1707 verbis
2711 1650 2787 1706 ita
2818 1650 3106 1706 illustrata
3150 1649 3246 1720 sit,
3281 1654 3343 1706 ut
3385 1667 3486 1722 per
3512 1666 3638 1722 pro-

1990 1740 2114 1808 pria
2145 1741 2460 1809 mundum,
2492 1745 2549 1797 et
2579 1758 2704 1812 quae
2755 1743 2814 1797 in
2846 1757 2914 1797 eo
2944 1745 3053 1806 est,
3087 1742 3334 1812 patriam
3387 1741 3631 1798 indicari

224 1821 579 1896 ἐμαρτύρησε
625 1819 826 1895 λέγων,
878 1819 961 1876 ὅτι
1020 1823 1321 1900 Προφήτης
1377 1821 1428 1877 ἐν
1473 1827 1544 1898 τῇ
1603 1821 1717 1895 ἰδίᾳ
1779 1846 1881 1881 πα-

1992 1834 2299 1899 appareat;
2325 1846 2518 1888 nonne
2549 1831 2852 1886 manifeste
2881 1830 3316 1901 insaniunt,qui
3338 1834 3457 1886 tam
3481 1831 3637 1888 clara

228 1908 386 1984 τρίόι
441 1912 603 1982 τιμὴν
667 1909 768 1965 οὐκ
833 1908 972 1986 ἔχει.
1059 1916 1300 1987 Φανερᾶς
1378 1912 1560 1968 τοίνυν
1643 1934 1878 1990 γεγενη-

238 1997 420 2072 μένης
499 2006 597 2068 τῆς
679 2003 863 2073 φωνῆς
948 1999 998 2071 ἐξ
1057 2001 1236 2057 αὐτῶν
1311 2004 1422 2057 τῶν
1510 2002 1880 2080 εὐαγγελικῶν

235 2088 512 2164 ῥημάτων
557 2095 655 2158 τῆς
697 2090 1080 2162 σημαινούσης
1114 2091 1182 2145 τὰ
1231 2087 1363 2159 ἴδια,
1418 2088 1503 2146 ὅτι
1541 2092 1633 2146 τὸν
1681 2092 1886 2165 κόσμον

217 2177 314 2230 καί
363 2177 469 2244 τήν
519 2177 572 2231 ἐν
613 2181 696 2249 τῷ
743 2176 939 2250 κόσμῳ
982 2175 1214 2253 πατρίδα
1251 2178 1288 2248 ἢ
1334 2179 1398 2233 τὸ
1449 2185 1636 2254 κτῆμα
1693 2179 1883 2251 δηλοῖ⁹

217 2270 340 2327 πῶς
393 2264 458 2320 ού
503 2268 782 2339 μεμήνασι
833 2268 1205 2344 φανερώτερον
1254 2268 1306 2324 οἱ
1355 2268 1495 2341 πρὸς
1543 2269 1748 2342 μύθους
1792 2271 1884 2325 καὶ

218 2351 436 2426 λήρους
512 2354 581 2410 τὰ
638 2356 786 2411 οὕτω
865 2363 1134 2435 περιφανῆ
1209 2356 1706 2439 καταστρέφοντεςς
1755 2363 1882 2440 ’Τῶν

218 2449 349 2518 γοῦν
405 2451 758 2500 Δεσποτικῶν
812 2443 1016 2522 λογίων
1070 2445 1186 2502 ἴδια
1246 2447 1339 2521 μὲν
1388 2452 1487 2503 τοῦ
1537 2447 1736 2524 Κυρίου
1786 2449 1878 2504 τὸν

216 2532 434 2606 κόσμον
487 2532 788 2608 λεγόντων,
823 2531 996 2597 ἰδίους
1036 2531 1094 2589 δὲ
1144 2539 1272 2596 τοὺς
1329 2534 1381 2590 ἐν
1438 2534 1609 2608 αὐτῷ,
1666 2534 1764 2590 κᾶν
1820 2557 1880 2592 τε

215 2617 416 2677 ἔλαενν
448 2623 639 2690 αὐτὸν,
672 2621 772 2678 κᾶν
802 2643 861 2677 τε
913 2625 986 2695 μὴ
1020 2625 1097 2698 (οἱ
1140 2625 1233 2697 μὲν
1274 2623 1380 2700 γὰρ
1431 2621 1694 2688 λαϐόντες
1743 2625 1880 2698 μετὰ

212 2715 307 2766 τοῦ
381 2711 526 2766 εἶναι
594 2708 733 2766 ἴδιοι
793 2712 870 2773 ὡς
923 2713 1210 2786 ποιήματα
1263 2714 1455 2785 αὐτοῦ,
1509 2713 1599 2769 καὶ
1657 2713 1879 2770 ἐτεκνώ-

213 2802 388 2872 θησαν
447 2801 626 2872 αὐτῷ,
697 2797 980 2873 δεξάμενοι
1047 2800 1136 2857 τὸν
1190 2801 1282 2857 ’ἐπὶ
1345 2807 1414 2876 τῇ
1475 2807 1622 2882 σφῶν
1700 2804 1875 2859 αὐτῶν

209 2889 468 2966 σωτηρίᾳ
545 2891 958 2966 παραγεγονότα
991 2907 1006 2923 ·
1075 2891 1128 2946 οἱ
1194 2888 1251 2946 δὲ
1321 2893 1398 2965 μὴ
1465 2887 1876 2966 παραλαϐόντες

207 2980 408 3048 αὐτὸν,
458 2977 556 3034 κᾶν
605 2977 739 3034 ἴδιοι
789 2980 941 3050 ὦσιν,
983 2981 1060 3042 ὡς
1109 2979 1340 3055 πλάσμα
1382 2980 1569 3052 αὐτοῦ,
1611 2979 1741 3038 ἀλλ’
1782 2981 1874 3039 οὖν

211 3071 267 3124 οὐ
319 3065 769 3143 παραδεξάμενοι
815 3067 998 3138 αὐτὸν,
1047 3071 1148 3134 τῆς
1199 3065 1448 3143 δευτέρας
1492 3073 1583 3126 καὶ
1631 3091 1871 3144 πνευμα-

207 3165 377 3228 τικῆς
433 3156 708 3219 υἱοθεσίας
765 3156 1096 3231 ἀπεξένωσαν
1165 3158 1407 3231 ἑαυτούς)
1457 3178 1470 3192 ·
1539 3159 1682 3215 οὕτω
1747 3165 1877 3235 γοῦν

207 3251 316 3302 τῶν
369 3245 585 3322 λογίων
625 3247 692 3301 τὰ
736 3243 847 3302 ἴδια
902 3247 992 3302 καὶ
1040 3246 1169 3310 τοὺς
1223 3245 1393 3311 ἰδίους
1443 3247 1878 3324 έρμηνευόντων,

211 3341 330 3397 πῶς
368 3335 442 3390 οὐ
479 3333 777 3410 βδελυκτὸν
819 3342 918 3406 τῆς
956 3335 1174 3408 πλάνης
1217 3333 1400 3411 ἕτερόν
1440 3357 1495 3392 τι
1533 3342 1652 3400 τοῖς
1697 3339 1879 3412 ῥήμα-

213 3445 293 3480 σιν
353 3417 856 3497 ὑποϐαλλόμενοι;
896 3427 1016 3480 Ὅτι
1065 3422 1124 3480 δὲ
1172 3422 1288 3481 ἴδια
1327 3425 1422 3481 τὸν
1472 3426 1680 3500 κόσμον
1723 3427 1880 3505 φησὶ,

210 3513 300 3569 καὶ
390 3513 452 3568 ἐκ
528 3513 738 3568 τούτων
821 3510 930 3569 ἔστι
991 3521 1174 3594 σαφῶς
1259 3519 1509 3591 συνορᾷν.
1590 3519 1689 3573 Ἦν
1753 3516 1879 3590 γὰρ,

212 3604 382 3682 orici,
438 3604 507 3660 τὸ
564 3607 682 3682 φῶς
733 3604 798 3658 τὸ
853 3603 1140 3674 ἀληθινὸν,
1201 3605 1229 3660 ὃ
1291 3604 1513 3682 φωτίζει
1561 3607 1736 3662 πάντα
1791 3605 1882 3660 ἄν-

215 3695 447 3766 θρωπον
497 3691 801 3768 ἐρχόμενον
849 3694 925 3756 εἰς
979 3695 1072 3750 τὸν
1121 3696 1354 3767 κόσμον.
1411 3700 1576 3750 Ποῖον
1634 3695 1884 3768 κόσμονί

217 3780 496 3853 δηλονότι
550 3782 646 3838 τὸν
711 3781 992 3854 αἰσθητόν.
1066 3783 1164 3839 Καὶ
1221 3784 1354 3839 πότε
1427 3783 1725 3858 ἐφώτισεν;
1793 3784 1883 3840 ὅτε

219 3872 601 3947 παραγέγονεν
663 3871 716 3926 ἐν
781 3872 951 3943 αὐτῷ.
1012 3873 1152 3927 Πότε
1231 3871 1289 3927 δὲ
1362 3873 1736 3949 παραγέγονε;
1813 3875 1881 3930 Τὸ

219 3959 570 4036 Εὐαγγέλιον
641 3961 744 4036 βοᾷ
777 3980 791 3994 ⁶
857 3963 948 4017 Ἔν
1005 3966 1086 4034 τῷ
1143 3963 1338 4036 κόσμῳ
1385 3964 1488 4040 γὰρ
1546 3963 1637 4034 ἦν,
1696 3964 1830 4040 φησί
1863 3981 1880 3996 ⁶

216 4054 445 4112 πάντως
474 4053 578 4126 γὰρ
610 4049 664 4105 έν
694 4055 776 4122 τῷ
822 4050 1063 4124 αἰσθητῷ
1109 4053 1301 4126 κόσμῳ
1332 4049 1407 4106 ὢν
1457 4052 1547 4108 τὸν
1581 4052 1884 4127 ἐρχόμενον

218 4142 298 4204 εἷς
325 4142 428 4197 τὸν
473 4140 737 4210 αἰσθητὸν
786 4142 994 4213 κόσμον
1041 4141 1320 4214 ἐφώτιζεν.
1373 4143 1507 4197 Εἶτα
1553 4143 1700 4204 τίνος
1744 4143 1809 4212 ἦν
1855 4144 1884 4198 ὁ

217 4233 439 4304 κόσμος
469 4230 709 4304 ποίημα,
751 4228 803 4284 ἐν
835 4231 880 4302 ᾧ
908 4251 968 4286 τε
998 4230 1159 4293 αὐτὸς
1187 4232 1278 4302 ἦν,
1318 4231 1407 4287 καὶ
1439 4233 1532 4287 τὸν
1583 4230 1885 4306 ἐρχόμενον

220 4321 298 4383 εἷς
363 4319 531 4375 αὐτὸν
588 4322 666 4393 (3)
719 4317 1000 4397 ἐφώτιζεν,
1060 4321 1161 4375 οὐκ
1210 4318 1444 4377 ἄλλοθεν
1521 4317 1632 4377 ἔστι
1695 4324 1882 4394 μαθεῖν

1990 1916 2222 1973 oracula
2251 1919 2320 1973 ad
2344 1919 2593 1991 ineptias
2626 1922 2683 1974 et
2704 1936 2888 1990 nugas
2917 1920 3318 1975 transferunt?
3347 1919 3636 1984 Quoniam

1993 2005 2174 2077 igitur
2202 2006 2436 2063 Domini
2471 2009 2641 2064 verba
2673 2009 2910 2080 propria
2949 2009 3180 2066 Domini
3212 2010 3502 2065 mundum
3535 2027 3635 2068 vo-

1994 2100 2146 2162 cant,
2181 2097 2443 2168 preprios
2473 2114 2609 2154 vero
2635 2098 2782 2168 ejus,
2815 2098 2912 2169 qui
2945 2098 3004 2153 in
3037 2115 3102 2155 eo
3129 2103 3287 2166 sunt,
3321 2099 3444 2156 sive
3476 2116 3634 2156 rece-

1991 2185 2188 2259 perint
2213 2187 2508 2253 eum,sive
2540 2189 2738 2244 minus
2769 2189 2928 2258 (nam
2960 2189 3060 2260 qui
3093 2193 3454 2260 receperunt,
3477 2194 3636 2260 post-

1991 2291 2190 2347 quam,
2215 2279 2281 2331 ut
2301 2280 2601 2346 creaturis,
2625 2277 2755 2347 ejus
2773 2278 2897 2348 jam
2920 2277 3350 2348 fuerant,etiam
3374 2278 3480 2333 filii
3503 2279 3634 2349 ejus

1989 2364 2178 2421 eil'eeti
2209 2369 2367 2435 sunt,
2401 2381 2581 2437 quam
2613 2365 2871 2437 primum
2902 2382 3059 2435 eum,
3093 2367 3191 2439 qui
3233 2366 3442 2423 salutis
3481 2367 3638 2438 ipso-

1989 2469 2116 2508 rum
2151 2467 2328 2511 causa
2349 2454 2864 2526 venerat,amplexi
2897 2461 3074 2511 sunt:
3109 2456 3206 2527 qui
3236 2471 3369 2512 vero
3401 2473 3516 2513 non
3543 2473 3638 2514 re-

1987 2548 2288 2614 ceperunt,
2322 2544 2591 2615 quamvis
2621 2544 2841 2616 prOprii
2871 2545 3006 2612 sint,
3041 2553 3318 2616 tanquam
3366 2551 3636 2603 creatura

1985 2633 2135 2703 ejus,
2172 2632 2280 2698 illi,
2311 2650 2428 2690 non
2479 2634 2846 2704 recipientes,
2895 2634 3120 2705 seipsos
3149 2634 3432 2706 dignitate
3479 2635 3636 2692 filio-

1985 2737 2113 2777 rum
2169 2721 2566 2792 spiritualium
2617 2723 2966 2793 privarunt),
3013 2725 3314 2794 quoniam,
3362 2725 3631 2797 inquam,

1984 2809 2310 2882 evangelica
2353 2812 2526 2867 verba
2569 2813 2797 2883 propria
2826 2821 2876 2868 et
2919 2815 3174 2885 praprios
3216 2813 3298 2868 ita
3335 2814 3626 2886 interpre-

1984 2901 2509 2972 tantur,quomodo
2532 2918 2646 2958 non
2663 2901 3090 2958 abominandus
3111 2907 3421 2960 esteorum
3443 2920 3626 2973 error,

1982 2989 2078 3060 qui
2111 2989 2287 3045 aliam
2330 2989 2626 3046 notionem
2657 2989 2848 3047 verbis
2895 2991 3268 3062 subjiciunt?
3296 2993 3457 3057 Quod
3491 3009 3624 3050 vero

1982 3082 2210 3150 propria
2239 3080 2525 3134 mundum
2559 3084 2740 3141 vocet,
2772 3079 2910 3136 inde
2939 3079 3115 3136 etiam
3148 3080 3475 3138 clarissime
3503 3099 3632 3154 per-

1987 3167 2128 3238 spici
2189 3172 2390 3238 potest.
2445 3169 2578 3224 Erat
2635 3170 2804 3236 enim,
2864 3168 3072 3239 inquit,
3133 3170 3232 3225 tua:
3296 3186 3445 3238 vera,
3505 3186 3632 3242 quae

1988 3256 2275 3312 illuminat
2329 3256 2605 3314 hominem
2658 3273 2874 3314 omnem
2935 3259 2995 3313 in
3059 3260 3337 3315 mundum
3404 3261 3634 3316 venien-

1988 3354 2114 3403 tem.
2161 3345 2231 3402 ³³.
2289 3346 2471 3410 Quem
2546 3346 2742 3402 innuit
2799 3347 3130 3403 mundum?
3193 3349 3434 3405 omnino
3491 3364 3631 3404 sen-

1989 3435 2243 3493 sibilem.
2292 3437 2537 3504 Quando
2587 3452 2718 3494 vero
2761 3436 3162 3494 illuminavit?
3201 3454 3338 3494 cum
3382 3439 3442 3494 in
3493 3453 3631 3496 eum

1988 3525 2166 3582 venit.
2246 3527 2490 3593 Quando
2566 3543 2698 3584 vero
2775 3527 2978 3583 venit?
3051 3526 3427 3599 Evangeiium
3507 3527 3634 3585 cla-

1990 3619 2154 3672 mat:
2215 3615 2278 3671 Ιη
2339 3616 2544 3673 mundo
2600 3617 2754 3672 enim
2809 3624 2946 3683 erat,
3007 3618 3324 3689 inquiens;
3395 3619 3632 3676 omnino

1987 3703 2144 3760 enim
2158 3703 2219 3760 in
2237 3705 2502 3761 sensibili
2523 3706 2746 3763 mundo
2759 3705 3050 3763 exsistens
3069 3706 3366 3762 hominem
3385 3708 3444 3762 in
3469 3724 3637 3764 mun-

1990 3794 2132 3849 dum
2164 3793 2500 3850 sensibilem
2526 3795 2852 3851 venientem
2890 3794 3443 3853 illuminavit.Porro
3466 3797 3635 3866 cujus

1991 3882 2166 3937 fuerit
2215 3887 2479 3938 creatura
2527 3883 2804 3950 mundus,
2837 3884 2896 3938 in
2949 3901 3062 3954 quo
3109 3889 3166 3940 et
3213 3884 3340 3956 ipse
3386 3890 3532 3953 erat,
3579 3889 3638 3941 et

1992 3970 2312 4026 venientem
2337 3973 2396 4026 in
2421 3971 2589 4026 illum
2622 3971 3134 4040 illuminabat,non
3157 3971 3392 4029 aliunde
3418 3975 3636 4030 rectius

1991 4061 2256 4126 discitur,
2279 4077 2452 4130 quam
2483 4077 2552 4116 ex
2581 4061 2726 4130 ipsis
2755 4061 2944 4116 verbis
2973 4061 3322 4132 evangelicis
3350 4078 3364 4118 :
3397 4063 3637 4118 Mundus

1993 4153 2162 4216 enim,
2195 4150 2408 4222 inquit,
2442 4167 2544 4219 per
2575 4153 2755 4222 ipsum
2784 4152 2963 4220 factus
2987 4159 3066 4206 est
3093 4157 3147 4206 et
3184 4150 3426 4206 mundus
3458 4154 3640 4220 ipsum

1993 4257 2101 4296 non
2133 4241 2384 4309 cognovit
2405 4240 2541 4295 ".ld
2574 4239 2729 4312 quod
2757 4238 2950 4294 simile
2979 4245 3067 4294 est
3095 4237 3262 4294 alteri
3292 4237 3374 4294 illi
3401 4254 3414 4293 :
3449 4241 3508 4294 In
3537 4255 3640 4294 sua

1994 4332 2163 4399 venit,
2194 4337 2246 4385 et
2292 4331 2384 4386 sui
2421 4344 2532 4385 non
2561 4329 2882 4401 receperunt
2920 4345 3064 4386 eum.
3097 4327 3292 4394 Vides,
3343 4329 3637 4400 quomodo

224 4411 358 4467 ἀλλ’
385 4411 425 4480 ἢ
470 4410 520 4480 ἐξ
552 4409 732 4466 αὐτῶν
779 4415 887 4501 τῶν
938 4410 1308 4489 εύαγγελικῶν
1361 4411 1646 4489 ῥημάτων.
1683 4418 1738 4469 ‘0
1786 4415 1881 4471 κόο

1995 4419 2208 4476 veritas
2239 4419 2613 4490 undiquaque
2658 4417 2768 4474 sibi
2799 4417 3200 4474 testimonium
3233 4418 3399 4486 ferat,
3431 4423 3488 4474 et
3536 4417 3639 4473 lux

225 4521 368 4575 σμος
407 4501 541 4576 γὰρ,
603 4500 758 4579 φησί,
800 4497 870 4556 δι’
926 4501 1095 4557 αὐτοῦ
1154 4501 1391 4577 ἐγένετο,
1447 4503 1538 4558 καὶ
1597 4505 1626 4558 ὁ
1683 4504 1881 4578 κόσμος

1998 4510 2127 4580 ejus
2149 4508 2339 4580 magis
2364 4510 2549 4580 magis
2573 4524 2698 4580 qua:
2722 4506 3199 4580 aﬂ‘ulgeatipsam
3219 4505 3642 4579 quaerentibus?

226 4591 392 4646 αὐτὸν
466 4591 573 4646 οὐκ
627 4585 790 4667 ἔγνω.
857 4594 922 4650 ⁸0
974 4588 1090 4648 ἴσον
1147 4590 1259 4648 ἐστί
1316 4597 1418 4665 τῷ,
1486 4593 1579 4656 Εἰς
1634 4594 1701 4649 τὰ
1775 4591 1891 4651 ἴδια

225 4680 393 4751 ἦλθε,
431 4679 529 4734 καὶ
571 4679 625 4734 οἱ
673 4676 810 4735 ἴδιοι
856 4677 1014 4735 αὒτὸν
1061 4681 1124 4736 οὐ
1172 4676 1506 4754 παρέϐαλον.
1565 4685 1726 4758 Ὁρᾷς
1769 4689 1891 4748 πῶς

226 4770 583 4846 πανταχόθεν
641 4769 779 4840 αὗτή
849 4769 1013 4845 ἑαυτῇ
1075 4777 1336 4849 μαρτυρεῖ
1391 4774 1426 4842 ἡ
1483 4770 1754 4844 ἀλήθειας
1802 4774 1893 4830 καὶ

301 4919 349 4956 ³¹
379 4919 589 4978 Matth.
620 4935 743 4990 xm,
773 4919 867 4975 57.
941 4919 988 4956 ³³
1012 4919 1182 4978 Joan.
1214 4938 1254 4994 ι,
1291 4920 1351 4978 9.
1429 4921 1478 4958 ³³
1503 4927 1674 4983 Joan.
1705 4940 1745 4994 ι,
1781 4925 1867 4988 19.

2001 4598 2484 4669 Quandoquidem
2500 4595 3054 4667 igitursanctissima
3068 4595 3302 4652 oracula
3315 4595 3548 4651 etmund
3559 4610 3645 4650 um

2004 4687 2164 4744 hunc
2221 4686 2508 4742 visibilem
2555 4688 2786 4758 propria
2831 4685 3154 4742 Servatoris
3201 4688 3404 4751 vocat;
3457 4690 3513 4740 et
3544 4699 3648 4755 per

2005 4793 2141 4834 eum
2165 4777 2386 4832 factum
2417 4792 2544 4832 esse
2566 4775 2987 4848 pronuntiat,et
3007 4773 3231 4845 eos,qui
3262 4772 3322 4830 in
3354 4775 3645 4831 mundum

1409 5074 1648 5132 νΑιιΙιΕ
1686 5075 2081 5136 LECTIONES
2121 5076 2206 5132 ET
2244 5074 2478 5134 NOTIE.
2564 5105 2566 5107 ν

304 5193 379 5265 (2)
414 5188 655 5266 Κόσμον.
692 5189 772 5266 Ex
815 5190 1238 5266 recentioribus
1285 5195 1414 5264 post
1457 5193 1721 5266 Grotium
1769 5193 1895 5266 ple-

241 5260 400 5338 rique
434 5264 502 5318 τὰ
533 5260 658 5338 ἴδια
688 5263 761 5318 de
807 5263 1000 5338 domo,
1033 5280 1206 5338 quam
1253 5260 1520 5320 n'onnulli
1551 5266 1624 5338 de
1678 5260 1893 5338 templo

241 5335 606 5406 interpretati
638 5338 802 5403 sunt,
819 5336 1154 5404 accipienda
1187 5340 1480 5406 putarunt.
1502 5335 1646 5392 Vide
1677 5335 1894 5392 Full‘eri

240 5407 580 5465 Hiscellanea
639 5422 819 5473 saera,
867 5423 942 5474 iv,
1000 5409 1104 5474 i7;
1165 5411 1223 5463 et
1252 5407 1343 5464 J0.
1405 5408 1621 5464 Vorstii
1683 5409 1894 5465 Disser-

243 5488 358 5536 ωτι.
389 5483 448 5538 S.
487 5480 596 5551 lib.
630 5494 718 5546 in,
748 5494 800 5551 ο.
839 5479 903 5532 12
933 5494 947 5533 :
982 5477 1326 5536 Lambertus
1359 5483 1491 5546 Bos,
1525 5481 1600 5535 De
1623 5483 1894 5551 mysterio

244 5551 484 5624 ellipseo:
517 5550 726 5624 Grzgcg
747 5550 979 5624 tingue)
1002 5551 1062 5606 in
1083 5552 1349 5607 eamdem
1381 5550 1732 5624 sententiam
1757 5551 1895 5624 sub-

247 5619 512 5695 intelligit
563 5619 880 5695 οἷ’κήματα.
931 5622 1077 5695 cum
1136 5626 1336 5695 nostro
1389 5623 1525 5678 facit
1582 5621 1894 5695 Theophy-

250 5692 528 5756 lactus'ad
561 5693 763 5752 locum
789 5693 1063 5766 Joannis,
1079 5693 1168 5751 vel
1198 5695 1488 5754 mundum
1519 5692 1607 5752 vel
1636 5692 1896 5755 Judisa'm

2004 5193 2310 5266 speciatim
2341 5194 2434 5266 hic
2465 5193 2782 5266 signiﬁcari
2830 5193 3116 5251 scribens.
3148 5189 3294 5250 ’Ἰδια
3335 5189 3522 5266 αὐτοῦ,
3554 5195 3646 5250 in-

2005 5263 2132 5338 quit
2156 5263 2293 5338 isﬁj
2323 5264 2415 5338 τὸν
2464 5264 2595 5338 ὅλον
2625 5264 2830 5338 κόσμον
2858 5266 3094 5338 Δνοήσεις
3133 5266 3170 5336 ἢ
3210 5266 3312 5333 τήν
3352 5263 3642 5324 Ἰουδαίαν.

2075 5340 2162 5411 (3)-
2192 5337 2295 5411 Τὸν
2341 5335 2641 5411 ἐρχόμενον
2687 5335 2782 5411 εἷς
2814 5335 2995 5411 αὐτόν.
3039 5335 3225 5393 Verba
3277 5339 3475 5411 itaque
3526 5340 3645 5411 haec

2005 5407 2094 5482 ad:
2134 5407 2443 5482 ἅνθρωπὸν’
2478 5407 2649 5465 refert
2728 5409 2990 5477 Pbotius,
3046 5407 3474 5482 consentientes
3531 5410 3645 5465 sibi

2003 5480 2563 5553 habens‘plerosque
2593 5482 3069 5539 omneanterim
3105 5487 3266 5548 sunt,
3298 5480 3399 5552 qui
3440 5485 3646 5553 putant

2004 5552 2130 5627 haec
2156 5554 2227 5627 ad
2261 5555 2374 5627 <99:
2397 5553 2541 5627 sive
2571 5553 2863 5627 {Ibi-istum
2911 5553 3107 5625 ipsum
3154 5552 3462 5627 respicere.
3483 5553 3644 5627 Lege

2003 5624 2066 5706 Β..
2099 5623 2524 5751 ,ἷὲὶὲδἘεοιηὶᾑ
2575 5623 2953 5682 Philocaliam
2998 5641 3141 5681 sacr.
3189 5623 3428 5681 thesibu:
3475 5623 3646 5680 bibli-

2003 5710 2142 5751 σω..
2265 5735 2278 5751 .

2003 5696 2104 5765 eis,
2131 5697 2160 5769 §
2185 5696 2278 5752 20.
