4074 6208
391 346 468 410 99
691 423 694 425 λ
1595 339 1862 404 PHOTII
1907 345 2034 407 ΡΛἿ

2147 347 2433 409 ΑΒΟΗΕ
2476 343 2591 406 CP.

3678 346 3808 408 100

391 481 650 546 veniunt,
686 497 800 538 non
825 480 1031 545 alium,
1063 494 1237 551 quam
1271 478 1462 550 ipsum
1504 477 1860 548 illuminare,
1892 497 2034 538 con-

2149 482 2211 537 τὸ
2262 486 2377 558 φῶς
2419 479 2582 550 αὐτῆς
2631 477 2850 553 μᾶλλον
2901 477 3212 552 ἀναλάμπει
3260 483 3377 541 τοῖς
3437 480 3800 548 ἐπιζητοῦσιν

397 574 614 635 firmat,
649 572 936 644 quomodo
974 586 1083 626 non
1136 569 1597 626 contremiscunt
1628 568 1913 640 homines,
1947 572 2043 626 de-

397 663 670 720 fectionis
718 678 852 716 vera
909 659 1240 732 progenies,
1288 662 1345 712 et
1402 657 1538 712 mali
1597 658 1862 729 principii
1912 659 2036 728 filii,

402 753 637 824 quando
669 750 844 807 alium
878 748 1113 822 quidem
1147 747 1350 802 mundi
1383 745 1628 802 visibilis
1677 747 2036 804 conditorem

394 843 609 906 ferunt,
627 841 806 896 alium
839 855 971 895 vero
1006 853 1162 902 eum,
1185 836 1286 907 qui
1306 836 1633 892 venientem
1658 837 1715 891 in
1751 839 2036 894 mundum

390 930 699 994 illuminel,
717 943 1006 1000 quemque
1035 925 1372 982 substantia:
1404 925 1790 998 intelligibilis
1810 933 2035 984 tantum

395 1021 659 1092 opificem
692 1018 1035 1088 profitentur
1052 1017 1080 1070 ?

2149 570 2308 626 αὐτόν
2337 592 2351 641 ;
2383 576 2502 626 Τῶν
2537 568 2629 625 οὗν
2675 569 2836 644 ἰερῶν
2873 567 3133 644 ῥημάτων
3179 569 3270 623 καὶ
3297 566 3416 622 τίδια
3461 571 3559 622 τοῦ
3604 574 3809 638 Σωτῆ-

2152 679 2242 733 ρος
2292 659 2513 714 τουτονὶ
2571 659 2661 713 τὸν
2725 658 3003 732 ὁρώμενον
3062 656 3266 730 κόσμον
3321 655 3662 725 καλούντων,
3708 657 3808 710 καὶ

2149 747 2219 802 δι’
2284 745 2450 804 αἰ)τοῦ
2507 746 2882 822 κηρυττόντων
2953 745 3111 802 αὐτὸν
3187 746 3451 822 γενέσθαι,
3520 747 3613 800 καὶ
3671 745 3807 807 τοὺς

2148 837 2482 912 ἐρχομένους
2534 837 2611 899 εἷς
2653 838 2743 890 τὸν
2803 835 3008 910 κόσμον
3059 835 3158 890 οὐκ
3204 833 3400 907 ἄλλον,
3455 833 3582 890 ἀλλ’
3633 835 3806 890 αὐτὸν

2147 926 2279 981 εἶναι
2313 929 2404 983 τὸν
2447 927 2749 1006 φωτίζοντα
2781 945 2793 958 '
2838 930 2962 990 πῶς
2992 927 3054 981 οὐ
3085 927 3378 1003 πεφρίκασι
3409 927 3477 979 τὰ
3521 931 3621 992 τῆς
3653 925 3800 979 ἀπο-

2147 1016 2364 1079 στασίας
2419 1018 2492 1078 ὡς
2541 1017 2765 1087 ἀληθῶς
2840 1013 3158 1089 πλάσματα,
3214 1015 3304 1069 καὶ
3357 1018 3457 1070 τοῦ
3537 1015 3798 1087 Πονηροῦ

395 1110 579 1173 τέκνα,
637 1105 808 1161 ἄλλον
861 1103 956 1176 μὲν
1019 1102 1323 1178 εἰσάγοντες
1375 1101 1718 1180 δημιουργὸν
1766 1108 1862 1159 τοῦ
1893 1104 2177 1180 ὁρωμένου
2231 1107 2466 1180 κόσμου,
2494 1101 2678 1180 ἓτερον
2743 1103 2799 1160 δὲ
2845 1105 2940 1161 τὸν
2997 1106 3303 1182 φωτίζοντα
3347 1103 3440 1159 τὸν
3490 1102 3793 1180 ἐρχόμενον

395 1200 472 1262 είς
500 1201 591 1254 τὸν
615 1197 845 1268 κόσμον,
876 1193 1107 1268 κόσμον,
1147 1196 1204 1252 ὃν
1236 1201 1339 1265 τῆς
1365 1201 1563 1266 νοητῆς
1597 1195 1767 1268 μόνον
1801 1192 2118 1270 δημουργὸν
2149 1195 2566 1252 καταλείπουσιν
2603 1197 2986 1265 ὑποστάσεως;

469 1286 637 1342 IX.Et
649 1283 1072 1341 absurditatem
1087 1285 1170 1340 rei
1183 1283 1414 1340 aliunde
1425 1283 2036 1355 quoquemanifestam

389 1377 579 1432 facere
603 1373 753 1429 licet:
787 1373 845 1428 Si
869 1373 1024 1428 enim
1048 1373 1346 1429 terrestria
1385 1372 1518 1428 Mali
1557 1377 1718 1439 sunt,
1750 1372 2038 1444 quomodo

390 1461 689 1528 sustinuit,
716 1459 980 1530 frugibus
1009 1460 1117 1526 uti,
1143 1475 1288 1531 quas
1313 1464 1579 1516 creatura
1607 1459 1744 1516 Mali
1772 1459 2036 1531 protulit,

386 1552 470 1608 ita
502 1555 566 1607 ut
588 1567 742 1606 nunc
775 1567 843 1605 ex
873 1549 1136 1620 quinque
1182 1548 1456 1620 panibus,
1489 1565 1645 1605 nunc
1688 1566 1758 1604 ex
1791 1557 2037 1620 septem,

390 1641 604 1698 multas
619 1640 902 1712 myriadas
917 1643 1044 1694 satu
1055 1639 1235 1694 reret?
1247 1638 1426 1694 Multo
1439 1639 1590 1694 enim
1606 1639 1792 1694 satius
1806 1639 2038 1709 Deoque

2219 1285 2292 1339 8'.
2327 1284 2427 1339 Καὶ
2458 1282 2767 1359 ἀλλαχόθεν
2791 1281 2850 1339 ἄν
2880 1304 2964 1344 τις
2993 1282 3056 1336 τὸ
3087 1280 3288 1338 ἄτοπον
3320 1278 3578 1352 ἐπιδείξοι
3599 1282 3802 1338 ἀνακα-

2150 1373 2510 1448 λυπτόμενον.
2546 1372 2608 1430 Εἰ
2639 1375 2740 1448 γὰρ
2778 1374 2846 1428 τὰ
2876 1371 3091 1447 έπίγειά
3111 1371 3224 1428 ἐστι
3245 1375 3342 1426 τοῦ
3364 1375 3644 1446 Πονηροῦ,
3677 1377 3800 1434 πῶς

2147 1462 2413 1539 ἠνέσχετο
2446 1461 2535 1518 διὰ
2562 1463 2670 1518 τῶν
2720 1466 2966 1537 καρπῶν,
2999 1463 3093 1523 οὓς
3125 1459 3285 1539 ἔφυσε
3328 1460 3392 1514 τὸ
3433 1460 3656 1533 ποίημα
3700 1460 3801 1515 τοῦ

2149 1555 2422 1627 Πονηροῦ,
2452 1554 2613 1606 τοῦτο
2649 1550 2742 1624 μὶν
2788 1550 2877 1604 καὶ
2909 1548 2969 1604 ἐκ
3019 1549 3171 1604 πέντε
3211 1544 3413 1623 ἄρτων,
3443 1551 3605 1603 τοῦτο
3655 1544 3716 1602 δὲ
3745 1545 3801 1617 ἐξ

2146 1640 2301 1710 ἑπτὰ,
2358 1639 2575 1703 πολλὰς
2638 1636 2904 1715 μυριάδας
2961 1639 3269 1714 χορτάσαι;
3327 1635 3488 1708 Πόσῳ
3542 1637 3646 1712 γὰρ
3722 1637 3794 1707 ἧν

394 1728 834 1788 convenientius
865 1733 990 1784 erat
1018 1727 1344 1800 disciplinae
1374 1744 1490 1784 suae
1523 1729 1793 1784 alumnos
1826 1744 1940 1784 non
1975 1743 2034 1783 ex

2149 1725 2370 1802 ἄμεινον
2413 1729 2502 1782 καί
2553 1725 3004 1800 θεοπρεπέστερον
3057 1727 3132 1798 μὴ
3182 1724 3233 1796 ἐξ
3291 1723 3597 1798 ἀλλοτρίων
3645 1744 3786 1799 καρ-

391 1821 684 1877 fructibus
700 1819 925 1886 alienis,
950 1820 1048 1874 sed
1065 1819 1134 1873 de
1149 1818 1273 1873 suis
1287 1818 1456 1874 rebus
1472 1833 1723 1889 pascere.
1745 1818 1865 1872 Imo
1889 1832 2035 1889 quo-

395 1912 567 1966 modo
590 1909 650 1964 in
671 1909 1007 1964 universum
1031 1907 1162 1963 cibo
1187 1911 1290 1963 aut
1311 1911 1448 1978 potu
1470 1908 1593 1977 ipse
1615 1923 1754 1963 usus
1777 1911 1886 1974 est,
1906 1909 2037 1963 tan-

395 2016 571 2071 quam
605 1998 897 2053 fructibus
927 2011 1169 2068 operum
1211 1995 1486 2068 principii
1516 1996 1704 2052 mali?
1740 1995 2039 2060 Quomodo

389 2090 600 2146 iterum
642 2103 791 2144 cwco
823 2085 1015 2143 oculos
1043 2087 1343 2143 fabricans
1373 2103 1490 2142 non
1522 2103 1590 2142 ex
1630 2085 1745 2142 alia
1775 2085 2037 2149 materia,

390 2195 567 2252 quam
600 2194 667 2234 ex
696 2183 850 2234 terra
881 2180 936 2232 et
965 2193 1139 2249 aqua,
1171 2193 1298 2248 quae
1331 2181 1496 2232 erant
1536 2175 1690 2244 Mali,
1721 2176 1914 2231 visum
1951 2190 2040 2231 re-

387 2268 597 2335 stituit,
621 2284 826 2338 operas
851 2283 982 2322 cum
1004 2266 1173 2323 hoste
1195 2268 1470 2336 partitus,
1494 2270 1664 2336 atque
1695 2265 1780 2319 illi
1803 2265 2037 2336 quidem

387 2359 613 2429 potiora
638 2356 1002 2428 permittens,
1025 2355 1151 2426 ipse
1174 2370 1308 2410 vero
1328 2358 1549 2424 partem
1575 2369 1738 2408 suam
1756 2370 1824 2409 ex
1849 2352 2040 2408 aliena

392 2446 656 2512 materia,
675 2451 954 2515 tanquam
969 2443 1068 2513 qui
1087 2442 1318 2512 propria
1333 2442 1754 2508 sitdestitutus,
1776 2445 1833 2496 et
1851 2441 2040 2496 aliena

394 2534 725 2590 accessione
744 2530 998 2601 explens.
1016 2531 1204 2600 Hujus
1227 2534 1400 2594 certe,
1426 2530 1474 2584 si
1499 2529 1720 2585 nullius
1741 2534 2034 2600 praeterea,

389 2625 603 2694 pudere
620 2621 864 2676 debebat
878 2619 1145 2674 homines
1161 2619 1606 2689 perditissimos,
1626 2623 1692 2673 ut
1712 2617 2038 2674 considera-

385 2718 514 2767 rent
537 2709 824 2783 quod,qui
851 2707 1052 2764 oculos
1085 2707 1355 2763 formavit
1384 2724 1451 2762 ex
1473 2707 1615 2775 luto,
1636 2708 1760 2778 ipse
1789 2723 1917 2763 vere
1946 2712 2036 2763 est

387 2798 459 2864 is,
493 2797 594 2868 qui
625 2797 696 2852 ab
743 2795 912 2851 initio
944 2794 1240 2851 hominem
1274 2811 1341 2850 ex
1386 2793 1508 2851 luto
1535 2793 1814 2851 condidit.
1852 2793 2034 2865 Cujus

390 2885 545 2942 enim
567 2883 817 2940 materias
851 2899 987 2954 pars
1017 2887 1128 2950 est,
1146 2883 1410 2953 eiusdem
1443 2899 1677 2954 quoque
1701 2886 1789 2937 est
1808 2885 2028 2937 totum:

394 2979 451 3031 et
480 2990 648 3044 quem
682 2972 1037 3029 conditorem
1061 2971 1263 3028 habuit
1281 2973 1640 3042 universum,
1663 2988 1794 3026 eum
1818 2975 1876 3026 et
1897 2987 2032 3042 pars

2148 1823 2288 1886 πῶν,
2346 1816 2474 1872 ἀλλ’
2533 1817 2749 1872 οἰκείων
2824 1813 3332 1890 δημιουργημάτων
3388 1814 3595 1890 τρέφειν
3650 1813 3790 1876 τοὺς

2153 1907 2717 1982 μυσταγωγουμένους
2743 1905 2892 1977 αὐτῷ
2923 1905 2934 1959 l
2969 1902 3196 1960 Μᾶλλον
3231 1903 3289 1958 δὲ
3318 1907 3435 1964 πῶς
3467 1901 3611 1962 ὅλως
3655 1922 3796 1977 τρο-

2148 1998 2254 2074 φὴν
2291 1994 2327 2065 ἢ
2367 1996 2534 2050 ποτὸν
2583 1993 2744 2056 αὐτὸς
2791 1994 3224 2069 προσηνέγκατο,
3254 1991 3288 2047 ἃ
3335 1991 3540 2066 καρπὸς
3580 1992 3647 2060 ἦν
3688 1995 3800 2046 τῶν

2147 2085 2322 2163 ἔργων
2353 2089 2451 2140 τοῦ
2498 2087 2792 2157 Πονηροῦς
2844 2087 2966 2143 Πῶς
2999 2079 3058 2136 δὲ
3103 2081 3270 2137 πάλιν
3317 2079 3640 2159 ὀφθαλμοὺς
3693 2077 3802 2151 δη-

2153 2177 2427 2249 μιουργῶν
2458 2177 2536 2244 τῷ
2563 2171 2755 2251 τυφλῷ
2795 2172 2896 2226 οὐκ
2925 2169 2974 2244 ἐξ
3015 2169 3194 2242 ἄλλης
3234 2169 3374 2241 ὕλης
3420 2168 3548 2226 ἀλλ’
3581 2169 3642 2225 ἐκ
3690 2176 3799 2247 γῆς

2147 2263 2236 2318 καὶ
2269 2261 2480 2331 ὕδατος,
2533 2261 2666 2335 ἅπερ
2706 2261 2773 2330 ἦν
2809 2265 2905 2315 τοῦ
2954 2263 3225 2334 Πονηροῦ,
3255 2261 3354 2328 τὴν
3406 2255 3531 2332 ὄψιν
3580 2259 3802 2314 ἐκαινο-

2146 2352 2311 2417 ποίει,
2351 2350 2651 2428 μονονουχὶ
2692 2350 3167 2424 συμμεριζόμενος
3192 2353 3272 2421 τῷ
3310 2349 3544 2422 Ἐκθρῷ,
3575 2347 3669 2403 καὶ
3719 2352 3806 2420 τῷ

2150 2442 2242 2514 μὲν
2273 2440 2422 2518 ἀφεὶς
2460 2441 2523 2495 τὸ
2553 2439 2721 2496 πλέον
2762 2445 2936 2494 ποιεῖν
2973 2458 2987 2471 ·
3020 2437 3186 2500 αὐτὸς
3214 2435 3270 2492 δὲ
3298 2439 3361 2492 τὸ
3413 2439 3578 2512 μέρος
3610 2436 3662 2506 ἐξ
3693 2436 3803 2492 ἀλ-

2146 2529 2370 2605 λοτρίας
2427 2529 2565 2601 ὕλης
2605 2528 2789 2606 ὥσπερ
2847 2531 3064 2600 ἀπορῶν
3113 2527 3275 2597 ἰδίας,
3331 2533 3430 2584 τοῦ
3487 2526 3794 2602 ἀλλοτρίου

2142 2619 2467 2693 πλάσματος
2514 2619 2880 2694 ἂναπληρῶνς
2935 2620 3120 2673 Καίτοι
3152 2618 3201 2673 εἷ’
3255 2619 3416 2690 μήτι
3457 2615 3622 2689 ἄλλο,
3663 2616 3796 2673 ἀλλ’

2145 2709 2276 2764 αὐτό
2316 2730 2379 2783 γε
2423 2708 2585 2764 τοῦτο
2633 2709 2759 2770 τοὺς
2799 2707 3026 2771 ἀθλίους
3081 2704 3188 2762 ἔδει
3249 2704 3639 2776 δυσωπηθῆναι
3701 2708 3798 2762 καὶ

2141 2804 2495 2867 κατανοῆσαι,
2547 2798 2630 2852 ὅτι
2690 2798 2857 2860 ὅντως
2907 2797 2934 2852 6
2983 2794 3195 2858 πλάσας
3242 2797 3334 2850 τὸν
3395 2794 3684 2873 ὀφθαλμὸν
3727 2793 3790 2850 ἐκ

2142 2887 2351 2959 πηλοῦ,
2401 2886 2562 2948 αὐτός
2620 2886 2759 2941 ἐστιν
2806 2887 2834 2940 6
2892 2887 2983 2940 καὶ
3025 2886 3141 2941 κατ’
3186 2885 3364 2962 ἀρχὰς
3422 2882 3636 2946 πλάσας
3689 2884 3786 2938 τὸν

2147 2977 2428 3054 ἄνθρωπον
2462 2977 2521 3033 ἐκ
2567 2976 2773 3047 πηλοῦ.
2815 2975 2949 3038 Οῗας
2996 2977 3098 3052 γὰρ
3142 2975 3283 3046 ὕλης
3329 2974 3438 3030 ἐστὶ
3487 2973 3551 3028 τὸ
3603 2973 3792 3047 μέρος,

391 3039 614 3120 habuit.
647 3064 808 3118 Adde
837 3061 966 3118 his:
1000 3063 1049 3118 si
1080 3077 1293 3134 corpus
1325 3079 1358 3116 a
1380 3061 1530 3118 Malo
1563 3039 2028 3134 profectum'est,

2147 3075 2243 3137 τῆς
2286 3069 2454 3138 αὐτῆς
2485 3066 2575 3122 καὶ
2606 3067 2667 3122 τὸ
2699 3066 2853 3122 ὅλον·
2888 3067 2979 3121 καὶ
3010 3067 3068 3121 ’ὀν
3109 3061 3239 3143 ἔσχε
3266 3065 3329 3120 τὸ
3359 3062 3489 3119 ὅλον
3521 3060 3799 3139 δημιουρ-

391 3155 684 3225 quomodo
714 3152 868 3208 ﬂevit
907 3152 1057 3223 ipse,
1091 3169 1221 3208 cum
1257 3153 1313 3207 id
1357 3154 1415 3207 in
1451 3152 1660 3208 Lazaro
1710 3152 1940 3222 periret,
1974 3156 2032 3206 et

385 3244 676 3316 quomodo
727 3259 877 3313 opus
924 3242 1059 3298 Mali
1111 3241 1395 3298 abolitum
1451 3241 1579 3313 ipse
1626 3241 1929 3297 restituere
1977 3244 2033 3295 et

384 3334 444 3389 in
480 3335 654 3390 vitam
685 3333 1002 3400 vindicare,
1036 3349 1102 3389 ac
1143 3333 1416 3389 Lazarum
1452 3332 1801 3389 resuscitare
1849 3331 2028 3387 susti-

383 3423 554 3479 nuit?
574 3423 764 3493 ipsum
789 3439 1021 3494 quoque
1040 3423 1262 3478 Patrem
1288 3438 1354 3478 eo
1398 3427 1659 3491 tempore
1689 3419 2027 3490 implorans,

390 3516 455 3568 ut
483 3519 808 3568 creaturam
833 3511 968 3566 Mali
999 3511 1218 3581 Optime
1240 3511 1522 3581 perditam
1559 3511 1680 3581 ipse
1711 3510 1924 3565 iterum
1947 3524 2032 3563 re-

391 3601 586 3657 ﬁceret
615 3606 671 3657 et
700 3601 759 3655 in
805 3600 984 3656 vitam
1036 3601 1373 3656 revocaret?
1405 3601 1518 3655 Imo
1553 3599 1602 3654 si
1651 3615 1862 3671 corpus
1895 3596 2031 3654 mali

387 3695 477 3746 est
507 3690 799 3761 principii,
833 3690 1120 3761 quomodo
1163 3689 1352 3745 {ilium
1383 3689 1568 3744 viduas
1616 3693 1907 3744 mortuum
1943 3702 2030 3742 re-

384 3779 737 3838 suscitavit?
759 3780 1052 3852 quomodo
1079 3784 1164 3834 tot
1187 3778 1345 3834 mille
1367 3779 1480 3835 alia
1505 3777 2031 3848 miracula,quibus

389 3870 695 3926 hominum
730 3869 947 3941 profuit
995 3869 1357 3940 corporibus,
1406 3867 1802 3941 perpetravit?
1842 3883 2033 3923 nonne

383 3958 640 4032 denique
673 3959 1037 4016 centurionis
1068 3975 1232 4030 puer,
1269 3959 1418 4014 Petri
1460 3975 1685 4027 socrus,
1721 3955 1934 4012 mulier
1964 3972 2034 4012 ex

383 4050 586 4108 morbo
602 4050 877 4121 depressa
891 4048 940 4083 3‘
965 4047 1177 4105 femina
1199 4049 1507 4122 sanguinis
1530 4048 1687 4104 ﬂuxu
1710 4046 2032 4119 permultos

382 4156 566 4198 annos
611 4139 934 4206 debilitata,
967 4139 1240 4210 omnique
1289 4138 1490 4195 salutis
1534 4155 1637 4211 spe
1687 4137 1926 4208 privata,
1959 4134 2033 4191 le-

386 4231 564 4302 prosi,
617 4229 943 4300 paralytici,
979 4228 1194 4296 claudi,
1229 4228 1413 4294 surdi,
1474 4232 1646 4294 atque
1706 4225 1868 4280 mille
1917 4223 2032 4279 alia

383 4317 783 4374 calamitatum
815 4325 869 4372 et
901 4318 1240 4371 morborum
1273 4314 1555 4385 exempla,
1591 4331 1625 4369 a
1656 4314 1868 4384 quibus
1899 4328 2028 4366 cor-
2062 4361 2115 4424 D

383 4421 512 4424 ᾼΑΠκ
551 4404 828 4424 :_-_--__:_
868 4403 1118 4424 _-.I_I2.I!L
1150 4418 1161 4424 -
1197 4417 1387 4424 ___._-
1417 4403 1657 4424 :__-___.
1703 4400 1808 4424 :..n_
1837 4399 2024 4424 -..ιι-ε-

382 4421 524 4478 pora
551 4404 837 4458 immunia
868 4403 1122 4458 reddidit
1149 4418 1162 4456 :
1197 4400 1815 4471 nonne,inquam,isla
1835 4399 2031 4455 omnia

382 4495 590 4551 idonea
643 4497 783 4548 sunt
842 4492 912 4546 ad
973 4490 1410 4562 perfundendos
1467 4489 1676 4544 rubore
1733 4488 1887 4553 illos,
1930 4487 2032 4559 qui

385 4600 633 4657 corpora
679 4581 985 4638 hominum
1033 4577 1169 4636 Mali
1223 4582 1548 4634 creaturam
1599 4579 1850 4634 dicunt?
1888 4580 2035 4646 Quo-

383 4674 558 4730 modo
591 4671 748 4728 enim
773 4687 922 4744 opus
944 4669 1130 4726 hostis
1157 4667 1452 4742 perditum
1477 4668 1667 4725 bonus
1688 4669 1842 4724 Deus
1863 4683 2032 4726 reno-

382 4763 561 4832 vavit,
604 4777 794 4834 neque
837 4759 1030 4818 solum
1063 4775 1288 4825 eorum,
1334 4759 1431 4830 qui
1460 4760 1531 4815 ad
1564 4759 1757 4830 ipsum
1799 4775 1858 4815 se
1889 4759 2036 4815 reci-

391 4852 653 4924 piebant,
697 4851 853 4907 mala
902 4848 1317 4918 averruncavit,
1371 4850 1473 4905 sed
1521 4853 1580 4905 et
1637 4849 1762 4922 ipse
1815 4849 1886 4905 ad
1937 4865 2036 4905 eos

385 4940 652 4998 accessit.
682 4941 837 4997 Iesus
865 4939 1018 4995 enim
1047 4940 1207 4996 urbe:
1253 4956 1438 4997 omnes
1468 4949 1521 4996 et
1547 4941 1693 4996 vicos
1740 4938 1902 5006 obiit,
1933 4938 2032 4996 do-

384 5047 511 5088 cens
540 5031 603 5086 in
633 5032 927 5102 synagogi:
955 5033 1218 5103 ipsorum,
1252 5037 1304 5086 et
1349 5030 1569 5086 morbos
1598 5030 1778 5087 omni:
1820 5030 2036 5100 generi:

383 5137 448 5176 ac
487 5121 844 5192 inﬁrmitate:
890 5135 1094 5176 sanans
1123 5119 1190 5175 ³⁵.
1251 5120 1447 5192 Neque
1493 5119 1684 5176 solum
1745 5118 2034 5175 medelam

383 5209 505 5267 illis
537 5209 754 5276 attulit,
806 5210 1139 5281 factamque
1189 5211 1371 5266 tacuit
1420 5209 1796 5276 medicinam,
1829 5209 1929 5264 sed
1957 5212 2037 5277 et,

384 5305 452 5356 ut
482 5307 788 5358 narrarent
818 5299 972 5368 aliis,
1005 5299 1276 5373 praecepit
1309 5316 1321 5356 :
1369 5302 1572 5356 Euntes
1600 5301 1774 5366 enim,
1817 5298 2034 5369 inquit,

381 5393 704 5446 renuntiate
731 5391 936 5448 Joanni
962 5406 984 5448 :
1035 5389 1181 5447 Caeci
1222 5388 1431 5457 vident,
1479 5387 1675 5445 claudi
1729 5387 2040 5453 ambulant,

386 5479 590 5552 leprou’
613 5487 956 5554 purgantur,
1013 5479 1156 5536 muti
1184 5479 1442 5545 audiunt,
1487 5487 1538 5537 ει
1583 5477 1798 5536 mortui
1845 5494 2040 5534 resur-

457 5687 505 5726 ³⁸
538 5686 671 5745 Luc.
706 5702 832 5757 xm,
864 5687 950 5745 11.
1027 5685 1072 5722 ³⁸
1101 5684 1308 5744 Matth.
1343 5700 1420 5755 ιχ,
1461 5681 1549 5742 35.

2142 3159 2256 3232 γὸν,
2288 3157 2380 3211 τὸν
2432 3154 2590 3211 αὺτὸν
2641 3156 2730 3210 καὶ
2779 3156 2842 3209 τὸ
2901 3153 3085 3228 μέρος.
3120 3152 3345 3214 ’Ἄλλως
3399 3174 3459 3208 τε
3489 3149 3570 3221 δὲ,
3617 3151 3669 3206 εἴ
3725 3153 3794 3208 τὸ

2146 3246 2304 3318 σῶμά
2345 3245 2486 3302 ἐστιν
2533 3245 2592 3300 ἐκ
2621 3249 2716 3300 τοῦ
2767 3248 3036 3320 Πονηροῦ,
3086 3247 3205 3305 πῶς
3261 3240 3486 3298 ἔκλαυσε
3543 3238 3795 3318 διαφθει-

2144 3335 2378 3411 ρομένου
2407 3333 2572 3390 αὐτοῦ
2618 3333 2706 3388 ἐπὶ
2753 3337 2853 3387 τοῦ
2897 3333 3188 3407 Λαζάρους
3230 3329 3324 3386 λαὶ
3372 3335 3490 3393 πῶς
3535 3329 3800 3403 ὑπέμεινε

2141 3422 2500 3497 διαλυόμενον
2533 3423 2595 3477 τὸ
2644 3419 2802 3497 ἔργον
2833 3426 2931 3478 τοῦ
2981 3424 3238 3496 Πονηροῦ
3287 3420 3449 3482 αυτὸς
3479 3419 3647 3475 πάλιν
3697 3441 3793 3474 συ·-

2141 3514 2354 3589 σφίγξαι
2410 3513 2500 3566 καὶ
2547 3518 2910 3582 ζωοποιῆσαι,
2959 3511 3050 3566 καὶ
3097 3512 3190 3566 τὸν
3246 3511 3492 3585 Λάζαρον
3547 3510 3798 3579 ἀναστῆ-

2139 3623 2250 3669 σαι,
2295 3602 2384 3656 καὶ
2456 3603 2579 3656 τότε
2613 3602 2706 3656 τὸν
2732 3599 2875 3655 ’ἱδιον
2932 3599 3366 3672 ἐπικαλούμενος
3417 3597 3651 3674 Πατέρα,
3700 3598 3800 3654 ἵνα

2137 3692 2201 3747 τὸ
2232 3690 2461 3764 πλάσμα
2490 3693 2587 3745 τοῦ
2619 3694 2871 3762 Πονηροῦ
2901 3687 3088 3750 καλῶς
3141 3686 3593 3764 διαφθειρόμενον
3624 3687 3794 3750 αὐτὸς

2143 3778 2308 3836 πάλιν
2345 3779 2597 3853 ἀνασώσῃ
2629 3779 2720 3833 καὶ
2756 3779 2951 3853 ζωώσῃ
2980 3795 2993 3846 ;
3023 3778 3119 3832 Καὶ
3157 3777 3202 3832 εἰ
3249 3777 3313 3832 τὸ
3344 3776 3505 3850 σῶμά
3552 3775 3666 3831 ἐστι
3695 3779 3798 3830 τοῦ

2146 3873 2542 3944 Πονηροῦ,πῶς
2573 3869 2666 3922 τὸν
2695 3875 2796 3937 τῆς
2820 3869 3002 3942 χήρας
3031 3868 3146 3922 υἱὸν
3180 3869 3442 3923 τεθνεῶτα
3488 3866 3756 3937 ἀνέστησε
3781 3886 3796 3936 ;

2142 3963 2260 4020 πῶς
2314 3960 2409 4019 τὰς
2469 3955 2644 4021 ἄλλας
2705 3957 2900 4030 μυρίας
2960 3955 3311 4028 θεοσημείας,
3367 3956 3517 4016 ὅσαις
3573 3955 3641 4008 τὰ
3681 3958 3796 4008 τῶν

2147 4047 2446 4120 ἀνθρώπων
2518 4044 2840 4122 εὐεργέτησε
2899 4046 3148 4118 σώματα,
3201 4043 3557 4119 διεπράξατος
3615 4047 3670 4096 Ὁ
3727 4039 3792 4096 δὲ

2143 4141 2240 4192 τοῦ
2291 4135 2691 4209 ἑκατοντάρχου
2749 4139 2898 4205 παῖς,
2943 4137 2978 4204 ἡ
3030 4132 3088 4189 δὲ
3138 4138 3229 4189 τοῦ
3290 4132 3489 4208 Πέτρου
3535 4127 3796 4204 πενθερὰ,

2142 4226 2177 4293 ἡ
2246 4223 2622 4299 συγκύπτουσα
2667 4228 2748 4295 τῷ
2795 4225 2954 4279 πάθει
3005 4224 3159 4300 γυνὴ,
3219 4225 3254 4292 ἡ
3303 4227 3384 4295 τῷ
3429 4217 3797 4295 πολυχρονίῳ

2151 4312 2375 4386 ῥεύματι
2428 4311 2838 4388 κατασυρομένη
2889 4317 2986 4369 τοῦ
3035 4311 3271 4386 α’ίματος
3317 4313 3410 4366 καὶ
3457 4311 3628 4365 πᾶσαν
3688 4309 3808 4383 ἀφ-

2149 4401 2399 4477 ῃρημένη
2433 4399 2708 4475 σωτηρίας
2766 4400 2982 4471 ἐλπίδα,
3016 4404 3069 4457 οἱ
3119 4402 3334 4477 λεπροὶ,
3368 4401 3420 4455 οἱ
3465 4397 3801 4475 παράλύτοι,

2146 4492 2202 4545 οἱ
2242 4491 2442 4568 κωφοὶ,
2492 4493 2558 4545 τὰ
2610 4491 2776 4567 μυρία
2803 4497 2911 4547 τῶν
2952 4493 3138 4548 παθῶν
3167 4491 3258 4546 καὶ
3305 4495 3414 4546 τῶν
3460 4488 3793 4561 νοσημάτων

2145 4577 2298 4658 γένη,
2328 4582 2402 4635 ὧν
2454 4581 2704 4637 ἁπάντων
2751 4583 2982 4658 καθαρὸν
3032 4581 3235 4638 ἀπέλυε
3280 4581 3344 4636 τὸ
3390 4585 3573 4652 σῶμα.
3615 4582 3798 4633 Ταῦτα

2145 4670 2322 4726 πάντα
2350 4668 2452 4745 οὐχ
2505 4669 2663 4724 ἰκανά
2704 4675 3063 4746 καταισχῦναι
3106 4672 3234 4733 τοὺς
3281 4669 3540 4744 λέγοντας
3588 4666 3660 4721 τά
3687 4669 3801 4722 τῶν

2145 4760 2442 4835 ἀνθρώπων
2511 4759 2739 4834 σώματα
2797 4759 3094 4834 πλάσματα
3147 4764 3244 4815 τοῦ
3302 4761 3608 4832 Πονηροῦ;
3677 4760 3808 4820 Πῶς

2144 4851 2242 4925 γὰρ
2274 4849 2336 4904 τὸ
2367 4847 2598 4922 πλάσμα
2625 4853 2722 4904 τοῦ
2754 4850 2992 4924 Ἐχθροῦ
3027 4850 3054 4904 6
3086 4849 3287 4926 ἀγαθὸς
3316 4847 3453 4907 Θεὸς
3485 4844 3808 4924 διαφθειρό-

2150 4959 2308 5013 μενον
2352 4938 2672 5010 άνεκαίνιζε,
2705 4939 2797 4994 καὶ
2838 4939 2900 4994 ού
2950 4940 3288 5015 προσιόντων
3338 4938 3506 5012 μόνον
3551 4935 3620 4990 τὰ
3647 4935 3801 5007 πάθη

2147 5029 2481 5099 ἀπήλαυνεν,
2531 5026 2680 5083 ἀλλᾶ
2734 5027 2825 5083 καὶ
2874 5025 3034 5091 αὒτὸς
3089 5027 3315 5089 ἐκείνοις
3363 5025 3665 5102 ἐπιφοιτῶν
3708 5025 3807 5080 καὶ

2146 5119 2630 5195 παραγινόμενοςς
2691 5122 2927 5193 Περιῆγε
2973 5119 3074 5194 γὰρ
3126 5119 3154 5173 ὁ
3214 5121 3428 5188 Ἰησοῦς
3476 5115 3570 5175 τὰς
3604 5111 3806 5177 πόλεις

2147 5207 2320 5269 πάσας
2377 5206 2468 5262 καὶ
2523 5207 2618 5269 τὰς
2664 5207 2880 5282 κώμας,
2942 5204 3208 5262 διδάσκων
3264 5205 3316 5261 ἐν
3374 5209 3493 5266 ταῖς
3549 5221 3807 5277 συναγω-

2147 5302 2270 5371 γαῖς
2319 5295 2520 5368 αὐτῶν,
2577 5296 2667 5351 καὶ
2716 5297 3027 5366 θεραπεύων
3087 5301 3260 5352 πᾶσαν
3320 5295 3477 5351 νόσον
3535 5294 3626 5348 καὶ
3693 5296 3804 5347 πᾶ-

2149 5407 2241 5442 σαν
2306 5385 2597 5460 μαλακίαν.
2659 5389 2755 5442 Καὶ
2823 5389 2926 5443 οὐκ
2988 5385 3312 5462 ἐθεράπευσε
3390 5386 3485 5458 μὶν
3543 5382 3804 5452 τούτους,

2148 5474 2302 5556 ἐσίγα
2333 5475 2391 5531 δὲ
2435 5477 2536 5547 τὴν
2579 5477 2892 5554 θεραπείαν,
2927 5474 3074 5532 ἀλλᾶ
3115 5477 3205 5532 καὶ
3255 5473 3586 5551 προσέτασσε
3637 5469 3807 5551 διαγ-
