4074 6208
184 325 294 390 101

183 457 496 536 τίλλεσθαι.
557 451 920 528 Πορευθέντες
997 453 1120 528 γὰρ,

190 550 426 618 Ἰωάννῃ
449 562 462 577 ·
545 539 762 616 Τυφλοὲ

1291 326 1600 388 CONTRA
1645 327 1753 388 MA
1764 327 1867 388 ΝΙ(

1976 327 2123 388 EOS
2170 327 2404 390 LIBER
2445 330 2495 390 Ι.
3477 332 3593 394 102

1208 455 1397 530 φησὶν,
1469 455 1829 532 ἀπαγγείλατε
1857 509 1867 528 Α

1979 464 2082 516 unt
2109 458 2176 516 ³⁸.
2226 459 2541 532 Discipulis
2570 473 2704 517 vero
2742 459 2973 532 signum
3005 460 3271 532 polentiaa
3319 477 3438 518 suae
3475 464 3591 519 vir-

869 539 1258 613 ἆναϐλέπουσι,
1340 542 1522 620 χωλοὶ
1606 566 1844 619 περιπα-

1979 549 2094 606 utis
2111 566 2177 606 ac
2197 551 2394 622 gratiae
2427 549 2700 620 largitur;
2725 557 2784 605 ut
2807 550 3035 620 aegrotis
3065 566 3270 606 manus
3292 551 3597 623 imponant

193 641 382 704 τοῦσι,
485 631 680 704 λεπροὶ
781 630 1185 704 καθαρίζονται,
1278 634 1452 709 κωροὶ
1564 635 1840 704 ἀκούουσι,

198 725 296 780 καὶ
337 719 502 796 νεκροί
562 719 894 797 ἐγείρονται.
943 721 1049 776 Καὶ
1113 725 1232 782 τοῖς
1305 724 1574 796 μαθηταῖς
1627 722 1683 779 δὲ
1741 745 1849 796 ση-

209 819 364 889 μεῖον
387 819 478 880 τῆς
523 810 694 865 αὐτοῦ
747 806 1031 882 δυνάμεως
1073 809 1166 864 καὶ
1215 811 1407 886 ἰσχύος
1453 813 1544 867 καὶ
1593 813 1844 892 χάριτος,

202 906 264 958 τὸ
315 901 400 958 ἐπὶ
455 899 772 975 άρῥώστους
823 903 1017 974 χεῖρας
1074 897 1340 955 ἐπιθεῖναι
1396 902 1485 956 καὶ
1537 901 1714 957 ἰᾶσθαι
1766 899 1845 956 δί-

204 989 383 1049 δωσιν.
424 988 618 1049 Οὕτως
675 988 754 1051 ὡς
809 986 1016 1043 οἰκείου
1072 987 1394 1062 πλάσματος
1453 989 1690 1047 ἔποιεῖτο
1746 993 1845 1060 τήν

200 1082 471 1156 πρόνοιαν,
505 1081 535 1134 ’ὀ
568 1077 660 1134 καὶ
701 1079 807 1147 τήν
855 1079 1046 1154 ψυχήν
1092 1080 1185 1134 καὶ
1226 1081 1288 1136 τὸ
1338 1081 1497 1154 σῶμα
1544 1100 1846 1158 παραγεγο-

199 1173 298 1232 νὼς
327 1174 502 1224 σῶσαι
534 1167 773 1242 Χριστὸς
804 1167 833 1222 ὁ
864 1167 995 1229 Θεὸς
1025 1169 1060 1238 ἡ
1072 1174 1212 1242 μῶν,
1236 1171 1326 1224 καὶ
1361 1170 1423 1226 ού
1459 1172 1657 1250 μέχρις
1677 1171 1848 1226 αὐτοῦ

198 1263 290 1330 τήν
334 1257 652 1336 εὐεργεσίαν
719 1257 886 1312 αὑτοῦ
942 1258 1318 1337 περιγράφων,
1379 1259 1526 1325 ἀλλά
1583 1261 1670 1316 καὶ
1729 1265 1848 1324 τοῖς

203 1352 468 1423 μαθηταῖς
494 1347 564 1403 τὰ
592 1344 681 1402 ἴσα
713 1351 889 1402 ποιεῖν
919 1343 1106 1410 διδοὺς
1137 1349 1238 1418 τὴν
1277 1348 1538 1420 ἐξουσίαν.
1574 1351 1636 1406 Εἰ
1683 1347 1741 1406 δὲ
1773 1351 1848 1413 ὡς

199 1439 258 1494 τὰ
305 1443 408 1494 τοῦ
463 1441 724 1512 Πονηροῦ
779 1435 1026 1509 στόματα
1077 1438 1368 1514 θεομαχεῖ,
1423 1440 1486 1494 τὸ
1525 1440 1688 1514 σῶμα
1737 1440 1850 1496 ἐστι

200 1532 288 1583 τοῦ
317 1531 606 1603 Πονηροῦ,
639 1529 761 1588 πῶς
811 1524 880 1580 δι’
913 1527 1080 1582 αὐτοῦ
1123 1529 1192 1583 τὰ
1235 1530 1464 1605 μὲγιστα
1505 1535 1614 1584 τῶν
1654 1550 1848 1606 κατορο

199 1619 272 1672 θω
280 1619 473 1690 μάτων
584 1617 914 1690 πράττομεν,
1029 1617 1400 1695 σωφροσύνην,

199 1706 522 1780 ἀγρυπνίαν,
579 1704 788 1776 στάσιν,
847 1703 985 1778 πρὸς
1031 1705 1101 1759 τά
1158 1702 1306 1760 δεινὰ
1360 1705 1668 1783 καρτερίαν,
1720 1729 1852 1783 μαρ-

1517 1617 1849 1694 ἐγκράτειαν,

1951 639 2154 710 eisque
2187 638 2548 695 medeantur.
2571 640 2725 694 Adeo
2755 639 3043 707 Christus,
3063 638 3216 695 Deus
3245 645 3460 708 noster,
3494 641 3596 712 qui

1953 727 2027 782 ad
2058 728 2401 784 servandam
2450 728 2705 784 animam
2738 732 2796 783 et
2844 743 3056 800 corpus
3105 729 3280 794 venit,
3315 729 3596 800 corporis,

1953 817 2235 886 tanquam
2287 815 2504 888 proprii
2564 816 2780 888 operis,
2828 833 3023 872 curam
3077 817 3350 889 suscepit,
3412 834 3599 888 neque

1959 905 2394 962 beneﬁcentiam
2444 923 2614 963 suam
2662 907 2721 962 in
2753 922 2819 963 eo
2842 907 3022 977 jussit
3073 909 3465 980 acquiescere,
3500 909 3596 965 sed

1954 999 2034 1061 et,
2076 1000 2140 1052 ut
2169 995 2368 1052 eadem
2421 996 2692 1066 facerent,
2725 994 3032 1066 discipulis
3082 995 3205 1052 suis
3251 1001 3593 1068 polestatem

1953 1081 2112 1138 fecit.
2132 1084 2192 1139 Si
2227 1085 2552 1156 vero,quod
2589 1084 2726 1140 mali
2758 1083 3029 1156 principii
3063 1101 3163 1140 ora
3185 1090 3388 1141 contra
3422 1088 3600 1142 Deum

1955 1173 2322 1244 proﬁtentur,
2367 1191 2579 1246 corpus
2629 1192 2661 1229 a
2715 1173 2862 1229 malo
2909 1181 3100 1230 ortum
3148 1178 3259 1241 est,
3302 1177 3597 1246 quomodo

1955 1275 2060 1332 per
2089 1260 2230 1317 illud
2264 1261 2714 1334 praeclarissima
2755 1278 2993 1334 quaeque
3025 1262 3336 1331 efﬁcimus,
3373 1268 3597 1335 tempe-

1956 1350 2224 1418 rantiam,
2257 1367 2311 1406 v.
2343 1368 2427 1422 gr.
2451 1351 2890 1419 continentiam,
2916 1350 3296 1424 vigilantiam,
3322 1351 3598 1408 resisten-

1956 1436 2124 1505 tiam,
2149 1439 2485 1510 patientiam
2517 1439 2577 1495 in
2607 1440 2885 1509 adversis,
2911 1440 3174 1512 martyrii
3203 1440 3451 1508 labores,
3471 1458 3597 1514 qua

1959 1528 2196 1598 quidem
2246 1529 2442 1585 omnia
2491 1529 2560 1585 ad
2612 1546 2824 1602 corpus
2870 1529 3058 1602 magis
3108 1546 3282 1602 quam
3333 1532 3598 1586 animum

1957 1617 2308 1686 pertinentia
2373 1618 2434 1673 in
2491 1619 2815 1675 Conditoris
2875 1620 3278 1690 Creatorisque
3353 1620 3599 1692 gloriam

1959 1706 2460 1763 tendunt.Anima
2483 1708 2660 1772 enim,
2678 1707 2791 1764 sibi
2823 1709 3042 1775 relicta,
3067 1725 3180 1764 non
3203 1708 3604 1780 ingrederetur

199 1795 398 1869 τυρίου
446 1793 666 1864 πόνους,
713 1795 747 1848 ’ἀ
793 1793 968 1849 πάντα
1016 1793 1271 1867 σώματος
1326 1795 1538 1869 μᾶλλον
1581 1797 1616 1866 ἢ
1666 1801 1852 1873 ψυχῆς

1976 1811 2223 1866 mquam
2256 1795 2521 1851 studium
2554 1797 2623 1852 ad
2657 1798 2948 1867 ejusmodi
2981 1799 3522 1870 praestanda,neque
3553 1798 3604 1854 si

213 1882 378 1951 ὄντα,
435 1883 512 1946 εἷς
563 1881 714 1952 δόξαν
774 1881 1094 1960 ἀναφέρεται
1150 1889 1247 1938 τοῦ
1303 1884 1550 1940 πλάστου
1601 1885 1690 1941 καὶ
1751 1883 1849 1957 δη-

219 1977 530 2048 μιουργοῦ;
557 1974 655 2028 Καὶ
683 1973 787 2048 γὰρ
819 1975 856 2042 ἡ
906 1974 1060 2047 ψυχὴ
1091 1974 1211 2028 καθ’
1260 1973 1453 2045 ἑαυτήν
1487 1970 1611 2031 οὔτε
1658 1977 1854 2050 πρᾶξαι

215 2066 394 2117 ταῦτα
451 2063 583 2135 πρὸς
638 2060 848 2137 ἀγῶνας
897 2055 1050 2117 ἔλθοι
1079 2065 1180 2136 (4),
1230 2060 1355 2118 οὔτε
1402 2061 1590 2140 λόγον,
1640 2066 1722 2120 δτι
1776 2066 1853 2138 μὴ

212 2150 464 2225 ἔπραξεν,
515 2149 974 2228 είσπραχθήσεται
1023 2149 1436 2226 πλημμελείας.
1489 2159 1616 2215 Πῶς
1665 2152 1757 2208 οὗν
1793 2153 1857 2207 τὸ

206 2239 429 2313 ποίημα
473 2242 576 2295 τοῦ
625 2243 880 2315 Πονηροῦ
923 2239 1146 2316 πράττει
1181 2240 1248 2296 τὰ
1294 2239 1487 2319 ἀγαθὰ,
1536 2243 1628 2297 καὶ
1670 2263 1860 2317 συνερ-

205 2333 293 2404 γεῖ
318 2333 390 2403 τῇ
424 2331 590 2402 ψυχῇ
643 2329 1006 2402 κατορθῶσαι,
1041 2328 1094 2399 ἃ,
1148 2330 1224 2402 μὴ
1249 2329 1543 2403 παρόντος,
1595 2332 1860 2404 οὐμενοῦν

207 2417 266 2473 οὐ
297 2417 546 2492 κρίνεται
579 2416 1022 2489 κατορθώματας
1053 2418 1125 2472 Σὺ
1157 2415 1214 2472 δὲ
1263 2416 1494 2494 λογίζου
1523 2418 1612 2474 καὶ
1653 2424 1818 2475 τοῦτο
1843 2438 1856 2453 ο

207 2508 250 2562 εἰ
285 2511 350 2562 τό
384 2511 555 2580 σῶμα
582 2507 652 2575 ἦν
681 2506 781 2562 τοῦ
813 2511 1088 2582 Πονηροῦ,
1119 2511 1240 2570 πῶς
1273 2509 1301 2563 ὁ
1333 2507 1552 2572 Παῦλος
1583 2507 1861 2578 ἐλυπεῖτο,

205 2601 506 2659 νοσοῦντος
593 2599 692 2651 τοῦ
794 2593 1214 2675 Ἐπαφροδίτου,
1298 2597 1388 2652 καὶ
1489 2594 1692 2676 ἔλεγεν,
1781 2600 1864 2654 ὅτι

204 2685 470 2757 Ἐλὲησεν
551 2685 716 2740 αὐτὸν
791 2685 820 2738 ὁ
897 2686 1046 2753 Θεὸς,
1116 2685 1216 2741 οὐκ
1287 2685 1486 2743 ἐκεῖνον
1561 2685 1617 2743 δὲ
1685 2687 1866 2762 μόνον,

1961 1884 2276 1952 omitteret,
2309 1886 2380 1940 ad
2430 1885 2784 1942 reddendam
2829 1887 3114 1942 rationem
3145 1887 3340 1943 vocari
3388 1891 3600 1959 posset.

1963 1973 2260 2038 Quomodo
2290 1974 2484 2046 itaque
2514 1980 2776 2031 creatura
2798 1975 2934 2030 Mali
2965 1975 3188 2046 perﬁcit
3217 1977 3604 2043 bona,etsuc—

1964 2061 2140 2117 currit
2169 2061 2378 2118 animae
2411 2064 2480 2118 ad
2514 2062 2792 2135 praeclara
2819 2063 2922 2118 illa
2952 2064 3325 2136 perﬁcienda,
3359 2082 3506 2136 quas,
3538 2081 3604 2122 eo

1966 2151 2229 2219 absente,
2279 2151 2556 2222 perﬁcere
2595 2169 2710 2208 non
2751 2153 3076 2222 judicatur.
3117 2153 3202 2208 Tu
3255 2169 3388 2210 vero
3437 2154 3613 2210 etiam

1967 2239 2076 2296 hoc
2104 2239 2274 2296 velim
2293 2241 2627 2297 consideres
2653 2257 2667 2297 :
2695 2241 2743 2296 si
2769 2257 2985 2313 corpus
3011 2241 3146 2298 Mali
3178 2241 3285 2297 fuit
3316 2241 3609 2314 principii,

1969 2331 2262 2400 quomodo
2289 2329 2529 2396 Paulus,
2563 2334 2872 2401 aegrotante
2904 2329 3318 2402 Epaphrodito,
3347 2331 3612 2387 tristatus

1971 2419 2101 2489 fuit,
2131 2423 2188 2476 et
2219 2419 2363 2475 dixit
2397 2436 2409 2474 :
2444 2421 2584 2476 Deus
2611 2421 2865 2476 misertus
2897 2424 2978 2476 est
3007 2420 3185 2489 illius,
3218 2435 3315 2477 nec
3341 2421 3497 2476 illius
3527 2437 3615 2478 so-

1973 2508 2110 2577 lum,
2143 2508 2234 2565 sed
2263 2515 2316 2565 et
2361 2509 2494 2576 mei,
2525 2526 2598 2564 ne
2641 2509 2940 2566 tristitiam
2969 2525 3134 2580 super
3181 2511 3415 2566 tristitia
3457 2511 3616 2566 habe-

1971 2613 2093 2652 rem
2123 2595 2189 2650 ³⁷.
2242 2597 2391 2664 Quid
2419 2597 2577 2653 enim
2629 2613 2869 2654 necesse
2910 2602 3032 2654 erat
3078 2597 3327 2653 Paulum
3377 2597 3616 2668 tristari,

1975 2685 2292 2756 videntem,
2323 2687 2476 2757 quod
2526 2691 2795 2744 creatura
2838 2686 2974 2742 Mali
3005 2687 3228 2757 perdita
3274 2687 3396 2742 sit:
3439 2691 3517 2752 et,
3568 2688 3620 2744 si

205 2774 356 2830 ἁλλὰ
417 2775 512 2830 καὶ
556 2775 682 2848 ἒμὲ,
734 2772 824 2829 ’ίνα
876 2775 952 2846 μὴ
1011 2773 1193 2845 λύπην
1250 2775 1338 2831 ἐπὶ
1396 2775 1545 2852 λύπῃ
1600 2782 1766 2856 σχῶ;
1806 2777 1867 2832 Τί

1978 2777 2244 2829 creatura
2291 2773 2498 2830 fuisset
2546 2775 2701 2842 Mali,
2733 2776 3024 2846 quomodo
3055 2775 3206 2830 idem
3250 2775 3338 2831 vir
3383 2776 3617 2834 divinus

201 2867 303 2941 γὰρ
336 2861 455 2919 ἔδει
512 2863 806 2919 λυπεῖσθαι
848 2862 940 2919 τὸν
981 2863 1218 2936 Παῦλον,
1253 2867 1465 2941 ὁρῶντα
1512 2865 1780 2940 λυόμενον
1808 2864 1867 2923 τὰ

1981 2862 2210 2933 scripsit
2231 2863 2569 2920 Timotheo:
2609 2864 2734 2921 Vini
2750 2881 2949 2936 parum
2978 2863 3175 2921 adhibe
3189 2865 3252 2921 ob
3282 2865 3620 2922 stomachum

203 2953 448 3020 πλάσμα
476 2957 578 3007 τοῦ
628 2957 915 3028 Πονηροῦ;
967 2952 1056 3009 καὶ
1089 2954 1135 3009 εἰ
1182 2955 1244 3010 τὸ
1275 2951 1504 3028 πλάσμα
1537 2957 1603 3026 ἦν
1631 2961 1727 3010 τοῦ
1760 2963 1867 3012 llo-

1981 2955 2159 3020 tuum,
2212 2959 2264 3007 et
2317 2953 2532 3010 morbos
2586 2953 2988 3026 frequentiores
3015 2953 3079 3008 ³⁸.
3139 2953 3412 3010 Divinum
3465 2955 3622 3012 enim

202 3049 408 3118 νηροῦ,
463 3047 583 3106 πῶς
627 3043 920 3100 ἐπέστελλε
973 3046 1232 3118 Τιμοθέῳ
1286 3046 1314 3100 ὁ
1363 3045 1526 3108 αὐτὸς
1583 3047 1867 3122 μετάρσιος

1979 3039 2147 3096 illum
2171 3041 2485 3109 doctorem,
2531 3043 2824 3115 siquidem
2855 3059 2986 3100 vere
3015 3043 3087 3099 de
3132 3043 3433 3100 Timotheo
3461 3044 3626 3100 solli-

203 3108 506 3210 ἄνθρωπος
535 3151 550 3165 '
608 3130 754 3204 Οῗνῳ
805 3130 985 3206 ὀλίγῳ
1033 3108 1156 3208 ᾖ.ρῶ
1188 3108 1281 3189 διὰ
1325 3134 1420 3190 τὸν
1457 3108 1739 3214 στόμαχόν
1773 3108 1867 3192 σου

1983 3130 2131 3186 citus
2162 3130 2292 3196 fuit,
2343 3108 2670 3188 secundum
2716 3149 2836 3200 vos,
2883 3132 3018 3204 quia
3060 3147 3272 3202 corpus
3322 3131 3455 3187 Mali
3506 3137 3628 3189 erat

202 3223 289 3277 καὶ
381 3221 484 3281 τὰς
557 3220 761 3283 πυκνάς
846 3241 942 3276 σου
1020 3220 1326 3292 άσθενείας;
1395 3219 1540 3279 Ἔδει
1615 3227 1721 3298 γὰρ
1782 3225 1874 3280 τὸν

204 3311 472 3386 οὐράνιον
512 3309 716 3366 ἐκεῖνον
768 3307 1127 3380 διδάσκαλον,
1179 3310 1332 3386 εἶ’περ
1381 3311 1662 3390 ἐφρόντιζε
1708 3319 1876 3387 Τιμο-

203 3402 364 3471 θέου,
396 3399 521 3456 ἐπεὶ
552 3401 672 3454 καθ’
727 3401 868 3473 ὑμᾶς
905 3399 1136 3474 πλάσμα
1180 3402 1249 3470 ἧν
1281 3401 1343 3456 τὸ
1373 3405 1532 3475 σῶμα
1577 3405 1674 3457 τοῦ
1705 3407 1876 3472 Πονη-

207 3495 336 3566 ροῦ,
385 3488 617 3565 γράφειν
639 3488 790 3561 αὐτῷ
821 3509 836 3523 ⁸
877 3487 1140 3563 μηδόλως
1171 3489 1416 3565 κὲχρησο
1449 3489 1602 3564 οἷίνῳ,
1629 3488 1720 3546 ’ίνα
1751 3493 1876 3547 θᾶτ-

205 3601 295 3635 τον
337 3577 489 3654 ῥαγῇ
538 3581 604 3633 τὸ
645 3577 874 3651 πλάσμα
919 3582 1016 3634 τοῦ
1065 3583 1336 3654 Πονηρυῦ,
1368 3580 1458 3634 καὶ
1507 3577 1876 3654 ὲλευθερωθῇς

208 3673 312 3724 τοῦ
355 3668 566 3742 βάρους
617 3666 803 3724 αὐτοῦ.
858 3667 954 3722 Καὶ
1004 3666 1050 3722 εἷ
1095 3668 1161 3723 τὰ
1211 3667 1438 3742 σώματά
1478 3669 1581 3724 εἰσι
1629 3673 1725 3724 τοῦ
1775 3675 1880 3724 Πο-

210 3759 422 3832 νηροῦ,
473 3760 594 3818 πῶς
645 3754 794 3831 λέγει
827 3756 856 3810 ὁ
905 3755 1104 3830 Κύριος
1157 3759 1318 3830 ἡμῶν
1367 3759 1573 3828 Ἰησοῦς
1620 3759 1878 3832 Χριστὸς,

213 3846 371 3920 Οὖχί
432 3843 532 3900 δύο
594 3846 851 3920 στρουθία
909 3845 1168 3921 ἀσσαρίου
1220 3845 1513 3917 πωλεῖται,
1570 3848 1660 3902 καὶ
1713 3846 1768 3902 ἓν
1826 3847 1878 3917 ἐξ

214 3935 411 3990 αὐτῶν
472 3935 538 3990 ού
597 3940 838 3989 πεσεῖται
890 3933 1011 3990 ἄνευ
1066 3939 1164 3991 τοῦ
1241 3936 1450 4009 Πατρός
1513 3957 1616 4009 μου
1672 3940 1770 3990 τοῦ
1825 3935 1876 3990 ἐν

213 4025 507 4098 οὐρανοῖς.
545 4021 610 4078 Τί
662 4023 764 4098 γὰρ
825 4022 977 4096 μέλει
1034 4029 1114 4097 τῷ
1170 4025 1358 4102 ἀγαθῷ
1405 4030 1522 4098 Θεῷ
1583 4027 1714 4102 ὑπὲρ
1775 4030 1877 4081 τῶν

214 4113 576 4187 πλασμάτων
608 4110 705 4168 τοῦ
756 4118 1030 4188 Πονηροῦ,
1062 4116 1144 4178 οἷς
1198 4112 1326 4171 οὔτε
1368 4114 1671 4190 περίκειται
1718 4115 1877 4188 ᾆθλα,

219 4201 358 4259 οὔτε
406 4205 528 4274 ζωή
585 4202 830 4269 αἰώνιος,
863 4200 990 4259 οὔτε
1039 4207 1074 4274 ἡ
1129 4202 1378 4279 βασιλεία
1427 4209 1536 4261 τῶν
1597 4204 1879 4279 οὐρανῶν,

217 4292 389 4349 ’Δ).λ’
423 4290 509 4346 ὅτι
539 4290 764 4362 κτίστης
794 4289 970 4348 αὒτῶν
1001 4292 1089 4348 καὶ
1121 4294 1344 4366 Κύριος,
1384 4295 1473 4349 καὶ
1505 4295 1876 4365 ἐξουσιαστής,

222 4377 321 4436 διὰ
349 4383 520 4436 τοῦτο
552 4377 675 4436 οὐδέ
719 4383 888 4436 ταῦτα
917 4382 1097 4456 χωρὶς
1147 4381 1314 4439 αὐτοῦ
1345 4384 1678 4459 στερίσκεται
1711 4389 1878 4452 ζωῆς,

225 4474 357 4533 Πῶς
419 4466 479 4524 δὶ
535 4468 626 4522 καὶ
698 4469 1170 4546 μεγαλυνθήσεται
1245 4472 1480 4546 Χριστὸς
1537 4471 1592 4528 ἐν
1647 4476 1727 4545 τῷ
1783 4475 1879 4527 τοῦ

225 4560 461 4615 Παύλου
492 4559 730 4632 σώματι,
779 4558 929 4634 εἴπερ
968 4561 1031 4616 τὸ
1078 4565 1238 4634 σῶμα
1283 4559 1513 4636 πλάσμα
1559 4565 1657 4617 τοῦ
1689 4568 1879 4632 Πονη-

225 4653 374 4724 ροῦ;
409 4646 511 4702 Καὶ
562 4646 727 4703 πάλιν
776 4649 940 4712 αὐτὸς
972 4650 1000 4704 ὁ
1047 4654 1144 4705 τοῦ
1197 4655 1332 4706 Θεοῦ
1387 4651 1702 4726 μυστηρίων
1754 4650 1883 4706 ὑπο-

227 4741 440 4820 φήτης,
487 4735 641 4812 εἶπερ
680 4738 783 4793 οὐκ
831 4738 898 4807 ἦν
923 4739 987 4794 τὸ
1019 4743 1180 4814 σῶμα
1225 4739 1453 4815 πλάσμα
1495 4745 1594 4796 τοῦ
1636 4739 1727 4796 ἐπὶ
1757 4742 1885 4796 πάν·

1985 3222 2273 3289 creatura,
2327 3221 2583 3276 scribere
2639 3221 2929 3277 decebat:
2988 3221 3229 3276 omnino
3288 3238 3402 3276 non
3462 3226 3628 3278 utere

1984 3307 2141 3377 vino,
2173 3311 2238 3364 ut
2284 3323 2352 3365 eo
2400 3308 2571 3365 citius
2619 3309 2702 3379 id,
2755 3311 2913 3381 quod
2959 3311 3088 3365 Mali
3147 3314 3255 3377 est,
3304 3310 3624 3382 frangatur,

1984 3401 2161 3468 tuque
2225 3415 2398 3456 onere
2450 3400 2580 3471 ejus
2641 3401 2865 3458 levaris.
2923 3400 3082 3467 Quod
3144 3400 3196 3457 si
3252 3416 3496 3472 corpora
3552 3401 3624 3457 ad

1984 3485 2204 3545 Malum
2253 3488 2537 3560 originem
2586 3507 2753 3547 suam
2798 3489 3075 3558 referunt,
3109 3490 3402 3561 quomodo
3451 3489 3627 3548 Jesus

1984 3577 2273 3648 Christus,
2306 3578 2585 3635 Dominus
2613 3587 2830 3647 noster,
2862 3582 2942 3635 ait
2973 3595 2986 3634 :
3021 3583 3214 3637 Nonne
3240 3579 3347 3634 duo
3374 3595 3627 3651 passeres

1983 3681 2092 3722 uno
2121 3669 2337 3723 assario
2366 3667 2883 3740 venduntur,neque
2900 3672 3084 3723 tamen
3114 3684 3262 3723 unus
3288 3683 3482 3724 eorum
3510 3669 3630 3724 sine

1984 3762 2154 3816 Patre
2197 3763 2394 3826 vestro,
2427 3760 2524 3831 qui
2570 3759 2632 3814 in
2665 3759 2814 3814 castis
2844 3767 2943 3828 est,
2982 3757 3138 3814 cadit
3169 3756 3236 3813 ³9.
3280 3757 3432 3821 Quid
3471 3757 3629 3813 enim

1987 3850 2138 3905 bono
2169 3849 2280 3904 Deo
2319 3864 2469 3902 curas
2499 3852 2586 3903 est
2633 3847 2704 3902 de
2743 3847 3026 3903 creaturis
3074 3845 3230 3915 Mali,
3263 3846 3480 3918 quibus
3522 3861 3627 3903 nec

1987 3936 2245 4010 praemia,
2295 3952 2400 3992 nec
2441 3936 2560 3991 vita
2616 3939 2851 4004 aaterna,
2904 3950 3008 3991 nec
3055 3951 3296 4007 regnum
3346 3935 3626 3991 cmlorum

1987 4025 2286 4098 proposita
2306 4025 2481 4080 sunt?
2502 4025 2574 4079 At
2595 4023 2870 4094 quoniam
2884 4022 3167 4078 Dominus
3189 4039 3390 4079 eorum
3413 4027 3472 4078 et
3487 4039 3632 4078 con-

1988 4115 2141 4171 ditor
2167 4119 2226 4171 et
2255 4113 2518 4184 superior
2545 4117 2653 4174 est,
2680 4112 2809 4167 ideo
2836 4127 3020 4182 neque
3051 4111 3152 4167 illa
3182 4111 3308 4167 sine
3347 4111 3475 4182 ipso
3508 4111 3632 4166 vita

1988 4203 2312 4276 privantur.
2371 4202 2671 4268 Quomodo
2737 4215 2871 4256 vero
2927 4198 3197 4254 Christus
3255 4198 3315 4254 in
3392 4212 3632 4268 corpore

1991 4292 2153 4349 Pauli
2201 4291 2643 4361 gloriﬁcabitur,
2676 4288 2966 4362 siquidem
3017 4305 3228 4360 corpus
3275 4305 3308 4343 a
3357 4287 3505 4344 Malo
3549 4291 3640 4344 est

1994 4381 2354 4438 formatum?
2384 4381 2504 4436 Imo
2535 4379 2824 4452 quomodo
2859 4377 3271 4450 mysteriorum
3303 4375 3636 4434 divinorum

1990 4487 2198 4543 praeco,
2247 4471 2296 4526 si
2345 4487 2557 4542 corpus
2607 4485 2723 4525 non
2766 4469 2876 4523 fuit
2919 4471 3186 4524 creatura
3227 4465 3350 4534 Dei,
3401 4466 3495 4536 qui
3549 4470 3638 4522 est

1991 4576 2170 4632 super
2217 4559 2428 4625 omnia,
2462 4574 2673 4629 corpus
2704 4565 2757 4613 et
2793 4557 3061 4629 spiritum
3109 4559 3166 4612 et
3213 4554 3471 4611 animam
3504 4570 3636 4625 pre-

1991 4655 2157 4706 catur
2185 4654 2367 4708 totam
2417 4647 2764 4716 conservari,
2796 4647 2975 4720 idque
3025 4646 3096 4702 ad
3147 4643 3381 4700 Domini
3427 4647 3640 4700 adven-

1993 4743 2121 4796 tum
2142 4739 2170 4794 ?
2197 4738 2290 4794 Ait
2321 4737 2478 4795 enim
2504 4755 2517 4794 :
2551 4742 2694 4795 Deus
2717 4751 2842 4794 vero
2871 4737 3025 4808 pacis
3041 4734 3347 4805 sanctiﬁcat
3378 4747 3468 4790 vos
3497 4733 3642 4790 inte-

301 4866 352 4903 ³⁸
380 4867 595 4924 Matth.
625 4884 706 4939 xx,
736 4869 792 4923 5.
868 4865 916 4902 ³⁷
954 4867 1209 4942 Philipp.
1242 4885 1306 4940 ιι,
1337 4870 1430 4926 27.
1508 4869 1558 4904 ³⁸
1584 4871 1606 4926 Ι
1637 4869 1789 4926 Tim.
1820 4886 1867 4938 v1

1976 4903 1998 4926 η.
2074 4865 2123 4901 ³9
2153 4865 2358 4924 Matth.
2392 4881 2449 4934 x,
2481 4865 2572 4920 29.

1396 4987 1642 5044 VARUE
1684 4984 2076 5045 LECTIONES
2114 4983 2204 5040 ET
2244 4983 2476 5042 NOT/E.

305 5101 386 5173 (4)
466 5099 611 5175 Πρὸς
677 5099 894 5176 άγῶνας
928 5175 933 5176 γ
969 5093 1436 5176 ἕλθνοιηκΡΙιηεὶε
1503 5103 1884 5176 gymnastica,

242 5173 552 5247 στῆσε-νοις
583 5175 778 5247 media
819 5175 994 5230 variis
1024 5173 1450 5247 signiﬁcatibus
1488 5173 1750 5247 subjecta
1778 5180 1889 5242 est,

245 5244 386 5319 quas
415 5244 762 5319 Eustathius
784 5245 1162 5319 summatim,
1186 5247 1258 5302 ad
1293 5246 1508 5319 Iliados
1537 5244 1614 5316 Σ,’
1636 5265 1691 5319 p.
1719 5247 1885 5319 _1_1_48,

246 5313 318 5372 ita
347 5314 694 5404 complexus
725 5322 859 5404 est:
980 5313 1041 5404 δε
1068 5314 1214 5404 ἄγων
1251 5313 1677 5404 πολυρήμαντές
1719 5313 1888 5404 λέξις,

247 5386 376 5478 κατᾶ
403 5385 538 5478 τοῦς
585 5385 1087 5478 παλναιούςκἊγῲν
1115 5385 1251 5463 γὰρ,
1283 5385 1487 5478 φησὶν,
1519 5387 1744 5478 (iuguli.
1788 5385 1891 5478 ius;

250 5458 407 5544 ξλος,
438 5459 640 5544 μάχη,
689 5452 821 5544 ἔρις,
871 5452 1401 5544 ἀγορὰ,ῃώνάγὼγή
1443 5452 1566 5544 ,καί
1608 5457 1888 5544 ἐπίδειξιςἶ

252 5529 361 5604 Ego
392 5529 492 5589 hic
519 5529 805 5604 l’ocum',in
829 5529 946 5604 quo
973 5529 1271 5604 certamen
1302 5529 1894 5604 suscipitur,indicari

254 5603 446 5676 Ριηθιξι
478 5619 582 5675 Per
619 5603 863 5676 ἀγῶναςζ
883 5621 1074 5676 quam
1106 5603 1263 5676 vocis
1311 5603 1606 5662 notionem
1660 5606 1896 5676 demone

947 5675 1178 5748 mvius,
1205 5674 1267 5734 in
1325 5676 1482 5736 notis
1522 5677 1594 5736 ad
1655 5675 1893 5736 Hesiodi

254 5673 455 5733 stravit
480 5673 580 5732 'Jo.
633 5673 836 5749 Georg.

1998 5096 2532 5166 ’Δσπίὸα,ν.312.ι)ο
2560 5097 2690 5153 aliis
2719 5095 3248 5169 signiﬁcationibus
3277 5093 3406 5169 lege
3432 5094 3638 5154 Ezech.

1997 5171 2441 5244 Spanhemium,
2473 5170 2542 5224 ad
2576 5167 2875 5244 oratiqnes
2903 5167 3145 5244 Juliani,
3173 5185 3230 5240 p.
3267 5167 3360 5238 11,
3391 5168 3492 5234 12;
3528 5172 3644 5244 Lu-

1999 5239 2183 5300 dovic.
2235 5242 2597 5308 Cresollium,
2639 5241 2698 5295 in
2748 5239 2980 5296 Theatra
3028 5239 3309 5296 rhetOrum
3353 5244 3407 5296 et
3451 5240 3641 5308 saphi-

1997 5321 2230 5380 starum,
2262 5315 2361 5370 lib.
2392 5331 2476 5382 ιιι,
2508 5329 2559 5368 ο.
2596 5313 2701 5378 17;
2743 5312 3027 5368 Gottired.
3059 5311 3357 5367 Olearium
3397 5311 3471 5366 ad
3502 5309 3640 5382 Phi-

1997 5386 2226 5443 lostrati
2268 5387 2408 5442 Vitas
2435 5381 2832 5456 sophistarum,
2867 5383 2904 5456 l.
2931 5399 3069 5456 rm,
3101 5386 3128 5452 §
3160 5383 3211 5451 1,
3237 5399 3295 5437 n.
3330 5382 3399 5456 4ξ
3430 5386 3486 5438 et
3510 5381 3638 5456 Jac.

1999 5457 2251 5544 Tolliu‘rn
2284 5458 2356 5544 ad
2404 5453 2733 5544 hqnginum
2765 5454 3157 5544 περὶβψους,
3183 5453 3407 5544 sects9
3430 5457 3510 5544 let
3532 5455 3639 5544 ti,

2002 5547 2062 5587 ιι.
2097 5531 2148 5585 1.
2181 5531 2441 5586 Pertinet
2471 5524 2586 5600 huc
2635 5524 2864 5600 phrasis
2893 5524 3404 5600 ἀγὼν-πρόκειται,
3422 5525 3493 5600 de
3525 5540 3644 5597 qua

2000 5602 2241 5674 exponit
2269 5601 2466 5658 Lamb.
2500 5599 2612 5657 Bos
2638 5595 2701 5655 in
2730 5599 2893 5656 Notis
2925 5595 2995 5656 ad
3027 5598 3095 5655 N.
3129 5595 3217 5670 T.,
3249 5615 3305 5670 p.
3340 5595 3464 5652 254.
