  <div class='ocr_page' id='page_1' title='image "/cluster/home/n/w/nwhite01/storage/ocr_20150623/102/hvd.32044073502155/057.png"; bbox 0 0 4074 6208; ppageno 0'>
   <div class='ocr_carea' id='block_1_1' title="bbox 390 282 1999 358">
    <p class='ocr_par' dir='ltr' id='par_1_1' title="bbox 390 283 1999 358">
     <span class='ocr_line' id='line_1_1' title="bbox 390 283 1999 358; baseline -0.007 -1"><span class='ocrx_word' id='word_1_1' title='bbox 390 298 506 358; x_wconf 81' lang='grc'><strong>103</strong></span> <span class='ocrx_word' id='word_1_2' title='bbox 1584 285 1847 348; x_wconf 85' lang='lat' dir='ltr'><strong>PHOTII</strong></span> <span class='ocrx_word' id='word_1_3' title='bbox 1890 283 1999 345; x_wconf 84' lang='lat' dir='ltr'><strong>PA&#39;</strong></span> 
     </span>
    </p>
   </div>
   <div class='ocr_carea' id='block_1_2' title="bbox 2183 282 3792 358">
    <p class='ocr_par' dir='ltr' id='par_1_2' title="bbox 2183 283 3792 354">
     <span class='ocr_line' id='line_1_2' title="bbox 2183 283 3792 354; baseline 0.006 -10"><span class='ocrx_word' id='word_1_4' title='bbox 2183 283 2422 346; x_wconf 76' lang='grc' dir='ltr'><strong>ΒΟΗιΕ</strong></span> <span class='ocrx_word' id='word_1_5' title='bbox 2465 283 2582 346; x_wconf 85' lang='lat' dir='ltr'><strong>GP.</strong></span> <span class='ocrx_word' id='word_1_6' title='bbox 3669 293 3792 354; x_wconf 76' lang='grc' dir='ltr'><strong>ιοε</strong></span> 
     </span>
    </p>
   </div>
   <div class='ocr_carea' id='block_1_3' title="bbox 389 417 1998 502">
    <p class='ocr_par' dir='ltr' id='par_1_3' title="bbox 389 418 1997 502">
     <span class='ocr_line' id='line_1_3' title="bbox 389 418 1997 502; baseline -0.007 -20"><span class='ocrx_word' id='word_1_7' title='bbox 389 446 535 502; x_wconf 87' lang='lat' dir='ltr'><strong>gros,</strong></span> <span class='ocrx_word' id='word_1_8' title='bbox 565 434 619 485; x_wconf 85' lang='lat' dir='ltr'><strong>et</strong></span> <span class='ocrx_word' id='word_1_9' title='bbox 649 433 792 484; x_wconf 88' lang='lat' dir='ltr'><strong>totus</strong></span> <span class='ocrx_word' id='word_1_10' title='bbox 823 426 1063 500; x_wconf 74' lang='lat' dir='ltr'><strong>Spiritus</strong></span> <span class='ocrx_word' id='word_1_11' title='bbox 1093 428 1290 493; x_wconf 86' lang='lat' dir='ltr'><strong>vester,</strong></span> <span class='ocrx_word' id='word_1_12' title='bbox 1322 431 1375 478; x_wconf 89' lang='lat' dir='ltr'><strong>et</strong></span> <span class='ocrx_word' id='word_1_13' title='bbox 1416 421 1608 477; x_wconf 84' lang='lat' dir='ltr'><strong>anima</strong></span> <span class='ocrx_word' id='word_1_14' title='bbox 1634 423 1686 476; x_wconf 89' lang='lat' dir='ltr'><strong>et</strong></span> <span class='ocrx_word' id='word_1_15' title='bbox 1714 433 1906 490; x_wconf 79' lang='lat' dir='ltr'><strong>corpus</strong></span> <span class='ocrx_word' id='word_1_16' title='bbox 1941 418 1997 471; x_wconf 85' lang='lat' dir='ltr'><strong>in</strong></span> 
     </span>
    </p>
   </div>
   <div class='ocr_carea' id='block_1_4' title="bbox 2188 417 3797 502">
    <p class='ocr_par' dir='ltr' id='par_1_4' title="bbox 2188 417 3797 499">
     <span class='ocr_line' id='line_1_4' title="bbox 2188 417 3797 499; baseline 0.007 -31"><span class='ocrx_word' id='word_1_17' title='bbox 2188 435 2254 468; x_wconf 73' lang='grc' dir='ltr'><strong>ων</strong></span> <span class='ocrx_word' id='word_1_18' title='bbox 2287 419 2442 483; x_wconf 88' lang='grc' dir='ltr'>Θεοῦ,</span> <span class='ocrx_word' id='word_1_19' title='bbox 2489 421 2605 478; x_wconf 84' lang='grc' dir='ltr'><strong>πῶς</strong></span> <span class='ocrx_word' id='word_1_20' title='bbox 2636 417 2698 472; x_wconf 88' lang='grc' dir='ltr'>τὸ</span> <span class='ocrx_word' id='word_1_21' title='bbox 2743 420 2900 490; x_wconf 84' lang='grc' dir='ltr'>σῶμα</span> <span class='ocrx_word' id='word_1_22' title='bbox 2941 419 3031 472; x_wconf 83' lang='grc' dir='ltr'><strong>καὶ</strong></span> <span class='ocrx_word' id='word_1_23' title='bbox 3059 420 3122 474; x_wconf 86' lang='grc' dir='ltr'><strong>τὸ</strong></span> <span class='ocrx_word' id='word_1_24' title='bbox 3171 420 3380 494; x_wconf 87' lang='grc' dir='ltr'>πνεῦμα</span> <span class='ocrx_word' id='word_1_25' title='bbox 3425 422 3517 477; x_wconf 82' lang='grc' dir='ltr'><strong>καὶ</strong></span> <span class='ocrx_word' id='word_1_26' title='bbox 3563 423 3662 492; x_wconf 76' lang='grc' dir='ltr'><strong>τήν</strong></span> <span class='ocrx_word' id='word_1_27' title='bbox 3695 429 3797 499; x_wconf 52' lang='lat' dir='ltr'><strong>dpu-</strong></span> 
     </span>
    </p>
   </div>
   <div class='ocr_carea' id='block_1_5' title="bbox 390 503 1999 590">
    <p class='ocr_par' dir='ltr' id='par_1_5' title="bbox 390 509 1999 590">
     <span class='ocr_line' id='line_1_5' title="bbox 390 509 1999 590; baseline -0.009 -15"><span class='ocrx_word' id='word_1_28' title='bbox 390 521 614 590; x_wconf 82' lang='lat' dir='ltr'><strong>cutpata</strong></span> <span class='ocrx_word' id='word_1_29' title='bbox 668 521 1054 574; x_wconf 72' lang='lat' dir='ltr'><strong>conserventur</strong></span> <span class='ocrx_word' id='word_1_30' title='bbox 1100 515 1161 570; x_wconf 86' lang='lat' dir='ltr'><strong>in</strong></span> <span class='ocrx_word' id='word_1_31' title='bbox 1215 513 1517 569; x_wconf 81' lang='lat' dir='ltr'><strong>adventum</strong></span> <span class='ocrx_word' id='word_1_32' title='bbox 1573 509 1802 564; x_wconf 81' lang='lat' dir='ltr'><strong>Domini</strong></span> <span class='ocrx_word' id='word_1_33' title='bbox 1857 513 1999 563; x_wconf 84' lang='lat' dir='ltr'><strong>nostr</strong></span> 
     </span>
    </p>
   </div>
   <div class='ocr_carea' id='block_1_6' title="bbox 2178 503 3787 590">
    <p class='ocr_par' dir='ltr' id='par_1_6' title="bbox 2178 503 3787 590">
     <span class='ocr_line' id='line_1_6' title="bbox 2178 503 3787 590; baseline 0.007 -32"><span class='ocrx_word' id='word_1_34' title='bbox 2178 506 2248 576; x_wconf 62' lang='grc' dir='ltr'><strong>ἢν</strong></span> <span class='ocrx_word' id='word_1_35' title='bbox 2269 503 2582 581; x_wconf 79' lang='grc' dir='ltr'>ὁλόκληρον</span> <span class='ocrx_word' id='word_1_36' title='bbox 2615 505 2900 583; x_wconf 75' lang='grc' dir='ltr'>ἐπεύχεται</span> <span class='ocrx_word' id='word_1_37' title='bbox 2933 505 3332 584; x_wconf 76' lang='grc' dir='ltr'>διατηρηθῆναι</span> <span class='ocrx_word' id='word_1_38' title='bbox 3366 512 3455 567; x_wconf 85' lang='grc' dir='ltr'><strong>καὶ</strong></span> <span class='ocrx_word' id='word_1_39' title='bbox 3485 514 3609 569; x_wconf 85' lang='grc' dir='ltr'>τότε</span> <span class='ocrx_word' id='word_1_40' title='bbox 3631 512 3684 569; x_wconf 78' lang='grc' dir='ltr'>ἐν</span> <span class='ocrx_word' id='word_1_41' title='bbox 3714 520 3787 590; x_wconf 76' lang='grc' dir='ltr'><strong>τῇ</strong></span> 
     </span>
    </p>
   </div>
   <div class='ocr_carea' id='block_1_7' title="bbox 390 597 1999 675">
    <p class='ocr_par' dir='ltr' id='par_1_7' title="bbox 390 597 1994 669">
     <span class='ocr_line' id='line_1_7' title="bbox 390 597 1994 669; baseline -0.008 -5"><span class='ocrx_word' id='word_1_42' title='bbox 390 609 516 664; x_wconf 89' lang='lat' dir='ltr'><strong>Jesu</strong></span> <span class='ocrx_word' id='word_1_43' title='bbox 549 609 751 664; x_wconf 83' lang='lat' dir='ltr'><strong>Christi</strong></span> <span class='ocrx_word' id='word_1_44' title='bbox 779 607 846 662; x_wconf 83' lang='grc'><strong>⁴⁰.</strong></span> <span class='ocrx_word' id='word_1_45' title='bbox 881 606 1094 661; x_wconf 64' lang='lat' dir='ltr'><strong>Praeter</strong></span> <span class='ocrx_word' id='word_1_46' title='bbox 1121 619 1258 659; x_wconf 88' lang='lat' dir='ltr'><strong>vero</strong></span> <span class='ocrx_word' id='word_1_47' title='bbox 1305 601 1440 669; x_wconf 90' lang='lat' dir='ltr'><strong>ista,</strong></span> <span class='ocrx_word' id='word_1_48' title='bbox 1471 599 1520 656; x_wconf 87' lang='lat' dir='ltr'><strong>si</strong></span> <span class='ocrx_word' id='word_1_49' title='bbox 1554 598 1749 654; x_wconf 88' lang='lat' dir='ltr'><strong>anima</strong></span> <span class='ocrx_word' id='word_1_50' title='bbox 1795 597 1994 653; x_wconf 86' lang='lat' dir='ltr'><strong>alteriu</strong></span> 
     </span>
    </p>
   </div>
   <div class='ocr_carea' id='block_1_8' title="bbox 2180 597 3789 675">
    <p class='ocr_par' dir='ltr' id='par_1_8' title="bbox 2180 597 3789 675">
     <span class='ocr_line' id='line_1_8' title="bbox 2180 597 3789 675; baseline 0.007 -27"><span class='ocrx_word' id='word_1_51' title='bbox 2180 599 2236 648; x_wconf 80' lang='grc' dir='ltr'><strong>οῦ</strong></span> <span class='ocrx_word' id='word_1_52' title='bbox 2268 597 2468 669; x_wconf 85' lang='grc' dir='ltr'><strong>Κυρίου</strong></span> <span class='ocrx_word' id='word_1_53' title='bbox 2512 597 2817 671; x_wconf 77' lang='grc' dir='ltr'>παρουσίᾳ;</span> <span class='ocrx_word' id='word_1_54' title='bbox 2869 599 3026 674; x_wconf 83' lang='grc' dir='ltr'>Λέγει</span> <span class='ocrx_word' id='word_1_55' title='bbox 3053 601 3155 675; x_wconf 82' lang='grc' dir='ltr'><strong>γάρ</strong></span> <span class='ocrx_word' id='word_1_56' title='bbox 3187 620 3200 632; x_wconf 81' lang='lat'>&#39;</span> <span class='ocrx_word' id='word_1_57' title='bbox 3253 602 3423 663; x_wconf 79' lang='grc' dir='ltr'>Αὐτὸς</span> <span class='ocrx_word' id='word_1_58' title='bbox 3473 601 3530 657; x_wconf 78' lang='grc' dir='ltr'>δὲ</span> <span class='ocrx_word' id='word_1_59' title='bbox 3576 605 3604 658; x_wconf 91' lang='lat'><strong>6</strong></span> <span class='ocrx_word' id='word_1_60' title='bbox 3652 607 3789 669; x_wconf 83' lang='grc' dir='ltr'>Θεὸς</span> 
     </span>
    </p>
   </div>
   <div class='ocr_carea' id='block_1_9' title="bbox 391 685 2000 768">
    <p class='ocr_par' dir='ltr' id='par_1_9' title="bbox 391 688 2000 768">
     <span class='ocr_line' id='line_1_9' title="bbox 391 688 2000 768; baseline -0.007 -16"><span class='ocrx_word' id='word_1_61' title='bbox 391 698 656 768; x_wconf 86' lang='lat' dir='ltr'><strong>principii</strong></span> <span class='ocrx_word' id='word_1_62' title='bbox 715 713 860 768; x_wconf 82' lang='lat' dir='ltr'><strong>Opus</strong></span> <span class='ocrx_word' id='word_1_63' title='bbox 927 695 1216 758; x_wconf 83' lang='lat' dir='ltr'><strong>existeret,</strong></span> <span class='ocrx_word' id='word_1_64' title='bbox 1277 688 1516 746; x_wconf 79' lang='lat' dir='ltr'><strong>alterius</strong></span> <span class='ocrx_word' id='word_1_65' title='bbox 1582 703 1716 743; x_wconf 90' lang='lat' dir='ltr'><strong>vero</strong></span> <span class='ocrx_word' id='word_1_66' title='bbox 1793 702 2000 758; x_wconf 87' lang='lat' dir='ltr'><strong>corpus</strong></span> 
     </span>
    </p>
   </div>
   <div class='ocr_carea' id='block_1_10' title="bbox 2179 685 3788 768">
    <p class='ocr_par' dir='ltr' id='par_1_10' title="bbox 2179 685 3788 766">
     <span class='ocr_line' id='line_1_10' title="bbox 2179 685 3788 766; baseline 0.006 -25"><span class='ocrx_word' id='word_1_67' title='bbox 2179 689 2235 750; x_wconf 79' lang='grc' dir='ltr'>ῆς</span> <span class='ocrx_word' id='word_1_68' title='bbox 2295 685 2519 762; x_wconf 77' lang='grc' dir='ltr'>εἰρήνης</span> <span class='ocrx_word' id='word_1_69' title='bbox 2575 689 2789 762; x_wconf 81' lang='grc' dir='ltr'>ἁγιάσαι</span> <span class='ocrx_word' id='word_1_70' title='bbox 2844 689 2986 762; x_wconf 82' lang='grc' dir='ltr'>ὑμᾶς</span> <span class='ocrx_word' id='word_1_71' title='bbox 3038 689 3343 762; x_wconf 82' lang='grc' dir='ltr'><strong>ὁλοτελεῖς,</strong></span> <span class='ocrx_word' id='word_1_72' title='bbox 3385 692 3478 748; x_wconf 84' lang='grc' dir='ltr'><strong>καὶ</strong></span> <span class='ocrx_word' id='word_1_73' title='bbox 3535 690 3788 766; x_wconf 78' lang='grc' dir='ltr'>ὁλόκλη-</span> 
     </span>
    </p>
   </div>
   <div class='ocr_carea' id='block_1_11' title="bbox 388 774 1997 862">
    <p class='ocr_par' dir='ltr' id='par_1_11' title="bbox 388 778 1994 862">
     <span class='ocr_line' id='line_1_11' title="bbox 388 778 1994 862; baseline -0.008 -16"><span class='ocrx_word' id='word_1_74' title='bbox 388 790 678 862; x_wconf 90' lang='lat' dir='ltr'><strong>quomodo</strong></span> <span class='ocrx_word' id='word_1_75' title='bbox 733 803 898 844; x_wconf 87' lang='lat' dir='ltr'><strong>verus</strong></span> <span class='ocrx_word' id='word_1_76' title='bbox 953 784 1132 840; x_wconf 78' lang='lat' dir='ltr'><strong>nostri</strong></span> <span class='ocrx_word' id='word_1_77' title='bbox 1191 781 1456 839; x_wconf 89' lang='lat' dir='ltr'><strong>conditor</strong></span> <span class='ocrx_word' id='word_1_78' title='bbox 1511 786 1564 835; x_wconf 85' lang='lat' dir='ltr'><strong>et</strong></span> <span class='ocrx_word' id='word_1_79' title='bbox 1618 778 1788 844; x_wconf 88' lang='lat' dir='ltr'><strong>Deus,</strong></span> <span class='ocrx_word' id='word_1_80' title='bbox 1831 792 1994 834; x_wconf 88' lang='lat' dir='ltr'><strong>servo</strong></span> 
     </span>
    </p>
   </div>
   <div class='ocr_carea' id='block_1_12' title="bbox 2179 774 3788 862">
    <p class='ocr_par' dir='ltr' id='par_1_12' title="bbox 2179 774 3788 857">
     <span class='ocr_line' id='line_1_12' title="bbox 2179 774 3788 857; baseline 0.006 -28"><span class='ocrx_word' id='word_1_81' title='bbox 2179 796 2231 829; x_wconf 89' lang='grc' dir='ltr'><strong>ον</strong></span> <span class='ocrx_word' id='word_1_82' title='bbox 2267 774 2418 848; x_wconf 85' lang='grc' dir='ltr'>ὑμῶν</span> <span class='ocrx_word' id='word_1_83' title='bbox 2449 777 2511 832; x_wconf 90' lang='grc' dir='ltr'>τὸ</span> <span class='ocrx_word' id='word_1_84' title='bbox 2542 783 2756 850; x_wconf 82' lang='grc' dir='ltr'>πνεῦμα</span> <span class='ocrx_word' id='word_1_85' title='bbox 2793 778 2883 833; x_wconf 84' lang='grc' dir='ltr'><strong>καὶ</strong></span> <span class='ocrx_word' id='word_1_86' title='bbox 2923 781 2956 848; x_wconf 82' lang='grc' dir='ltr'>ἡ</span> <span class='ocrx_word' id='word_1_87' title='bbox 2989 782 3142 855; x_wconf 75' lang='grc' dir='ltr'>ψυχὴ</span> <span class='ocrx_word' id='word_1_88' title='bbox 3180 781 3270 835; x_wconf 82' lang='grc' dir='ltr'><strong>καὶ</strong></span> <span class='ocrx_word' id='word_1_89' title='bbox 3302 782 3365 837; x_wconf 86' lang='grc' dir='ltr'>τὸ</span> <span class='ocrx_word' id='word_1_90' title='bbox 3399 786 3558 855; x_wconf 87' lang='grc' dir='ltr'>σῶμα</span> <span class='ocrx_word' id='word_1_91' title='bbox 3601 783 3788 857; x_wconf 79' lang='grc' dir='ltr'>ἀμέμ-</span> 
     </span>
    </p>
   </div>
   <div class='ocr_carea' id='block_1_13' title="bbox 387 863 1996 944">
    <p class='ocr_par' dir='ltr' id='par_1_13' title="bbox 387 868 1989 940">
     <span class='ocr_line' id='line_1_13' title="bbox 387 868 1989 940; baseline -0.007 -7"><span class='ocrx_word' id='word_1_92' title='bbox 387 895 526 934; x_wconf 88' lang='lat' dir='ltr'><strong>suos</strong></span> <span class='ocrx_word' id='word_1_93' title='bbox 559 878 716 934; x_wconf 88' lang='lat' dir='ltr'><strong>curis</strong></span> <span class='ocrx_word' id='word_1_94' title='bbox 745 894 860 932; x_wconf 90' lang='lat' dir='ltr'><strong>non</strong></span> <span class='ocrx_word' id='word_1_95' title='bbox 894 875 1201 930; x_wconf 87' lang='lat' dir='ltr'><strong>distractos</strong></span> <span class='ocrx_word' id='word_1_96' title='bbox 1231 886 1363 926; x_wconf 86' lang='lat' dir='ltr'><strong>esse</strong></span> <span class='ocrx_word' id='word_1_97' title='bbox 1392 868 1654 940; x_wconf 87' lang='lat' dir='ltr'><strong>cupiens,</strong></span> <span class='ocrx_word' id='word_1_98' title='bbox 1679 869 1751 923; x_wconf 88' lang='lat' dir='ltr'><strong>de</strong></span> <span class='ocrx_word' id='word_1_99' title='bbox 1781 872 1989 938; x_wconf 88' lang='lat' dir='ltr'><strong>utroqu</strong></span> 
     </span>
    </p>
   </div>
   <div class='ocr_carea' id='block_1_14' title="bbox 2180 863 3789 944">
    <p class='ocr_par' dir='ltr' id='par_1_14' title="bbox 2180 863 3789 944">
     <span class='ocr_line' id='line_1_14' title="bbox 2180 863 3789 944; baseline 0.006 -26"><span class='ocrx_word' id='word_1_100' title='bbox 2180 885 2285 926; x_wconf 90' lang='grc' dir='ltr'><strong>τως</strong></span> <span class='ocrx_word' id='word_1_101' title='bbox 2344 863 2398 919; x_wconf 86' lang='grc' dir='ltr'>ἐν</span> <span class='ocrx_word' id='word_1_102' title='bbox 2464 869 2534 940; x_wconf 79' lang='grc' dir='ltr'><strong>τῇ</strong></span> <span class='ocrx_word' id='word_1_103' title='bbox 2609 867 2878 942; x_wconf 80' lang='grc' dir='ltr'><strong>παρουσίᾳ</strong></span> <span class='ocrx_word' id='word_1_104' title='bbox 2946 873 3044 924; x_wconf 91' lang='grc' dir='ltr'><strong>τοῦ</strong></span> <span class='ocrx_word' id='word_1_105' title='bbox 3103 870 3305 943; x_wconf 84' lang='grc' dir='ltr'>Κυρίου</span> <span class='ocrx_word' id='word_1_106' title='bbox 3381 873 3545 943; x_wconf 79' lang='grc' dir='ltr'>ἡμῶν</span> <span class='ocrx_word' id='word_1_107' title='bbox 3602 873 3789 944; x_wconf 86' lang='grc' dir='ltr'>Ἰησοῦ</span> 
     </span>
    </p>
   </div>
   <div class='ocr_carea' id='block_1_15' title="bbox 384 952 1993 1038">
    <p class='ocr_par' dir='ltr' id='par_1_15' title="bbox 384 955 1992 1038">
     <span class='ocr_line' id='line_1_15' title="bbox 384 955 1992 1038; baseline -0.007 -16"><span class='ocrx_word' id='word_1_108' title='bbox 384 967 645 1038; x_wconf 54' lang='lat' dir='ltr'><strong>praecipit</strong></span> <span class='ocrx_word' id='word_1_109' title='bbox 676 966 878 1021; x_wconf 88' lang='lat' dir='ltr'><strong>dicens</strong></span> <span class='ocrx_word' id='word_1_110' title='bbox 910 978 922 1016; x_wconf 92' lang='lat'><strong>:</strong></span> <span class='ocrx_word' id='word_1_111' title='bbox 959 967 1038 1018; x_wconf 86' lang='lat' dir='ltr'><strong>Ne</strong></span> <span class='ocrx_word' id='word_1_112' title='bbox 1084 967 1271 1016; x_wconf 78' lang='lat' dir='ltr'><strong>curate</strong></span> <span class='ocrx_word' id='word_1_113' title='bbox 1298 960 1370 1014; x_wconf 86' lang='lat' dir='ltr'><strong>de</strong></span> <span class='ocrx_word' id='word_1_114' title='bbox 1418 957 1612 1014; x_wconf 86' lang='lat' dir='ltr'><strong>anima</strong></span> <span class='ocrx_word' id='word_1_115' title='bbox 1658 961 1860 1023; x_wconf 87' lang='lat' dir='ltr'><strong>vestra,</strong></span> <span class='ocrx_word' id='word_1_116' title='bbox 1893 955 1992 1026; x_wconf 90' lang='lat' dir='ltr'><strong>qui</strong></span> 
     </span>
    </p>
   </div>
   <div class='ocr_carea' id='block_1_16' title="bbox 2177 952 3786 1038">
    <p class='ocr_par' dir='ltr' id='par_1_16' title="bbox 2177 952 3786 1035">
     <span class='ocr_line' id='line_1_16' title="bbox 2177 952 3786 1035; baseline 0.007 -28"><span class='ocrx_word' id='word_1_117' title='bbox 2177 957 2370 1028; x_wconf 78' lang='grc' dir='ltr'>,ριστοῦ</span> <span class='ocrx_word' id='word_1_118' title='bbox 2403 952 2782 1031; x_wconf 80' lang='grc' dir='ltr'>διατηρηθείη.</span> <span class='ocrx_word' id='word_1_119' title='bbox 2816 957 3002 1033; x_wconf 84' lang='grc' dir='ltr'>Χωρὶς</span> <span class='ocrx_word' id='word_1_120' title='bbox 3044 956 3102 1013; x_wconf 79' lang='grc' dir='ltr'>δὲ</span> <span class='ocrx_word' id='word_1_121' title='bbox 3137 959 3348 1014; x_wconf 80' lang='grc' dir='ltr'>τούτων</span> <span class='ocrx_word' id='word_1_122' title='bbox 3383 959 3433 1014; x_wconf 79' lang='grc' dir='ltr'><strong>εἷ’</strong></span> <span class='ocrx_word' id='word_1_123' title='bbox 3458 959 3639 1032; x_wconf 73' lang='grc' dir='ltr'>ἄλλης</span> <span class='ocrx_word' id='word_1_124' title='bbox 3685 963 3786 1035; x_wconf 78' lang='grc' dir='ltr'>μὲν</span> 
     </span>
    </p>
   </div>
   <div class='ocr_carea' id='block_1_17' title="bbox 382 1041 1991 1124">
    <p class='ocr_par' dir='ltr' id='par_1_17' title="bbox 382 1043 1991 1120">
     <span class='ocr_line' id='line_1_17' title="bbox 382 1043 1991 1120; baseline -0.008 -9"><span class='ocrx_word' id='word_1_125' title='bbox 382 1053 562 1110; x_wconf 89' lang='lat' dir='ltr'><strong>edatis</strong></span> <span class='ocrx_word' id='word_1_126' title='bbox 588 1056 685 1109; x_wconf 89' lang='lat' dir='ltr'><strong>aut</strong></span> <span class='ocrx_word' id='word_1_127' title='bbox 715 1051 942 1120; x_wconf 83' lang='lat' dir='ltr'><strong>bibatis,</strong></span> <span class='ocrx_word' id='word_1_128' title='bbox 975 1065 1149 1120; x_wconf 87' lang='lat' dir='ltr'><strong>neque</strong></span> <span class='ocrx_word' id='word_1_129' title='bbox 1178 1047 1396 1119; x_wconf 84' lang='lat' dir='ltr'><strong>corpori</strong></span> <span class='ocrx_word' id='word_1_130' title='bbox 1424 1054 1622 1112; x_wconf 88' lang='lat' dir='ltr'><strong>vestro,</strong></span> <span class='ocrx_word' id='word_1_131' title='bbox 1653 1045 1786 1117; x_wconf 85' lang='lat' dir='ltr'><strong>quid</strong></span> <span class='ocrx_word' id='word_1_132' title='bbox 1832 1043 1991 1099; x_wconf 79' lang='lat' dir='ltr'><strong>induc</strong></span> 
     </span>
    </p>
   </div>
   <div class='ocr_carea' id='block_1_18' title="bbox 2174 1041 3783 1124">
    <p class='ocr_par' dir='ltr' id='par_1_18' title="bbox 2177 1041 3783 1124">
     <span class='ocr_line' id='line_1_18' title="bbox 2177 1041 3783 1124; baseline 0.006 -28"><span class='ocrx_word' id='word_1_133' title='bbox 2177 1062 2203 1096; x_wconf 97' lang='grc' dir='ltr'><strong>ν</strong></span> <span class='ocrx_word' id='word_1_134' title='bbox 2233 1042 2411 1118; x_wconf 86' lang='grc' dir='ltr'>ἀρχῆς</span> <span class='ocrx_word' id='word_1_135' title='bbox 2443 1041 2602 1119; x_wconf 72' lang='grc' dir='ltr'>ἔργον</span> <span class='ocrx_word' id='word_1_136' title='bbox 2643 1046 2678 1115; x_wconf 80' lang='grc' dir='ltr'><strong>ἡ</strong></span> <span class='ocrx_word' id='word_1_137' title='bbox 2733 1047 2912 1120; x_wconf 73' lang='grc' dir='ltr'>ψυχὴ,</span> <span class='ocrx_word' id='word_1_138' title='bbox 2945 1047 3126 1122; x_wconf 73' lang='grc' dir='ltr'>ἑτέρας</span> <span class='ocrx_word' id='word_1_139' title='bbox 3175 1045 3232 1103; x_wconf 84' lang='grc' dir='ltr'>δὶ</span> <span class='ocrx_word' id='word_1_140' title='bbox 3277 1049 3339 1104; x_wconf 83' lang='lat'><strong>16</strong></span> <span class='ocrx_word' id='word_1_141' title='bbox 3390 1054 3571 1124; x_wconf 86' lang='grc' dir='ltr'>σῶμα,</span> <span class='ocrx_word' id='word_1_142' title='bbox 3605 1056 3723 1113; x_wconf 92' lang='grc' dir='ltr'><strong>πῶς</strong></span> <span class='ocrx_word' id='word_1_143' title='bbox 3751 1053 3783 1106; x_wconf 88' lang='grc' dir='ltr'><strong>ὁ</strong></span> 
     </span>
    </p>
   </div>
   <div class='ocr_carea' id='block_1_19' title="bbox 386 1128 1995 1211">
    <p class='ocr_par' dir='ltr' id='par_1_19' title="bbox 386 1135 1995 1210">
     <span class='ocr_line' id='line_1_19' title="bbox 386 1135 1995 1210; baseline -0.006 -10"><span class='ocrx_word' id='word_1_144' title='bbox 386 1146 459 1200; x_wconf 86' lang='lat' dir='ltr'><strong>tis</strong></span> <span class='ocrx_word' id='word_1_145' title='bbox 489 1145 552 1198; x_wconf 76' lang='lat'><strong>“.</strong></span> <span class='ocrx_word' id='word_1_146' title='bbox 603 1144 804 1199; x_wconf 82' lang='lat' dir='ltr'><strong>Postea</strong></span> <span class='ocrx_word' id='word_1_147' title='bbox 854 1140 1046 1198; x_wconf 88' lang='lat' dir='ltr'><strong>adhuc</strong></span> <span class='ocrx_word' id='word_1_148' title='bbox 1090 1139 1276 1209; x_wconf 84' lang='lat' dir='ltr'><strong>magis</strong></span> <span class='ocrx_word' id='word_1_149' title='bbox 1324 1136 1586 1210; x_wconf 85' lang='lat' dir='ltr'><strong>exemplo</strong></span> <span class='ocrx_word' id='word_1_150' title='bbox 1645 1135 1895 1208; x_wconf 87' lang='lat' dir='ltr'><strong>quodam</strong></span> <span class='ocrx_word' id='word_1_151' title='bbox 1955 1151 1995 1190; x_wconf 51' lang='lat' dir='ltr'><strong>at</strong></span> 
     </span>
    </p>
   </div>
   <div class='ocr_carea' id='block_1_20' title="bbox 2177 1128 3786 1211">
    <p class='ocr_par' dir='ltr' id='par_1_20' title="bbox 2177 1128 3786 1211">
     <span class='ocr_line' id='line_1_20' title="bbox 2177 1128 3786 1211; baseline 0.005 -25"><span class='ocrx_word' id='word_1_152' title='bbox 2177 1128 2351 1201; x_wconf 81' lang='grc' dir='ltr'>ληθής</span> <span class='ocrx_word' id='word_1_153' title='bbox 2418 1133 2580 1205; x_wconf 77' lang='grc' dir='ltr'>ἡμῶν</span> <span class='ocrx_word' id='word_1_154' title='bbox 2647 1133 2898 1205; x_wconf 82' lang='grc' dir='ltr'><strong>πλάστης</strong></span> <span class='ocrx_word' id='word_1_155' title='bbox 2971 1139 3060 1191; x_wconf 86' lang='grc' dir='ltr'><strong>καὶ</strong></span> <span class='ocrx_word' id='word_1_156' title='bbox 3141 1139 3268 1199; x_wconf 86' lang='grc' dir='ltr'>Θεὸς</span> <span class='ocrx_word' id='word_1_157' title='bbox 3345 1137 3786 1211; x_wconf 75' lang='grc' dir='ltr'>ἀπερισπάστους</span> 
     </span>
    </p>
   </div>
   <div class='ocr_carea' id='block_1_21' title="bbox 386 1219 1995 1304">
    <p class='ocr_par' dir='ltr' id='par_1_21' title="bbox 386 1225 1995 1303">
     <span class='ocr_line' id='line_1_21' title="bbox 386 1225 1995 1303; baseline -0.006 -15"><span class='ocrx_word' id='word_1_158' title='bbox 386 1231 790 1303; x_wconf 83' lang='lat' dir='ltr'><strong>percipiendas</strong></span> <span class='ocrx_word' id='word_1_159' title='bbox 823 1228 1250 1286; x_wconf 81' lang='lat' dir='ltr'><strong>admonitiones</strong></span> <span class='ocrx_word' id='word_1_160' title='bbox 1281 1227 1710 1298; x_wconf 88' lang='lat' dir='ltr'><strong>perducturus:</strong></span> <span class='ocrx_word' id='word_1_161' title='bbox 1747 1225 1995 1296; x_wconf 76' lang='lat' dir='ltr'><strong>Inspicite</strong></span> 
     </span>
    </p>
   </div>
   <div class='ocr_carea' id='block_1_22' title="bbox 2177 1219 3786 1304">
    <p class='ocr_par' dir='ltr' id='par_1_22' title="bbox 2177 1219 3786 1304">
     <span class='ocr_line' id='line_1_22' title="bbox 2177 1219 3786 1304; baseline 0.008 -31"><span class='ocrx_word' id='word_1_162' title='bbox 2177 1220 2268 1274; x_wconf 70' lang='grc' dir='ltr'>Γναι</span> <span class='ocrx_word' id='word_1_163' title='bbox 2331 1219 2688 1295; x_wconf 83' lang='grc' dir='ltr'>βουλόμενος,</span> <span class='ocrx_word' id='word_1_164' title='bbox 2746 1224 2876 1288; x_wconf 82' lang='grc' dir='ltr'>τοὺς</span> <span class='ocrx_word' id='word_1_165' title='bbox 2931 1222 3096 1280; x_wconf 87' lang='grc' dir='ltr'>αὐτοῦ</span> <span class='ocrx_word' id='word_1_166' title='bbox 3155 1227 3423 1282; x_wconf 79' lang='grc' dir='ltr'>νουθετῶν</span> <span class='ocrx_word' id='word_1_167' title='bbox 3486 1228 3786 1304; x_wconf 77' lang='grc' dir='ltr'>λατρευτάς</span> 
     </span>
    </p>
   </div>
   <div class='ocr_carea' id='block_1_23' title="bbox 381 1309 1990 1393">
    <p class='ocr_par' dir='ltr' id='par_1_23' title="bbox 381 1314 1990 1392">
     <span class='ocr_line' id='line_1_23' title="bbox 381 1314 1990 1392; baseline -0.005 -16"><span class='ocrx_word' id='word_1_168' title='bbox 381 1321 594 1392; x_wconf 86' lang='lat' dir='ltr'><strong>inquit,</strong></span> <span class='ocrx_word' id='word_1_169' title='bbox 627 1320 688 1376; x_wconf 84' lang='lat' dir='ltr'><strong>in</strong></span> <span class='ocrx_word' id='word_1_170' title='bbox 736 1320 981 1376; x_wconf 76' lang='lat' dir='ltr'><strong>volucres</strong></span> <span class='ocrx_word' id='word_1_171' title='bbox 1028 1317 1172 1382; x_wconf 64' lang='lat' dir='ltr'><strong>creti,</strong></span> <span class='ocrx_word' id='word_1_172' title='bbox 1204 1314 1339 1388; x_wconf 85' lang='lat' dir='ltr'><strong>quia</strong></span> <span class='ocrx_word' id='word_1_173' title='bbox 1386 1331 1496 1371; x_wconf 88' lang='lat' dir='ltr'><strong>non</strong></span> <span class='ocrx_word' id='word_1_174' title='bbox 1537 1321 1747 1382; x_wconf 88' lang='lat' dir='ltr'><strong>serunt,</strong></span> <span class='ocrx_word' id='word_1_175' title='bbox 1779 1329 1876 1369; x_wconf 87' lang='lat' dir='ltr'><strong>nec</strong></span> <span class='ocrx_word' id='word_1_176' title='bbox 1912 1327 1990 1368; x_wconf 78' lang='lat' dir='ltr'><strong>me</strong></span> 
     </span>
    </p>
   </div>
   <div class='ocr_carea' id='block_1_24' title="bbox 2172 1309 3781 1393">
    <p class='ocr_par' dir='ltr' id='par_1_24' title="bbox 2172 1309 3781 1393">
     <span class='ocr_line' id='line_1_24' title="bbox 2172 1309 3781 1393; baseline 0.009 -34"><span class='ocrx_word' id='word_1_177' title='bbox 2172 1313 2387 1382; x_wconf 79' lang='lat' dir='ltr'><strong>rapatve‘i</strong></span> <span class='ocrx_word' id='word_1_178' title='bbox 2422 1309 2546 1382; x_wconf 83' lang='grc' dir='ltr'>περὶ</span> <span class='ocrx_word' id='word_1_179' title='bbox 2605 1310 2858 1386; x_wconf 75' lang='grc' dir='ltr'>ἑκατέρου</span> <span class='ocrx_word' id='word_1_180' title='bbox 2915 1309 3092 1388; x_wconf 86' lang='grc' dir='ltr'>λέγων</span> <span class='ocrx_word' id='word_1_181' title='bbox 3124 1332 3138 1345; x_wconf 88' lang='grc'><strong>·</strong></span> <span class='ocrx_word' id='word_1_182' title='bbox 3199 1316 3289 1384; x_wconf 82' lang='grc' dir='ltr'><strong>Μὴ</strong></span> <span class='ocrx_word' id='word_1_183' title='bbox 3357 1323 3655 1391; x_wconf 77' lang='grc' dir='ltr'>μεριμνᾶτε</span> <span class='ocrx_word' id='word_1_184' title='bbox 3709 1322 3781 1393; x_wconf 78' lang='grc' dir='ltr'><strong>τῇ</strong></span> 
     </span>
    </p>
   </div>
   <div class='ocr_carea' id='block_1_25' title="bbox 384 1398 1993 1482">
    <p class='ocr_par' dir='ltr' id='par_1_25' title="bbox 384 1401 1993 1482">
     <span class='ocr_line' id='line_1_25' title="bbox 384 1401 1993 1482; baseline -0.006 -16"><span class='ocrx_word' id='word_1_185' title='bbox 384 1418 526 1480; x_wconf 87' lang='lat' dir='ltr'><strong>tunt,</strong></span> <span class='ocrx_word' id='word_1_186' title='bbox 569 1425 744 1482; x_wconf 86' lang='lat' dir='ltr'><strong>neque</strong></span> <span class='ocrx_word' id='word_1_187' title='bbox 787 1408 849 1464; x_wconf 87' lang='lat' dir='ltr'><strong>in</strong></span> <span class='ocrx_word' id='word_1_188' title='bbox 879 1409 1144 1477; x_wconf 87' lang='lat' dir='ltr'><strong>granaria</strong></span> <span class='ocrx_word' id='word_1_189' title='bbox 1171 1411 1476 1474; x_wconf 79' lang='lat' dir='ltr'><strong>congerunt</strong></span> <span class='ocrx_word' id='word_1_190' title='bbox 1507 1403 1555 1438; x_wconf 78' lang='grc'><strong>⁴²</strong></span> <span class='ocrx_word' id='word_1_191' title='bbox 1581 1421 1594 1473; x_wconf 90' lang='grc'><strong>;</strong></span> <span class='ocrx_word' id='word_1_192' title='bbox 1639 1407 1696 1459; x_wconf 91' lang='lat' dir='ltr'><strong>et</strong></span> <span class='ocrx_word' id='word_1_193' title='bbox 1725 1403 1880 1458; x_wconf 87' lang='lat' dir='ltr'><strong>unde</strong></span> <span class='ocrx_word' id='word_1_194' title='bbox 1911 1401 1993 1458; x_wconf 83' lang='lat' dir='ltr'><strong>illi</strong></span> 
     </span>
    </p>
   </div>
   <div class='ocr_carea' id='block_1_26' title="bbox 2174 1398 3783 1482">
    <p class='ocr_par' dir='ltr' id='par_1_26' title="bbox 2179 1398 3783 1479">
     <span class='ocr_line' id='line_1_26' title="bbox 2179 1398 3783 1479; baseline 0.007 -27"><span class='ocrx_word' id='word_1_195' title='bbox 2179 1403 2292 1476; x_wconf 79' lang='grc' dir='ltr'><strong>υχῇ</strong></span> <span class='ocrx_word' id='word_1_196' title='bbox 2334 1398 2511 1473; x_wconf 81' lang='grc' dir='ltr'>ὑμῶν,</span> <span class='ocrx_word' id='word_1_197' title='bbox 2541 1399 2593 1455; x_wconf 89' lang='grc' dir='ltr'><strong>τί</strong></span> <span class='ocrx_word' id='word_1_198' title='bbox 2641 1401 2874 1477; x_wconf 79' lang='grc' dir='ltr'>φάγητε,</span> <span class='ocrx_word' id='word_1_199' title='bbox 2915 1401 2951 1472; x_wconf 77' lang='grc' dir='ltr'><strong>ἢ</strong></span> <span class='ocrx_word' id='word_1_200' title='bbox 2999 1401 3050 1456; x_wconf 88' lang='grc' dir='ltr'><strong>τί</strong></span> <span class='ocrx_word' id='word_1_201' title='bbox 3099 1403 3286 1474; x_wconf 86' lang='grc' dir='ltr'>πίητε,</span> <span class='ocrx_word' id='word_1_202' title='bbox 3344 1402 3488 1478; x_wconf 76' lang='grc' dir='ltr'>μηδὶ</span> <span class='ocrx_word' id='word_1_203' title='bbox 3541 1411 3622 1479; x_wconf 79' lang='grc' dir='ltr'>τῷ</span> <span class='ocrx_word' id='word_1_204' title='bbox 3671 1406 3783 1462; x_wconf 86' lang='grc' dir='ltr'>σώ-</span> 
     </span>
    </p>
   </div>
   <div class='ocr_carea' id='block_1_27' title="bbox 382 1487 1991 1571">
    <p class='ocr_par' dir='ltr' id='par_1_27' title="bbox 382 1489 1991 1570">
     <span class='ocr_line' id='line_1_27' title="bbox 382 1489 1991 1570; baseline -0.004 -17"><span class='ocrx_word' id='word_1_205' title='bbox 382 1499 569 1554; x_wconf 88' lang='lat' dir='ltr'><strong>victus</strong></span> <span class='ocrx_word' id='word_1_206' title='bbox 602 1497 903 1570; x_wconf 83' lang='lat' dir='ltr'><strong>suppetit?</strong></span> <span class='ocrx_word' id='word_1_207' title='bbox 942 1497 1104 1552; x_wconf 89' lang='lat' dir='ltr'><strong>Pater</strong></span> <span class='ocrx_word' id='word_1_208' title='bbox 1131 1501 1308 1552; x_wconf 85' lang='lat' dir='ltr'><strong>vester</strong></span> <span class='ocrx_word' id='word_1_209' title='bbox 1355 1495 1588 1551; x_wconf 75' lang='lat' dir='ltr'><strong>cmtestis</strong></span> <span class='ocrx_word' id='word_1_210' title='bbox 1615 1494 1796 1548; x_wconf 79' lang='lat' dir='ltr'><strong>nutrit</strong></span> <span class='ocrx_word' id='word_1_211' title='bbox 1830 1507 1929 1548; x_wconf 88' lang='lat' dir='ltr'><strong>eas</strong></span> <span class='ocrx_word' id='word_1_212' title='bbox 1957 1489 1991 1524; x_wconf 71' lang='grc'><strong>⁸⁵</strong></span> 
     </span>
    </p>
   </div>
   <div class='ocr_carea' id='block_1_28' title="bbox 2174 1487 3783 1571">
    <p class='ocr_par' dir='ltr' id='par_1_28' title="bbox 2174 1487 3783 1571">
     <span class='ocr_line' id='line_1_28' title="bbox 2174 1487 3783 1571; baseline 0.007 -29"><span class='ocrx_word' id='word_1_213' title='bbox 2174 1509 2268 1542; x_wconf 89' lang='grc' dir='ltr'>,ατι</span> <span class='ocrx_word' id='word_1_214' title='bbox 2300 1489 2476 1562; x_wconf 83' lang='grc' dir='ltr'>ὑμῶν,</span> <span class='ocrx_word' id='word_1_215' title='bbox 2505 1490 2559 1545; x_wconf 86' lang='grc' dir='ltr'><strong>τί</strong></span> <span class='ocrx_word' id='word_1_216' title='bbox 2609 1487 2938 1566; x_wconf 80' lang='grc' dir='ltr'>ἐνδύσησθε;</span> <span class='ocrx_word' id='word_1_217' title='bbox 2991 1492 3122 1548; x_wconf 76' lang='grc' dir='ltr'>Εἶτα</span> <span class='ocrx_word' id='word_1_218' title='bbox 3159 1495 3249 1548; x_wconf 84' lang='grc' dir='ltr'>καὶ</span> <span class='ocrx_word' id='word_1_219' title='bbox 3296 1491 3464 1550; x_wconf 79' lang='grc' dir='ltr'>πλέον</span> <span class='ocrx_word' id='word_1_220' title='bbox 3513 1499 3660 1570; x_wconf 75' lang='grc' dir='ltr'>ἡμᾶς</span> <span class='ocrx_word' id='word_1_221' title='bbox 3701 1502 3783 1571; x_wconf 79' lang='grc' dir='ltr'>τῷ</span> 
     </span>
    </p>
   </div>
   <div class='ocr_carea' id='block_1_29' title="bbox 383 1576 1992 1660">
    <p class='ocr_par' dir='ltr' id='par_1_29' title="bbox 383 1580 1992 1659">
     <span class='ocr_line' id='line_1_29' title="bbox 383 1580 1992 1659; baseline -0.004 -16"><span class='ocrx_word' id='word_1_222' title='bbox 383 1589 438 1643; x_wconf 87' lang='lat' dir='ltr'><strong>Si</strong></span> <span class='ocrx_word' id='word_1_223' title='bbox 473 1588 670 1659; x_wconf 85' lang='lat' dir='ltr'><strong>itaque</strong></span> <span class='ocrx_word' id='word_1_224' title='bbox 703 1588 928 1643; x_wconf 79' lang='lat' dir='ltr'><strong>Patrem</strong></span> <span class='ocrx_word' id='word_1_225' title='bbox 979 1589 1244 1640; x_wconf 89' lang='lat' dir='ltr'><strong>nostrum</strong></span> <span class='ocrx_word' id='word_1_226' title='bbox 1279 1583 1571 1640; x_wconf 82' lang='lat' dir='ltr'><strong>caelestem</strong></span> <span class='ocrx_word' id='word_1_227' title='bbox 1603 1597 1762 1652; x_wconf 91' lang='lat' dir='ltr'><strong>eum,</strong></span> <span class='ocrx_word' id='word_1_228' title='bbox 1793 1580 1893 1652; x_wconf 87' lang='lat' dir='ltr'><strong>qui</strong></span> <span class='ocrx_word' id='word_1_229' title='bbox 1931 1595 1992 1636; x_wconf 88' lang='lat' dir='ltr'><strong>vc</strong></span> 
     </span>
    </p>
   </div>
   <div class='ocr_carea' id='block_1_30' title="bbox 2171 1576 3780 1660">
    <p class='ocr_par' dir='ltr' id='par_1_30' title="bbox 2171 1576 3780 1660">
     <span class='ocr_line' id='line_1_30' title="bbox 2171 1576 3780 1660; baseline 0.006 -28"><span class='ocrx_word' id='word_1_230' title='bbox 2171 1576 2534 1657; x_wconf 75' lang='grc' dir='ltr'>ταραδείγματι</span> <span class='ocrx_word' id='word_1_231' title='bbox 2588 1583 2727 1655; x_wconf 82' lang='grc' dir='ltr'>πρὸς</span> <span class='ocrx_word' id='word_1_232' title='bbox 2783 1583 2881 1652; x_wconf 79' lang='grc' dir='ltr'><strong>τήν</strong></span> <span class='ocrx_word' id='word_1_233' title='bbox 2941 1583 3224 1641; x_wconf 79' lang='grc' dir='ltr'>νουθεσίαν</span> <span class='ocrx_word' id='word_1_234' title='bbox 3282 1581 3478 1660; x_wconf 69' lang='grc' dir='ltr'>ἕλκων,</span> <span class='ocrx_word' id='word_1_235' title='bbox 3536 1583 3780 1660; x_wconf 78' lang='grc' dir='ltr'>Ἑμϐλέι</span> 
     </span>
    </p>
   </div>
   <div class='ocr_carea' id='block_1_31' title="bbox 385 1669 1994 1749">
    <p class='ocr_par' dir='ltr' id='par_1_31' title="bbox 385 1670 1994 1747">
     <span class='ocr_line' id='line_1_31' title="bbox 385 1670 1994 1747; baseline -0.006 -13"><span class='ocrx_word' id='word_1_236' title='bbox 385 1680 582 1735; x_wconf 87' lang='lat' dir='ltr'><strong>lucres</strong></span> <span class='ocrx_word' id='word_1_237' title='bbox 614 1679 742 1734; x_wconf 64' lang='lat' dir='ltr'><strong>coeli</strong></span> <span class='ocrx_word' id='word_1_238' title='bbox 776 1678 979 1744; x_wconf 83' lang='lat' dir='ltr'><strong>nutrit,</strong></span> <span class='ocrx_word' id='word_1_239' title='bbox 1010 1679 1067 1731; x_wconf 90' lang='lat' dir='ltr'><strong>et</strong></span> <span class='ocrx_word' id='word_1_240' title='bbox 1096 1675 1379 1747; x_wconf 85' lang='lat' dir='ltr'><strong>agnoscit,</strong></span> <span class='ocrx_word' id='word_1_241' title='bbox 1403 1677 1459 1729; x_wconf 90' lang='lat' dir='ltr'><strong>et</strong></span> <span class='ocrx_word' id='word_1_242' title='bbox 1488 1671 1743 1745; x_wconf 83' lang='lat' dir='ltr'><strong>appellat</strong></span> <span class='ocrx_word' id='word_1_243' title='bbox 1770 1670 1994 1728; x_wconf 84' lang='lat' dir='ltr'><strong>veritati</strong></span> 
     </span>
    </p>
   </div>
   <div class='ocr_carea' id='block_1_32' title="bbox 2162 1669 3771 1749">
    <p class='ocr_par' dir='ltr' id='par_1_32' title="bbox 2162 1669 3771 1749">
     <span class='ocr_line' id='line_1_32' title="bbox 2162 1669 3771 1749; baseline 0.007 -28"><span class='ocrx_word' id='word_1_244' title='bbox 2162 1689 2288 1737; x_wconf 63' lang='grc' dir='ltr'>κατε,</span> <span class='ocrx_word' id='word_1_245' title='bbox 2349 1669 2531 1746; x_wconf 77' lang='grc' dir='ltr'>φησὶν,</span> <span class='ocrx_word' id='word_1_246' title='bbox 2591 1669 2668 1732; x_wconf 85' lang='grc' dir='ltr'><strong>είς</strong></span> <span class='ocrx_word' id='word_1_247' title='bbox 2710 1671 2777 1726; x_wconf 83' lang='grc' dir='ltr'><strong>τὰ</strong></span> <span class='ocrx_word' id='word_1_248' title='bbox 2832 1673 3051 1728; x_wconf 89' lang='grc' dir='ltr'>πετεινὰ</span> <span class='ocrx_word' id='word_1_249' title='bbox 3103 1678 3206 1729; x_wconf 85' lang='grc' dir='ltr'><strong>τοῦ</strong></span> <span class='ocrx_word' id='word_1_250' title='bbox 3264 1675 3508 1749; x_wconf 82' lang='grc' dir='ltr'>οὐρανοῦ,</span> <span class='ocrx_word' id='word_1_251' title='bbox 3563 1674 3644 1731; x_wconf 75' lang='grc' dir='ltr'><strong>ὅτι</strong></span> <span class='ocrx_word' id='word_1_252' title='bbox 3704 1679 3771 1733; x_wconf 89' lang='grc' dir='ltr'><strong>οὐ</strong></span> 
     </span>
    </p>
   </div>
   <div class='ocr_carea' id='block_1_33' title="bbox 389 1747 1998 1840">
    <p class='ocr_par' dir='ltr' id='par_1_33' title="bbox 389 1759 1998 1838">
     <span class='ocr_line' id='line_1_33' title="bbox 389 1759 1998 1838; baseline -0.006 -13"><span class='ocrx_word' id='word_1_253' title='bbox 389 1771 542 1836; x_wconf 84' lang='lat' dir='ltr'><strong>fons,</strong></span> <span class='ocrx_word' id='word_1_254' title='bbox 586 1768 703 1824; x_wconf 90' lang='lat' dir='ltr'><strong>imo</strong></span> <span class='ocrx_word' id='word_1_255' title='bbox 728 1783 862 1823; x_wconf 89' lang='lat' dir='ltr'><strong>vero</strong></span> <span class='ocrx_word' id='word_1_256' title='bbox 907 1781 1150 1838; x_wconf 81' lang='lat' dir='ltr'><strong>gramen</strong></span> <span class='ocrx_word' id='word_1_257' title='bbox 1199 1764 1345 1837; x_wconf 84' lang='lat' dir='ltr'><strong>agri,</strong></span> <span class='ocrx_word' id='word_1_258' title='bbox 1379 1764 1438 1818; x_wconf 92' lang='lat' dir='ltr'><strong>in</strong></span> <span class='ocrx_word' id='word_1_259' title='bbox 1489 1763 1780 1819; x_wconf 84' lang='lat' dir='ltr'><strong>fornacem</strong></span> <span class='ocrx_word' id='word_1_260' title='bbox 1820 1759 1998 1831; x_wconf 82' lang='lat' dir='ltr'><strong>conjic</strong></span> 
     </span>
    </p>
   </div>
   <div class='ocr_carea' id='block_1_34' title="bbox 2158 1747 3767 1840">
    <p class='ocr_par' dir='ltr' id='par_1_34' title="bbox 2158 1747 3767 1840">
     <span class='ocr_line' id='line_1_34' title="bbox 2158 1747 3767 1840; baseline 0.008 -31"><span class='ocrx_word' id='word_1_261' title='bbox 2158 1758 2470 1835; x_wconf 76' lang='lat' dir='ltr'><strong>rneipoucw,</strong></span> <span class='ocrx_word' id='word_1_262' title='bbox 2584 1758 2709 1816; x_wconf 79' lang='grc' dir='ltr'>οὐδὲ</span> <span class='ocrx_word' id='word_1_263' title='bbox 2811 1763 3113 1839; x_wconf 84' lang='grc' dir='ltr'>θερίζουσιν</span> <span class='ocrx_word' id='word_1_264' title='bbox 3226 1747 3352 1820; x_wconf 63' lang='grc' dir='ltr'>οὐδε</span> <span class='ocrx_word' id='word_1_265' title='bbox 3458 1767 3767 1840; x_wconf 82' lang='grc' dir='ltr'>συνάγουσιν</span> 
     </span>
    </p>
   </div>
   <div class='ocr_carea' id='block_1_35' title="bbox 391 1849 2000 1932">
    <p class='ocr_par' dir='ltr' id='par_1_35' title="bbox 391 1849 2000 1925">
     <span class='ocr_line' id='line_1_35' title="bbox 391 1849 2000 1925; baseline -0.007 -11"><span class='ocrx_word' id='word_1_266' title='bbox 391 1858 649 1925; x_wconf 88' lang='lat' dir='ltr'><strong>solitum,</strong></span> <span class='ocrx_word' id='word_1_267' title='bbox 681 1857 752 1912; x_wconf 91' lang='lat' dir='ltr'><strong>ab</strong></span> <span class='ocrx_word' id='word_1_268' title='bbox 801 1856 998 1912; x_wconf 89' lang='lat' dir='ltr'><strong>eodem</strong></span> <span class='ocrx_word' id='word_1_269' title='bbox 1033 1855 1170 1923; x_wconf 88' lang='lat' dir='ltr'><strong>Deo,</strong></span> <span class='ocrx_word' id='word_1_270' title='bbox 1221 1870 1290 1910; x_wconf 87' lang='lat' dir='ltr'><strong>ea</strong></span> <span class='ocrx_word' id='word_1_271' title='bbox 1338 1854 1525 1908; x_wconf 85' lang='lat' dir='ltr'><strong>forma</strong></span> <span class='ocrx_word' id='word_1_272' title='bbox 1569 1851 1737 1907; x_wconf 86' lang='lat' dir='ltr'><strong>indui</strong></span> <span class='ocrx_word' id='word_1_273' title='bbox 1779 1849 1882 1917; x_wconf 89' lang='lat' dir='ltr'><strong>ait,</strong></span> <span class='ocrx_word' id='word_1_274' title='bbox 1914 1865 2000 1921; x_wconf 70' lang='lat' dir='ltr'><strong>qu:</strong></span> 
     </span>
    </p>
   </div>
   <div class='ocr_carea' id='block_1_36' title="bbox 2165 1849 3774 1932">
    <p class='ocr_par' dir='ltr' id='par_1_36' title="bbox 2167 1849 3774 1932">
     <span class='ocr_line' id='line_1_36' title="bbox 2167 1849 3774 1932; baseline 0.004 -28"><span class='ocrx_word' id='word_1_275' title='bbox 2167 1849 2213 1914; x_wconf 86' lang='grc' dir='ltr'>ἶς</span> <span class='ocrx_word' id='word_1_276' title='bbox 2257 1849 2540 1922; x_wconf 82' lang='grc' dir='ltr'>ἀποθήκας</span> <span class='ocrx_word' id='word_1_277' title='bbox 2571 1870 2585 1884; x_wconf 86' lang='lat'><strong>&#39;</strong></span> <span class='ocrx_word' id='word_1_278' title='bbox 2636 1851 2725 1908; x_wconf 82' lang='grc' dir='ltr'>καὶ</span> <span class='ocrx_word' id='word_1_279' title='bbox 2774 1855 2935 1909; x_wconf 88' lang='grc' dir='ltr'>πόθεν</span> <span class='ocrx_word' id='word_1_280' title='bbox 2980 1853 3164 1919; x_wconf 89' lang='grc' dir='ltr'>αὐτοῖς</span> <span class='ocrx_word' id='word_1_281' title='bbox 3195 1858 3228 1925; x_wconf 79' lang='grc' dir='ltr'><strong>ἡ</strong></span> <span class='ocrx_word' id='word_1_282' title='bbox 3290 1860 3445 1929; x_wconf 74' lang='grc' dir='ltr'>ζωής</span> <span class='ocrx_word' id='word_1_283' title='bbox 3495 1861 3552 1912; x_wconf 84' lang='lat'><strong>&#39;0</strong></span> <span class='ocrx_word' id='word_1_284' title='bbox 3583 1859 3774 1932; x_wconf 74' lang='grc' dir='ltr'>Πατὴρ</span> 
     </span>
    </p>
   </div>
   <div class='ocr_carea' id='block_1_37' title="bbox 389 1938 1998 2021">
    <p class='ocr_par' dir='ltr' id='par_1_37' title="bbox 389 1938 1998 2014">
     <span class='ocr_line' id='line_1_37' title="bbox 389 1938 1998 2014; baseline -0.006 -10"><span class='ocrx_word' id='word_1_285' title='bbox 389 1965 493 2004; x_wconf 89' lang='lat' dir='ltr'><strong>nec</strong></span> <span class='ocrx_word' id='word_1_286' title='bbox 522 1947 791 2002; x_wconf 91' lang='lat' dir='ltr'><strong>Salomon</strong></span> <span class='ocrx_word' id='word_1_287' title='bbox 817 1945 876 2000; x_wconf 91' lang='lat' dir='ltr'><strong>in</strong></span> <span class='ocrx_word' id='word_1_288' title='bbox 908 1945 1070 2002; x_wconf 89' lang='lat' dir='ltr'><strong>omni</strong></span> <span class='ocrx_word' id='word_1_289' title='bbox 1099 1961 1207 2000; x_wconf 89' lang='lat' dir='ltr'><strong>sua</strong></span> <span class='ocrx_word' id='word_1_290' title='bbox 1237 1942 1420 2014; x_wconf 83' lang='lat' dir='ltr'><strong>gloria</strong></span> <span class='ocrx_word' id='word_1_291' title='bbox 1449 1940 1801 2011; x_wconf 88' lang='lat' dir='ltr'><strong>conspicuus</strong></span> <span class='ocrx_word' id='word_1_292' title='bbox 1831 1938 1998 1994; x_wconf 78' lang='lat' dir='ltr'><strong>fuerit</strong></span> 
     </span>
    </p>
   </div>
   <div class='ocr_carea' id='block_1_38' title="bbox 2175 1938 3784 2021">
    <p class='ocr_par' dir='ltr' id='par_1_38' title="bbox 2175 1938 3784 2021">
     <span class='ocr_line' id='line_1_38' title="bbox 2175 1938 3784 2021; baseline 0.006 -28"><span class='ocrx_word' id='word_1_293' title='bbox 2175 1943 2291 2012; x_wconf 87' lang='grc' dir='ltr'><strong>μῶν</strong></span> <span class='ocrx_word' id='word_1_294' title='bbox 2347 1941 2375 1994; x_wconf 97' lang='lat'><strong>6</strong></span> <span class='ocrx_word' id='word_1_295' title='bbox 2451 1938 2706 2012; x_wconf 88' lang='grc' dir='ltr'>οὐράνιος</span> <span class='ocrx_word' id='word_1_296' title='bbox 2787 1939 2970 2021; x_wconf 76' lang='grc' dir='ltr'>τρέφει</span> <span class='ocrx_word' id='word_1_297' title='bbox 3045 1943 3200 2002; x_wconf 86' lang='grc' dir='ltr'>αὐτά.</span> <span class='ocrx_word' id='word_1_298' title='bbox 3258 1944 3319 2001; x_wconf 78' lang='lat' dir='ltr'><strong>Ei</strong></span> <span class='ocrx_word' id='word_1_299' title='bbox 3398 1944 3496 2001; x_wconf 82' lang='grc' dir='ltr'><strong>οῦν</strong></span> <span class='ocrx_word' id='word_1_300' title='bbox 3568 1946 3784 2021; x_wconf 72' lang='grc' dir='ltr'>Πατέρα</span> 
     </span>
    </p>
   </div>
   <div class='ocr_carea' id='block_1_39' title="bbox 388 2027 1997 2112">
    <p class='ocr_par' dir='ltr' id='par_1_39' title="bbox 388 2028 1997 2109">
     <span class='ocr_line' id='line_1_39' title="bbox 388 2028 1997 2109; baseline -0.007 -16"><span class='ocrx_word' id='word_1_301' title='bbox 388 2038 682 2109; x_wconf 89' lang='lat' dir='ltr'><strong>quomodo</strong></span> <span class='ocrx_word' id='word_1_302' title='bbox 731 2035 1011 2091; x_wconf 80' lang='lat' dir='ltr'><strong>effrenata</strong></span> <span class='ocrx_word' id='word_1_303' title='bbox 1059 2031 1382 2104; x_wconf 88' lang='lat' dir='ltr'><strong>impietatis</strong></span> <span class='ocrx_word' id='word_1_304' title='bbox 1426 2047 1526 2086; x_wconf 90' lang='lat' dir='ltr'><strong>ora</strong></span> <span class='ocrx_word' id='word_1_305' title='bbox 1556 2028 1735 2084; x_wconf 87' lang='lat' dir='ltr'><strong>alium</strong></span> <span class='ocrx_word' id='word_1_306' title='bbox 1785 2028 1997 2100; x_wconf 90' lang='lat' dir='ltr'><strong>quideu</strong></span> 
     </span>
    </p>
   </div>
   <div class='ocr_carea' id='block_1_40' title="bbox 2174 2027 3783 2112">
    <p class='ocr_par' dir='ltr' id='par_1_40' title="bbox 2179 2027 3783 2112">
     <span class='ocr_line' id='line_1_40' title="bbox 2179 2027 3783 2112; baseline 0.007 -32"><span class='ocrx_word' id='word_1_307' title='bbox 2179 2031 2294 2100; x_wconf 86' lang='grc' dir='ltr'><strong>μῶν</strong></span> <span class='ocrx_word' id='word_1_308' title='bbox 2342 2027 2590 2104; x_wconf 75' lang='grc' dir='ltr'>οὐράνιον</span> <span class='ocrx_word' id='word_1_309' title='bbox 2638 2030 2728 2086; x_wconf 83' lang='grc' dir='ltr'><strong>τὸν</strong></span> <span class='ocrx_word' id='word_1_310' title='bbox 2777 2033 3037 2110; x_wconf 80' lang='grc' dir='ltr'>τρέφοντα</span> <span class='ocrx_word' id='word_1_311' title='bbox 3085 2034 3153 2090; x_wconf 73' lang='grc' dir='ltr'>τὰ</span> <span class='ocrx_word' id='word_1_312' title='bbox 3199 2037 3414 2092; x_wconf 89' lang='grc' dir='ltr'>πετεινά</span> <span class='ocrx_word' id='word_1_313' title='bbox 3467 2039 3565 2091; x_wconf 89' lang='grc' dir='ltr'><strong>τοῦ</strong></span> <span class='ocrx_word' id='word_1_314' title='bbox 3613 2036 3783 2112; x_wconf 86' lang='grc' dir='ltr'>οὐρα-</span> 
     </span>
    </p>
   </div>
   <div class='ocr_carea' id='block_1_41' title="bbox 383 2115 1992 2203">
    <p class='ocr_par' dir='ltr' id='par_1_41' title="bbox 383 2115 1992 2200">
     <span class='ocr_line' id='line_1_41' title="bbox 383 2115 1992 2200; baseline -0.007 -18"><span class='ocrx_word' id='word_1_315' title='bbox 383 2125 687 2200; x_wconf 81' lang='lat' dir='ltr'><strong>graminis,</strong></span> <span class='ocrx_word' id='word_1_316' title='bbox 711 2128 768 2179; x_wconf 91' lang='lat' dir='ltr'><strong>et</strong></span> <span class='ocrx_word' id='word_1_317' title='bbox 785 2123 978 2178; x_wconf 89' lang='lat' dir='ltr'><strong>avium</strong></span> <span class='ocrx_word' id='word_1_318' title='bbox 1010 2125 1068 2178; x_wconf 89' lang='lat' dir='ltr'><strong>et</strong></span> <span class='ocrx_word' id='word_1_319' title='bbox 1083 2119 1342 2192; x_wconf 91' lang='lat' dir='ltr'><strong>corporis</strong></span> <span class='ocrx_word' id='word_1_320' title='bbox 1362 2123 1421 2175; x_wconf 87' lang='lat' dir='ltr'><strong>et</strong></span> <span class='ocrx_word' id='word_1_321' title='bbox 1441 2133 1635 2174; x_wconf 90' lang='lat' dir='ltr'><strong>rerum</strong></span> <span class='ocrx_word' id='word_1_322' title='bbox 1657 2115 1992 2173; x_wconf 71' lang='lat' dir='ltr'><strong>sensibilium</strong></span> 
     </span>
    </p>
   </div>
   <div class='ocr_carea' id='block_1_42' title="bbox 2167 2115 3776 2203">
    <p class='ocr_par' dir='ltr' id='par_1_42' title="bbox 2167 2115 3776 2203">
     <span class='ocr_line' id='line_1_42' title="bbox 2167 2115 3776 2203; baseline 0.007 -32"><span class='ocrx_word' id='word_1_323' title='bbox 2167 2120 2249 2186; x_wconf 88' lang='grc' dir='ltr'><strong>οῦ,</strong></span> <span class='ocrx_word' id='word_1_324' title='bbox 2281 2116 2369 2172; x_wconf 80' lang='grc' dir='ltr'><strong>καὶ</strong></span> <span class='ocrx_word' id='word_1_325' title='bbox 2419 2115 2532 2174; x_wconf 75' lang='grc' dir='ltr'>οἶδε</span> <span class='ocrx_word' id='word_1_326' title='bbox 2577 2120 2665 2174; x_wconf 81' lang='grc' dir='ltr'>καὶ</span> <span class='ocrx_word' id='word_1_327' title='bbox 2699 2117 2843 2196; x_wconf 82' lang='grc' dir='ltr'>λέγει</span> <span class='ocrx_word' id='word_1_328' title='bbox 2890 2125 2990 2192; x_wconf 76' lang='grc' dir='ltr'><strong>τῆς</strong></span> <span class='ocrx_word' id='word_1_329' title='bbox 3040 2121 3300 2194; x_wconf 80' lang='grc' dir='ltr'>ἀληθείας</span> <span class='ocrx_word' id='word_1_330' title='bbox 3333 2127 3366 2195; x_wconf 82' lang='grc' dir='ltr'>ἡ</span> <span class='ocrx_word' id='word_1_331' title='bbox 3415 2127 3594 2200; x_wconf 81' lang='grc' dir='ltr'>πηγὴ,</span> <span class='ocrx_word' id='word_1_332' title='bbox 3624 2124 3776 2203; x_wconf 72' lang='grc' dir='ltr'>λέγει</span> 
     </span>
    </p>
   </div>
   <div class='ocr_carea' id='block_1_43' title="bbox 381 2202 1990 2286">
    <p class='ocr_par' dir='ltr' id='par_1_43' title="bbox 381 2205 1990 2278">
     <span class='ocr_line' id='line_1_43' title="bbox 381 2205 1990 2278; baseline -0.008 -5"><span class='ocrx_word' id='word_1_333' title='bbox 381 2215 642 2273; x_wconf 87' lang='lat' dir='ltr'><strong>omnium</strong></span> <span class='ocrx_word' id='word_1_334' title='bbox 676 2212 1033 2270; x_wconf 89' lang='lat' dir='ltr'><strong>conditorem</strong></span> <span class='ocrx_word' id='word_1_335' title='bbox 1080 2209 1442 2278; x_wconf 85' lang='lat' dir='ltr'><strong>renuntiant,</strong></span> <span class='ocrx_word' id='word_1_336' title='bbox 1477 2207 1640 2264; x_wconf 90' lang='lat' dir='ltr'><strong>alteri</strong></span> <span class='ocrx_word' id='word_1_337' title='bbox 1669 2223 1806 2264; x_wconf 88' lang='lat' dir='ltr'><strong>vero</strong></span> <span class='ocrx_word' id='word_1_338' title='bbox 1848 2205 1990 2262; x_wconf 89' lang='lat' dir='ltr'><strong>dimi</strong></span> 
     </span>
    </p>
   </div>
   <div class='ocr_carea' id='block_1_44' title="bbox 2167 2202 3776 2286">
    <p class='ocr_par' dir='ltr' id='par_1_44' title="bbox 2167 2202 3776 2286">
     <span class='ocr_line' id='line_1_44' title="bbox 2167 2202 3776 2286; baseline 0.007 -27"><span class='ocrx_word' id='word_1_339' title='bbox 2167 2205 2318 2260; x_wconf 78' lang='grc' dir='ltr'>ὲκαὶ</span> <span class='ocrx_word' id='word_1_340' title='bbox 2366 2207 2456 2261; x_wconf 87' lang='grc' dir='ltr'><strong>τὸν</strong></span> <span class='ocrx_word' id='word_1_341' title='bbox 2504 2209 2706 2283; x_wconf 86' lang='grc' dir='ltr'>χόρτον</span> <span class='ocrx_word' id='word_1_342' title='bbox 2747 2213 2846 2264; x_wconf 86' lang='grc' dir='ltr'><strong>τοῦ</strong></span> <span class='ocrx_word' id='word_1_343' title='bbox 2893 2209 3064 2286; x_wconf 82' lang='grc' dir='ltr'>ἀγροῦ</span> <span class='ocrx_word' id='word_1_344' title='bbox 3113 2214 3204 2268; x_wconf 85' lang='grc' dir='ltr'>τὸν</span> <span class='ocrx_word' id='word_1_345' title='bbox 3253 2213 3330 2276; x_wconf 80' lang='grc' dir='ltr'><strong>εἰς</strong></span> <span class='ocrx_word' id='word_1_346' title='bbox 3365 2214 3458 2269; x_wconf 82' lang='grc' dir='ltr'>τὸν</span> <span class='ocrx_word' id='word_1_347' title='bbox 3506 2202 3776 2272; x_wconf 77' lang='grc' dir='ltr'>κλίϐανον</span> 
     </span>
    </p>
   </div>
   <div class='ocr_carea' id='block_1_45' title="bbox 385 2291 1994 2383">
    <p class='ocr_par' dir='ltr' id='par_1_45' title="bbox 385 2297 1938 2383">
     <span class='ocr_line' id='line_1_45' title="bbox 385 2297 1938 2383; baseline -0.008 -22"><span class='ocrx_word' id='word_1_348' title='bbox 385 2306 546 2361; x_wconf 90' lang='lat' dir='ltr'><strong>dium</strong></span> <span class='ocrx_word' id='word_1_349' title='bbox 579 2303 958 2374; x_wconf 88' lang='lat' dir='ltr'><strong>principitum</strong></span> <span class='ocrx_word' id='word_1_350' title='bbox 990 2315 1059 2355; x_wconf 86' lang='lat' dir='ltr'><strong>ex</strong></span> <span class='ocrx_word' id='word_1_351' title='bbox 1087 2300 1278 2383; x_wconf 84' lang='lat' dir='ltr'><strong>gratia</strong></span> <span class='ocrx_word' id='word_1_352' title='bbox 1309 2297 1476 2368; x_wconf 89' lang='lat' dir='ltr'><strong>quasi</strong></span> <span class='ocrx_word' id='word_1_353' title='bbox 1509 2297 1837 2368; x_wconf 84' lang='lat' dir='ltr'><strong>largiuntur</strong></span> <span class='ocrx_word' id='word_1_354' title='bbox 1859 2297 1886 2383; x_wconf 58' lang='grc' dir='ltr'>ζ</span> <span class='ocrx_word' id='word_1_355' title='bbox 1909 2380 1938 2383; x_wconf 36' lang='grc' dir='ltr'>η</span> 
     </span>
    </p>
   </div>
   <div class='ocr_carea' id='block_1_46' title="bbox 2178 2291 3787 2383">
    <p class='ocr_par' dir='ltr' id='par_1_46' title="bbox 2178 2291 3787 2383">
     <span class='ocr_line' id='line_1_46' title="bbox 2178 2291 3787 2383; baseline 0.007 -35"><span class='ocrx_word' id='word_1_356' title='bbox 2178 2291 2480 2383; x_wconf 79' lang='grc' dir='ltr'>αλλόμενον</span> <span class='ocrx_word' id='word_1_357' title='bbox 2529 2296 2635 2351; x_wconf 84' lang='grc' dir='ltr'><strong>ὑπὸ</strong></span> <span class='ocrx_word' id='word_1_358' title='bbox 2680 2301 2778 2352; x_wconf 89' lang='grc' dir='ltr'><strong>τοῦ</strong></span> <span class='ocrx_word' id='word_1_359' title='bbox 2818 2298 2984 2354; x_wconf 88' lang='grc' dir='ltr'>αὐτοῦ</span> <span class='ocrx_word' id='word_1_360' title='bbox 3035 2305 3193 2374; x_wconf 83' lang='grc' dir='ltr'>Θεοῦ,</span> <span class='ocrx_word' id='word_1_361' title='bbox 3239 2300 3449 2367; x_wconf 85' lang='grc' dir='ltr'>κάλλος</span> <span class='ocrx_word' id='word_1_362' title='bbox 3494 2303 3787 2383; x_wconf 75' lang='grc' dir='ltr'>ἀμφιέννυ·</span> 
     </span>
    </p>
   </div>
   <div class='ocr_carea' id='block_1_47' title="bbox 383 2379 3792 2468">
    <p class='ocr_par' dir='ltr' id='par_1_47' title="bbox 383 2379 3792 2468">
     <span class='ocr_line' id='line_1_47' title="bbox 383 2379 3792 2468; baseline 0.001 -21"><span class='ocrx_word' id='word_1_363' title='bbox 383 2395 526 2461; x_wconf 76' lang='grc' dir='ltr'>σθαι,</span> <span class='ocrx_word' id='word_1_364' title='bbox 573 2392 692 2445; x_wconf 79' lang='grc' dir='ltr'>οἷον</span> <span class='ocrx_word' id='word_1_365' title='bbox 737 2385 863 2443; x_wconf 80' lang='grc' dir='ltr'>οὐδὲ</span> <span class='ocrx_word' id='word_1_366' title='bbox 912 2386 1181 2459; x_wconf 85' lang='grc' dir='ltr'>Σολομὼν</span> <span class='ocrx_word' id='word_1_367' title='bbox 1225 2381 1276 2439; x_wconf 74' lang='grc' dir='ltr'>ἔν</span> <span class='ocrx_word' id='word_1_368' title='bbox 1329 2383 1434 2457; x_wconf 75' lang='grc' dir='ltr'><strong>ὅλῃ</strong></span> <span class='ocrx_word' id='word_1_369' title='bbox 1487 2383 1650 2438; x_wconf 89' lang='grc' dir='ltr'>αὐτοῦ</span> <span class='ocrx_word' id='word_1_370' title='bbox 1699 2379 2057 2457; x_wconf 81' lang='grc' dir='ltr'>περιεϐάλετο</span> <span class='ocrx_word' id='word_1_371' title='bbox 2110 2385 2179 2455; x_wconf 78' lang='grc' dir='ltr'><strong>τῇ</strong></span> <span class='ocrx_word' id='word_1_372' title='bbox 2226 2380 2352 2458; x_wconf 79' lang='grc' dir='ltr'>δόξῃ</span> <span class='ocrx_word' id='word_1_373' title='bbox 2389 2403 2404 2418; x_wconf 74' lang='grc'>⁸</span> <span class='ocrx_word' id='word_1_374' title='bbox 2451 2388 2569 2447; x_wconf 88' lang='grc' dir='ltr'><strong>πῶς</strong></span> <span class='ocrx_word' id='word_1_375' title='bbox 2635 2387 2702 2441; x_wconf 79' lang='grc' dir='ltr'>τὰ</span> <span class='ocrx_word' id='word_1_376' title='bbox 2748 2385 3013 2444; x_wconf 86' lang='grc' dir='ltr'>ἀπύλωτα</span> <span class='ocrx_word' id='word_1_377' title='bbox 3067 2397 3167 2460; x_wconf 84' lang='grc' dir='ltr'><strong>τῆς</strong></span> <span class='ocrx_word' id='word_1_378' title='bbox 3222 2386 3464 2454; x_wconf 83' lang='grc' dir='ltr'>ἀσεϐείας</span> <span class='ocrx_word' id='word_1_379' title='bbox 3512 2379 3792 2468; x_wconf 79' lang='grc' dir='ltr'>στόματα,</span> 
     </span>
    </p>
   </div>
   <div class='ocr_carea' id='block_1_48' title="bbox 385 2471 3791 2561">
    <p class='ocr_par' dir='ltr' id='par_1_48' title="bbox 385 2471 3791 2561">
     <span class='ocr_line' id='line_1_48' title="bbox 385 2471 3791 2561; baseline -0.002 -25"><span class='ocrx_word' id='word_1_380' title='bbox 385 2481 556 2538; x_wconf 82' lang='grc' dir='ltr'>ἄλλον</span> <span class='ocrx_word' id='word_1_381' title='bbox 620 2481 712 2552; x_wconf 79' lang='grc' dir='ltr'>μὲν</span> <span class='ocrx_word' id='word_1_382' title='bbox 781 2481 877 2533; x_wconf 90' lang='grc' dir='ltr'><strong>τοῦ</strong></span> <span class='ocrx_word' id='word_1_383' title='bbox 936 2475 1144 2550; x_wconf 86' lang='grc' dir='ltr'>χόρτου</span> <span class='ocrx_word' id='word_1_384' title='bbox 1199 2473 1289 2528; x_wconf 80' lang='grc' dir='ltr'><strong>καὶ</strong></span> <span class='ocrx_word' id='word_1_385' title='bbox 1342 2477 1450 2528; x_wconf 91' lang='grc' dir='ltr'><strong>τῶν</strong></span> <span class='ocrx_word' id='word_1_386' title='bbox 1509 2476 1764 2528; x_wconf 83' lang='grc' dir='ltr'>πετεινῶν</span> <span class='ocrx_word' id='word_1_387' title='bbox 1816 2471 1907 2527; x_wconf 85' lang='grc' dir='ltr'><strong>καὶ</strong></span> <span class='ocrx_word' id='word_1_388' title='bbox 1961 2475 2060 2527; x_wconf 87' lang='grc' dir='ltr'><strong>τοῦ</strong></span> <span class='ocrx_word' id='word_1_389' title='bbox 2113 2473 2390 2546; x_wconf 83' lang='grc' dir='ltr'>σώματος,</span> <span class='ocrx_word' id='word_1_390' title='bbox 2444 2473 2534 2529; x_wconf 84' lang='grc' dir='ltr'><strong>καὶ</strong></span> <span class='ocrx_word' id='word_1_391' title='bbox 2591 2479 2698 2530; x_wconf 89' lang='grc' dir='ltr'><strong>τῶν</strong></span> <span class='ocrx_word' id='word_1_392' title='bbox 2757 2475 3032 2548; x_wconf 79' lang='grc' dir='ltr'>αἰσθητῶν</span> <span class='ocrx_word' id='word_1_393' title='bbox 3084 2479 3330 2536; x_wconf 77' lang='grc' dir='ltr'>ἁπάντων</span> <span class='ocrx_word' id='word_1_394' title='bbox 3399 2488 3791 2561; x_wconf 76' lang='grc' dir='ltr'>χειροτονοῦσι</span> 
     </span>
    </p>
   </div>
   <div class='ocr_carea' id='block_1_49' title="bbox 385 2561 2078 2642">
    <p class='ocr_par' dir='ltr' id='par_1_49' title="bbox 385 2561 2078 2642">
     <span class='ocr_line' id='line_1_49' title="bbox 385 2561 2078 2642; baseline -0.005 -18"><span class='ocrx_word' id='word_1_395' title='bbox 385 2569 750 2642; x_wconf 84' lang='grc' dir='ltr'>δημιουργὸν,</span> <span class='ocrx_word' id='word_1_396' title='bbox 780 2566 950 2640; x_wconf 74' lang='grc' dir='ltr'>ἑτέρῳ</span> <span class='ocrx_word' id='word_1_397' title='bbox 982 2561 1038 2619; x_wconf 76' lang='grc' dir='ltr'>δὲ</span> <span class='ocrx_word' id='word_1_398' title='bbox 1065 2564 1165 2633; x_wconf 81' lang='grc' dir='ltr'><strong>τήν</strong></span> <span class='ocrx_word' id='word_1_399' title='bbox 1189 2565 1469 2637; x_wconf 81' lang='grc' dir='ltr'>ἡμίτομον</span> <span class='ocrx_word' id='word_1_400' title='bbox 1505 2561 1824 2637; x_wconf 83' lang='grc' dir='ltr'>χαρίζονται</span> <span class='ocrx_word' id='word_1_401' title='bbox 1860 2561 2036 2637; x_wconf 73' lang='grc' dir='ltr'>ἀρχήν</span> <span class='ocrx_word' id='word_1_402' title='bbox 2061 2577 2078 2632; x_wconf 81' lang='lat'><strong>;</strong></span> 
     </span>
    </p>
   </div>
   <div class='ocr_carea' id='block_1_50' title="bbox 451 2650 2060 2738">
    <p class='ocr_par' dir='ltr' id='par_1_50' title="bbox 451 2652 2029 2725">
     <span class='ocr_line' id='line_1_50' title="bbox 451 2652 2029 2725; baseline -0.005 -9"><span class='ocrx_word' id='word_1_403' title='bbox 451 2660 518 2715; x_wconf 88' lang='lat' dir='ltr'><strong>X.</strong></span> <span class='ocrx_word' id='word_1_404' title='bbox 551 2659 710 2724; x_wconf 87' lang='lat' dir='ltr'><strong>Quod</strong></span> <span class='ocrx_word' id='word_1_405' title='bbox 748 2673 876 2713; x_wconf 81' lang='lat' dir='ltr'><strong>vero</strong></span> <span class='ocrx_word' id='word_1_406' title='bbox 919 2656 1076 2711; x_wconf 87' lang='lat' dir='ltr'><strong>idem</strong></span> <span class='ocrx_word' id='word_1_407' title='bbox 1109 2655 1206 2724; x_wconf 85' lang='lat' dir='ltr'><strong>sit,</strong></span> <span class='ocrx_word' id='word_1_408' title='bbox 1239 2656 1339 2725; x_wconf 88' lang='lat' dir='ltr'><strong>qui</strong></span> <span class='ocrx_word' id='word_1_409' title='bbox 1389 2662 1444 2710; x_wconf 87' lang='lat' dir='ltr'><strong>et</strong></span> <span class='ocrx_word' id='word_1_410' title='bbox 1474 2652 1774 2710; x_wconf 62' lang='lat' dir='ltr'><strong>saecularia</strong></span> <span class='ocrx_word' id='word_1_411' title='bbox 1819 2652 1940 2709; x_wconf 64' lang='lat' dir='ltr'><strong>hac</strong></span> <span class='ocrx_word' id='word_1_412' title='bbox 1970 2657 2029 2708; x_wconf 88' lang='lat' dir='ltr'><strong>et</strong></span> 
     </span>
    </p>
   </div>
   <div class='ocr_carea' id='block_1_51' title="bbox 2174 2650 3783 2738">
    <p class='ocr_par' dir='ltr' id='par_1_51' title="bbox 2210 2650 3783 2738">
     <span class='ocr_line' id='line_1_51' title="bbox 2210 2650 3783 2738; baseline 0.007 -30"><span class='ocrx_word' id='word_1_413' title='bbox 2210 2653 2268 2711; x_wconf 84' lang='lat' dir='ltr'><strong>I&#39;.</strong></span> <span class='ocrx_word' id='word_1_414' title='bbox 2301 2654 2422 2708; x_wconf 90' lang='grc' dir='ltr'>Ὅτι</span> <span class='ocrx_word' id='word_1_415' title='bbox 2450 2650 2506 2710; x_wconf 76' lang='grc' dir='ltr'>δὲ</span> <span class='ocrx_word' id='word_1_416' title='bbox 2537 2655 2565 2709; x_wconf 90' lang='lat'><strong>6</strong></span> <span class='ocrx_word' id='word_1_417' title='bbox 2609 2651 2772 2720; x_wconf 81' lang='grc' dir='ltr'>αὐτός</span> <span class='ocrx_word' id='word_1_418' title='bbox 2803 2655 2945 2713; x_wconf 79' lang='grc' dir='ltr'>ἐστιν</span> <span class='ocrx_word' id='word_1_419' title='bbox 2974 2660 3002 2714; x_wconf 90' lang='lat'><strong>6</strong></span> <span class='ocrx_word' id='word_1_420' title='bbox 3032 2661 3120 2714; x_wconf 84' lang='grc' dir='ltr'>καί</span> <span class='ocrx_word' id='word_1_421' title='bbox 3170 2661 3336 2716; x_wconf 87' lang='grc' dir='ltr'>ταῦτα</span> <span class='ocrx_word' id='word_1_422' title='bbox 3363 2659 3430 2716; x_wconf 76' lang='grc' dir='ltr'><strong>τὰ</strong></span> <span class='ocrx_word' id='word_1_423' title='bbox 3472 2660 3783 2738; x_wconf 86' lang='grc' dir='ltr'>πρόσκαιρα</span> 
     </span>
    </p>
   </div>
   <div class='ocr_carea' id='block_1_52' title="bbox 381 2737 1990 2827">
    <p class='ocr_par' dir='ltr' id='par_1_52' title="bbox 381 2744 1990 2818">
     <span class='ocr_line' id='line_1_52' title="bbox 381 2744 1990 2818; baseline -0.005 -12"><span class='ocrx_word' id='word_1_424' title='bbox 381 2749 658 2806; x_wconf 66' lang='lat' dir='ltr'><strong>caelorum</strong></span> <span class='ocrx_word' id='word_1_425' title='bbox 684 2762 928 2818; x_wconf 87' lang='lat' dir='ltr'><strong>regnum</strong></span> <span class='ocrx_word' id='word_1_426' title='bbox 953 2744 1432 2817; x_wconf 84' lang='lat' dir='ltr'><strong>largitur,paucis</strong></span> <span class='ocrx_word' id='word_1_427' title='bbox 1455 2747 1990 2800; x_wconf 88' lang='lat' dir='ltr'><strong>commonstraturu</strong></span> 
     </span>
    </p>
   </div>
   <div class='ocr_carea' id='block_1_53' title="bbox 2181 2737 3790 2827">
    <p class='ocr_par' dir='ltr' id='par_1_53' title="bbox 2182 2737 3790 2827">
     <span class='ocr_line' id='line_1_53' title="bbox 2182 2737 3790 2827; baseline 0.009 -32"><span class='ocrx_word' id='word_1_428' title='bbox 2182 2737 2347 2812; x_wconf 84' lang='grc' dir='ltr'>ιδοὺς,</span> <span class='ocrx_word' id='word_1_429' title='bbox 2391 2744 2480 2797; x_wconf 82' lang='grc' dir='ltr'><strong>καὶ</strong></span> <span class='ocrx_word' id='word_1_430' title='bbox 2529 2745 2629 2814; x_wconf 78' lang='grc' dir='ltr'><strong>τήν</strong></span> <span class='ocrx_word' id='word_1_431' title='bbox 2682 2743 2958 2820; x_wconf 86' lang='grc' dir='ltr'>βασιλείαν</span> <span class='ocrx_word' id='word_1_432' title='bbox 3005 2753 3114 2803; x_wconf 87' lang='grc' dir='ltr'><strong>τῶν</strong></span> <span class='ocrx_word' id='word_1_433' title='bbox 3164 2749 3403 2826; x_wconf 76' lang='grc' dir='ltr'>οὐρανῶν</span> <span class='ocrx_word' id='word_1_434' title='bbox 3445 2737 3790 2827; x_wconf 74' lang='grc' dir='ltr'>λεπτομερέ-</span> 
     </span>
    </p>
   </div>
   <div class='ocr_carea' id='block_1_54' title="bbox 381 2827 1990 2918">
    <p class='ocr_par' dir='ltr' id='par_1_54' title="bbox 381 2833 1990 2905">
     <span class='ocr_line' id='line_1_54' title="bbox 381 2833 1990 2905; baseline -0.004 -10"><span class='ocrx_word' id='word_1_435' title='bbox 381 2840 648 2895; x_wconf 86' lang='lat' dir='ltr'><strong>Servator</strong></span> <span class='ocrx_word' id='word_1_436' title='bbox 681 2854 694 2891; x_wconf 91' lang='lat'>:</span> <span class='ocrx_word' id='word_1_437' title='bbox 728 2837 884 2892; x_wconf 83' lang='lat' dir='ltr'><strong><em>Novit</em></strong></span> <span class='ocrx_word' id='word_1_438' title='bbox 906 2836 1075 2903; x_wconf 88' lang='lat' dir='ltr'><strong>enim,</strong></span> <span class='ocrx_word' id='word_1_439' title='bbox 1121 2833 1337 2905; x_wconf 88' lang='lat' dir='ltr'><strong>inquit,</strong></span> <span class='ocrx_word' id='word_1_440' title='bbox 1371 2836 1530 2888; x_wconf 85' lang='lat' dir='ltr'><strong>Pater</strong></span> <span class='ocrx_word' id='word_1_441' title='bbox 1559 2841 1732 2889; x_wconf 82' lang='lat' dir='ltr'><strong>vester</strong></span> <span class='ocrx_word' id='word_1_442' title='bbox 1769 2833 1990 2889; x_wconf 62' lang='lat' dir='ltr'><strong>caelesti:</strong></span> 
     </span>
    </p>
   </div>
   <div class='ocr_carea' id='block_1_55' title="bbox 2183 2827 3792 2918">
    <p class='ocr_par' dir='ltr' id='par_1_55' title="bbox 2183 2827 3792 2918">
     <span class='ocr_line' id='line_1_55' title="bbox 2183 2827 3792 2918; baseline 0.008 -34"><span class='ocrx_word' id='word_1_443' title='bbox 2183 2851 2330 2905; x_wconf 90' lang='grc' dir='ltr'>τερον</span> <span class='ocrx_word' id='word_1_444' title='bbox 2364 2827 2598 2907; x_wconf 87' lang='grc' dir='ltr'>βεϐαιῶν</span> <span class='ocrx_word' id='word_1_445' title='bbox 2637 2835 2699 2889; x_wconf 86' lang='grc' dir='ltr'>τὸ</span> <span class='ocrx_word' id='word_1_446' title='bbox 2748 2831 2930 2910; x_wconf 83' lang='grc' dir='ltr'>δόγμα</span> <span class='ocrx_word' id='word_1_447' title='bbox 2962 2855 2976 2870; x_wconf 96' lang='grc'><strong>·</strong></span> <span class='ocrx_word' id='word_1_448' title='bbox 3029 2835 3154 2893; x_wconf 81' lang='grc' dir='ltr'>Οἶδε</span> <span class='ocrx_word' id='word_1_449' title='bbox 3201 2839 3330 2915; x_wconf 83' lang='grc' dir='ltr'>γὰρ,</span> <span class='ocrx_word' id='word_1_450' title='bbox 3379 2841 3568 2918; x_wconf 74' lang='grc' dir='ltr'>φησὶν,</span> <span class='ocrx_word' id='word_1_451' title='bbox 3603 2842 3631 2896; x_wconf 93' lang='lat'><strong>6</strong></span> <span class='ocrx_word' id='word_1_452' title='bbox 3679 2846 3792 2897; x_wconf 85' lang='grc' dir='ltr'><strong>Πα-</strong></span> 
     </span>
    </p>
   </div>
   <div class='ocr_carea' id='block_1_56' title="bbox 384 2919 1993 3002">
    <p class='ocr_par' dir='ltr' id='par_1_56' title="bbox 384 2923 1993 3000">
     <span class='ocr_line' id='line_1_56' title="bbox 384 2923 1993 3000; baseline -0.005 -16"><span class='ocrx_word' id='word_1_453' title='bbox 384 2927 526 3000; x_wconf 85' lang='lat' dir='ltr'><strong>quod</strong></span> <span class='ocrx_word' id='word_1_454' title='bbox 565 2926 651 2982; x_wconf 82' lang='lat' dir='ltr'><strong>his</strong></span> <span class='ocrx_word' id='word_1_455' title='bbox 707 2925 964 2980; x_wconf 85' lang='lat' dir='ltr'><strong>omnibus</strong></span> <span class='ocrx_word' id='word_1_456' title='bbox 1020 2923 1299 2994; x_wconf 83' lang='lat' dir='ltr'><strong>indigetis.</strong></span> <span class='ocrx_word' id='word_1_457' title='bbox 1334 2924 1570 2992; x_wconf 65' lang='lat' dir='ltr'><strong>Quzrite</strong></span> <span class='ocrx_word' id='word_1_458' title='bbox 1615 2938 1742 2978; x_wconf 87' lang='lat' dir='ltr'><strong>vero</strong></span> <span class='ocrx_word' id='word_1_459' title='bbox 1784 2924 1993 2994; x_wconf 65' lang='lat' dir='ltr'><strong>primum</strong></span> 
     </span>
    </p>
   </div>
   <div class='ocr_carea' id='block_1_57' title="bbox 2184 2919 3793 3002">
    <p class='ocr_par' dir='ltr' id='par_1_57' title="bbox 2184 2919 3793 3002">
     <span class='ocr_line' id='line_1_57' title="bbox 2184 2919 3793 3002; baseline 0.007 -29"><span class='ocrx_word' id='word_1_460' title='bbox 2184 2920 2240 2994; x_wconf 69' lang='grc' dir='ltr'>ὴρ</span> <span class='ocrx_word' id='word_1_461' title='bbox 2298 2919 2452 2992; x_wconf 82' lang='grc' dir='ltr'>ὑμῶν</span> <span class='ocrx_word' id='word_1_462' title='bbox 2507 2922 2535 2976; x_wconf 91' lang='lat'><strong>6</strong></span> <span class='ocrx_word' id='word_1_463' title='bbox 2593 2920 2870 2998; x_wconf 79' lang='grc' dir='ltr'>οὐράνιος,</span> <span class='ocrx_word' id='word_1_464' title='bbox 2915 2923 3000 2981; x_wconf 79' lang='grc' dir='ltr'><strong>ὅτι</strong></span> <span class='ocrx_word' id='word_1_465' title='bbox 3057 2927 3296 3002; x_wconf 73' lang='grc' dir='ltr'>χρῄζετε</span> <span class='ocrx_word' id='word_1_466' title='bbox 3349 2930 3565 2986; x_wconf 78' lang='grc' dir='ltr'>τούτων</span> <span class='ocrx_word' id='word_1_467' title='bbox 3625 2931 3793 2985; x_wconf 82' lang='grc' dir='ltr'>ἁπάν-</span> 
     </span>
    </p>
   </div>
   <div class='ocr_carea' id='block_1_58' title="bbox 385 3009 1994 3094">
    <p class='ocr_par' dir='ltr' id='par_1_58' title="bbox 385 3011 1994 3089">
     <span class='ocr_line' id='line_1_58' title="bbox 385 3011 1994 3089; baseline -0.004 -17"><span class='ocrx_word' id='word_1_468' title='bbox 385 3032 624 3089; x_wconf 83' lang='lat' dir='ltr'><strong>regnum</strong></span> <span class='ocrx_word' id='word_1_469' title='bbox 655 3016 770 3083; x_wconf 86' lang='lat' dir='ltr'><strong>Dei,</strong></span> <span class='ocrx_word' id='word_1_470' title='bbox 819 3018 870 3070; x_wconf 85' lang='lat' dir='ltr'><strong>et</strong></span> <span class='ocrx_word' id='word_1_471' title='bbox 910 3012 1196 3086; x_wconf 84' lang='lat' dir='ltr'><strong>justitiam</strong></span> <span class='ocrx_word' id='word_1_472' title='bbox 1236 3013 1375 3083; x_wconf 86' lang='lat' dir='ltr'><strong>ejus,</strong></span> <span class='ocrx_word' id='word_1_473' title='bbox 1407 3019 1458 3068; x_wconf 87' lang='lat' dir='ltr'><strong>et</strong></span> <span class='ocrx_word' id='word_1_474' title='bbox 1507 3013 1617 3067; x_wconf 87' lang='lat' dir='ltr'><strong>ista</strong></span> <span class='ocrx_word' id='word_1_475' title='bbox 1659 3011 1846 3068; x_wconf 83' lang='lat' dir='ltr'><strong>omnia</strong></span> <span class='ocrx_word' id='word_1_476' title='bbox 1889 3012 1994 3079; x_wconf 62' lang='lat' dir='ltr'><strong>adii</strong></span> 
     </span>
    </p>
   </div>
   <div class='ocr_carea' id='block_1_59' title="bbox 2178 3009 3787 3094">
    <p class='ocr_par' dir='ltr' id='par_1_59' title="bbox 2178 3009 3787 3094">
     <span class='ocr_line' id='line_1_59' title="bbox 2178 3009 3787 3094; baseline 0.007 -31"><span class='ocrx_word' id='word_1_477' title='bbox 2178 3030 2260 3064; x_wconf 69' lang='grc' dir='ltr'>ων.</span> <span class='ocrx_word' id='word_1_478' title='bbox 2319 3015 2541 3080; x_wconf 87' lang='grc' dir='ltr'>Ζητεῖτε</span> <span class='ocrx_word' id='word_1_479' title='bbox 2599 3009 2658 3066; x_wconf 80' lang='grc' dir='ltr'>δὲ</span> <span class='ocrx_word' id='word_1_480' title='bbox 2695 3017 2911 3088; x_wconf 88' lang='grc' dir='ltr'>πρῶτον</span> <span class='ocrx_word' id='word_1_481' title='bbox 2969 3016 3072 3083; x_wconf 86' lang='grc' dir='ltr'><strong>τήν</strong></span> <span class='ocrx_word' id='word_1_482' title='bbox 3133 3016 3416 3092; x_wconf 83' lang='grc' dir='ltr'>βασιλείαν</span> <span class='ocrx_word' id='word_1_483' title='bbox 3462 3023 3562 3074; x_wconf 89' lang='grc' dir='ltr'><strong>τοῦ</strong></span> <span class='ocrx_word' id='word_1_484' title='bbox 3619 3024 3787 3094; x_wconf 81' lang='grc' dir='ltr'>Θεσῦ,</span> 
     </span>
    </p>
   </div>
   <div class='ocr_carea' id='block_1_60' title="bbox 382 3083 1991 3176">
    <p class='ocr_par' dir='ltr' id='par_1_60' title="bbox 382 3101 1991 3174">
     <span class='ocr_line' id='line_1_60' title="bbox 382 3101 1991 3174; baseline -0.002 -13"><span class='ocrx_word' id='word_1_485' title='bbox 382 3108 600 3162; x_wconf 86' lang='lat' dir='ltr'><strong>cientur</strong></span> <span class='ocrx_word' id='word_1_486' title='bbox 637 3105 788 3161; x_wconf 81' lang='lat' dir='ltr'><strong><em>vobis</em></strong></span> <span class='ocrx_word' id='word_1_487' title='bbox 816 3102 883 3160; x_wconf 82' lang='grc'><strong>⁴⁴.</strong></span> <span class='ocrx_word' id='word_1_488' title='bbox 925 3103 1109 3174; x_wconf 85' lang='lat' dir='ltr'><strong>Cujus</strong></span> <span class='ocrx_word' id='word_1_489' title='bbox 1147 3107 1252 3170; x_wconf 90' lang='lat' dir='ltr'><strong>est,</strong></span> <span class='ocrx_word' id='word_1_490' title='bbox 1285 3102 1460 3158; x_wconf 89' lang='lat' dir='ltr'><strong>homo</strong></span> <span class='ocrx_word' id='word_1_491' title='bbox 1503 3101 1912 3173; x_wconf 83' lang='lat' dir='ltr'><strong>perditissima,</strong></span> <span class='ocrx_word' id='word_1_492' title='bbox 1945 3117 1991 3157; x_wconf 68' lang='lat' dir='ltr'><strong>re</strong></span> 
     </span>
    </p>
   </div>
   <div class='ocr_carea' id='block_1_61' title="bbox 2182 3083 3791 3176">
    <p class='ocr_par' dir='ltr' id='par_1_61' title="bbox 2182 3097 3791 3176">
     <span class='ocr_line' id='line_1_61' title="bbox 2182 3097 3791 3176; baseline 0.007 -24"><span class='ocrx_word' id='word_1_493' title='bbox 2182 3099 2226 3152; x_wconf 76' lang='grc' dir='ltr'><strong>αὶ</strong></span> <span class='ocrx_word' id='word_1_494' title='bbox 2305 3100 2404 3168; x_wconf 74' lang='grc' dir='ltr'><strong>τὴν</strong></span> <span class='ocrx_word' id='word_1_495' title='bbox 2497 3097 2842 3173; x_wconf 83' lang='grc' dir='ltr'>δικαιοσύνην</span> <span class='ocrx_word' id='word_1_496' title='bbox 2932 3103 3119 3176; x_wconf 86' lang='grc' dir='ltr'>αὐτοῦ,</span> <span class='ocrx_word' id='word_1_497' title='bbox 3201 3106 3294 3161; x_wconf 81' lang='grc' dir='ltr'><strong>καὶ</strong></span> <span class='ocrx_word' id='word_1_498' title='bbox 3373 3112 3542 3164; x_wconf 87' lang='grc' dir='ltr'>ταῦτα</span> <span class='ocrx_word' id='word_1_499' title='bbox 3613 3110 3791 3164; x_wconf 81' lang='grc' dir='ltr'>πάντα</span> 
     </span>
    </p>
   </div>
   <div class='ocr_carea' id='block_1_62' title="bbox 383 3189 1992 3274">
    <p class='ocr_par' dir='ltr' id='par_1_62' title="bbox 383 3190 1992 3268">
     <span class='ocr_line' id='line_1_62' title="bbox 383 3190 1992 3268; baseline -0.004 -15"><span class='ocrx_word' id='word_1_500' title='bbox 383 3212 565 3268; x_wconf 85' lang='lat' dir='ltr'><strong>gnum</strong></span> <span class='ocrx_word' id='word_1_501' title='bbox 598 3193 900 3257; x_wconf 75' lang='lat' dir='ltr'><strong>cmlorum,</strong></span> <span class='ocrx_word' id='word_1_502' title='bbox 933 3198 990 3249; x_wconf 90' lang='lat' dir='ltr'><strong>et</strong></span> <span class='ocrx_word' id='word_1_503' title='bbox 1018 3192 1188 3263; x_wconf 86' lang='lat' dir='ltr'><strong>cujus</strong></span> <span class='ocrx_word' id='word_1_504' title='bbox 1218 3195 1310 3246; x_wconf 91' lang='lat' dir='ltr'><strong>est</strong></span> <span class='ocrx_word' id='word_1_505' title='bbox 1349 3190 1583 3260; x_wconf 89' lang='lat' dir='ltr'><strong>justitia</strong></span> <span class='ocrx_word' id='word_1_506' title='bbox 1612 3191 1738 3260; x_wconf 87' lang='lat' dir='ltr'><strong>ejus</strong></span> <span class='ocrx_word' id='word_1_507' title='bbox 1759 3192 1787 3245; x_wconf 88' lang='lat'><strong>?</strong></span> <span class='ocrx_word' id='word_1_508' title='bbox 1814 3195 1872 3246; x_wconf 88' lang='lat' dir='ltr'><strong>et</strong></span> <span class='ocrx_word' id='word_1_509' title='bbox 1902 3190 1992 3262; x_wconf 84' lang='lat' dir='ltr'><strong>qui</strong></span> 
     </span>
    </p>
   </div>
   <div class='ocr_carea' id='block_1_63' title="bbox 2181 3189 3790 3274">
    <p class='ocr_par' dir='ltr' id='par_1_63' title="bbox 2185 3189 3790 3274">
     <span class='ocr_line' id='line_1_63' title="bbox 2185 3189 3790 3274; baseline 0.006 -30"><span class='ocrx_word' id='word_1_510' title='bbox 2185 3191 2567 3262; x_wconf 78' lang='grc' dir='ltr'>ροστεθήσεται</span> <span class='ocrx_word' id='word_1_511' title='bbox 2628 3189 2778 3264; x_wconf 83' lang='grc' dir='ltr'>ὑμῖν.</span> <span class='ocrx_word' id='word_1_512' title='bbox 2832 3192 2990 3256; x_wconf 90' lang='grc' dir='ltr'>Τίνος</span> <span class='ocrx_word' id='word_1_513' title='bbox 3049 3193 3217 3264; x_wconf 67' lang='grc' dir='ltr'>ἐστὶν,</span> <span class='ocrx_word' id='word_1_514' title='bbox 3288 3195 3466 3268; x_wconf 72' lang='grc' dir='ltr'>ἄθλιε,</span> <span class='ocrx_word' id='word_1_515' title='bbox 3525 3199 3560 3267; x_wconf 79' lang='grc' dir='ltr'><strong>ἡ</strong></span> <span class='ocrx_word' id='word_1_516' title='bbox 3623 3199 3790 3274; x_wconf 89' lang='grc' dir='ltr'>βασι-</span> 
     </span>
    </p>
   </div>
   <div class='ocr_carea' id='block_1_64' title="bbox 382 3275 1991 3357">
    <p class='ocr_par' dir='ltr' id='par_1_64' title="bbox 382 3280 1987 3357">
     <span class='ocr_line' id='line_1_64' title="bbox 382 3280 1987 3357; baseline -0.004 -16"><span class='ocrx_word' id='word_1_517' title='bbox 382 3285 717 3357; x_wconf 87' lang='lat' dir='ltr'><strong>suppeditat</strong></span> <span class='ocrx_word' id='word_1_518' title='bbox 789 3281 1245 3339; x_wconf 84' lang='lat' dir='ltr'><strong>necessitatibus</strong></span> <span class='ocrx_word' id='word_1_519' title='bbox 1311 3280 1574 3352; x_wconf 88' lang='lat' dir='ltr'><strong>corporis</strong></span> <span class='ocrx_word' id='word_1_520' title='bbox 1648 3280 1987 3337; x_wconf 89' lang='lat' dir='ltr'><strong>consultura</strong></span> 
     </span>
    </p>
   </div>
   <div class='ocr_carea' id='block_1_65' title="bbox 2179 3275 3788 3357">
    <p class='ocr_par' dir='ltr' id='par_1_65' title="bbox 2181 3276 3788 3356">
     <span class='ocr_line' id='line_1_65' title="bbox 2181 3276 3788 3356; baseline 0.007 -25"><span class='ocrx_word' id='word_1_521' title='bbox 2181 3276 2261 3332; x_wconf 83' lang='grc' dir='ltr'><strong>εία</strong></span> <span class='ocrx_word' id='word_1_522' title='bbox 2306 3283 2403 3332; x_wconf 87' lang='grc' dir='ltr'><strong>τοῦ</strong></span> <span class='ocrx_word' id='word_1_523' title='bbox 2462 3283 2614 3349; x_wconf 79' lang='grc' dir='ltr'>Θεοῦ,</span> <span class='ocrx_word' id='word_1_524' title='bbox 2661 3279 2751 3335; x_wconf 82' lang='grc' dir='ltr'><strong>καὶ</strong></span> <span class='ocrx_word' id='word_1_525' title='bbox 2783 3279 2926 3344; x_wconf 85' lang='grc' dir='ltr'>τίνος</span> <span class='ocrx_word' id='word_1_526' title='bbox 2975 3285 3010 3353; x_wconf 80' lang='grc' dir='ltr'>ἠ</span> <span class='ocrx_word' id='word_1_527' title='bbox 3063 3280 3382 3356; x_wconf 79' lang='grc' dir='ltr'>δικαιοσύνη</span> <span class='ocrx_word' id='word_1_528' title='bbox 3433 3285 3640 3356; x_wconf 74' lang='grc' dir='ltr'>αὐτοῦς</span> <span class='ocrx_word' id='word_1_529' title='bbox 3690 3287 3788 3343; x_wconf 80' lang='grc' dir='ltr'><strong>καὶ</strong></span> 
     </span>
    </p>
   </div>
   <div class='ocr_carea' id='block_1_66' title="bbox 383 3366 1992 3450">
    <p class='ocr_par' dir='ltr' id='par_1_66' title="bbox 383 3369 1992 3442">
     <span class='ocr_line' id='line_1_66' title="bbox 383 3369 1992 3442; baseline -0.004 -11"><span class='ocrx_word' id='word_1_530' title='bbox 383 3391 577 3431; x_wconf 88' lang='lat' dir='ltr'><strong>nonne</strong></span> <span class='ocrx_word' id='word_1_531' title='bbox 609 3373 760 3430; x_wconf 91' lang='lat' dir='ltr'><strong>idem</strong></span> <span class='ocrx_word' id='word_1_532' title='bbox 808 3374 978 3439; x_wconf 88' lang='lat' dir='ltr'><strong>Deus,</strong></span> <span class='ocrx_word' id='word_1_533' title='bbox 1007 3371 1108 3442; x_wconf 90' lang='lat' dir='ltr'><strong>qui</strong></span> <span class='ocrx_word' id='word_1_534' title='bbox 1160 3386 1314 3426; x_wconf 87' lang='lat' dir='ltr'><strong>unus</strong></span> <span class='ocrx_word' id='word_1_535' title='bbox 1341 3374 1431 3426; x_wconf 89' lang='lat' dir='ltr'><strong>est</strong></span> <span class='ocrx_word' id='word_1_536' title='bbox 1478 3374 1535 3426; x_wconf 90' lang='lat' dir='ltr'><strong>et</strong></span> <span class='ocrx_word' id='word_1_537' title='bbox 1581 3369 1792 3426; x_wconf 87' lang='lat' dir='ltr'><strong>solus?</strong></span> <span class='ocrx_word' id='word_1_538' title='bbox 1836 3385 1992 3425; x_wconf 86' lang='lat' dir='ltr'><strong>noun</strong></span> 
     </span>
    </p>
   </div>
   <div class='ocr_carea' id='block_1_67' title="bbox 2182 3366 3791 3450">
    <p class='ocr_par' dir='ltr' id='par_1_67' title="bbox 2182 3366 3791 3450">
     <span class='ocr_line' id='line_1_67' title="bbox 2182 3366 3791 3450; baseline 0.007 -30"><span class='ocrx_word' id='word_1_539' title='bbox 2182 3366 2221 3429; x_wconf 78' lang='grc' dir='ltr'>ἴς</span> <span class='ocrx_word' id='word_1_540' title='bbox 2261 3368 2289 3422; x_wconf 97' lang='lat'><strong>6</strong></span> <span class='ocrx_word' id='word_1_541' title='bbox 2320 3371 2632 3443; x_wconf 82' lang='grc' dir='ltr'>προστιθεὶς</span> <span class='ocrx_word' id='word_1_542' title='bbox 2679 3371 2766 3425; x_wconf 82' lang='grc' dir='ltr'><strong>καὶ</strong></span> <span class='ocrx_word' id='word_1_543' title='bbox 2799 3371 2866 3426; x_wconf 83' lang='grc' dir='ltr'><strong>τὰ</strong></span> <span class='ocrx_word' id='word_1_544' title='bbox 2897 3372 2976 3434; x_wconf 91' lang='grc' dir='ltr'><strong>εἰς</strong></span> <span class='ocrx_word' id='word_1_545' title='bbox 3022 3375 3122 3440; x_wconf 76' lang='grc' dir='ltr'><strong>τήν</strong></span> <span class='ocrx_word' id='word_1_546' title='bbox 3155 3378 3346 3449; x_wconf 86' lang='grc' dir='ltr'>χρείαν</span> <span class='ocrx_word' id='word_1_547' title='bbox 3394 3380 3490 3431; x_wconf 82' lang='grc' dir='ltr'><strong>τοῦ</strong></span> <span class='ocrx_word' id='word_1_548' title='bbox 3523 3377 3791 3450; x_wconf 84' lang='grc' dir='ltr'>σώματος</span> 
     </span>
    </p>
   </div>
   <div class='ocr_carea' id='block_1_68' title="bbox 389 3451 1998 3542">
    <p class='ocr_par' dir='ltr' id='par_1_68' title="bbox 389 3457 1998 3522">
     <span class='ocr_line' id='line_1_68' title="bbox 389 3457 1998 3522; baseline -0.004 -1"><span class='ocrx_word' id='word_1_549' title='bbox 389 3463 720 3522; x_wconf 85' lang='lat' dir='ltr'><strong>communis</strong></span> <span class='ocrx_word' id='word_1_550' title='bbox 744 3459 1064 3517; x_wconf 83' lang='lat' dir='ltr'><strong>formator?</strong></span> <span class='ocrx_word' id='word_1_551' title='bbox 1096 3474 1288 3514; x_wconf 88' lang='lat' dir='ltr'><strong>nonne</strong></span> <span class='ocrx_word' id='word_1_552' title='bbox 1315 3457 1574 3514; x_wconf 89' lang='lat' dir='ltr'><strong>omnium</strong></span> <span class='ocrx_word' id='word_1_553' title='bbox 1611 3458 1891 3513; x_wconf 84' lang='lat' dir='ltr'><strong>Dominus</strong></span> <span class='ocrx_word' id='word_1_554' title='bbox 1910 3460 1940 3513; x_wconf 91' lang='lat'><strong>?</strong></span> <span class='ocrx_word' id='word_1_555' title='bbox 1967 3459 1998 3514; x_wconf 80' lang='grc' dir='ltr'>Ξ</span> 
     </span>
    </p>
   </div>
   <div class='ocr_carea' id='block_1_69' title="bbox 2178 3451 3787 3542">
    <p class='ocr_par' dir='ltr' id='par_1_69' title="bbox 2178 3457 3787 3542">
     <span class='ocr_line' id='line_1_69' title="bbox 2178 3457 3787 3542; baseline 0.008 -34"><span class='ocrx_word' id='word_1_556' title='bbox 2178 3462 2377 3531; x_wconf 86' lang='grc' dir='ltr'>ιαρκῆ;</span> <span class='ocrx_word' id='word_1_557' title='bbox 2426 3457 2588 3534; x_wconf 80' lang='grc' dir='ltr'>οὐχὸ</span> <span class='ocrx_word' id='word_1_558' title='bbox 2635 3459 2803 3521; x_wconf 86' lang='grc' dir='ltr'>αὐτὸς</span> <span class='ocrx_word' id='word_1_559' title='bbox 2850 3460 2982 3522; x_wconf 87' lang='grc' dir='ltr'>Θεὸς</span> <span class='ocrx_word' id='word_1_560' title='bbox 3013 3461 3040 3516; x_wconf 88' lang='grc' dir='ltr'><strong>ὁ</strong></span> <span class='ocrx_word' id='word_1_561' title='bbox 3073 3465 3151 3525; x_wconf 83' lang='grc' dir='ltr'>εἷς</span> <span class='ocrx_word' id='word_1_562' title='bbox 3201 3463 3290 3519; x_wconf 84' lang='grc' dir='ltr'>καὶ</span> <span class='ocrx_word' id='word_1_563' title='bbox 3343 3464 3542 3538; x_wconf 88' lang='grc' dir='ltr'>μόνος;</span> <span class='ocrx_word' id='word_1_564' title='bbox 3593 3465 3705 3542; x_wconf 84' lang='grc' dir='ltr'><strong>οὐχ</strong></span> <span class='ocrx_word' id='word_1_565' title='bbox 3756 3467 3787 3521; x_wconf 84' lang='grc' dir='ltr'>ὁ</span> 
     </span>
    </p>
   </div>
   <div class='ocr_carea' id='block_1_70' title="bbox 385 3542 1994 3628">
    <p class='ocr_par' dir='ltr' id='par_1_70' title="bbox 385 3545 1994 3624">
     <span class='ocr_line' id='line_1_70' title="bbox 385 3545 1994 3624; baseline -0.001 -18"><span class='ocrx_word' id='word_1_566' title='bbox 385 3569 520 3608; x_wconf 90' lang='lat' dir='ltr'><strong>vero</strong></span> <span class='ocrx_word' id='word_1_567' title='bbox 569 3551 669 3624; x_wconf 88' lang='lat' dir='ltr'><strong>qui</strong></span> <span class='ocrx_word' id='word_1_568' title='bbox 719 3549 898 3606; x_wconf 89' lang='lat' dir='ltr'><strong>solem</strong></span> <span class='ocrx_word' id='word_1_569' title='bbox 947 3564 1119 3604; x_wconf 89' lang='lat' dir='ltr'><strong>suum</strong></span> <span class='ocrx_word' id='word_1_570' title='bbox 1173 3546 1311 3603; x_wconf 89' lang='lat' dir='ltr'><strong>oriri</strong></span> <span class='ocrx_word' id='word_1_571' title='bbox 1362 3547 1499 3603; x_wconf 78' lang='lat' dir='ltr'><strong>facit</strong></span> <span class='ocrx_word' id='word_1_572' title='bbox 1537 3563 1708 3617; x_wconf 90' lang='lat' dir='ltr'><strong>super</strong></span> <span class='ocrx_word' id='word_1_573' title='bbox 1756 3545 1942 3602; x_wconf 87' lang='lat' dir='ltr'><strong>malos</strong></span> <span class='ocrx_word' id='word_1_574' title='bbox 1971 3565 1994 3604; x_wconf 88' lang='lat' dir='ltr'><strong>e</strong></span> 
     </span>
    </p>
   </div>
   <div class='ocr_carea' id='block_1_71' title="bbox 2177 3542 3786 3628">
    <p class='ocr_par' dir='ltr' id='par_1_71' title="bbox 2177 3542 3786 3628">
     <span class='ocr_line' id='line_1_71' title="bbox 2177 3542 3786 3628; baseline 0.007 -30"><span class='ocrx_word' id='word_1_575' title='bbox 2177 3543 2316 3608; x_wconf 86' lang='grc' dir='ltr'>οινὸς</span> <span class='ocrx_word' id='word_1_576' title='bbox 2343 3542 2594 3616; x_wconf 88' lang='grc' dir='ltr'>πλάστης</span> <span class='ocrx_word' id='word_1_577' title='bbox 2625 3565 2638 3616; x_wconf 91' lang='lat'><strong>;</strong></span> <span class='ocrx_word' id='word_1_578' title='bbox 2672 3548 2795 3623; x_wconf 90' lang='grc' dir='ltr'>Οὐχ</span> <span class='ocrx_word' id='word_1_579' title='bbox 2827 3549 2854 3603; x_wconf 91' lang='lat'><strong>6</strong></span> <span class='ocrx_word' id='word_1_580' title='bbox 2907 3549 3124 3606; x_wconf 84' lang='grc' dir='ltr'>πάντων</span> <span class='ocrx_word' id='word_1_581' title='bbox 3158 3551 3531 3628; x_wconf 76' lang='grc' dir='ltr'>δημιὸυργόςς</span> <span class='ocrx_word' id='word_1_582' title='bbox 3568 3553 3633 3609; x_wconf 77' lang='lat' dir='ltr'><strong>Ei</strong></span> <span class='ocrx_word' id='word_1_583' title='bbox 3661 3551 3722 3608; x_wconf 73' lang='grc' dir='ltr'>δὲ</span> <span class='ocrx_word' id='word_1_584' title='bbox 3755 3554 3786 3610; x_wconf 97' lang='lat'><strong>6</strong></span> 
     </span>
    </p>
   </div>
   <div class='ocr_carea' id='block_1_72' title="bbox 388 3631 1997 3721">
    <p class='ocr_par' dir='ltr' id='par_1_72' title="bbox 388 3636 1997 3712">
     <span class='ocr_line' id='line_1_72' title="bbox 388 3636 1997 3712; baseline -0.004 -14"><span class='ocrx_word' id='word_1_585' title='bbox 388 3643 592 3709; x_wconf 84' lang='lat' dir='ltr'><strong>bonos,</strong></span> <span class='ocrx_word' id='word_1_586' title='bbox 614 3649 668 3697; x_wconf 87' lang='lat' dir='ltr'><strong>et</strong></span> <span class='ocrx_word' id='word_1_587' title='bbox 692 3639 946 3712; x_wconf 84' lang='lat' dir='ltr'><strong>pluviam</strong></span> <span class='ocrx_word' id='word_1_588' title='bbox 980 3653 1156 3709; x_wconf 84' lang='lat' dir='ltr'><strong>super</strong></span> <span class='ocrx_word' id='word_1_589' title='bbox 1177 3637 1367 3707; x_wconf 87' lang='lat' dir='ltr'><strong>justos</strong></span> <span class='ocrx_word' id='word_1_590' title='bbox 1398 3645 1450 3691; x_wconf 87' lang='lat' dir='ltr'><strong>et</strong></span> <span class='ocrx_word' id='word_1_591' title='bbox 1477 3636 1727 3707; x_wconf 81' lang='lat' dir='ltr'><strong>injustas</strong></span> <span class='ocrx_word' id='word_1_592' title='bbox 1750 3637 1997 3692; x_wconf 87' lang='lat' dir='ltr'><strong>demittit</strong></span> 
     </span>
    </p>
   </div>
   <div class='ocr_carea' id='block_1_73' title="bbox 2186 3631 3795 3721">
    <p class='ocr_par' dir='ltr' id='par_1_73' title="bbox 2186 3631 3795 3721">
     <span class='ocr_line' id='line_1_73' title="bbox 2186 3631 3795 3721; baseline 0.007 -33"><span class='ocrx_word' id='word_1_593' title='bbox 2186 3655 2224 3688; x_wconf 71' lang='grc' dir='ltr'><strong>ιν</strong></span> <span class='ocrx_word' id='word_1_594' title='bbox 2252 3631 2409 3703; x_wconf 81' lang='grc' dir='ltr'>ἣλιον</span> <span class='ocrx_word' id='word_1_595' title='bbox 2469 3635 2636 3691; x_wconf 84' lang='grc' dir='ltr'>αὑτοῦ</span> <span class='ocrx_word' id='word_1_596' title='bbox 2683 3637 2998 3694; x_wconf 81' lang='grc' dir='ltr'>ἀνατέλλων</span> <span class='ocrx_word' id='word_1_597' title='bbox 3054 3637 3143 3696; x_wconf 77' lang='grc' dir='ltr'>επὶ</span> <span class='ocrx_word' id='word_1_598' title='bbox 3197 3643 3471 3715; x_wconf 82' lang='grc' dir='ltr'>πονηροὺς</span> <span class='ocrx_word' id='word_1_599' title='bbox 3519 3643 3610 3700; x_wconf 76' lang='grc' dir='ltr'><strong>καὶ</strong></span> <span class='ocrx_word' id='word_1_600' title='bbox 3649 3643 3795 3721; x_wconf 86' lang='grc' dir='ltr'>ἀγα-</span> 
     </span>
    </p>
   </div>
   <div class='ocr_carea' id='block_1_74' title="bbox 381 3721 1990 3804">
    <p class='ocr_par' dir='ltr' id='par_1_74' title="bbox 381 3725 1990 3800">
     <span class='ocr_line' id='line_1_74' title="bbox 381 3725 1990 3800; baseline -0.003 -13"><span class='ocrx_word' id='word_1_601' title='bbox 381 3733 535 3787; x_wconf 91' lang='lat' dir='ltr'><strong>idem</strong></span> <span class='ocrx_word' id='word_1_602' title='bbox 568 3734 677 3800; x_wconf 90' lang='lat' dir='ltr'><strong>est,</strong></span> <span class='ocrx_word' id='word_1_603' title='bbox 719 3729 819 3800; x_wconf 90' lang='lat' dir='ltr'><strong>qui</strong></span> <span class='ocrx_word' id='word_1_604' title='bbox 853 3729 924 3784; x_wconf 91' lang='lat' dir='ltr'><strong>ad</strong></span> <span class='ocrx_word' id='word_1_605' title='bbox 957 3726 1339 3799; x_wconf 75' lang='lat' dir='ltr'><strong>perficiendae</strong></span> <span class='ocrx_word' id='word_1_606' title='bbox 1369 3726 1615 3782; x_wconf 85' lang='lat' dir='ltr'><strong>virtutes</strong></span> <span class='ocrx_word' id='word_1_607' title='bbox 1644 3741 1751 3782; x_wconf 90' lang='lat' dir='ltr'><strong>nos</strong></span> <span class='ocrx_word' id='word_1_608' title='bbox 1783 3725 1843 3781; x_wconf 90' lang='lat' dir='ltr'><strong>in</strong></span> <span class='ocrx_word' id='word_1_609' title='bbox 1873 3725 1990 3782; x_wconf 80' lang='lat' dir='ltr'><strong>ﬁlio</strong></span> 
     </span>
    </p>
   </div>
   <div class='ocr_carea' id='block_1_75' title="bbox 2188 3721 3797 3804">
    <p class='ocr_par' dir='ltr' id='par_1_75' title="bbox 2188 3721 3797 3804">
     <span class='ocr_line' id='line_1_75' title="bbox 2188 3721 3797 3804; baseline 0.008 -28"><span class='ocrx_word' id='word_1_610' title='bbox 2188 3721 2284 3794; x_wconf 67' lang='lat' dir='ltr'><strong>ibe,</strong></span> <span class='ocrx_word' id='word_1_611' title='bbox 2315 3724 2405 3778; x_wconf 81' lang='grc' dir='ltr'><strong>καὶ</strong></span> <span class='ocrx_word' id='word_1_612' title='bbox 2459 3725 2673 3800; x_wconf 80' lang='grc' dir='ltr'>βρέχων</span> <span class='ocrx_word' id='word_1_613' title='bbox 2730 3725 2818 3782; x_wconf 76' lang='grc' dir='ltr'><strong>ἐπὶ</strong></span> <span class='ocrx_word' id='word_1_614' title='bbox 2851 3725 3096 3792; x_wconf 82' lang='grc' dir='ltr'>δικαίους</span> <span class='ocrx_word' id='word_1_615' title='bbox 3141 3731 3231 3786; x_wconf 81' lang='grc' dir='ltr'>καὶ</span> <span class='ocrx_word' id='word_1_616' title='bbox 3274 3730 3512 3804; x_wconf 67' lang='grc' dir='ltr'>ἀδίκους,</span> <span class='ocrx_word' id='word_1_617' title='bbox 3545 3734 3574 3787; x_wconf 89' lang='lat'><strong>6</strong></span> <span class='ocrx_word' id='word_1_618' title='bbox 3623 3732 3797 3799; x_wconf 81' lang='grc' dir='ltr'>αὐτός</span> 
     </span>
    </p>
   </div>
   <div class='ocr_carea' id='block_1_76' title="bbox 384 3809 1993 3897">
    <p class='ocr_par' dir='ltr' id='par_1_76' title="bbox 384 3814 1989 3890">
     <span class='ocr_line' id='line_1_76' title="bbox 384 3814 1989 3890; baseline -0.003 -14"><span class='ocrx_word' id='word_1_619' title='bbox 384 3819 714 3890; x_wconf 88' lang='lat' dir='ltr'><strong>adoptavit;</strong></span> <span class='ocrx_word' id='word_1_620' title='bbox 747 3819 837 3873; x_wconf 85' lang='lat' dir='ltr'><strong>hic</strong></span> <span class='ocrx_word' id='word_1_621' title='bbox 869 3833 1000 3872; x_wconf 89' lang='lat' dir='ltr'><strong>vero</strong></span> <span class='ocrx_word' id='word_1_622' title='bbox 1049 3820 1137 3872; x_wconf 84' lang='lat' dir='ltr'><strong>est</strong></span> <span class='ocrx_word' id='word_1_623' title='bbox 1167 3815 1331 3871; x_wconf 85' lang='lat' dir='ltr'><strong>Pater</strong></span> <span class='ocrx_word' id='word_1_624' title='bbox 1379 3820 1594 3882; x_wconf 86' lang='lat' dir='ltr'><strong>noster,</strong></span> <span class='ocrx_word' id='word_1_625' title='bbox 1627 3815 1727 3886; x_wconf 91' lang='lat' dir='ltr'><strong>qui</strong></span> <span class='ocrx_word' id='word_1_626' title='bbox 1770 3814 1831 3871; x_wconf 93' lang='lat' dir='ltr'><strong>in</strong></span> <span class='ocrx_word' id='word_1_627' title='bbox 1862 3814 1989 3871; x_wconf 67' lang='lat' dir='ltr'><strong>coeli</strong></span> 
     </span>
    </p>
   </div>
   <div class='ocr_carea' id='block_1_77' title="bbox 2176 3809 3785 3897">
    <p class='ocr_par' dir='ltr' id='par_1_77' title="bbox 2176 3812 3785 3897">
     <span class='ocr_line' id='line_1_77' title="bbox 2176 3812 3785 3897; baseline 0.007 -29"><span class='ocrx_word' id='word_1_628' title='bbox 2176 3833 2274 3868; x_wconf 80' lang='lat' dir='ltr'><strong>mv</strong></span> <span class='ocrx_word' id='word_1_629' title='bbox 2305 3813 2332 3868; x_wconf 90' lang='lat'><strong>6</strong></span> <span class='ocrx_word' id='word_1_630' title='bbox 2371 3814 2463 3869; x_wconf 84' lang='grc' dir='ltr'>καὶ</span> <span class='ocrx_word' id='word_1_631' title='bbox 2513 3812 2602 3870; x_wconf 80' lang='grc' dir='ltr'><strong>διὰ</strong></span> <span class='ocrx_word' id='word_1_632' title='bbox 2629 3817 2728 3885; x_wconf 77' lang='grc' dir='ltr'>τὴν</span> <span class='ocrx_word' id='word_1_633' title='bbox 2779 3816 3062 3874; x_wconf 86' lang='grc' dir='ltr'>τελείωσιν</span> <span class='ocrx_word' id='word_1_634' title='bbox 3108 3824 3218 3876; x_wconf 87' lang='grc' dir='ltr'><strong>τῶν</strong></span> <span class='ocrx_word' id='word_1_635' title='bbox 3265 3822 3468 3897; x_wconf 84' lang='grc' dir='ltr'>ἀρετῶν</span> <span class='ocrx_word' id='word_1_636' title='bbox 3498 3822 3785 3879; x_wconf 69' lang='grc' dir='ltr'>υἱοθετούο</span> 
     </span>
    </p>
   </div>
   <div class='ocr_carea' id='block_1_78' title="bbox 378 3901 1987 3986">
    <p class='ocr_par' dir='ltr' id='par_1_78' title="bbox 378 3901 1987 3974">
     <span class='ocr_line' id='line_1_78' title="bbox 378 3901 1987 3974; baseline -0.001 -13"><span class='ocrx_word' id='word_1_637' title='bbox 378 3911 485 3962; x_wconf 89' lang='lat' dir='ltr'><strong>est.</strong></span> <span class='ocrx_word' id='word_1_638' title='bbox 519 3905 718 3961; x_wconf 88' lang='lat' dir='ltr'><strong>Nonne</strong></span> <span class='ocrx_word' id='word_1_639' title='bbox 761 3905 1136 3960; x_wconf 89' lang='lat' dir='ltr'><strong>vehementer</strong></span> <span class='ocrx_word' id='word_1_640' title='bbox 1164 3901 1560 3958; x_wconf 88' lang='lat' dir='ltr'><strong>abominanda</strong></span> <span class='ocrx_word' id='word_1_641' title='bbox 1609 3911 1694 3959; x_wconf 88' lang='lat' dir='ltr'><strong>est</strong></span> <span class='ocrx_word' id='word_1_642' title='bbox 1724 3907 1987 3974; x_wconf 86' lang='lat' dir='ltr'><strong>apostata</strong></span> 
     </span>
    </p>
   </div>
   <div class='ocr_carea' id='block_1_79' title="bbox 2181 3901 3790 3986">
    <p class='ocr_par' dir='ltr' id='par_1_79' title="bbox 2181 3903 3790 3986">
     <span class='ocr_line' id='line_1_79' title="bbox 2181 3903 3790 3986; baseline 0.007 -28"><span class='ocrx_word' id='word_1_643' title='bbox 2181 3923 2298 3967; x_wconf 89' lang='grc' dir='ltr'>ενος</span> <span class='ocrx_word' id='word_1_644' title='bbox 2326 3905 2498 3977; x_wconf 80' lang='grc' dir='ltr'>ἡμᾶς,</span> <span class='ocrx_word' id='word_1_645' title='bbox 2531 3903 2686 3968; x_wconf 77' lang='grc' dir='ltr'>οὗτος</span> <span class='ocrx_word' id='word_1_646' title='bbox 2735 3903 2792 3961; x_wconf 87' lang='grc' dir='ltr'><strong>δέ</strong></span> <span class='ocrx_word' id='word_1_647' title='bbox 2822 3905 2962 3963; x_wconf 82' lang='grc' dir='ltr'>ἐστιν</span> <span class='ocrx_word' id='word_1_648' title='bbox 3010 3909 3038 3964; x_wconf 88' lang='lat'><strong>6</strong></span> <span class='ocrx_word' id='word_1_649' title='bbox 3069 3912 3254 3986; x_wconf 81' lang='grc' dir='ltr'>Πατὴρ</span> <span class='ocrx_word' id='word_1_650' title='bbox 3302 3913 3463 3986; x_wconf 78' lang='grc' dir='ltr'>ἡμῶν</span> <span class='ocrx_word' id='word_1_651' title='bbox 3497 3913 3526 3968; x_wconf 91' lang='lat'><strong>6</strong></span> <span class='ocrx_word' id='word_1_652' title='bbox 3573 3912 3626 3968; x_wconf 85' lang='grc' dir='ltr'><strong>έν</strong></span> <span class='ocrx_word' id='word_1_653' title='bbox 3662 3919 3790 3978; x_wconf 85' lang='grc' dir='ltr'>τοῖς</span> 
     </span>
    </p>
   </div>
   <div class='ocr_carea' id='block_1_80' title="bbox 379 3991 1988 4076">
    <p class='ocr_par' dir='ltr' id='par_1_80' title="bbox 379 3993 1988 4068">
     <span class='ocr_line' id='line_1_80' title="bbox 379 3993 1988 4068; baseline -0.002 -14"><span class='ocrx_word' id='word_1_654' title='bbox 379 4015 511 4054; x_wconf 91' lang='lat' dir='ltr'><strong>rum</strong></span> <span class='ocrx_word' id='word_1_655' title='bbox 563 3995 880 4068; x_wconf 86' lang='lat' dir='ltr'><strong>impietas?</strong></span> <span class='ocrx_word' id='word_1_656' title='bbox 921 3995 1030 4065; x_wconf 80' lang='lat' dir='ltr'><strong>Ego</strong></span> <span class='ocrx_word' id='word_1_657' title='bbox 1075 3994 1246 4062; x_wconf 85' lang='lat' dir='ltr'><strong>enim,</strong></span> <span class='ocrx_word' id='word_1_658' title='bbox 1296 3993 1491 4065; x_wconf 90' lang='lat' dir='ltr'><strong>inquit</strong></span> <span class='ocrx_word' id='word_1_659' title='bbox 1538 3994 1826 4060; x_wconf 87' lang='lat' dir='ltr'><strong>Servator,</strong></span> <span class='ocrx_word' id='word_1_660' title='bbox 1875 3995 1988 4050; x_wconf 75' lang='lat' dir='ltr'><strong>vob:</strong></span> 
     </span>
    </p>
   </div>
   <div class='ocr_carea' id='block_1_81' title="bbox 2174 3991 3783 4076">
    <p class='ocr_par' dir='ltr' id='par_1_81' title="bbox 2174 3991 3783 4076">
     <span class='ocr_line' id='line_1_81' title="bbox 2174 3991 3783 4076; baseline 0.007 -29"><span class='ocrx_word' id='word_1_661' title='bbox 2174 3991 2386 4067; x_wconf 76' lang='grc' dir='ltr'>ὐρανοῖς</span> <span class='ocrx_word' id='word_1_662' title='bbox 2417 4011 2432 4025; x_wconf 86' lang='grc'><strong><em>⁸</em></strong></span> <span class='ocrx_word' id='word_1_663' title='bbox 2480 3999 2597 4059; x_wconf 87' lang='grc' dir='ltr'><strong>πῶς</strong></span> <span class='ocrx_word' id='word_1_664' title='bbox 2659 3995 2785 4071; x_wconf 85' lang='grc' dir='ltr'>οὐχὶ</span> <span class='ocrx_word' id='word_1_665' title='bbox 2846 3995 3054 4074; x_wconf 78' lang='grc' dir='ltr'>σφόδρα</span> <span class='ocrx_word' id='word_1_666' title='bbox 3114 3997 3410 4076; x_wconf 86' lang='grc' dir='ltr'>βδελυκτόν</span> <span class='ocrx_word' id='word_1_667' title='bbox 3465 4003 3500 4072; x_wconf 77' lang='grc' dir='ltr'><strong>ἡ</strong></span> <span class='ocrx_word' id='word_1_668' title='bbox 3559 3997 3783 4058; x_wconf 89' lang='grc' dir='ltr'>ἀσέϐεια</span> 
     </span>
    </p>
   </div>
   <div class='ocr_carea' id='block_1_82' title="bbox 377 4083 1986 4168">
    <p class='ocr_par' dir='ltr' id='par_1_82' title="bbox 377 4084 1986 4156">
     <span class='ocr_line' id='line_1_82' title="bbox 377 4084 1986 4156; baseline -0.003 -11"><span class='ocrx_word' id='word_1_669' title='bbox 377 4089 544 4146; x_wconf 84' lang='lat' dir='ltr'><strong>dico:</strong></span> <span class='ocrx_word' id='word_1_670' title='bbox 586 4087 812 4156; x_wconf 83' lang='lat' dir='ltr'><strong>Ditigile</strong></span> <span class='ocrx_word' id='word_1_671' title='bbox 846 4087 1101 4142; x_wconf 86' lang='lat' dir='ltr'><strong><em>inimicos</em></strong></span> <span class='ocrx_word' id='word_1_672' title='bbox 1143 4093 1359 4152; x_wconf 88' lang='lat' dir='ltr'><strong>vestros,</strong></span> <span class='ocrx_word' id='word_1_673' title='bbox 1396 4086 1700 4156; x_wconf 84' lang='lat' dir='ltr'><strong>bene/acite</strong></span> <span class='ocrx_word' id='word_1_674' title='bbox 1738 4084 1860 4141; x_wconf 90' lang='lat' dir='ltr'><strong><em>odio</em></strong></span> <span class='ocrx_word' id='word_1_675' title='bbox 1896 4100 1986 4156; x_wconf 80' lang='lat' dir='ltr'><strong>prc</strong></span> 
     </span>
    </p>
   </div>
   <div class='ocr_carea' id='block_1_83' title="bbox 2174 4083 3783 4168">
    <p class='ocr_par' dir='ltr' id='par_1_83' title="bbox 2174 4083 3783 4168">
     <span class='ocr_line' id='line_1_83' title="bbox 2174 4083 3783 4168; baseline 0.008 -32"><span class='ocrx_word' id='word_1_676' title='bbox 2174 4085 2240 4137; x_wconf 83' lang='grc' dir='ltr'><strong>ῶν</strong></span> <span class='ocrx_word' id='word_1_677' title='bbox 2296 4083 2650 4156; x_wconf 84' lang='grc' dir='ltr'>ἀποστατῶν;</span> <span class='ocrx_word' id='word_1_678' title='bbox 2711 4087 2837 4162; x_wconf 83' lang='grc' dir='ltr'><strong>Εγὼ</strong></span> <span class='ocrx_word' id='word_1_679' title='bbox 2893 4089 3021 4163; x_wconf 81' lang='grc' dir='ltr'>γὰρ,</span> <span class='ocrx_word' id='word_1_680' title='bbox 3070 4090 3233 4168; x_wconf 77' lang='grc' dir='ltr'>φησὶν</span> <span class='ocrx_word' id='word_1_681' title='bbox 3293 4092 3320 4146; x_wconf 93' lang='lat'><strong>6</strong></span> <span class='ocrx_word' id='word_1_682' title='bbox 3382 4092 3600 4167; x_wconf 73' lang='grc' dir='ltr'>Σωτὴρ,</span> <span class='ocrx_word' id='word_1_683' title='bbox 3646 4093 3783 4166; x_wconf 82' lang='grc' dir='ltr'>ὑμῖν</span> 
     </span>
    </p>
   </div>
   <div class='ocr_carea' id='block_1_84' title="bbox 377 4169 1986 4253">
    <p class='ocr_par' dir='ltr' id='par_1_84' title="bbox 377 4173 1986 4248">
     <span class='ocr_line' id='line_1_84' title="bbox 377 4173 1986 4248; baseline -0.005 -15"><span class='ocrx_word' id='word_1_684' title='bbox 377 4177 728 4248; x_wconf 85' lang='lat' dir='ltr'><strong>sequentibus</strong></span> <span class='ocrx_word' id='word_1_685' title='bbox 760 4191 846 4231; x_wconf 89' lang='lat' dir='ltr'><strong>vos</strong></span> <span class='ocrx_word' id='word_1_686' title='bbox 875 4174 942 4230; x_wconf 63' lang='lat'><strong>‘5.</strong></span> <span class='ocrx_word' id='word_1_687' title='bbox 979 4173 1188 4243; x_wconf 79' lang='lat' dir='ltr'><strong>Pergit,</strong></span> <span class='ocrx_word' id='word_1_688' title='bbox 1221 4173 1272 4228; x_wconf 91' lang='lat' dir='ltr'><strong>si</strong></span> <span class='ocrx_word' id='word_1_689' title='bbox 1318 4178 1609 4244; x_wconf 71' lang='lat' dir='ltr'><strong>quaeratur</strong></span> <span class='ocrx_word' id='word_1_690' title='bbox 1653 4188 1918 4243; x_wconf 66' lang='lat' dir='ltr'><strong>quaenam</strong></span> <span class='ocrx_word' id='word_1_691' title='bbox 1950 4175 1986 4228; x_wconf 71' lang='lat' dir='ltr'><strong>si</strong></span> 
     </span>
    </p>
   </div>
   <div class='ocr_carea' id='block_1_85' title="bbox 2177 4169 3786 4253">
    <p class='ocr_par' dir='ltr' id='par_1_85' title="bbox 2177 4170 3786 4253">
     <span class='ocr_line' id='line_1_85' title="bbox 2177 4170 3786 4253; baseline 0.009 -29"><span class='ocrx_word' id='word_1_692' title='bbox 2177 4170 2278 4244; x_wconf 79' lang='grc' dir='ltr'>ἐγω</span> <span class='ocrx_word' id='word_1_693' title='bbox 2312 4191 2323 4204; x_wconf 81' lang='grc'><em>’</em></span> <span class='ocrx_word' id='word_1_694' title='bbox 2361 4179 2634 4249; x_wconf 80' lang='grc' dir='ltr'>Ἀγαπᾶτε</span> <span class='ocrx_word' id='word_1_695' title='bbox 2663 4175 2789 4238; x_wconf 80' lang='grc' dir='ltr'>τοὺς</span> <span class='ocrx_word' id='word_1_696' title='bbox 2839 4177 3072 4252; x_wconf 79' lang='grc' dir='ltr'>ἐχθροὺς</span> <span class='ocrx_word' id='word_1_697' title='bbox 3122 4179 3298 4253; x_wconf 82' lang='grc' dir='ltr'>ὐμῶν,</span> <span class='ocrx_word' id='word_1_698' title='bbox 3339 4179 3526 4244; x_wconf 85' lang='grc' dir='ltr'>καλῶς</span> <span class='ocrx_word' id='word_1_699' title='bbox 3569 4187 3786 4239; x_wconf 82' lang='grc' dir='ltr'>ποιεῖτε</span> 
     </span>
    </p>
   </div>
   <div class='ocr_carea' id='block_1_86' title="bbox 376 4259 1985 4343">
    <p class='ocr_par' dir='ltr' id='par_1_86' title="bbox 376 4259 1985 4330">
     <span class='ocr_line' id='line_1_86' title="bbox 376 4259 1985 4330; baseline -0.004 -10"><span class='ocrx_word' id='word_1_700' title='bbox 376 4265 716 4320; x_wconf 78' lang='lat' dir='ltr'><strong>obedientiaa</strong></span> <span class='ocrx_word' id='word_1_701' title='bbox 759 4263 1025 4318; x_wconf 84' lang='lat' dir='ltr'><strong>merces?</strong></span> <span class='ocrx_word' id='word_1_702' title='bbox 1065 4263 1130 4318; x_wconf 90' lang='lat' dir='ltr'><strong>Ut</strong></span> <span class='ocrx_word' id='word_1_703' title='bbox 1167 4262 1315 4330; x_wconf 84' lang='lat' dir='ltr'><strong>ﬁatis</strong></span> <span class='ocrx_word' id='word_1_704' title='bbox 1352 4259 1463 4330; x_wconf 81' lang='lat' dir='ltr'><strong>ﬁlii</strong></span> <span class='ocrx_word' id='word_1_705' title='bbox 1503 4260 1687 4316; x_wconf 85' lang='lat' dir='ltr'><strong>Patris</strong></span> <span class='ocrx_word' id='word_1_706' title='bbox 1723 4262 1893 4316; x_wconf 88' lang='lat' dir='ltr'><strong>vestri</strong></span> <span class='ocrx_word' id='word_1_707' title='bbox 1919 4276 1985 4314; x_wconf 70' lang='lat' dir='ltr'><strong>ca!</strong></span> 
     </span>
    </p>
   </div>
   <div class='ocr_carea' id='block_1_87' title="bbox 2180 4259 3789 4343">
    <p class='ocr_par' dir='ltr' id='par_1_87' title="bbox 2180 4263 3789 4343">
     <span class='ocr_line' id='line_1_87' title="bbox 2180 4263 3789 4343; baseline 0.011 -31"><span class='ocrx_word' id='word_1_708' title='bbox 2180 4264 2252 4319; x_wconf 84' lang='grc' dir='ltr'>›ῖς</span> <span class='ocrx_word' id='word_1_709' title='bbox 2304 4264 2550 4333; x_wconf 76' lang='grc' dir='ltr'>μισοῦσιν</span> <span class='ocrx_word' id='word_1_710' title='bbox 2598 4263 2758 4336; x_wconf 80' lang='grc' dir='ltr'>ὑμᾶς.</span> <span class='ocrx_word' id='word_1_711' title='bbox 2809 4265 2937 4322; x_wconf 74' lang='grc' dir='ltr'>Εἶτα</span> <span class='ocrx_word' id='word_1_712' title='bbox 2983 4269 3074 4322; x_wconf 87' lang='grc' dir='ltr'>καὶ</span> <span class='ocrx_word' id='word_1_713' title='bbox 3121 4267 3208 4332; x_wconf 91' lang='grc' dir='ltr'><strong>τίς</strong></span> <span class='ocrx_word' id='word_1_714' title='bbox 3265 4271 3293 4324; x_wconf 91' lang='lat'><strong>6</strong></span> <span class='ocrx_word' id='word_1_715' title='bbox 3341 4275 3463 4333; x_wconf 90' lang='grc' dir='ltr'>τοῖς</span> <span class='ocrx_word' id='word_1_716' title='bbox 3527 4272 3789 4343; x_wconf 79' lang='grc' dir='ltr'>πειθομέ-</span> 
     </span>
    </p>
   </div>
   <div class='ocr_carea' id='block_1_88' title="bbox 377 4347 1986 4431">
    <p class='ocr_par' dir='ltr' id='par_1_88' title="bbox 377 4347 1986 4416">
     <span class='ocr_line' id='line_1_88' title="bbox 377 4347 1986 4416; baseline -0.004 -8"><span class='ocrx_word' id='word_1_717' title='bbox 377 4353 548 4410; x_wconf 86' lang='lat' dir='ltr'><strong>testis.</strong></span> <span class='ocrx_word' id='word_1_718' title='bbox 583 4351 722 4416; x_wconf 89' lang='lat' dir='ltr'><strong>Quis</strong></span> <span class='ocrx_word' id='word_1_719' title='bbox 779 4365 912 4405; x_wconf 88' lang='lat' dir='ltr'><strong>vero</strong></span> <span class='ocrx_word' id='word_1_720' title='bbox 973 4354 1060 4404; x_wconf 88' lang='lat' dir='ltr'><strong>est</strong></span> <span class='ocrx_word' id='word_1_721' title='bbox 1118 4349 1284 4403; x_wconf 88' lang='lat' dir='ltr'><strong>Pater</strong></span> <span class='ocrx_word' id='word_1_722' title='bbox 1339 4347 1638 4403; x_wconf 75' lang='lat' dir='ltr'><strong>caalestis?</strong></span> <span class='ocrx_word' id='word_1_723' title='bbox 1697 4348 1802 4416; x_wconf 84' lang='lat' dir='ltr'><strong>Qui</strong></span> <span class='ocrx_word' id='word_1_724' title='bbox 1854 4348 1986 4402; x_wconf 68' lang='lat' dir='ltr'><strong><em>sole:</em></strong></span> 
     </span>
    </p>
   </div>
   <div class='ocr_carea' id='block_1_89' title="bbox 2182 4347 3791 4431">
    <p class='ocr_par' dir='ltr' id='par_1_89' title="bbox 2182 4351 3791 4431">
     <span class='ocr_line' id='line_1_89' title="bbox 2182 4351 3791 4431; baseline 0.011 -31"><span class='ocrx_word' id='word_1_725' title='bbox 2182 4367 2246 4408; x_wconf 73' lang='grc' dir='ltr'><strong>ιις</strong></span> <span class='ocrx_word' id='word_1_726' title='bbox 2326 4351 2558 4423; x_wconf 73' lang='grc' dir='ltr'>μισθόςς</span> <span class='ocrx_word' id='word_1_727' title='bbox 2635 4354 2820 4416; x_wconf 87' lang='grc' dir='ltr'>Ὅπως</span> <span class='ocrx_word' id='word_1_728' title='bbox 2895 4355 3124 4431; x_wconf 80' lang='grc' dir='ltr'>γένησθε</span> <span class='ocrx_word' id='word_1_729' title='bbox 3197 4358 3306 4414; x_wconf 73' lang='grc' dir='ltr'>υἱοὶ</span> <span class='ocrx_word' id='word_1_730' title='bbox 3391 4361 3488 4416; x_wconf 88' lang='grc' dir='ltr'>τοῦ</span> <span class='ocrx_word' id='word_1_731' title='bbox 3568 4360 3791 4429; x_wconf 81' lang='grc' dir='ltr'>Πατρός</span> 
     </span>
    </p>
   </div>
   <div class='ocr_carea' id='block_1_90' title="bbox 375 4399 1984 4524">
    <p class='ocr_par' dir='ltr' id='par_1_90' title="bbox 375 4436 1984 4510">
     <span class='ocr_line' id='line_1_90' title="bbox 375 4436 1984 4510; baseline -0.004 -12"><span class='ocrx_word' id='word_1_732' title='bbox 375 4458 535 4498; x_wconf 89' lang='lat' dir='ltr'><strong>suum</strong></span> <span class='ocrx_word' id='word_1_733' title='bbox 563 4439 706 4496; x_wconf 81' lang='lat' dir='ltr'><strong><em>oriri</em></strong></span> <span class='ocrx_word' id='word_1_734' title='bbox 747 4440 883 4510; x_wconf 83' lang='lat' dir='ltr'><strong>facit</strong></span> <span class='ocrx_word' id='word_1_735' title='bbox 930 4454 1094 4510; x_wconf 85' lang='lat' dir='ltr'><strong>super</strong></span> <span class='ocrx_word' id='word_1_736' title='bbox 1122 4437 1301 4492; x_wconf 86' lang='lat' dir='ltr'><strong>malos</strong></span> <span class='ocrx_word' id='word_1_737' title='bbox 1347 4441 1400 4492; x_wconf 90' lang='lat' dir='ltr'><strong>et</strong></span> <span class='ocrx_word' id='word_1_738' title='bbox 1447 4436 1632 4506; x_wconf 87' lang='lat' dir='ltr'><strong>bonos,</strong></span> <span class='ocrx_word' id='word_1_739' title='bbox 1676 4444 1729 4492; x_wconf 91' lang='lat' dir='ltr'><strong>et</strong></span> <span class='ocrx_word' id='word_1_740' title='bbox 1771 4437 1984 4508; x_wconf 70' lang='lat' dir='ltr'><strong>pluvia:</strong></span> 
     </span>
    </p>
   </div>
   <div class='ocr_carea' id='block_1_91' title="bbox 2176 4399 3785 4524">
    <p class='ocr_par' dir='ltr' id='par_1_91' title="bbox 2176 4399 3785 4524">
     <span class='ocr_line' id='line_1_91' title="bbox 2176 4399 3785 4431; baseline 0.009 -29"><span class='ocrx_word' id='word_1_741' title='bbox 2326 4399 2558 4423; x_wconf 46' lang='lat' dir='ltr'><strong>ru---&quot;</strong></span> <span class='ocrx_word' id='word_1_742' title='bbox 2664 4399 2817 4416; x_wconf 64' lang='grc' dir='ltr'><strong>νην...</strong></span> <span class='ocrx_word' id='word_1_743' title='bbox 2909 4399 3124 4431; x_wconf 49' lang='lat' dir='ltr'><strong>rm&quot;...</strong></span> <span class='ocrx_word' id='word_1_744' title='bbox 3200 4399 3306 4414; x_wconf 66' lang='grc' dir='ltr'><strong>...ω</strong></span> <span class='ocrx_word' id='word_1_745' title='bbox 3403 4399 3488 4416; x_wconf 74' lang='grc' dir='ltr'><strong>..νυ</strong></span> <span class='ocrx_word' id='word_1_746' title='bbox 3568 4399 3785 4429; x_wconf 61' lang='grc' dir='ltr'>μαι-,ως</span> 
     </span>
     <span class='ocr_line' id='line_1_92' title="bbox 2176 4438 3785 4524; baseline 0.01 -34"><span class='ocrx_word' id='word_1_747' title='bbox 2176 4440 2285 4509; x_wconf 80' lang='grc' dir='ltr'><strong>μῶν</strong></span> <span class='ocrx_word' id='word_1_748' title='bbox 2333 4441 2430 4493; x_wconf 85' lang='grc' dir='ltr'><strong>τοῦ</strong></span> <span class='ocrx_word' id='word_1_749' title='bbox 2473 4438 2526 4494; x_wconf 87' lang='grc' dir='ltr'><strong>έν</strong></span> <span class='ocrx_word' id='word_1_750' title='bbox 2574 4446 2692 4505; x_wconf 87' lang='grc' dir='ltr'>τοῖς</span> <span class='ocrx_word' id='word_1_751' title='bbox 2747 4442 3020 4521; x_wconf 83' lang='grc' dir='ltr'>οὐρανοῖς.</span> <span class='ocrx_word' id='word_1_752' title='bbox 3060 4445 3242 4502; x_wconf 81' lang='grc' dir='ltr'>Ἀλλά</span> <span class='ocrx_word' id='word_1_753' title='bbox 3283 4447 3368 4510; x_wconf 87' lang='grc' dir='ltr'><strong>τίς</strong></span> <span class='ocrx_word' id='word_1_754' title='bbox 3415 4450 3444 4504; x_wconf 92' lang='lat'><strong>6</strong></span> <span class='ocrx_word' id='word_1_755' title='bbox 3501 4448 3554 4504; x_wconf 86' lang='grc' dir='ltr'><strong>έν</strong></span> <span class='ocrx_word' id='word_1_756' title='bbox 3617 4449 3785 4524; x_wconf 84' lang='grc' dir='ltr'>οὐρα-</span> 
     </span>
    </p>
   </div>
   <div class='ocr_carea' id='block_1_92' title="bbox 375 4523 1984 4604">
    <p class='ocr_par' dir='ltr' id='par_1_92' title="bbox 375 4523 1984 4602">
     <span class='ocr_line' id='line_1_93' title="bbox 375 4523 1984 4602; baseline -0.004 -15"><span class='ocrx_word' id='word_1_757' title='bbox 375 4531 552 4587; x_wconf 84' lang='lat' dir='ltr'><strong>mittit</strong></span> <span class='ocrx_word' id='word_1_758' title='bbox 582 4544 745 4601; x_wconf 86' lang='lat' dir='ltr'><strong>super</strong></span> <span class='ocrx_word' id='word_1_759' title='bbox 783 4528 965 4598; x_wconf 86' lang='lat' dir='ltr'><strong>justas</strong></span> <span class='ocrx_word' id='word_1_760' title='bbox 1010 4531 1063 4582; x_wconf 84' lang='lat' dir='ltr'><strong>et</strong></span> <span class='ocrx_word' id='word_1_761' title='bbox 1106 4525 1362 4597; x_wconf 86' lang='lat' dir='ltr'><strong>injustos.</strong></span> <span class='ocrx_word' id='word_1_762' title='bbox 1399 4523 1534 4580; x_wconf 86' lang='lat' dir='ltr'><strong>Sitis</strong></span> <span class='ocrx_word' id='word_1_763' title='bbox 1583 4527 1758 4602; x_wconf 84' lang='lat' dir='ltr'><strong>igitur</strong></span> <span class='ocrx_word' id='word_1_764' title='bbox 1797 4527 1984 4597; x_wconf 52' lang='lat' dir='ltr'><strong>per-fec.</strong></span> 
     </span>
    </p>
   </div>
   <div class='ocr_carea' id='block_1_93' title="bbox 2177 4523 3786 4604">
    <p class='ocr_par' dir='ltr' id='par_1_93' title="bbox 2177 4523 3786 4604">
     <span class='ocr_line' id='line_1_94' title="bbox 2177 4523 3786 4604; baseline 0.01 -24"><span class='ocrx_word' id='word_1_765' title='bbox 2177 4531 2251 4589; x_wconf 80' lang='grc' dir='ltr'>&gt;ῖς</span> <span class='ocrx_word' id='word_1_766' title='bbox 2311 4530 2540 4604; x_wconf 76' lang='grc' dir='ltr'>Πατήρ;</span> <span class='ocrx_word' id='word_1_767' title='bbox 2596 4532 2654 4586; x_wconf 81' lang='lat'>&#39;0</span> <span class='ocrx_word' id='word_1_768' title='bbox 2710 4534 2800 4588; x_wconf 87' lang='grc' dir='ltr'>τὸν</span> <span class='ocrx_word' id='word_1_769' title='bbox 2860 4531 3026 4603; x_wconf 73' lang='grc' dir='ltr'>ἥλιον</span> <span class='ocrx_word' id='word_1_770' title='bbox 3081 4534 3247 4591; x_wconf 89' lang='grc' dir='ltr'>αὐτοῦ</span> <span class='ocrx_word' id='word_1_771' title='bbox 3318 4536 3634 4594; x_wconf 78' lang='grc' dir='ltr'>ἀνατέλλων</span> <span class='ocrx_word' id='word_1_772' title='bbox 3684 4523 3786 4596; x_wconf 3' lang='lat' dir='ltr'><strong>Plini</strong></span> 
     </span>
    </p>
   </div>
   <div class='ocr_carea' id='block_1_94' title="bbox 374 4613 1983 4701">
    <p class='ocr_par' dir='ltr' id='par_1_94' title="bbox 374 4613 1983 4690">
     <span class='ocr_line' id='line_1_95' title="bbox 374 4613 1983 4690; baseline -0.004 -12"><span class='ocrx_word' id='word_1_773' title='bbox 374 4637 488 4690; x_wconf 89' lang='lat' dir='ltr'><strong>vos,</strong></span> <span class='ocrx_word' id='word_1_774' title='bbox 515 4621 655 4677; x_wconf 89' lang='lat' dir='ltr'><strong>sicut</strong></span> <span class='ocrx_word' id='word_1_775' title='bbox 684 4620 852 4674; x_wconf 90' lang='lat' dir='ltr'><strong>Pater</strong></span> <span class='ocrx_word' id='word_1_776' title='bbox 882 4619 1055 4673; x_wconf 87' lang='lat' dir='ltr'><strong>vester</strong></span> <span class='ocrx_word' id='word_1_777' title='bbox 1082 4616 1315 4672; x_wconf 65' lang='lat' dir='ltr'><strong>catastis</strong></span> <span class='ocrx_word' id='word_1_778' title='bbox 1343 4617 1612 4687; x_wconf 77' lang='lat' dir='ltr'><strong>perlectus</strong></span> <span class='ocrx_word' id='word_1_779' title='bbox 1642 4623 1723 4671; x_wconf 88' lang='lat' dir='ltr'><strong>est</strong></span> <span class='ocrx_word' id='word_1_780' title='bbox 1746 4613 1813 4670; x_wconf 82' lang='grc'><strong>⁴⁶.</strong></span> <span class='ocrx_word' id='word_1_781' title='bbox 1831 4615 1983 4672; x_wconf 68' lang='lat' dir='ltr'><strong>Perit</strong></span> 
     </span>
    </p>
   </div>
   <div class='ocr_carea' id='block_1_95' title="bbox 2180 4613 3789 4701">
    <p class='ocr_par' dir='ltr' id='par_1_95' title="bbox 2180 4615 3789 4701">
     <span class='ocr_line' id='line_1_96' title="bbox 2180 4615 3789 4701; baseline 0.009 -31"><span class='ocrx_word' id='word_1_782' title='bbox 2180 4615 2410 4690; x_wconf 79' lang='grc' dir='ltr'>ονηροὺς</span> <span class='ocrx_word' id='word_1_783' title='bbox 2467 4617 2557 4673; x_wconf 79' lang='grc' dir='ltr'><strong>καὶ</strong></span> <span class='ocrx_word' id='word_1_784' title='bbox 2611 4619 2867 4695; x_wconf 85' lang='grc' dir='ltr'>ἀγαθοὺς,</span> <span class='ocrx_word' id='word_1_785' title='bbox 2943 4623 3035 4679; x_wconf 86' lang='grc' dir='ltr'><strong>καὶ</strong></span> <span class='ocrx_word' id='word_1_786' title='bbox 3096 4623 3310 4701; x_wconf 88' lang='grc' dir='ltr'>βρέχων</span> <span class='ocrx_word' id='word_1_787' title='bbox 3370 4623 3459 4682; x_wconf 77' lang='grc' dir='ltr'>ἐπὶ</span> <span class='ocrx_word' id='word_1_788' title='bbox 3537 4623 3789 4692; x_wconf 89' lang='grc' dir='ltr'>δικαίους</span> 
     </span>
    </p>
   </div>
   <div class='ocr_carea' id='block_1_96' title="bbox 378 4703 1987 4788">
    <p class='ocr_par' dir='ltr' id='par_1_96' title="bbox 378 4704 1987 4782">
     <span class='ocr_line' id='line_1_97' title="bbox 378 4704 1987 4782; baseline -0.002 -16"><span class='ocrx_word' id='word_1_789' title='bbox 378 4714 506 4766; x_wconf 89' lang='lat' dir='ltr'><strong>ctus</strong></span> <span class='ocrx_word' id='word_1_790' title='bbox 537 4708 718 4782; x_wconf 81' lang='lat' dir='ltr'><strong>igitur</strong></span> <span class='ocrx_word' id='word_1_791' title='bbox 749 4709 931 4773; x_wconf 87' lang='lat' dir='ltr'><strong>Pater,</strong></span> <span class='ocrx_word' id='word_1_792' title='bbox 965 4721 1138 4777; x_wconf 89' lang='lat' dir='ltr'><strong>quem</strong></span> <span class='ocrx_word' id='word_1_793' title='bbox 1171 4704 1389 4761; x_wconf 88' lang='lat' dir='ltr'><strong>imitari</strong></span> <span class='ocrx_word' id='word_1_794' title='bbox 1425 4721 1528 4761; x_wconf 91' lang='lat' dir='ltr'><strong>nos</strong></span> <span class='ocrx_word' id='word_1_795' title='bbox 1551 4704 1738 4776; x_wconf 88' lang='lat' dir='ltr'><strong>jubet,</strong></span> <span class='ocrx_word' id='word_1_796' title='bbox 1774 4704 1874 4776; x_wconf 89' lang='lat' dir='ltr'><strong>qui</strong></span> <span class='ocrx_word' id='word_1_797' title='bbox 1917 4721 1987 4763; x_wconf 87' lang='lat' dir='ltr'><strong>na</strong></span> 
     </span>
    </p>
   </div>
   <div class='ocr_carea' id='block_1_97' title="bbox 2175 4703 3784 4788">
    <p class='ocr_par' dir='ltr' id='par_1_97' title="bbox 2175 4703 3784 4788">
     <span class='ocr_line' id='line_1_98' title="bbox 2175 4703 3784 4788; baseline 0.009 -30"><span class='ocrx_word' id='word_1_798' title='bbox 2175 4705 2221 4758; x_wconf 82' lang='grc' dir='ltr'><strong>ιὶ</strong></span> <span class='ocrx_word' id='word_1_799' title='bbox 2295 4703 2538 4770; x_wconf 88' lang='grc' dir='ltr'>ἀδίκους.</span> <span class='ocrx_word' id='word_1_800' title='bbox 2613 4710 2836 4766; x_wconf 85' lang='grc' dir='ltr'>Ἔσεσθε</span> <span class='ocrx_word' id='word_1_801' title='bbox 2915 4711 3013 4768; x_wconf 81' lang='grc' dir='ltr'>οὖν</span> <span class='ocrx_word' id='word_1_802' title='bbox 3097 4714 3254 4788; x_wconf 85' lang='grc' dir='ltr'>ὑμεῖς</span> <span class='ocrx_word' id='word_1_803' title='bbox 3328 4713 3555 4786; x_wconf 87' lang='grc' dir='ltr'>τέλειοι,</span> <span class='ocrx_word' id='word_1_804' title='bbox 3613 4717 3688 4777; x_wconf 81' lang='grc' dir='ltr'><strong>ὡς</strong></span> <span class='ocrx_word' id='word_1_805' title='bbox 3753 4719 3784 4773; x_wconf 90' lang='lat'><strong>6</strong></span> 
     </span>
    </p>
   </div>
   <div class='ocr_carea' id='block_1_98' title="bbox 263 4792 1872 4880">
    <p class='ocr_par' dir='ltr' id='par_1_98' title="bbox 263 4792 1872 4866">
     <span class='ocr_line' id='line_1_99' title="bbox 263 4792 1872 4866; baseline -0.008 -11"><span class='ocrx_word' id='word_1_806' title='bbox 263 4811 270 4818; x_wconf 79' lang='lat'><strong>‘</strong></span> <span class='ocrx_word' id='word_1_807' title='bbox 377 4801 510 4854; x_wconf 89' lang='lat' dir='ltr'><strong>tura</strong></span> <span class='ocrx_word' id='word_1_808' title='bbox 539 4801 596 4852; x_wconf 89' lang='lat' dir='ltr'><strong>et</strong></span> <span class='ocrx_word' id='word_1_809' title='bbox 647 4795 845 4862; x_wconf 85' lang='lat' dir='ltr'><strong>Filius,</strong></span> <span class='ocrx_word' id='word_1_810' title='bbox 876 4795 1030 4851; x_wconf 89' lang='lat' dir='ltr'><strong>idem</strong></span> <span class='ocrx_word' id='word_1_811' title='bbox 1078 4793 1175 4849; x_wconf 90' lang='lat' dir='ltr'><strong>ille</strong></span> <span class='ocrx_word' id='word_1_812' title='bbox 1205 4801 1310 4856; x_wconf 87' lang='lat' dir='ltr'><strong>est,</strong></span> <span class='ocrx_word' id='word_1_813' title='bbox 1345 4809 1460 4850; x_wconf 88' lang='lat' dir='ltr'><strong>non</strong></span> <span class='ocrx_word' id='word_1_814' title='bbox 1506 4792 1659 4850; x_wconf 88' lang='lat' dir='ltr'><strong>alius</strong></span> <span class='ocrx_word' id='word_1_815' title='bbox 1690 4795 1789 4866; x_wconf 91' lang='lat' dir='ltr'><strong>qui</strong></span> <span class='ocrx_word' id='word_1_816' title='bbox 1837 4811 1872 4852; x_wconf 46' lang='lat' dir='ltr'><strong>si</strong></span> 
     </span>
    </p>
   </div>
   <div class='ocr_carea' id='block_1_99' title="bbox 2174 4792 3783 4880">
    <p class='ocr_par' dir='ltr' id='par_1_99' title="bbox 2174 4797 3783 4880">
     <span class='ocr_line' id='line_1_100' title="bbox 2174 4797 3783 4880; baseline 0.009 -30"><span class='ocrx_word' id='word_1_817' title='bbox 2174 4797 2322 4871; x_wconf 80' lang='grc' dir='ltr'>Ϊατήρ</span> <span class='ocrx_word' id='word_1_818' title='bbox 2405 4799 2556 4872; x_wconf 85' lang='grc' dir='ltr'>ὑμῶν</span> <span class='ocrx_word' id='word_1_819' title='bbox 2644 4801 2673 4856; x_wconf 90' lang='lat'><strong>6</strong></span> <span class='ocrx_word' id='word_1_820' title='bbox 2747 4799 2801 4857; x_wconf 80' lang='grc' dir='ltr'>ἐν</span> <span class='ocrx_word' id='word_1_821' title='bbox 2879 4801 3131 4880; x_wconf 81' lang='grc' dir='ltr'>οὐρανοῖς</span> <span class='ocrx_word' id='word_1_822' title='bbox 3205 4802 3417 4873; x_wconf 85' lang='grc' dir='ltr'>τέλειός</span> <span class='ocrx_word' id='word_1_823' title='bbox 3480 4805 3646 4865; x_wconf 75' lang='grc' dir='ltr'>ἐστιν.</span> <span class='ocrx_word' id='word_1_824' title='bbox 3723 4809 3783 4864; x_wconf 83' lang='grc' dir='ltr'><strong>Ὀ</strong></span> 
     </span>
    </p>
   </div>
   <div class='ocr_carea' id='block_1_100' title="bbox 379 4881 1988 4972">
    <p class='ocr_par' dir='ltr' id='par_1_100' title="bbox 379 4881 1988 4956">
     <span class='ocr_line' id='line_1_101' title="bbox 379 4881 1988 4956; baseline -0.001 -15"><span class='ocrx_word' id='word_1_825' title='bbox 379 4884 667 4943; x_wconf 84' lang='lat' dir='ltr'><strong>visibilem</strong></span> <span class='ocrx_word' id='word_1_826' title='bbox 699 4883 838 4941; x_wconf 90' lang='lat' dir='ltr'><strong>oriri</strong></span> <span class='ocrx_word' id='word_1_827' title='bbox 867 4881 1254 4956; x_wconf 85' lang='lat' dir='ltr'><strong>facit,quique</strong></span> <span class='ocrx_word' id='word_1_828' title='bbox 1271 4881 1461 4938; x_wconf 87' lang='lat' dir='ltr'><strong>lucem</strong></span> <span class='ocrx_word' id='word_1_829' title='bbox 1479 4883 1817 4939; x_wconf 88' lang='lat' dir='ltr'><strong>sensibilem</strong></span> <span class='ocrx_word' id='word_1_830' title='bbox 1831 4883 1988 4941; x_wconf 78' lang='lat' dir='ltr'><strong>nobis</strong></span> 
     </span>
    </p>
   </div>
   <div class='ocr_carea' id='block_1_101' title="bbox 2172 4881 3781 4972">
    <p class='ocr_par' dir='ltr' id='par_1_101' title="bbox 2172 4883 3781 4972">
     <span class='ocr_line' id='line_1_102' title="bbox 2172 4883 3781 4972; baseline 0.009 -33"><span class='ocrx_word' id='word_1_831' title='bbox 2172 4889 2259 4941; x_wconf 90' lang='grc' dir='ltr'><strong>οῦν</strong></span> <span class='ocrx_word' id='word_1_832' title='bbox 2313 4883 2524 4950; x_wconf 86' lang='grc' dir='ltr'>τέλειος</span> <span class='ocrx_word' id='word_1_833' title='bbox 2582 4891 2793 4965; x_wconf 76' lang='grc' dir='ltr'>Πατήρ,</span> <span class='ocrx_word' id='word_1_834' title='bbox 2861 4891 2920 4946; x_wconf 79' lang='grc' dir='ltr'>ὃν</span> <span class='ocrx_word' id='word_1_835' title='bbox 2976 4893 3126 4967; x_wconf 74' lang='grc' dir='ltr'>ἡμᾶς</span> <span class='ocrx_word' id='word_1_836' title='bbox 3189 4898 3478 4970; x_wconf 85' lang='grc' dir='ltr'>μιμεῖσθαι</span> <span class='ocrx_word' id='word_1_837' title='bbox 3534 4899 3562 4953; x_wconf 91' lang='lat'><strong>6</strong></span> <span class='ocrx_word' id='word_1_838' title='bbox 3621 4897 3781 4972; x_wconf 78' lang='grc' dir='ltr'>φύσει</span> 
     </span>
    </p>
   </div>
   <div class='ocr_carea' id='block_1_102' title="bbox 376 4973 1985 5055">
    <p class='ocr_par' dir='ltr' id='par_1_102' title="bbox 376 4973 1985 5048">
     <span class='ocr_line' id='line_1_103' title="bbox 376 4973 1985 5048; baseline -0.002 -16"><span class='ocrx_word' id='word_1_839' title='bbox 376 4974 475 5048; x_wconf 89' lang='lat' dir='ltr'><strong>qui</strong></span> <span class='ocrx_word' id='word_1_840' title='bbox 505 4974 778 5032; x_wconf 87' lang='lat' dir='ltr'><strong>sensibus</strong></span> <span class='ocrx_word' id='word_1_841' title='bbox 821 4973 1070 5044; x_wconf 88' lang='lat' dir='ltr'><strong>subjecti</strong></span> <span class='ocrx_word' id='word_1_842' title='bbox 1111 4988 1342 5039; x_wconf 85' lang='lat' dir='ltr'><strong>sumus,</strong></span> <span class='ocrx_word' id='word_1_843' title='bbox 1376 4973 1735 5044; x_wconf 84' lang='lat' dir='ltr'><strong>suppeditat,</strong></span> <span class='ocrx_word' id='word_1_844' title='bbox 1778 4981 1832 5028; x_wconf 89' lang='lat' dir='ltr'><strong>et</strong></span> <span class='ocrx_word' id='word_1_845' title='bbox 1872 4973 1985 5045; x_wconf 91' lang='lat' dir='ltr'><strong>plui</strong></span> 
     </span>
    </p>
   </div>
   <div class='ocr_carea' id='block_1_103' title="bbox 2175 4973 3784 5055">
    <p class='ocr_par' dir='ltr' id='par_1_103' title="bbox 2175 4976 3784 5055">
     <span class='ocr_line' id='line_1_104' title="bbox 2175 4976 3784 5055; baseline 0.011 -27"><span class='ocrx_word' id='word_1_846' title='bbox 2175 4980 2387 5049; x_wconf 89' lang='grc' dir='ltr'>αραινεῖ</span> <span class='ocrx_word' id='word_1_847' title='bbox 2425 4976 2570 5043; x_wconf 80' lang='grc' dir='ltr'>Υἱὸς,</span> <span class='ocrx_word' id='word_1_848' title='bbox 2623 4977 2784 5041; x_wconf 87' lang='grc' dir='ltr'>αὐτὸς</span> <span class='ocrx_word' id='word_1_849' title='bbox 2813 4980 2973 5044; x_wconf 84' lang='grc' dir='ltr'>οὗτός</span> <span class='ocrx_word' id='word_1_850' title='bbox 3023 4981 3183 5054; x_wconf 71' lang='grc' dir='ltr'>ἔστιν,</span> <span class='ocrx_word' id='word_1_851' title='bbox 3234 4982 3335 5041; x_wconf 91' lang='grc' dir='ltr'><strong>οὐκ</strong></span> <span class='ocrx_word' id='word_1_852' title='bbox 3384 4983 3577 5055; x_wconf 74' lang='grc' dir='ltr'>ἄλλος,</span> <span class='ocrx_word' id='word_1_853' title='bbox 3610 4988 3639 5042; x_wconf 91' lang='lat'><strong>6</strong></span> <span class='ocrx_word' id='word_1_854' title='bbox 3685 4988 3784 5045; x_wconf 82' lang='grc' dir='ltr'><strong>τὸν</strong></span> 
     </span>
    </p>
   </div>
   <div class='ocr_carea' id='block_1_104' title="bbox 377 5062 1986 5152">
    <p class='ocr_par' dir='ltr' id='par_1_104' title="bbox 377 5062 1986 5137">
     <span class='ocr_line' id='line_1_105' title="bbox 377 5062 1986 5137; baseline 0 -16"><span class='ocrx_word' id='word_1_855' title='bbox 377 5081 554 5137; x_wconf 89' lang='lat' dir='ltr'><strong>super</strong></span> <span class='ocrx_word' id='word_1_856' title='bbox 595 5064 792 5136; x_wconf 86' lang='lat' dir='ltr'><strong>justos</strong></span> <span class='ocrx_word' id='word_1_857' title='bbox 831 5067 890 5119; x_wconf 89' lang='lat' dir='ltr'><strong>et</strong></span> <span class='ocrx_word' id='word_1_858' title='bbox 936 5063 1207 5133; x_wconf 78' lang='lat' dir='ltr'><strong>injustas,</strong></span> <span class='ocrx_word' id='word_1_859' title='bbox 1241 5067 1304 5119; x_wconf 91' lang='lat' dir='ltr'><strong>ut</strong></span> <span class='ocrx_word' id='word_1_860' title='bbox 1351 5062 1573 5120; x_wconf 84' lang='lat' dir='ltr'><strong>fructus</strong></span> <span class='ocrx_word' id='word_1_861' title='bbox 1623 5062 1768 5120; x_wconf 78' lang='lat' dir='ltr'><strong>ferre</strong></span> <span class='ocrx_word' id='word_1_862' title='bbox 1811 5067 1869 5120; x_wconf 89' lang='lat' dir='ltr'><strong>et</strong></span> <span class='ocrx_word' id='word_1_863' title='bbox 1909 5063 1986 5121; x_wconf 90' lang='lat' dir='ltr'><strong>col</strong></span> 
     </span>
    </p>
   </div>
   <div class='ocr_carea' id='block_1_105' title="bbox 2172 5062 3781 5152">
    <p class='ocr_par' dir='ltr' id='par_1_105' title="bbox 2172 5065 3781 5152">
     <span class='ocr_line' id='line_1_106' title="bbox 2172 5065 3781 5152; baseline 0.009 -34"><span class='ocrx_word' id='word_1_864' title='bbox 2172 5065 2412 5140; x_wconf 85' lang='grc' dir='ltr'>ρώμενον</span> <span class='ocrx_word' id='word_1_865' title='bbox 2461 5065 2774 5123; x_wconf 75' lang='grc' dir='ltr'>ἀνατέλλων</span> <span class='ocrx_word' id='word_1_866' title='bbox 2817 5069 2981 5140; x_wconf 62' lang='grc' dir='ltr'><strong>⁴ἥλιον</strong></span> <span class='ocrx_word' id='word_1_867' title='bbox 3015 5090 3029 5106; x_wconf 77' lang='grc' dir='ltr'><strong><em>ο</em></strong></span> <span class='ocrx_word' id='word_1_868' title='bbox 3082 5072 3173 5128; x_wconf 83' lang='grc' dir='ltr'><strong>καὶ</strong></span> <span class='ocrx_word' id='word_1_869' title='bbox 3213 5074 3279 5129; x_wconf 87' lang='grc' dir='ltr'><strong>τὸ</strong></span> <span class='ocrx_word' id='word_1_870' title='bbox 3328 5079 3446 5152; x_wconf 72' lang='grc' dir='ltr'><strong>φῶς</strong></span> <span class='ocrx_word' id='word_1_871' title='bbox 3475 5077 3612 5150; x_wconf 74' lang='grc' dir='ltr'>ἡμῖν</span> <span class='ocrx_word' id='word_1_872' title='bbox 3658 5083 3781 5141; x_wconf 89' lang='grc' dir='ltr'>τοῖς</span> 
     </span>
    </p>
   </div>
   <div class='ocr_carea' id='block_1_106' title="bbox 379 5151 1988 5245">
    <p class='ocr_par' dir='ltr' id='par_1_106' title="bbox 379 5151 1988 5225">
     <span class='ocr_line' id='line_1_107' title="bbox 379 5151 1988 5225; baseline -0.001 -14"><span class='ocrx_word' id='word_1_873' title='bbox 379 5159 537 5212; x_wconf 88' lang='lat' dir='ltr'><strong>terra</strong></span> <span class='ocrx_word' id='word_1_874' title='bbox 567 5153 772 5225; x_wconf 90' lang='lat' dir='ltr'><strong>possit,</strong></span> <span class='ocrx_word' id='word_1_875' title='bbox 809 5155 1010 5225; x_wconf 90' lang='lat' dir='ltr'><strong>utque,</strong></span> <span class='ocrx_word' id='word_1_876' title='bbox 1043 5153 1091 5207; x_wconf 87' lang='lat' dir='ltr'><strong>si</strong></span> <span class='ocrx_word' id='word_1_877' title='bbox 1137 5151 1274 5223; x_wconf 91' lang='lat' dir='ltr'><strong>quid</strong></span> <span class='ocrx_word' id='word_1_878' title='bbox 1317 5151 1388 5207; x_wconf 87' lang='lat' dir='ltr'><strong>ob</strong></span> <span class='ocrx_word' id='word_1_879' title='bbox 1439 5152 1765 5208; x_wconf 87' lang='lat' dir='ltr'><strong>ariditatem</strong></span> <span class='ocrx_word' id='word_1_880' title='bbox 1813 5154 1883 5209; x_wconf 89' lang='lat' dir='ltr'><strong>ad</strong></span> <span class='ocrx_word' id='word_1_881' title='bbox 1929 5155 1988 5210; x_wconf 88' lang='lat' dir='ltr'><strong>in</strong></span> 
     </span>
    </p>
   </div>
   <div class='ocr_carea' id='block_1_107' title="bbox 2174 5151 3783 5245">
    <p class='ocr_par' dir='ltr' id='par_1_107' title="bbox 2174 5151 3783 5245">
     <span class='ocr_line' id='line_1_108' title="bbox 2174 5151 3783 5245; baseline 0.009 -37"><span class='ocrx_word' id='word_1_882' title='bbox 2174 5153 2412 5245; x_wconf 71' lang='grc' dir='ltr'>ίσθητοῖς</span> <span class='ocrx_word' id='word_1_883' title='bbox 2469 5156 2532 5210; x_wconf 86' lang='grc' dir='ltr'><strong>τὸ</strong></span> <span class='ocrx_word' id='word_1_884' title='bbox 2585 5155 2838 5245; x_wconf 73' lang='grc' dir='ltr'>αἰσθητὸν</span> <span class='ocrx_word' id='word_1_885' title='bbox 2913 5167 3195 5238; x_wconf 82' lang='grc' dir='ltr'>χορηγῶν,</span> <span class='ocrx_word' id='word_1_886' title='bbox 3255 5151 3349 5219; x_wconf 74' lang='grc' dir='ltr'><strong>καῖ</strong></span> <span class='ocrx_word' id='word_1_887' title='bbox 3415 5164 3632 5245; x_wconf 82' lang='grc' dir='ltr'>βρέχων</span> <span class='ocrx_word' id='word_1_888' title='bbox 3689 5166 3783 5223; x_wconf 68' lang='grc' dir='ltr'>ἰπὶ</span> 
     </span>
    </p>
   </div>
   <div class='ocr_carea' id='block_1_108' title="bbox 378 5241 1987 5334">
    <p class='ocr_par' dir='ltr' id='par_1_108' title="bbox 378 5241 1987 5316">
     <span class='ocr_line' id='line_1_109' title="bbox 378 5241 1987 5316; baseline 0 -17"><span class='ocrx_word' id='word_1_889' title='bbox 378 5243 724 5316; x_wconf 88' lang='lat' dir='ltr'><strong>temperiem</strong></span> <span class='ocrx_word' id='word_1_890' title='bbox 755 5247 970 5314; x_wconf 83' lang='lat' dir='ltr'><strong>vergat,</strong></span> <span class='ocrx_word' id='word_1_891' title='bbox 1006 5258 1123 5311; x_wconf 90' lang='lat' dir='ltr'><strong>aer,</strong></span> <span class='ocrx_word' id='word_1_892' title='bbox 1158 5257 1271 5312; x_wconf 92' lang='lat' dir='ltr'><strong>quo</strong></span> <span class='ocrx_word' id='word_1_893' title='bbox 1312 5241 1383 5296; x_wconf 89' lang='lat' dir='ltr'><strong>ad</strong></span> <span class='ocrx_word' id='word_1_894' title='bbox 1433 5241 1872 5314; x_wconf 87' lang='lat' dir='ltr'><strong>respirationem</strong></span> <span class='ocrx_word' id='word_1_895' title='bbox 1906 5244 1987 5300; x_wconf 90' lang='lat' dir='ltr'><strong>uti</strong></span> 
     </span>
    </p>
   </div>
   <div class='ocr_carea' id='block_1_109' title="bbox 2176 5241 3785 5334">
    <p class='ocr_par' dir='ltr' id='par_1_109' title="bbox 2176 5241 3785 5334">
     <span class='ocr_line' id='line_1_110' title="bbox 2176 5241 3785 5334; baseline 0.009 -36"><span class='ocrx_word' id='word_1_896' title='bbox 2176 5244 2376 5307; x_wconf 70' lang='grc' dir='ltr'>ικαίους</span> <span class='ocrx_word' id='word_1_897' title='bbox 2423 5247 2513 5300; x_wconf 82' lang='grc' dir='ltr'><strong>καὶ</strong></span> <span class='ocrx_word' id='word_1_898' title='bbox 2562 5244 2804 5323; x_wconf 79' lang='grc' dir='ltr'>ἀδίκους,</span> <span class='ocrx_word' id='word_1_899' title='bbox 2855 5250 2944 5308; x_wconf 74' lang='grc' dir='ltr'><strong>ἐπὶ</strong></span> <span class='ocrx_word' id='word_1_900' title='bbox 2993 5253 3339 5334; x_wconf 77' lang='grc' dir='ltr'>καρποφορίᾳ</span> <span class='ocrx_word' id='word_1_901' title='bbox 3384 5241 3474 5312; x_wconf 86' lang='grc' dir='ltr'>καί</span> <span class='ocrx_word' id='word_1_902' title='bbox 3517 5241 3785 5332; x_wconf 25' lang='grc' dir='ltr'>*γεωργίᾳ</span> 
     </span>
    </p>
   </div>
   <div class='ocr_carea' id='block_1_110' title="bbox 382 5327 1991 5420">
    <p class='ocr_par' dir='ltr' id='par_1_110' title="bbox 382 5327 1987 5402">
     <span class='ocr_line' id='line_1_111' title="bbox 382 5327 1987 5402; baseline 0 -15"><span class='ocrx_word' id='word_1_903' title='bbox 382 5349 537 5401; x_wconf 89' lang='lat' dir='ltr'><strong>mur,</strong></span> <span class='ocrx_word' id='word_1_904' title='bbox 569 5347 671 5402; x_wconf 90' lang='lat' dir='ltr'><strong>per</strong></span> <span class='ocrx_word' id='word_1_905' title='bbox 718 5330 1020 5387; x_wconf 88' lang='lat' dir='ltr'><strong>humorem</strong></span> <span class='ocrx_word' id='word_1_906' title='bbox 1057 5327 1255 5398; x_wconf 76' lang='lat' dir='ltr'><strong>pluviae</strong></span> <span class='ocrx_word' id='word_1_907' title='bbox 1299 5333 1670 5401; x_wconf 86' lang='lat' dir='ltr'><strong>temperetur.</strong></span> <span class='ocrx_word' id='word_1_908' title='bbox 1705 5329 1812 5386; x_wconf 88' lang='lat' dir='ltr'><strong>Ubi</strong></span> <span class='ocrx_word' id='word_1_909' title='bbox 1845 5331 1987 5402; x_wconf 86' lang='lat' dir='ltr'><strong>igitu</strong></span> 
     </span>
    </p>
   </div>
   <div class='ocr_carea' id='block_1_111' title="bbox 2182 5327 3791 5420">
    <p class='ocr_par' dir='ltr' id='par_1_111' title="bbox 2182 5327 3791 5420">
     <span class='ocr_line' id='line_1_112' title="bbox 2182 5327 3791 5420; baseline 0.013 -38"><span class='ocrx_word' id='word_1_910' title='bbox 2182 5341 2231 5405; x_wconf 62' lang='grc' dir='ltr'><strong>ᾗς</strong></span> <span class='ocrx_word' id='word_1_911' title='bbox 2263 5341 2370 5411; x_wconf 79' lang='grc' dir='ltr'><strong>γῆς</strong></span> <span class='ocrx_word' id='word_1_912' title='bbox 2404 5355 2417 5370; x_wconf 89' lang='grc'><strong>·</strong></span> <span class='ocrx_word' id='word_1_913' title='bbox 2468 5333 2561 5390; x_wconf 86' lang='grc' dir='ltr'><strong>καί</strong></span> <span class='ocrx_word' id='word_1_914' title='bbox 2593 5337 2668 5401; x_wconf 84' lang='grc' dir='ltr'>ὡς</span> <span class='ocrx_word' id='word_1_915' title='bbox 2717 5339 2801 5410; x_wconf 81' lang='grc' dir='ltr'><strong>ἃν,</strong></span> <span class='ocrx_word' id='word_1_916' title='bbox 2855 5339 2901 5395; x_wconf 61' lang='lat' dir='ltr'><strong>ei</strong></span> <span class='ocrx_word' id='word_1_917' title='bbox 2940 5362 2994 5398; x_wconf 86' lang='grc' dir='ltr'><strong>τι</strong></span> <span class='ocrx_word' id='word_1_918' title='bbox 3044 5327 3196 5418; x_wconf 42' lang='grc' dir='ltr'>πρὸς·</span> <span class='ocrx_word' id='word_1_919' title='bbox 3231 5327 3492 5420; x_wconf 83' lang='grc' dir='ltr'>ἀκρασίαν</span> <span class='ocrx_word' id='word_1_920' title='bbox 3533 5327 3791 5403; x_wconf 68' lang='grc' dir='ltr'>ἐπέκλινε</span> 
     </span>
    </p>
   </div>
   <div class='ocr_carea' id='block_1_112' title="bbox 381 5417 1990 5513">
    <p class='ocr_par' dir='ltr' id='par_1_112' title="bbox 381 5417 1990 5492">
     <span class='ocr_line' id='line_1_113' title="bbox 381 5417 1990 5492; baseline 0 -15"><span class='ocrx_word' id='word_1_921' title='bbox 381 5425 520 5478; x_wconf 89' lang='lat' dir='ltr'><strong>sunt</strong></span> <span class='ocrx_word' id='word_1_922' title='bbox 549 5420 785 5477; x_wconf 77' lang='lat' dir='ltr'><strong>nefandi</strong></span> <span class='ocrx_word' id='word_1_923' title='bbox 824 5419 908 5475; x_wconf 91' lang='lat' dir='ltr'><strong>illi</strong></span> <span class='ocrx_word' id='word_1_924' title='bbox 940 5418 1175 5492; x_wconf 87' lang='lat' dir='ltr'><strong>imperii</strong></span> <span class='ocrx_word' id='word_1_925' title='bbox 1207 5417 1306 5474; x_wconf 90' lang='lat' dir='ltr'><strong>Dei</strong></span> <span class='ocrx_word' id='word_1_926' title='bbox 1341 5420 1672 5492; x_wconf 77' lang='lat' dir='ltr'><strong>partitores,</strong></span> <span class='ocrx_word' id='word_1_927' title='bbox 1703 5419 1803 5491; x_wconf 91' lang='lat' dir='ltr'><strong>qui</strong></span> <span class='ocrx_word' id='word_1_928' title='bbox 1834 5425 1990 5477; x_wconf 68' lang='lat' dir='ltr'><strong>terra</strong></span> 
     </span>
    </p>
   </div>
   <div class='ocr_carea' id='block_1_113' title="bbox 2174 5417 3783 5513">
    <p class='ocr_par' dir='ltr' id='par_1_113' title="bbox 2174 5417 3783 5513">
     <span class='ocr_line' id='line_1_114' title="bbox 2174 5417 3783 5513; baseline 0.009 -36"><span class='ocrx_word' id='word_1_929' title='bbox 2174 5423 2222 5477; x_wconf 80' lang='grc' dir='ltr'><strong>ιὰ</strong></span> <span class='ocrx_word' id='word_1_930' title='bbox 2258 5425 2551 5499; x_wconf 78' lang='grc' dir='ltr'>ξηρότητα,</span> <span class='ocrx_word' id='word_1_931' title='bbox 2595 5427 2640 5499; x_wconf 81' lang='grc' dir='ltr'>ᾧ</span> <span class='ocrx_word' id='word_1_932' title='bbox 2698 5430 2967 5506; x_wconf 83' lang='grc' dir='ltr'>χρώμεθα</span> <span class='ocrx_word' id='word_1_933' title='bbox 3018 5417 3157 5508; x_wconf 82' lang='grc' dir='ltr'>πρὸς</span> <span class='ocrx_word' id='word_1_934' title='bbox 3207 5417 3505 5506; x_wconf 79' lang='grc' dir='ltr'>ἀναπνοὴν,</span> <span class='ocrx_word' id='word_1_935' title='bbox 3569 5435 3599 5490; x_wconf 83' lang='lat'><strong>6</strong></span> <span class='ocrx_word' id='word_1_936' title='bbox 3648 5435 3783 5513; x_wconf 83' lang='grc' dir='ltr'><strong>ἀήρ,</strong></span> 
     </span>
    </p>
   </div>
   <div class='ocr_carea' id='block_1_114' title="bbox 381 5544 3792 5689">
    <p class='ocr_par' dir='ltr' id='par_1_114' title="bbox 381 5544 3792 5689">
     <span class='ocr_line' id='line_1_115' title="bbox 381 5544 3792 5689; baseline 0.003 -76"><span class='ocrx_word' id='word_1_937' title='bbox 381 5619 428 5657; x_wconf 51' lang='grc' dir='ltr'><strong><em>η</em></strong></span> <span class='ocrx_word' id='word_1_938' title='bbox 451 5546 894 5689; x_wconf 37' lang='grc' dir='ltr'><strong>ῗδξάῗέιέεἳὲγ,</strong></span> <span class='ocrx_word' id='word_1_939' title='bbox 936 5545 1024 5602; x_wconf 87' lang='lat'><strong>23.</strong></span> <span class='ocrx_word' id='word_1_940' title='bbox 1129 5545 1174 5583; x_wconf 75' lang='lat'><strong>“</strong></span> <span class='ocrx_word' id='word_1_941' title='bbox 1225 5544 1430 5603; x_wconf 86' lang='lat' dir='ltr'><strong>Matth.</strong></span> <span class='ocrx_word' id='word_1_942' title='bbox 1479 5561 1553 5615; x_wconf 80' lang='lat' dir='ltr'><strong>v1,</strong></span> <span class='ocrx_word' id='word_1_943' title='bbox 1593 5549 1646 5603; x_wconf 87' lang='lat'><strong>2.</strong></span> <span class='ocrx_word' id='word_1_944' title='bbox 1751 5547 1798 5583; x_wconf 83' lang='grc'><strong>⁴²</strong></span> <span class='ocrx_word' id='word_1_945' title='bbox 1841 5548 1978 5607; x_wconf 89' lang='lat' dir='ltr'><strong>ibid.</strong></span> <span class='ocrx_word' id='word_1_946' title='bbox 2024 5549 2116 5606; x_wconf 84' lang='lat'><strong>26.</strong></span> <span class='ocrx_word' id='word_1_947' title='bbox 2217 5551 2266 5588; x_wconf 81' lang='grc'><strong>⁴³</strong></span> <span class='ocrx_word' id='word_1_948' title='bbox 2314 5552 2457 5610; x_wconf 91' lang='lat' dir='ltr'><strong>ibid.</strong></span> <span class='ocrx_word' id='word_1_949' title='bbox 2560 5553 2609 5588; x_wconf 84' lang='grc'><strong>⁴⁴</strong></span> <span class='ocrx_word' id='word_1_950' title='bbox 2656 5554 2864 5614; x_wconf 86' lang='lat' dir='ltr'><strong>Matth.</strong></span> <span class='ocrx_word' id='word_1_951' title='bbox 2909 5574 2988 5629; x_wconf 84' lang='lat' dir='ltr'><strong>vx,</strong></span> <span class='ocrx_word' id='word_1_952' title='bbox 3036 5560 3126 5617; x_wconf 88' lang='lat'><strong>32.</strong></span> <span class='ocrx_word' id='word_1_953' title='bbox 3228 5560 3276 5597; x_wconf 83' lang='grc'><strong>⁴⁵</strong></span> <span class='ocrx_word' id='word_1_954' title='bbox 3335 5560 3538 5620; x_wconf 83' lang='lat' dir='ltr'><strong>Matth.</strong></span> <span class='ocrx_word' id='word_1_955' title='bbox 3592 5580 3647 5633; x_wconf 82' lang='grc' dir='ltr'><strong>ν,</strong></span> <span class='ocrx_word' id='word_1_956' title='bbox 3689 5565 3792 5622; x_wconf 72' lang='grc'><strong>44.</strong></span> 
     </span>
    </p>
   </div>
  </div>
