4074 6208
251 350 350 411 105

1349 348 1667 409 CONTRA
1712 347 2185 418 MANICH/EOS
2228 357 2455 417 LIBER
2502 356 2575 417 II.

3526 363 3644 422 106

254 481 334 538 διὰ
374 487 476 549 τῆς
521 479 632 534 ἀπὸ
679 483 788 532 τῶν
829 477 998 533 ὑετῶν
1044 475 1258 541 νοτίδος
1298 480 1434 552 πρὸς
1477 480 1761 556 εὐκρασίαν
1795 483 1894 542 ἐπ-

2008 490 2178 558 aeris,
2204 491 2554 564 pluviarum,
2575 491 2738 559 solis,
2761 492 3124 564 aliorumque
3155 493 3443 564 ejusmodi
3466 494 3646 554 alium

259 571 480 645 αναχθῇ.
509 571 624 623 Ποῦ
655 567 836 622 τοίνυν
879 567 1011 621 εἰσὶν
1051 565 1105 621 οῗ
1140 574 1241 637 τῆς
1273 567 1576 643 ἀμερίστου
1613 577 1715 626 τοῧ
1762 573 1896 629 Θεοδ

267 656 525 734 βασιλείας
558 649 817 728 ἕκθεσμοι
861 655 1132 729 μερισταί,
1165 657 1220 709 οἱ
1250 659 1349 726 τῆς
1379 663 1482 733 γῆς
1521 659 1616 731 μὲν
1667 659 1755 715 καὶ
1798 661 1895 718 τοῦ

2007 580 2239 652 ﬁngunt
2290 582 2672 651 conditorem,
2725 581 2906 638 alium
2956 599 3088 639 vero
3137 599 3357 650 eorum,
3408 599 3534 656 quin
3585 585 3650 642 in

2005 667 2194 725 classe
2215 674 2271 726 et
2294 671 2495 726 ordine
2518 687 2710 726 rerum
2735 671 3190 744 intelligibilium
3214 671 3407 728 locum
3423 676 3644 731 tenent.

265 748 424 823 ἀέρος,
481 747 569 800 καὶ
625 751 736 800 τῶν
781 747 972 815 ὗετῶν,
1029 745 1115 800 καὶ
1175 748 1273 800 τοῦ
1329 744 1516 816 ἡλίου,
1575 749 1664 804 καὶ
1719 754 1827 805 τῶν
1887 755 2238 831 ὁμοστοίχων
2294 753 2478 834 ἕτερον
2538 757 2969 821 ἀναπλάττοντες
3028 757 3391 834 δημιουργὸν,
3474 757 3648 816 ἄλλον

263 837 313 894 δὶ
337 843 438 892 τῶν
469 832 547 892 ἔτί
579 837 726 909 παρὰ
755 839 925 890 ταῦτα
954 837 1052 905 τήν
1083 838 1192 892 τῶν
1225 841 1433 904 νοητῶν
1474 834 1659 912 ἐπέχει
1691 840 1766 912 (5)
1794 841 1940 912 τάξιν
1966 860 1979 912 ;

321 929 421 985 IA'.
487 928 558 982 Εἰ)
616 923 675 982 δέ
727 947 822 998 μοι
880 927 1070 982 σκόπει
1117 931 1208 981 καί
1253 931 1434 983 τοῦτο.
1473 927 1535 982 El
1577 929 1768 1002 θρόνον
1801 935 1897 985 τοῦ

260 1021 378 1073 Θεοῦ
407 1017 504 1072 τὸν
531 1015 760 1090 οὐρανὸν
788 1015 951 1070 καλεῖ
980 1014 1007 1070 6
1043 1012 1257 1088 μᾶλλον
1287 1019 1394 1070 τῶν
1430 1014 1617 1071 ἄλλων
1637 1018 1726 1072 τὸν
1783 1025 1897 1074 Πα-

253 1106 366 1182 τέρα
421 1107 516 1161 καὶ
566 1105 635 1160 τΞι
673 1109 772 1160 τοῦ
834 1106 1044 1179 Πατρός
1101 1101 1281 1174 εἰδὼς,
1347 1103 1644 1161 ὑποπόδιον
1687 1104 1745 1162 δὲ
1793 1111 1893 1179 τήν

253 1200 361 1271 γῆν,
422 1194 515 1249 καὶ
586 1193 748 1250 πόλιν
800 1193 966 1249 αὓτοῦ
1031 1193 1098 1248 τὰ
1154 1192 1531 1268 Ἰεροσόλυμα,
1604 1200 1724 1259 πῶς
1798 1196 1896 1252 οὐκ

251 1283 483 1358 ἐσχάτης
543 1276 810 1351 ἀσεϐείας,
853 1281 926 1334 ὧν
985 1281 1190 1356 μάρτυς
1231 1282 1258 1335 6
1318 1282 1464 1355 Υἱὸς,
1521 1281 1688 1338 ταῦτά
1746 1305 1897 1349 τινας

252 1371 596 1447 περικόπτειν
658 1369 844 1438 αὐτοῦ,
897 1369 985 1424 καὶ
1040 1366 1224 1443 ἕτερον
1305 1375 1412 1425 τῶν
1495 1369 1895 1446 περικοπέντων

251 1469 419 1518 ποιεῖν
452 1463 696 1533 ποιητήν
729 1480 742 1529 ;
785 1461 846 1518 Ὁ
876 1461 981 1536 γὰρ
1019 1462 1196 1517 πάντα
1224 1461 1360 1536 πρὸς
1411 1465 1683 1538 σωτηρίαν
1735 1466 1895 1537 ἡμῶν

250 1554 332 1607 καὶ
389 1554 648 1626 πράττων
715 1551 805 1606 καὶ
874 1555 1150 1625 παραινῶν
1209 1552 1438 1624 Χριστὸς
1491 1553 1519 1606 6
1587 1553 1740 1624 Θεὸς,
1797 1553 1894 1608 τὸν

249 1643 405 1716 ὅρκον
443 1642 520 1703 ὠς
547 1635 680 1696 ὄντα
716 1646 816 1709 τῆς
842 1639 1119 1714 ἐπιορκίας
1167 1638 1349 1710 πύλην
1401 1648 1501 1710 τῆς
1547 1641 1891 1717 ἀνθρωπίνης
1928 1674 1972 1738 Β

247 1730 557 1787 ἀποκλείων
614 1729 923 1801 πολιτείας,
979 1729 1164 1808 φησίν.
1223 1731 1363 1806 Ἐγὼ
1422 1727 1478 1786 δὲ
1540 1729 1688 1803 λὲγῶ
1742 1734 1892 1804 ὑμῖν,

263 1827 342 1898 μὴ
401 1825 596 1898 ὀμόσαι
641 1823 813 1895 ὅλως,
865 1826 1004 1899 μήτε
1051 1823 1104 1879 ἐν
1151 1829 1232 1896 τῷ
1281 1824 1517 1898 οὐρανῷ,
1568 1825 1652 1880 ὅτι
1702 1829 1894 1899 θρόνος

261 1913 376 1968 ἐστὶ
433 1919 529 1968 τοῦ
575 1918 718 1982 Θεοῦ,
782 1915 924 1984 μήτε
990 1912 1044 1968 ἐν
1110 1917 1178 1986 τῇ
1254 1917 1348 1988 γῇ,
1435 1913 1516 1969 ὅτι
1600 1913 1894 1970 ὑποπόδιον

263 2006 373 2057 τῶν
432 1999 610 2056 ποδῶν
654 2003 822 2057 αὐτοῦ
899 2000 1030 2058 ἐστι’
1125 2004 1264 2076 μήτε
1357 2002 1434 2065 εἷς
1519 2004 1896 2077 Ἱεροσόλυμα,

254 2092 342 2146 6'1:
391 2089 552 2152 πόλις
598 2090 707 2145 ἐστὶ
754 2095 854 2146 τοῦ
907 2088 1179 2166 βασιλέως
1234 2095 1332 2146 τοῦ
1392 2091 1662 2167 μεγάλου.
1724 2091 1900 2149 Ἀλλά

253 2177 394 2254 μηδὲ
427 2179 478 2235 ἐν
511 2185 580 2254 τῇ
612 2179 826 2258 κεφαλῇ
857 2200 975 2249 σου,
1009 2179 1196 2253 φησὶν,
1237 2178 1320 2234 ὅτι
1362 2179 1422 2234 οὗ
1474 2178 1690 2236 δύνασαι
1737 2187 1900 2251 ποιῆ-

251 2291 338 2325 σαι
383 2268 436 2342 ἐξ
486 2268 657 2339 αὐτῆς
711 2267 915 2339 λευκὴν
969 2268 1136 2345 τρίχα
1187 2269 1222 2338 ἢ
1293 2269 1571 2343 μέλαιναν·
1630 2269 1896 2348 κεφαλὴν,

249 2358 338 2415 καί
373 2357 762 2432 Ἱεροσόλυμα,
791 2359 882 2413 καὶ
931 2364 1054 2433 γῆν,
1104 2358 1193 2413 καὶ
1245 2357 1496 2433 οὐρανὸν,
1537 2359 1602 2415 τὰ
1649 2359 1896 2431 αἰσθητὰ,

247 2449 311 2502 τὰ
342 2444 466 2522 ὄψει
497 2447 814 2522 κρὶνόμενα,
856 2445 1056 2522 λέγων,
1089 2445 1122 2500 ἃ
1169 2451 1286 2510 τοῖς
1333 2445 1617 2510 Ἰουδαίοις
1666 2443 1785 2510 ἔθος
1832 2448 1900 2518 ἦν

247 2536 409 2613 ὅρκον
471 2537 747 2592 ποιεῖσθαι
779 2538 878 2609 (6).
935 2532 1089 2606 Μηδὲ
1146 2533 1314 2591 πάλιν
1375 2536 1450 2598 εἰς
1541 2536 1744 2610 μύθους
1809 2536 1898 2592 καὶ

248 2625 456 2701 λήρους
505 2627 608 2694 τήν
666 2623 936 2704 κεφαλήν,
992 2624 1082 2680 καὶ
1129 2625 1196 2679 τὰ
1246 2622 1628 2698 Ἰεροσόλυμα,
1667 2626 1760 2680 καὶ
1798 2627 1899 2694 τήν

245 2721 377 2792 γῆν,
427 2716 518 2769 καὶ
570 2712 662 2770 τόν
714 2711 944 2788 οὒρανὸν
973 2715 1006 2782 ἡ
1065 2712 1230 2786 μανία
1264 2711 1619 2788 παρατρέποι.
1668 2714 1766 2769 Τὸν
1796 2714 1898 2790 γὰρ

248 2803 533 2877 ὁρώμενον
587 2801 838 2878 οὐρανὸν,
886 2801 975 2856 καὶ
1024 2803 1123 2872 τὴν
1180 2800 1444 2872 αἰσθητὴν
1500 2808 1625 2878 γῆν,
1685 2803 1777 2858 καὶ
1831 2802 1899 2858 τὰ

242 2891 631 2966 Ἰεροσόλυμα,
684 2891 716 2945 ἃ
761 2889 936 2947 πάλαι
996 2892 1092 2964 μὲν
1167 2888 1520 2965 ᾠκοδόμητο,
1577 2897 1785 2968 γενεαῖς
1844 2889 1902 2947 δὲ

2076 941 2166 992 XI.
2201 938 2282 994 Tu
2315 955 2447 994 vero
2477 946 2526 994 et
2561 939 2670 996 hoc
2716 939 2859 994 mihi
2908 941 3164 1011 expende
3199 958 3212 995 :
3266 941 3321 996 Si
3375 941 3654 999 thronum

2007 1025 2106 1082 Dei
2138 1025 2345 1082 caelum
2375 1026 2628 1098 appellat
2658 1028 2731 1095 is,
2770 1027 2869 1099 qui
2904 1045 3016 1099 pra:
3038 1027 3165 1082 aliis
3189 1027 3504 1099 Patrem,et
3526 1047 3649 1102 qua

2006 1113 2192 1170 Patris
2223 1122 2390 1182 sunt,
2424 1117 2602 1182 novit,
2634 1121 2848 1172 terram
2900 1116 3245 1184 scabellum,
3279 1122 3336 1174 et
3385 1119 3654 1176 llieroso-

2006 1201 2160 1274 lyma
2204 1203 2496 1261 civitatem
2559 1206 2707 1276 ejus,
2759 1221 2952 1261 nonne
3008 1207 3273 1262 maxime:
3324 1206 3647 1278 impietatis

2006 1297 2412 1363 argumentum
2473 1297 2578 1362 est,
2639 1311 2726 1360 ea,
2787 1310 3038 1366 quorum
3089 1293 3246 1351 ﬁlius
3313 1295 3479 1350 testis
3535 1299 3646 1362 est,

2007 1381 2289 1452 quosdam
2347 1381 2457 1453 ipsi
2510 1383 2912 1452 praescindere,
2965 1388 3023 1438 et
3069 1399 3292 1452 eorum,
3331 1400 3458 1456 quae
3492 1401 3644 1456 pra:-

2004 1474 2166 1540 repta
2213 1481 2374 1540 sunt,
2424 1470 2600 1526 alium
2650 1472 2951 1528 venditare
2999 1473 3344 1529 auctorem?
3382 1473 3650 1530 Christus

2003 1561 2158 1614 enim
2189 1560 2365 1627 Deus,
2400 1564 2500 1632 qui
2531 1562 2727 1617 omnia
2757 1563 2828 1618 ad
2857 1561 3105 1618 salutem
3131 1567 3390 1618 nostram
3414 1567 3472 1619 et
3497 1563 3649 1635 facit,

2003 1650 2060 1701 et
2111 1651 2328 1712 monet,
2375 1647 2815 1718 jusjurandum,
2866 1654 3142 1722 tanquam
3202 1649 3438 1720 perjurii
3499 1649 3653 1706 inter

2006 1735 2272 1792 homines
2303 1743 2547 1807 portam.
2584 1738 2639 1792 in
2673 1738 2826 1794 civili
2859 1739 3134 1794 societate
3185 1739 3485 1806 claudens,
3519 1738 3600 1794 ait
3634 1757 3648 1795 :

2006 1826 2114 1892 Ego
2144 1841 2267 1881 vero
2298 1825 2419 1881 dico
2449 1827 2597 1882 vobis
2636 1846 2654 1882 :
2684 1829 2760 1884 Ne
2804 1829 3003 1896 iuratis
3049 1831 3296 1896 omnino,
3333 1845 3508 1901 neque
3553 1845 3654 1900 per

2007 1913 2220 1982 cwlum,
2269 1915 2402 1986 quia
2450 1916 2680 1971 thronus
2728 1922 2807 1972 est
2859 1917 2997 1978 Dei;
3046 1933 3218 1990 neque
3273 1934 3370 1990 per
3419 1930 3648 1989 terram,

2007 2001 2137 2073 quia
2177 2003 2482 2058 scabellum
2529 2011 2609 2059 est
2649 2005 2853 2075 pedum
2901 2007 3057 2073 eius;
3105 2021 3278 2076 neque
3318 2022 3418 2078 per
3459 2007 3649 2062 Hiero-

2006 2090 2241 2161 solyma,
2291 2093 2422 2162 quia
2467 2092 2667 2148 civitas
2714 2098 2794 2148 est
2841 2096 2988 2162 regis
3018 2093 3295 2165 magni“
3327 2094 3434 2150 Sed
3466 2110 3650 2165 neque

2009 2194 2110 2249 per
2138 2185 2314 2251 caput
2345 2184 2536 2247 tuum,
2569 2180 2749 2250 addit,
2782 2183 2918 2252 quia
2962 2198 3076 2238 non
3119 2188 3282 2254 potes
3331 2183 3650 2254 producere

2008 2285 2076 2324 ex
2107 2285 2174 2323 ea
2203 2267 2480 2340 capillum
2514 2268 2708 2325 album
2731 2279 2828 2325 aut
2851 2270 3104 2343 nigrum.
3131 2270 3338 2342 Caput,
3361 2276 3420 2328 et
3449 2270 3646 2326 Hiero-

2007 2358 2250 2430 solyma,
2300 2363 2357 2414 et
2403 2364 2642 2428 terram,
2689 2365 2746 2415 et
2799 2361 3008 2416 cmlum
3069 2361 3340 2417 sensibus
3409 2365 3464 2417 et
3519 2361 3648 2417 visu

2008 2447 2398 2519 dignoscenda
2428 2447 2523 2504 hic
2567 2454 2873 2518 memorat,
2919 2467 3019 2522 per
3061 2467 3183 2522 qua:
3227 2450 3413 2506 Judaei
3446 2451 3648 2520 jurare

2007 2540 2439 2592 consueverant.
2475 2537 2682 2593 Caveat
2713 2555 2847 2594 vero
2877 2538 2993 2594 sibi
3043 2539 3251 2594 insana
3299 2539 3528 2607 cohors,
3580 2553 3653 2594 ne

2008 2625 2198 2682 denuo
2230 2625 2289 2681 in
2323 2625 2548 2682 fabulas
2578 2630 2634 2682 et
2667 2644 2851 2698 nugas
2880 2633 3078 2700 caput,
3133 2633 3189 2684 et
3233 2627 3650 2699 Hierosolyma,

2009 2719 2066 2770 et
2091 2723 2300 2771 terram
2333 2719 2389 2770 et
2419 2714 2630 2772 ccelum
2662 2721 2980 2773 convertat.
3013 2717 3234 2772 Caelum
3266 2717 3447 2781 enim,
3497 2715 3649 2786 quod

2007 2803 2386 2876 conspicitur,
2420 2809 2476 2860 et
2503 2809 2712 2860 terram
2747 2823 2874 2876 qua:
2906 2805 3243 2876 sentitur,et
3261 2803 3655 2876 Hierosolyma

2011 2893 2214 2947 urbem
2265 2891 2399 2947 olim
2452 2893 2687 2964 quidem
2747 2899 3124 2962 exstructam,
3181 2893 3403 2964 aliquot
3454 2898 3648 2948 autem

238 2980 468 3056 ὕστερον
526 2982 554 3035 6
603 2975 770 3036 Δαϐἰδ
820 2977 1174 3052 ἀνοικοδομεῖ
1216 2979 1308 3034 καὶ
1339 2977 1579 3050 πολίζει”
1611 2985 1780 3036 ταῦτα
1804 2981 1895 3036 τὸν

2009 2981 2240 3036 saeculis
2273 2987 2402 3054 post
2433 2999 2466 3037 a
2515 2982 2730 3038 Davide
2783 2984 3212 3048 remdiﬁcatam,
3268 2999 3335 3038 ea
3384 2981 3651 3052 inquam,

239 3072 338 3144 μὲν
379 3072 576 3145 θρόνον
625 3067 804 3140 καλεῖ,
852 3070 952 3138 τὴν
1013 3065 1071 3123 δὲ
1127 3066 1452 3137 ὑποπόδιον,
1494 3069 1560 3124 τὰ
1613 3066 1672 3125 δὲ
1727 3069 1890 3126 πόλιν

237 3164 338 3215 τοῦ
371 3156 622 3232 μεγάλου
668 3156 958 3233 βασιλέως.
1009 3158 1181 3213 Ποίου
1225 3155 1534 3233 βασιλέως
1575 3158 1733 3222 αὐτὸς
1780 3158 1894 3213 ἑτέ-

235 3251 378 3324 ρῶθι
433 3247 759 3323 σαφέστερον
838 3243 1163 3317 ἐκδιδάσκει,
1233 3248 1323 3316 Μὴ
1391 3253 1622 3314 ποιεῖτε,
1694 3245 1896 3325 λέγων,

233 3341 330 3394 τὸν
391 3339 544 3393 οἶκον
600 3341 698 3392 τοῦ
764 3335 978 3411 Πατρός
1039 3357 1144 3407 μου
1204 3336 1354 3392 οἶκον
1435 3336 1721 3411 ἐμπορίου,
1803 3338 1894 3393 τὸν

231 3424 284 3482 ἒν
335 3423 754 3502 Ἰεροσολύμοις
805 3426 929 3480 ναὸν
975 3429 1073 3481 τοῦ
1123 3425 1334 3502 Πατρός
1387 3426 1544 3480 οἷκον
1589 3427 1894 3499 ἀποσεμνύ-

227 3538 354 3571 νων·
391 3513 469 3570 δι’
499 3515 560 3569 ὃν
587 3514 677 3569 καὶ
726 3515 793 3570 τὰ
838 3512 1196 3588 Ἱεροσόλυμα
1239 3518 1338 3570 106
1389 3513 1662 3589 βασιλέως
1723 3511 1886 3572 πόλιν

231 3604 420 3662 καλεῖ.
470 3606 565 3660 "Ov
614 3605 718 3680 γὰρ
767 3605 819 3659 ἑν
868 3607 937 3678 τῇ
972 3608 1080 3660 τῶν
1137 3603 1314 3680 ὅρκων
1369 3603 1733 3680 ἀπαγορεύσει
1795 3605 1892 3677 μὲ-

235 3717 343 3769 γαν
406 3695 598 3749 ἀνεῖπε
657 3692 904 3769 βασιλέα,
961 3692 1184 3748 ἐνταῦθα
1258 3691 1472 3769 Πατέρα
1537 3691 1676 3749 ξ’διον
1746 3693 1897 3750 ἐθεο-

233 3785 420 3862 λόγει.
494 3786 588 3841 Διὸ
668 3786 756 3840 καὶ
807 3784 936 3846 τοὺς
993 3783 1314 3848 πωλοῦντας
1368 3786 1463 3848 τὰς
1524 3784 1654 3860 βόας
1704 3784 1898 3840 καὶτὰ

233 3873 518 3950 πρόϐατα,
606 3877 696 3930 καὶ
781 3875 876 3937 τὰς
967 3876 1310 3951 περιστερὰς,
1411 3876 1511 3944 τήν
1626 3875 1894 3950 πατρικῆν

233 3965 424 4020 οἰκίαν
495 3971 598 4034 τῆς
679 3963 986 4039 ἐμπορικῆς
1064 3963 1337 4038 καθαίρων
1421 3962 1703 4038 παροινίας
1791 3963 1897 4018 ὰπ-

226 4054 484 4110 ελαύνει⁶
539 4053 631 4109 καὶ
680 4055 778 4123 τήν
826 4051 1039 4109 δικαίαν
1088 4053 1276 4116 αὐτοῖς
1327 4053 1498 4128 ὀργὴν
1535 4051 1770 4108 ἀπειλεῖ·
1805 4054 1896 4107 οἶα

226 4143 300 4214 δή
331 4144 760 4218 καταφρονητὰς
812 4142 984 4218 εὑρὼν
1031 4143 1120 4198 καὶ
1168 4146 1266 4198 106
1317 4147 1579 4217 πατρικοῦ
1613 4141 1765 4198 οἷ’κου
1804 4143 1894 4198 καὶ

225 4241 334 4304 τῆς
389 4238 671 4308 πατρικῆς
719 4229 969 4301 ἐντολῆς.
1029 4231 1211 4306 Χωρὶς
1261 4229 1317 4286 δὲ
1372 4235 1480 4286 τῶν
1563 4231 1892 4306 εἷ’ρημένων,

2007 3070 2302 3137 thronum,
2324 3070 2645 3126 scabellum
2667 3075 2724 3126 et
2753 3071 2957 3128 urbem
2983 3070 3176 3143 magni
3197 3071 3347 3142 regis
3370 3068 3644 3142 appellat.

2005 3159 2186 3231 Cujus
2218 3168 2406 3213 autem
2441 3159 2633 3226 regis?
2661 3159 2744 3215 sic
2776 3159 2902 3231 ipse
2951 3158 3090 3215 alibi
3140 3159 3354 3214 clarius
3402 3158 3602 3213 edocet
3635 3174 3648 3211 :

2005 3250 2080 3305 Ne
2105 3249 2344 3320 faciatis,
2377 3246 2584 3318 inquit,
2617 3247 2835 3303 domum
2878 3250 3061 3303 Patris
3091 3250 3206 3302 mei
3233 3248 3452 3302 domum
3500 3261 3652 3300 nun-

2005 3339 2332 3406 dinationis,
2371 3339 2418 3373 ⁸⁸
2464 3338 2739 3409 templum
2789 3338 3014 3395 scilicet
3062 3337 3648 3408 Hierosolymitanum

2006 3427 2246 3482 domum
2278 3426 2462 3482 Patris
2495 3425 2822 3498 appellans,
2853 3434 3085 3497 propter
3114 3425 3270 3496 quod
3303 3431 3358 3480 et
3379 3423 3648 3479 Hieroso-

2007 3516 2165 3588 lyma
2213 3516 2363 3588 regis
2415 3517 2618 3572 urbem
2669 3519 2853 3572 vocat.
2898 3517 3078 3581 Quem
3113 3514 3268 3570 enim
3301 3513 3359 3568 in
3393 3510 3649 3585 prohibi-

2005 3606 2163 3661 tione
2217 3603 2600 3677 jurisjurandi
2651 3621 2930 3675 magnum
2984 3603 3380 3674 pronuntiavit
3429 3617 3647 3674 regem,

2005 3711 2137 3750 eum
2191 3695 2279 3750 hic
2329 3697 2554 3750 Patrem
2609 3709 2778 3750 suum
2828 3700 2886 3750 et
2931 3694 3106 3749 simul
3159 3695 3338 3748 Deum
3371 3690 3646 3762 appellat.

2009 3785 2138 3840 ldeo
2187 3789 2243 3840 et
2289 3785 2602 3840 vendentes
2652 3784 2824 3840 boves
2875 3787 2930 3839 et
2978 3800 3114 3840 oves
3169 3789 3223 3837 et
3273 3781 3576 3837 columbas
3616 3795 3650 3833 a

2006 3882 2246 3945 paterna
2267 3875 2464 3942 domo,
2482 3873 2763 3944 castigata
2797 3874 3088 3928 mercandi
3125 3872 3453 3941 insolentia,
3474 3878 3649 3943 arcet,

1999 3963 2342 4034 justamque
2371 3961 2488 4016 illis
2518 3961 2665 4015 iram
2698 3961 3108 4027 comminatur,
3141 3976 3289 4030 quos
3338 3959 3560 4015 scilicet
3589 3963 3646 4014 et

2007 4056 2260 4124 paternae
2279 4051 2490 4106 domus
2509 4054 2566 4104 et
2584 4049 2806 4120 paterni
2829 4049 3096 4120 praecepti
3120 4055 3548 4117 contemptores
3562 4045 3642 4100 vi-

2005 4141 2196 4197 debat.
2246 4141 2392 4205 Quid
2444 4145 2722 4210 praeterea
2764 4138 2978 4206 dicent,
3027 4138 3078 4194 si
3119 4138 3370 4208 primum
3404 4135 3641 4208 quidem

2006 4231 2205 4297 David,
2239 4247 2273 4285 a
2301 4229 2519 4301 Spiritu
2547 4233 2746 4285 sancto
2779 4227 3180 4293 actus,deinde
3201 4241 3332 4281 vero
3359 4225 3532 4281 etiam
3554 4223 3644 4279 di-

230 4323 282 4378 εἶ
336 4323 616 4398 πρότερον
666 4321 761 4394 μὲν
821 4320 925 4377 ὑπὸ
971 4324 1068 4376 106
1115 4319 1385 4394 παναγίου
1437 4319 1748 4394 Πνεύματος
1797 4319 1894 4393 ἐμ-

2008 4321 2176 4376 vinus
2199 4319 2414 4375 Paulus
2437 4318 2590 4374 clara
2611 4335 2747 4374 voce
2769 4317 3061 4385 clamavit,
3078 4315 3236 4389 quod
3256 4315 3408 4372 Deus
3431 4332 3462 4370 a
3486 4315 3648 4372 Moee

228 4412 546 4485 πνεόμενος
593 4411 622 4464 6
673 4405 861 4481 Aa6i6,
909 4408 1130 4486 ὕστερον
1181 4407 1237 4464 δὲ
1281 4411 1368 4464 καὶ
1413 4410 1441 4464 6
1490 4411 1635 4471 θεῖος
1685 4407 1901 4474 Παῦλος

229 4501 478 4576 λαμπρᾷ
539 4496 859 4576 ὂιακὲκραγε
912 4502 980 4572 τῇ
1041 4503 1218 4573 φωνῇ’
1281 4499 1354 4561 ὡς
1412 4499 1440 4554 6
1493 4499 1896 4575 κηρυττόμενος

227 4591 340 4646 ὑπὸ
395 4589 646 4650 Μωσέως
693 4589 846 4658 Θεὸς,
901 4589 1038 4664 πρὸς
1095 4589 1184 4644 τὸν
1235 4587 1429 4664 Κύριον
1477 4590 1638 4662 ἡμῶν
1686 4590 1892 4659 Ἰησοῦν

221 4679 472 4754 Χριστὸν
505 4676 682 4753 λέγει.
713 4681 800 4750 Τῷ
830 4680 1048 4753 Σωτῆρι
1077 4677 1178 4753 γὰρ
1224 4676 1386 4749 ἡμῶν
1420 4678 1448 4732 6
1499 4676 1714 4740 Παῦλος
1760 4678 1896 4751 πρὸς

229 4765 555 4828 Ἰουδαίους
607 4765 851 4842 γράφων,
917 4765 1016 4835 τήν
1072 4766 1354 4841 πατρικήν
1398 4766 1624 4840 ἁρμόζει
1682 4766 1891 4842 φωνὴν,

229 4859 334 4926 τήν
381 4853 478 4911 διὰ
509 4859 611 4910 τοῦ
643 4849 810 4910 Δαϐὶδ
848 4856 1332 4934 προφητευθεῖσαν.
1381 4854 1506 4917 Υἱός
1555 4875 1657 4928 μον
1707 4855 1760 4910 εἴ
1804 4854 1892 4925 σὺ,

308 5017 360 5056 ⁴⁷
393 5017 612 5076 Matth.
643 5033 700 5087 ν,
730 5016 820 5074 34.
897 5015 942 5053 ⁴⁸
963 5020 1131 5074 Joan.
1164 5033 1229 5088 ιι,
1263 5018 1349 5074 16.
1428 5015 1474 5054 ⁴⁹
1500 5016 1672 5076 Hebr.
1701 5033 1743 5090 ι,
1773 5017 1830 5072 5.

2011 4409 2354 4480 praedicatus
2379 4409 2447 4464 ad
2470 4409 2787 4464 Dominum
2819 4413 3088 4464 nostrum
3119 4407 3322 4464 Jesum
3353 4405 3644 4462 Christum

2009 4499 2201 4572 inquit
2234 4515 2247 4554 :
2277 4499 2345 4554 ad
2377 4498 2742 4554 Servatorem
2775 4498 2925 4553 enim
2971 4502 3234 4553 nostrum
3284 4494 3524 4555 Paulus,
3574 4494 3645 4550 ad

2007 4587 2278 4644 Hebraeos
2305 4587 2590 4656 scribens,
2625 4586 2810 4642 Patris
2850 4589 3251 4642 accommodat
3294 4599 3492 4640 vocem
3548 4597 3648 4652 per

2006 4676 2278 4733 Davidem
2300 4675 2746 4748 prmnuntiatam
2774 4691 2787 4730 :
2812 4675 2986 4730 Filius
3001 4691 3151 4731 meus
3181 4689 3238 4730 es
3259 4679 3339 4741 tu,
3364 4688 3462 4742 ego
3482 4671 3646 4727 hodie

2003 4767 2171 4838 genui
2198 4770 2268 4821 te.
2302 4767 2636 4836 Iterumque
2669 4761 2809 4818 alibi
2843 4780 2856 4818 :
2892 4765 2997 4834 Ego
3026 4778 3118 4818 ero
3151 4761 3254 4817 tibi
3279 4761 3340 4817 in
3389 4762 3644 4828 Patrem,

2005 4860 2056 4912 et
2081 4855 2198 4927 ipse
2225 4853 2334 4911 erit
2364 4852 2507 4908 mihi
2546 4853 2606 4908 in
2652 4849 2919 4923 ﬁlium”.
2968 4853 3113 4907 Item
3165 4867 3178 4905 :
3230 4851 3296 4907 Et
3341 4851 3653 4907 adorabunt

1423 5198 1661 5258 VARI/ﬁ
1701 5195 2090 5257 LECTIONES
2129 5195 2219 5254 ET
2256 5191 2489 5253 NOTAE.

313 5355 684 5444 (5)-’ῐζνλπὲχειε
717 5357 1050 5444 Legen’dum
1083 5356 1280 5440 fuerit,
1317 5357 1372 5413 vi
1403 5357 1897 5444 .constructionis,

241 5426 612 5501 ἱπέχόντωνζ
629 5429 743 5485 nisi
769 5426 857 5499 τό,
889 5426 970 5483 ἔτι
1003 5431 1263 5501 proxime
1298 5429 1726 5501 antecedens,‘
1746 5431 1899 5499 quod

241 5496 586 5561 hic’locum'
606 5517 724 5558 non
747 5496 1062 5557 admodum
1085 5500 1236 5557 tueri
1257 5499 1636 5568 videtur,cum
1685 5496 1726 5552 ἅ
1765 5496 1903 5570 per-

245 5575 611 5632 mutandum
644 5587 906 5630 censeas.

311 5649 399 5719 (6)
451 5647 659 5719 ,Ὅρκον
699 5643 1018 5719 -τεοιεῖσθαμ
1083 5644 1160 5700 De
1216 5641 1309 5700 his
1364 5642 1610 5719 aliisque
1656 5640 1902 5719 jurandi

239 5712 546 5788 (crinalis,
560 5714 719 5788 apud
738 5714 976 5774 Iudaeos
1000 5719 1138 5771 tunc
1162 5717 1427 5788 receptis,
1445 5712 1570 5788 lege
1593 5712 1743 5787 po'sl,
1766 5712 1900 5770 Joh.

572 5815 840 5880 ΡΑτιοι..
888 5814 999 5877 Gn.
1045 5814 1172 5877 CII.

2012 5353 2364 5424 Lightl‘otum
2398 5353 2466 5407 ad
2493 5346 2966 5424 Αἰθίοπι-Μαιηιωί
2999 5347 3216 5424 locum,
3267 5347 3651 5424 Buxtorﬁum,

2013 5419 2300 5480 in‘Lexico
2331 5422 2653 5488 Rabbinico,
2687 5420 2784 5476 fol.
2812 5420 2988 5484 23M;
3020 5419 3359 5482 Seldenum,
3385 5420 3458 5474 De
3498 5434 3656 5489 syne-

2011 5496 2152 5551 driis
2177 5497 2339 5550 Hebr.
2375 5511 2438 5559 ιι,
2474 5495 2560 5558 11,
2591 5494 2625 5564 §
2680 5495 2752 5557 7;
2803 5497 2859 5546 et
2907 5491 3176 5564 inprimis
3219 5493 3306 5547 Jo.
3354 5490 3656 5564 Friederic.

2015 5565 2313 5634 Miegium,
2348 5567 2404 5621 in
2436 5561 2702 5621 Notis'ad
2737 5561 3113 5620 Maimonidis
3171 5567 3334 5620 tract.
3381 5562 3456 5618 De
3503 5562 3661 5626 iura-

2015 5637 2234 5707 mentis,
2269 5655 2324 5710 p.
2362 5638 2482 5708 £22,
2517 5651 2681 5709 seqq.

3307 5810 3342 5864 ι
