4074 6208
400 411 513 471 107

1610 406 1880 468 ΡΗΟΤΙΙ
1921 403 2447 467 PATRIARCHE
2488 403 2607 464 CP.

3678 403 3799 462 108

394 544 574 613 ipsum
618 554 802 597 omnes
856 538 1052 609 Angeli
1102 537 1198 595 Dei
1240 536 1308 597 ⁸ο.
1360 538 1473 595 Et:
1522 537 1764 596 Thronus
1810 542 1958 607 tuus,
2002 553 2034 595 ο

2153 534 2257 610 ἐγὼ
2302 536 2544 610 σήμερον
2590 533 2887 613 γεγέννηκά
2933 553 3010 590 σε.
3060 533 3166 590 Καὶ
3220 529 3410 589 πάλιν.
3471 532 3613 607 Ἐγὼ
3670 530 3792 588 ἔσο-

395 632 552 701 Deus,
581 642 660 689 est
686 630 748 685 in
776 628 1045 685 saccutum
1074 628 1272 686 saeculi
1299 644 1319 684 :
1350 633 1617 701 sceptrum
1667 630 1826 700 regni
1864 626 1945 684 tui
1965 626 2033 682 ⁸⁸.

390 719 565 775 Porro
610 718 936 791 (attendite,
984 716 1166 786 surdi,
1215 720 1274 773 et
1323 717 1534 786 videte,
1593 717 1815 787 omnii),
1873 716 2037 773 addit

389 806 547 863 enim
568 823 583 863 :
611 809 690 863 Tu
718 820 849 863 vero
870 823 904 861 a
920 804 1494 878 principio,Domine,
1512 814 1724 863 terram
1741 804 2030 877 fundasti,

387 904 440 953 et
465 912 638 966 opera
663 912 934 952 manuum
961 904 1182 952 tuarum
1215 903 1343 952 sunt
1370 895 1515 952 caeli.
1546 895 1642 953 Illi
1668 894 1944 967 peribunt,
1975 904 2035 950 tu

391 1001 513 1043 vero
540 985 908 1060 permanebis.
935 986 996 1042 Et
1024 1001 1214 1042 omnes
1244 987 1424 1042 instar
1451 986 1726 1043 involucri
1752 986 2033 1043 convolve:

386 1092 495 1149 eos,
537 1082 589 1133 et
630 1075 1091 1133 immntabuntur.
1156 1077 1229 1132 Tu
1278 1092 1406 1133 vero
1450 1076 1597 1134 idem
1651 1092 1726 1147 es,
1785 1082 1838 1133 et
1892 1074 2035 1132 anni

388 1169 476 1223 tui
502 1180 614 1223 non
644 1166 908 1236 deﬁcient
926 1164 994 1221 ⁸⁸.
1025 1166 1183 1232 Quod
1210 1165 1259 1221 si
1284 1165 1397 1222 ista
1419 1166 1477 1222 in
1503 1165 1721 1239 Spiritu
1748 1165 2033 1239 praedixit,

390 1255 490 1327 qui
522 1254 626 1311 Dei
655 1256 823 1311 Pater
842 1258 952 1324 est,
974 1252 1179 1325 David,
1211 1253 1542 1327 obsignavit
1581 1262 1770 1311 autem
1805 1253 2035 1311 areanis

388 1341 571 1401 sacris
599 1342 864 1399 initiatus
892 1350 945 1399 et
974 1341 1216 1398 initians
1241 1341 1386 1399 alios
1415 1343 1658 1413 Paulus,
1687 1342 1841 1414 quod
1872 1340 2033 1399 scili-

389 1437 480 1490 cet
509 1431 737 1490 Veteris
770 1431 1124 1490 Testamenti
1167 1435 1315 1489 Deus
1364 1432 1521 1490 idem
1568 1436 1660 1490 est
1704 1436 1764 1488 et
1804 1428 2036 1487 Domini

388 1520 573 1578 nostri
596 1520 737 1578 Jesu
759 1520 977 1577 Christi
996 1519 1177 1590 ﬁlius,
1201 1520 1476 1593 idemque
1497 1520 1781 1578 thronum
1802 1519 1896 1577 sui
1928 1536 2035 1575 na-

387 1617 518 1667 tura
548 1609 654 1667 ﬁlii
683 1611 744 1667 in
775 1610 1052 1668 saeculum
1078 1608 1274 1667 saeculi
1298 1610 1633 1678 ﬁrmavit,et
1650 1610 1916 1667 omnium
1937 1624 2035 1665 an-

387 1699 652 1774 gelorum
683 1700 919 1757 ordines
951 1698 1244 1773 progeniei
1268 1715 1384 1757 suae
1410 1700 1748 1758 adoratores
1771 1704 1827 1755 et
1849 1698 2038 1755 famu-

386 1788 476 1846 los
504 1788 829 1859 constituit,
861 1789 981 1846 imo
1011 1787 1112 1862 qui
1142 1788 1320 1859 idem,
1353 1794 1412 1846 et
1442 1805 1558 1845 non
1591 1789 1762 1856 alius,
1817 1791 2035 1844 terram

2151 645 2248 697 μαι
2306 623 2455 696 αὐτῷ
2509 622 2586 685 εἷς
2645 620 2876 699 Πατέρα,
2935 622 3026 678 καὶ
3085 620 3245 684 αὐτὸς
3303 619 3450 677 ἔσται
3528 642 3625 696 μοι
3716 622 3799 685 εἰς

2144 713 2286 770 Υἱὸν.
2383 713 2481 767 Καὶ
2573 709 2762 772 πάλιν.
2844 712 2944 768 Καὶ
3026 711 3551 786 προσκύνησάτωσαν
3639 711 3794 785 αὖτῷ

2139 804 2336 867 πάντες
2388 800 2619 878 ἄγγελοι
2693 805 2847 858 Θεοῦ.
2930 799 3052 859 Καί.
3127 802 3193 857 Ὀ
3276 801 3469 876 θρόνος
3554 822 3675 871 σου,
3762 802 3794 857 6

2141 892 2295 963 Θεὸς,
2354 890 2429 953 εἰς
2481 891 2573 948 τὸν
2621 891 2794 946 αἰῶνα
2849 893 2945 947 τοῦ
3001 889 3223 953 αἲῶνος*
3268 885 3469 966 ῥάϐδος
3523 897 3623 961 τῆς
3685 891 3798 967 βα-

2142 979 2350 1042 σιλείας
2381 1001 2496 1036 σου.
2529 981 2660 1037 Εἶτα
2687 978 2975 1049 ἀκούσατε,
3015 979 3068 1035 οἱ
3106 977 3307 1057 κωφοὶ,
3339 979 3431 1034 καὶ
3463 980 3514 1034 o't
3562 978 3791 1055 τυιρλοὶ,

2140 1065 2527 1145 ἀναϐλέψατει
2577 1067 2764 1145 ἐπάγει
2820 1068 2944 1145 γὰρ,
2995 1068 3095 1123 Καὶ
3143 1067 3207 1123 σὺ
3249 1067 3366 1123 κατ’
3416 1067 3618 1147 ἀρχὰς,
3687 1068 3792 1124 Κύ-

2142 1181 2248 1238 ριε,
2302 1162 2404 1231 τήν
2470 1167 2574 1236 γῆν
2640 1157 3032 1234 ἐθεμελίωσας,
3089 1158 3181 1214 καὶ
3237 1153 3366 1235 ἔργα
3416 1163 3526 1215 τῶν
3581 1163 3788 1236 χειρῶν

2143 1254 2240 1308 σού
2307 1250 2440 1307 εἰσιν
2499 1253 2551 1307 oi
2608 1250 2845 1328 οὐρανοί.
2904 1249 3070 1307 Δύτοὶ
3135 1247 3497 1322 ἀπολοῦνται,
3582 1250 3644 1306 σὺ
3731 1248 3796 1307 δὲ

2145 1338 2434 1415 διαμένεις.
2496 1341 2599 1398 Καὶ
2648 1341 2846 1402 πάντες
2904 1340 2978 1401 ὡς
3060 1339 3283 1412 ἱμάτιον
3366 1338 3794 1411 παλαιωθήσον-

2140 1450 2249 1501 ται,
2312 1429 2403 1485 καὶ
2468 1429 2598 1485 ὡσεὶ
2663 1425 3023 1504 περιϐόλαιον
3108 1425 3307 1500 ἑλίξεις
3390 1425 3609 1499 αὐτοὺς,
3692 1427 3791 1485 καὶ

2141 1516 2575 1593 ἀλλαγήσονται.
2634 1516 2712 1574 Σὺ
2769 1515 2828 1573 δὲ
2884 1518 2912 1572 6
2962 1515 3125 1579 αὐτὸς
3175 1516 3241 1586 εἴ,
3290 1515 3382 1572 καὶ
3438 1516 3505 1573 τά
3551 1512 3644 1590 ἔτη
3684 1538 3786 1574 σου

2142 1606 2243 1663 οὐκ
2294 1604 2662 1681 ἐκλείψουσιν.
2723 1606 2785 1662 Εἰ
2842 1609 3012 1663 ταῦτα
3067 1610 3301 1681 προεῖπε
3361 1606 3456 1679 μὲν
3512 1604 3563 1661 ἐν
3621 1606 3784 1663 πνεύ-

2146 1717 2276 1771 ματι
2332 1697 2361 1752 6
2411 1694 2693 1766 θεοπάτωρ
2746 1690 2935 1765 Δαϐἰδ,
2995 1693 3349 1772 ἱπεσφράγισε
3423 1691 3477 1750 δὲ
3557 1694 3586 1750 6
3666 1698 3781 1751 τῶν

2143 1784 2395 1862 ἁῤῥήτων
2432 1783 2642 1858 μύστης
2670 1783 2761 1839 καὶ
2797 1783 3170 1861 μυσταγωγὸς,
3202 1783 3278 1845 ὡς
3322 1784 3352 1840 6
3398 1790 3494 1854 τῆς
3537 1780 3778 1846 παλαιᾶς

388 1880 668 1948 fundavit,
693 1888 747 1935 et
768 1879 940 1950 cujus
974 1895 1253 1936 manuum
1281 1895 1457 1951 opera
1487 1878 1616 1934 coeli
1637 1885 1809 1947 sunt;
1842 1893 2034 1933 nonne

2153 1875 2460 1947 νομοθεσίας
2502 1873 2632 1934 Θεὸς
2662 1871 2820 1935 αὐτὸς
2862 1873 2959 1945 μὲν
2989 1871 3132 1928 ἐστιν
3164 1872 3193 1927 ὁ
3231 1876 3330 1927 τοῦ
3374 1872 3571 1947 Κυρίου
3617 1873 3785 1944 ἡμῶν

386 1984 623 2026 omnem
654 1967 1011 2041 impietatem
1035 1968 1094 2023 in
1125 1967 1258 2024 sinu
1288 1967 1642 2023 reconditam
1675 1965 2028 2037 habent,qui

386 2059 569 2115 alium
600 2056 835 2130 quidem
871 2056 1098 2113 Patrem
1128 2056 1361 2113 Domini
1402 2055 1583 2112 nostri
1621 2054 1762 2110 Jesu
1792 2054 2028 2119 Christi.

386 2147 567 2203 alium
598 2162 731 2202 vero
760 2144 888 2203 coeli
920 2150 977 2202 et
1004 2150 1167 2202 terras
1189 2144 1549 2202 conditorem
1567 2143 2031 2217 ﬁngunt,condi-

387 2238 499 2293 tori
532 2241 831 2292 creaturas
856 2250 995 2291 suas
1022 2234 1368 2304 auferentes,
1401 2235 1757 2305 easdemque
1783 2233 2038 2290 zizanio-

388 2341 520 2383 rum
552 2324 732 2381 satori
762 2324 1126 2381 vindicantes
1148 2323 1177 2378 ?
1212 2325 1320 2380 Pro
1369 2340 1486 2396 quo
1531 2330 1688 2380 certe
1737 2323 2035 2379 interitum

390 2415 537 2486 ipsis
567 2413 866 2479 retribuet,
899 2417 965 2468 ut
995 2414 1054 2468 in
1087 2428 1342 2484 pmnam,
1381 2428 1509 2482 qua:
1548 2410 1635 2467 illi
1682 2415 1883 2482 parata
1926 2414 2035 2479 est,

392 2519 528 2560 cum
560 2502 690 2574 ipso
720 2502 1031 2556 ducantur.
1064 2499 1292 2556 Similia
1320 2499 1493 2555 dictis
1518 2498 1579 2555 in
1608 2498 1763 2555 Actis
1792 2499 2038 2556 atterens

395 2589 632 2645 divinus
664 2588 872 2655 Lucas,
906 2588 1188 2659 (quamvis
1220 2587 1471 2644 maxime
1503 2587 1714 2644 horum
1747 2592 2042 2661 apostata-

396 2693 525 2735 rum
549 2694 681 2748 pars
703 2676 859 2733 dicta
891 2677 1018 2747 ejus
1050 2693 1167 2733 non
1203 2677 1487 2750 recipiat),
1516 2678 1679 2734 Isaia
1707 2678 1926 2735 scilicet
1952 2676 2038 2734 vel

399 2765 597 2839 potius
627 2765 900 2837 Stephani
929 2763 1133 2839 lingua
1169 2781 1333 2835 usus,
1383 2766 1613 2839 egregie
1659 2783 1762 2839 per
1806 2766 2045 2823 Judaeos

405 2872 508 2914 ora
534 2853 650 2912 illis
666 2857 922 2911 obturat.
954 2853 1008 2910 Is
1030 2854 1210 2924 enim,
1241 2872 1372 2911 cum
1407 2855 1634 2926 primus
1664 2871 1934 2912 coronam
1961 2856 2048 2911 vi-

404 2944 641 3003 ctricem
674 2950 1046 3015 reportasset,
1067 2945 1127 2999 in
1148 2961 1251 3000 sua
1271 2943 1605 3001 Judmorum
1628 2945 2047 3012 confutatione,

403 3035 556 3091 inter
575 3044 775 3091 caetera
798 3035 1379 3106 argumenta,quibus
1403 3033 1826 3106 impudentiam
1848 3050 2047 3089 eorum

406 3124 735 3191 confundit,
758 3127 985 3180 Patrem
1019 3123 1248 3179 Domini
1283 3125 1461 3180 nostri
1489 3123 1622 3180 Jesu
1647 3124 1853 3179 Chriin
1879 3126 2052 3179 intro-

2138 1967 2321 2034 Ἰησοῦ
2369 1965 2602 2035 Χριστοῦ
2649 1962 2837 2034 Πατήρ
2889 1981 2902 1994 ⁸
2944 1960 3104 2023 αὐτὸς
3160 1958 3217 2017 δέ
3273 1959 3415 2016 ἐστιν
3457 1962 3487 2016 6
3544 1961 3631 2015 καὶ
3694 1961 3788 2016 τὸν

2141 2050 2330 2127 θρόνον
2376 2054 2474 2105 τοῦ
2524 2049 2677 2129 φύσει
2725 2046 2919 2113 παιδὸς
2948 2053 3025 2125 (7)
3074 2049 3151 2113 είς
3197 2051 3289 2105 τὸν
3327 2050 3496 2105 αἲῶνα
3522 2053 3619 2105 τοῦ
3648 2050 3789 2105 αἰῶ-

2139 2161 2251 2208 νος,
2308 2136 2670 2215 ὲδρασάμενος
2705 2157 2721 2173 ο
2776 2139 2867 2194 καὶ
2922 2144 3031 2195 τῶν
3102 2137 3353 2216 ἀγγέλων
3416 2141 3634 2197 πάντων
3721 2140 3791 2195 τά

2141 2229 2395 2304 τάγματα
2452 2228 2804 2304 προσκυνητὰ
2871 2229 2962 2284 καὶ
3050 2226 3221 2285 δοῦλα
3299 2229 3622 2300 πεποιηκὼς
3697 2232 3805 2284 τοῦ

2144 2319 2504 2393 γεννήματος·
2562 2317 2590 2371 6
2637 2316 2795 2381 αὐτὸς
2854 2314 2912 2373 δὲ
2950 2317 3041 2373 καὶ
3092 2318 3192 2374 οὐκ
3237 2315 3411 2381 ἄλλος
3456 2320 3562 2389 τήν
3610 2338 3669 2374 τε
3699 2322 3807 2395 γῆν

2146 2403 2500 2478 ἐθεμελίωσε,
2561 2404 2653 2460 καὶ
2701 2403 2831 2483 ἔργα
2885 2411 2994 2461 τῶν
3053 2412 3257 2483 χειρῶν
3324 2406 3490 2462 αὐτοῦ
3556 2406 3690 2462 εἰσιν
3751 2406 3808 2462 οἳ

2147 2492 2395 2569 ούρανοί’
2465 2497 2586 2557 πῶς
2652 2493 2718 2549 ού
2785 2499 2965 2551 πᾶσαν
3024 2490 3270 2552 ἀσέϐειαν
3346 2493 3811 2571 ἆποκρύπτουσιν,

2151 2585 2203 2640 οἱ
2236 2583 2409 2641 ἄλλον
2447 2585 2547 2659 μὲν
2578 2586 2672 2641 τὸν
2702 2585 2913 2660 Πατέρα
2941 2583 3195 2662 λέγοντες
3243 2590 3346 2641 τοῦ
3405 2586 3603 2663 Κυρίου
3648 2588 3818 2660 ἡμῶν

2152 2676 2336 2745 Ἰησοῦ
2388 2678 2648 2750 Χριστοῦ,
2699 2672 2874 2730 ἄλλον
2929 2671 2987 2730 δὲ
3034 2676 3128 2729 τὸν
3181 2672 3664 2749 δημιουργήσαντα
3717 2674 3815 2730 τὸν

2155 2762 2382 2841 οὐρανὸν
2436 2765 2532 2819 καὶ
2583 2765 2684 2834 τὴν
2741 2771 2870 2841 γῆν,
2921 2764 3274 2843 ἀφαιροῦντες
3320 2765 3415 2839 μὲν
3459 2768 3555 2820 τοῦ
3580 2763 3815 2821 Κυίστου

2154 2854 2222 2909 τὰ
2286 2854 2588 2927 κτίσματα,
2646 2853 2901 2927 νέμοντες
2952 2852 3010 2908 δὲ
3064 2859 3235 2910 ταῦτα
3290 2858 3369 2925 τῷ
3434 2859 3627 2929 σπορεῖ
3698 2858 3813 2909 τῶν

2159 2943 2432 3015 ζιζανίων,
2484 2942 2564 3023 ἐφ’
2609 2943 2655 3016 ᾧ
2699 2944 2798 3012 τὴν
2854 2941 3129 2999 ἀπώλειαν
3180 2942 3365 3005 αὐτοῖς
3406 2944 3815 3018 ἀνταμείψεται,

2156 3032 2247 3088 καὶ
2294 3033 2396 3100 τήν
2446 3033 2860 3106 ἡτοιμασμένην
2915 3031 3063 3104 αὐτῷ
3109 3031 3382 3107 τιμωρίαν
3440 3053 3817 3111 συμμεταγον-

2159 3142 2271 3178 ται.
2323 3122 2398 3177 Τά
2442 3119 2533 3176 ἴσα
2581 3119 2640 3177 δὲ
2686 3127 2805 3184 τοῖς
2853 3121 3161 3197 εἰρημένοις
3224 3120 3320 3177 κάν
3372 3127 3493 3184 ταῖς
3552 3123 3814 3195 Πράξεσιν

406 3214 570 3271 ducit
588 3185 935 3270 clamantem
957 3218 1015 3269 et
1035 3214 1326 3271 dicentem
1361 3233 1374 3266 :
1419 3213 1631 3270 Caelum
1660 3213 1801 3269 mihi
1824 3212 2044 3270 thronm

2163 3211 2191 3265 6
2223 3210 2367 3276 θεῖος
2399 3215 2631 3281 Λουκᾶς,
2673 3209 2718 3265 εἰ
2771 3209 2862 3265 καὶ
2905 3185 2994 3264 ιτὸπ
3026 3209 3280 3266 πλεῖστον
3331 3217 3431 3280 τῆς
3477 3185 3813 3274 ἀποστασίας

406 3308 507 3373 est,
537 3307 589 3360 et
626 3307 769 3360 terra
802 3302 1102 3360 scabellum
1129 3302 1327 3374 pedum
1354 3304 1805 3373 meorum.Qnam
1832 3304 2055 3359 domum

407 3391 753 3462 aediﬁcabat:
778 3391 941 3459 mihi,
973 3394 1053 3447 nit
1082 3393 1349 3448 Dominus
1367 3392 1432 3448 ⁸⁸.
1483 3393 1550 3448 Et
1592 3409 1719 3462 quin
1768 3391 1828 3448 in
1867 3392 2056 3447 Evan-

409 3479 578 3554 geliis
609 3480 873 3535 Servator
902 3480 1049 3535 dixit
1076 3480 1147 3535 de
1176 3480 1643 3546 Patre,thronum
1667 3480 1902 3551 quidem
1924 3480 2054 3550 ejus

411 3567 645 3635 caelum,
678 3566 996 3624 scabellum
1030 3583 1162 3624 vero
1192 3572 1431 3635 terram,
1462 3571 1520 3624 et
1543 3567 1748 3624 urbem
1769 3567 1898 3639 ejus
1922 3567 2051 3624 Hie-

410 3654 701 3729 rosolyma
749 3670 985 3727 vocans,
1034 3656 1237 3711 eadem
1288 3659 1534 3713 testatus
1579 3655 1804 3729 primus
1837 3663 2057 3729 martyr

410 3744 573 3801 Isaias
619 3743 809 3800 verbis
859 3742 1087 3799 Patrem
1135 3742 1451 3801 introducit
1497 3745 1700 3801 eadem
1745 3743 2052 3802 dicentem.

409 3833 565 3890 Alibi
594 3849 825 3905 quoque
855 3833 1058 3889 iterum
1090 3832 1373 3899 Servator,
1417 3833 1906 3907 vaniloquentiam
1946 3835 2056 3907 ju-

411 3922 670 3980 rantium
702 3922 1030 3995 reprimens
1060 3926 1118 3980 et
1146 3921 1425 3980 cohibens
1445 3925 1709 3981 eamdem
1728 3926 2053 3982 doctrinam

411 4012 827 4072 astruit.Stulti
852 4011 1023 4081 enim,
1058 4013 1155 4077 ait,
1187 4019 1238 4070 et
1267 4013 1418 4082 caeci,
1449 4016 1571 4087 quis
1591 4017 1771 4089 major
1798 4020 1879 4072 est
1897 4019 1924 4070 .9
1950 4032 2054 4072 au-

409 4120 631 4175 rumne,
663 4121 740 4160 an
772 4104 1063 4177 templum,
1095 4104 1237 4177 quod
1264 4104 1571 4175 sanctiﬁcat
1604 4122 1806 4161 aurum
1835 4104 1922 4161 5‘?
1943 4105 2055 4161 Ita-

413 4209 522 4265 que
551 4191 840 4265 templum
871 4192 1081 4249 veteris
1113 4194 1485 4249 instrumenti
1518 4210 1633 4248 non
1676 4194 1868 4249 solum
1916 4210 2057 4249 san-

412 4286 573 4336 ctum
602 4286 744 4348 erat,
769 4280 870 4336 sed
892 4283 950 4336 et
979 4280 1384 4336 sanctiﬁcandi
1414 4281 1470 4334 vi
1503 4280 1777 4352 pollebat.
1800 4284 2012 4336 Iterum
2037 4297 2051 4335 :

415 4368 608 4425 Utrum
635 4369 815 4435 maius
843 4377 923 4424 est
942 4370 968 4421 ?
995 4368 1294 4437 douumrw,
1339 4385 1411 4423 an
1441 4368 1646 4437 altare,
1694 4368 2056 4439 sanctiﬁcans

413 4456 669 4514 donum!
714 4455 819 4512 Ubi
869 4457 1086 4512 diserte
1136 4457 1415 4522 ostendit,
1464 4461 1523 4512 et
1562 4456 1742 4512 altare
1782 4462 2050 4514 sanctum

415 4547 622 4614 fuisse,
652 4550 712 4602 et
742 4561 869 4617 quae
901 4544 961 4600 in
987 4561 1053 4600 eo
1084 4544 1493 4613 offerebantur,
1541 4553 1743 4603 sancta
1773 4546 2055 4603 effecisse.

411 4635 482 4692 Et
540 4640 673 4708 post
718 4649 944 4707 pauca:
992 4638 1060 4691 Et
1098 4635 1198 4706 qui
1232 4635 1412 4705 jurat,
1454 4635 1666 4707 inquit,
1715 4653 1814 4709 per
1856 4637 2054 4693 emtum

410 4725 617 4796 (aperi,
642 4724 837 4791 homo,
870 4739 1070 4780 aurem
1104 4740 1279 4797 quam
1306 4724 1377 4779 ad
1399 4724 1758 4783 audiendum
1779 4726 2055 4784 formavit

409 4813 1242 4886 Deus,transi'ormavitautem
1267 4815 1315 4870 is
1339 4814 1592 4887 quivere
1624 4817 1817 4873 malus
1848 4822 1957 4887 est,
1990 4824 2055 4875 ut

409 4905 623 4961 surdus
652 4919 810 4961 esses
836 4921 850 4971 ;
881 4903 1037 4972 audi,
1072 4905 1342 4977 inquam)
1375 4920 1390 4960 :
1418 4904 1524 4973 Qui
1544 4906 1931 4978 iurat,inquit,
1951 4924 2054 4978 per

407 4995 621 5064 caelum,
644 4994 807 5066 jurat
829 5009 935 5066 per
962 4993 1223 5051 thronum
1264 4995 1363 5052 Dei
1389 5000 1445 5051 et
1471 5009 1572 5067 per
1615 5012 1742 5052 eum
1777 4997 1877 5069 qui
1904 4996 2052 5054 sedet

2161 3300 2339 3355 αὐτῶν
2385 3299 2480 3362 τάς
2529 3297 2738 3354 ἐκείνου
2784 3298 2964 3377 φωνὰς
3012 3298 3074 3354 ού
3123 3298 3430 3375 προσίεται·
3484 3298 3637 3373 ὅμως
3669 3297 3816 3355 ἐκεῖ·

2159 3408 2252 3451 νος
2299 3391 2368 3462 τῇ
2414 3386 2636 3444 Ἡσαΐου
2685 3391 2863 3467 φωνῇ,
2914 3386 3129 3463 μᾶλλον
3181 3386 3239 3444 δὲ
3284 3392 3352 3464 τῇ
3398 3393 3495 3444 τοῦ
3535 3390 3815 3468 Στεφᾶνου

2166 3473 2517 3552 κεχρημένος
2548 3476 2800 3554 γλώσσῃ,
2834 3476 3105 3553 λαμπρῶς
3136 3478 3317 3533 αὐτων
3348 3475 3439 3533 διὰ
3487 3476 3655 3553 μέσου
3701 3484 3815 3534 τῶν

2166 3562 2443 3624 Ἰουδαίων
2505 3566 2797 3646 ἐμφράττει
2850 3572 2917 3623 τά
2961 3568 3225 3643 στόματαο
3281 3569 3439 3633 οὗτος
3478 3571 3581 3646 γὰρ
3641 3572 3669 3626 6
3720 3571 3821 3628 τὸν

2162 3651 2530 3733 ἆθλοφορικὸν
2580 3659 2799 3722 πρῶτος
2842 3654 3249 3731 ἀναδησάμενος
3299 3656 3576 3733 στέφανον,
3625 3659 3677 3714 ἐν
3733 3665 3823 3734 τῷ

2162 3744 2298 3819 πρὸς
2348 3741 2477 3807 τοὺς
2527 3741 2820 3807 Ἰουδαίους
2860 3744 3095 3822 ἐλέγχῳ,
3156 3744 3354 3809 ἄλλοις
3409 3769 3469 3804 τε
3520 3745 3822 3826 ἐπιχειρή-

2166 3855 2293 3908 μασι
2351 3833 2417 3889 τὸ
2482 3833 2844 3909 ἀναίσχυντον
2899 3834 3076 3891 αὐτῶν
3144 3836 3522 3914 καταισχύνων
3607 3838 3821 3914 εἰσάγει

2163 3923 2250 3978 καὶ
2309 3922 2401 3977 τὸν
2460 3926 2671 3998 Πατέρα
2726 3928 2827 3979 τοῦ
2884 3925 3083 4001 Κυρίου
3138 3927 3301 4000 ἡμῶν
3352 3927 3535 3996 Ἰησοῦ
3575 3930 3823 3999 Χριστοῦ

2165 4009 2553 4089 διακεκραγότα
2601 4011 2691 4067 καὶ
2750 4009 2993 4089 λέγοντα·
3043 4016 3107 4072 Ὁ
3162 4014 3391 4090 οὐρανός
3453 4035 3547 4089 μοι
3595 4015 3821 4091 θρόνος⁹

2162 4102 2198 4170 ἡ
2257 4099 2313 4156 δὲ
2355 4106 2425 4175 γῆ
2487 4098 2785 4157 ὑποπόδιον
2837 4106 2947 4157 τῶν
3004 4100 3187 4159 ποδῶν
3247 4124 3373 4178 μου*
3431 4110 3588 4161 ποῖον
3642 4104 3819 4163 οἶκον

2164 4186 2558 4262 οἰκοδομήσετέ
2610 4211 2728 4264 μοι,
2779 4188 2924 4268 λέγει
2974 4191 3212 4268 Κύριος;
3272 4193 3372 4249 Καὶ
3420 4196 3555 4265 ἅπερ
3601 4193 3655 4251 ἐν
3693 4201 3825 4259 τοῖς

2166 4279 2527 4356 Εύαγγελίοις
2558 4282 2586 4336 ὁ
2618 4283 2818 4359 Σωτήρ
2876 4280 2977 4363 ἔφη
3028 4286 3151 4360 περὶ
3194 4290 3292 4341 τοῦ
3338 4285 3572 4363 Πατρὸς,
3621 4287 3826 4361 θρόνον

2169 4372 2262 4444 μὶν
2311 4370 2496 4427 καλῶν
2546 4372 2637 4428 τὸν
2687 4372 2936 4447 οὐρανὸν,
2986 4373 3284 4432 ὑποπόδιον
3336 4373 3394 4432 δὲ
3438 4378 3539 4447 τήν
3564 4383 3691 4451 γῆν,
3723 4378 3826 4433 καὶ

2166 4456 2333 4514 πόλιν
2393 4458 2559 4516 αὐτοῦ
2612 4464 2680 4517 τὰ
2736 4462 3113 4538 Ἱεροσόλυμα·
3162 4470 3329 4521 ταῦτα
3404 4468 3823 4543 συμμαρτυρῶν

2167 4548 2195 4604 6
2226 4552 2633 4624 πρωτομάρτυς
2663 4556 2743 4624 τῷ
2773 4553 3018 4628 Δεσπότῃ
3065 4550 3155 4609 διὰ
3202 4561 3307 4625 τῆς
3352 4552 3578 4611 Ἡσαΐου
3627 4564 3827 4635 φωνῆς

2161 4638 2253 4693 τὸν
2286 4638 2495 4714 Πατέρα
2525 4639 2754 4717 παράγει
2786 4640 3016 4719 λέγοντα
3046 4642 3115 4699 τὰ
3166 4643 3320 4703 αὐτά.
3367 4645 3457 4700 Ἐν
3504 4641 3705 4712 ἄλλοις
3756 4643 3827 4703 δὲ

2162 4725 2328 4783 πάλιν
2361 4729 2389 4783 ὁ
2419 4731 2620 4806 Σωτήρ
2662 4732 2760 4801 τήν
2812 4736 2919 4787 τῶν
2968 4731 3282 4806 ὀμνυόντων
3334 4733 3672 4806 στηλιτεύων
3721 4737 3829 4793 καὶ

2162 4817 2527 4893 ἐπιστομίζων
2583 4820 3002 4897 ματαιολογίαν,
3059 4825 3157 4894 τήν
3208 4823 3383 4894 αὐτὴν
3431 4825 3682 4900 κρατύνει
3734 4824 3829 4882 δι-

2162 4908 2482 4965 δασκαλίαν.
2520 4909 2711 4987 Μωροὶ
2750 4912 2876 4987 γάρ,
2930 4912 3089 4991 φησὶ,
3129 4913 3222 4969 καὶ
3266 4912 3490 4994 τυφλοὶ,
3549 4915 3633 4978 τίς
3683 4915 3831 4989 μεί-

2162 5004 2267 5068 ζων
2323 4998 2504 5071 ὲστίν;
2564 5000 2594 5056 6
2649 5001 2853 5076 χρυσὸς
2907 5000 2943 5071 ἢ
3012 5003 3041 5058 6
3096 5003 3241 5073 ναὸς,
3302 5005 3331 5060 6
3386 5004 3623 5082 ἁγιάζων
3717 5005 3826 5062 τὸν

474 5157 521 5195 ⁸⁰
549 5156 721 5216 Hebr.
753 5174 796 5227 ι,
827 5158 881 5213 7.
957 5157 1001 5195 ⁸⁸
1033 5158 1176 5216 ibid.
1205 5158 1263 5216 8.
1336 5156 1384 5193 ⁵³
1406 5156 1554 5216 Psal.
1589 5174 1667 5229 cx,
1692 5159 1784 5229 26,
1815 5158 1924 5230 27;
1956 5162 2041 5217 He

2166 5178 2206 5234 ι,
2239 5162 2330 5234 10,
2362 5164 2451 5219 14.
2526 5163 2573 5200 ⁸³
2599 5164 2728 5222 Act.
2762 5181 2865 5237 vn,
2894 5165 2983 5224 49.
3061 5166 3111 5203 ⁵⁴
3142 5166 3349 5226 Matth.
3380 5184 3543 5239 nm,
3571 5167 3662 5225 27.

1574 5318 1811 5376 VARUE
1850 5320 2242 5380 LECTIONES
2280 5322 2373 5381 ET
2412 5322 2641 5383 NOTAE.

476 5458 554 5544 (7)
582 5460 688 5513 Τοῦ
717 5456 1120 5544 citetur-@665.
1164 5460 1229 5517 Id
1270 5464 1380 5543 est,
1414 5462 1531 5544 peri
1558 5459 1705 5544 ﬁlii,‘
1726 5478 1839 5518 non
1871 5463 2052 5544 adol).

404 5531 543 5605 tivi,
563 5549 679 5589 non
710 5531 989 5605 putatitii.
1048 5534 1365 5605 Hzecenim
1413 5531 1567 5605 inter
1608 5536 1842 5605 ceteras
1893 5531 2052 5593 notio

406 5602 587 5674 hujus
614 5602 775 5661 vocis
801 5609 892 5662 est
909 5607 1063 5675 apud
1088 5603 1402 5675 scriptores
1431 5602 1880 5675 ecclesiasticos.
1908 5606 2052 5664 Vide

406 5624 587 5690 ριῃιιρ
614 5624 775 5689 ῩΟΟΙξ
801 5624 892 5662 σει
909 5624 1063 5733 agna
1088 5624 1402 5689 Βαζιριοτθε
1431 5624 1880 5687 εουιθειασιιοοε.
1918 5624 2050 5664 νιαθ

404 5691 678 5761 inprimis
698 5682 930 5761 DAIODYS.
981 5677 1454 5761 saevit-Dogmata
1472 5674 1753 5761 ιὴεορρριη
1800 5680 1941 5761 tom.
1979 5680 2050 5748 ll,

406 5745 604 5820 lib.1v,
636 5764 687 5807 o.
717 5748 775 5822 2,
806 5745 939 5824 pag.
972 5749 1112 5823 190;
1145 5748 1344 5808 Mosen
1372 5745 1773 5824 Amyraldum,
1799 5748 1941 5810 Diu.
1969 5745 2048 5826 vx,

2165 5466 2437 5557 Πιειιορςε
2458 5468 2807 5557 $193,260.69“
2824 5469 3140 5557 ,ονίείυειίε
3165 5488 3232 5557 ,ρο
3263 5471 3391 5557 Ξείο
3425 5486 3589 5557 θείως
3639 5476 3699 5557 ει
3742 5487 3835 5557 ει

2164 5538 2520 5614 nostratibus
2550 5539 2886 5614 Christoph.
2935 5538 3227 5614 Franchii,
3273 5538 3596 5603 manu.
3639 5547 3836 5603 Anti-

2160 5610 2467 5686 μωρίη-σὴ.
2516 5627 2593 5686 p.
2624 5613 2732 5669 246
2779 5610 2900 5686 seq.
2955 5620 3013 5672 et
3051 5610 3232 5673 celeb.
3260 5616 3424 5674 Joan.
3454 5617 3671 5675 Albert.
3704 5617 3834 5675 Fa-

2160 5627 2467 5667 mmoorcn.
2624 5627 2732 5669 κω
2779 5630 2900 5686 seq.
2955 5627 3013 5672 et
3051 5627 3232 5673 oeten.
3260 5627 3424 5674 Joan.
3454 5627 3671 5675 Albert.
3704 5627 3828 5675 r'a-

2160 5681 2496 5765 briciumha
2565 5683 2791 5765 Sestum
2823 5685 3184 5765 Empirieum,
3236 5705 3295 5763 p.
3342 5690 3397 5746 9.
3446 5691 3541 5748 Sic
3592 5699 3828 5765 noster,

2157 5752 2331 5825 infra,
2361 5753 2586 5829 γνήσιον
2614 5754 2731 5811 υἱὸν
2764 5752 3040 5832 appellat.
