4074 6208
213 359 330 422 109

1316 360 1627 424 CONTRA
1673 359 2143 426 MANICHAEOS
2190 365 2426 426 LIBER
2470 364 2544 424 ll.

3512 369 3630 430 110

212 491 463 568 χρυσόν;
505 493 720 549 Οὐκοῦν
771 493 800 546 6
847 493 948 558 τῆς
989 490 1227 556 παλαιᾶς
1262 495 1386 558 ναὸς
1419 495 1480 550 οὐ
1517 497 1686 569 μόνον
1719 495 1875 572 ἅγιος

1992 515 2154 572 super
2175 501 2352 573 ipsum
2366 501 2648 574 55.1taqus
2679 509 2949 559 sanctum
2972 502 3208 574 quidem
3232 508 3322 562 est
3345 506 3630 579 templum

211 583 304 650 ἦν,
353 580 502 638 ἀλλά
549 579 643 636 καὶ
697 579 932 655 ἁγιάξειν
985 579 1130 656 εἶχεν
1177 579 1358 657 ἶσχόν.
1411 583 1513 641 Καὶ
1570 583 1756 640 πάλιν·
1811 583 1879 641 Τί

219 675 453 744 μεῖζον;
511 670 576 726 τὸ
635 665 810 741 δῶρον
858 669 894 739 ἢ
949 669 1012 724 τὸ
1067 671 1448 745 θυσιαστήριον
1506 673 1570 728 τὸ
1654 673 1877 750 ἀγιάζον

219 761 286 818 τὸ
343 758 514 834 δῶρον
559 777 574 816 :
636 765 821 839 σαφῶς
876 761 1144 817 κάνταῦθα
1201 759 1428 826 δεικνὺς.
1479 761 1561 816 ὅτι
1592 761 1654 816 τὸ
1685 764 1878 817 θυσια-

225 853 442 925 στήριον
510 849 669 924 ἅγιόν
720 871 778 906 τε
825 852 916 921 ἦν,
965 850 1055 906 καὶ
1110 852 1178 906 τὰ
1235 849 1288 906 έν
1347 850 1495 924 αὐτῷ
1525 849 1876 914 ἀνατιθέμενα

221 943 344 1018 ἅγια
371 939 569 996 ἐποίει.
603 940 710 998 Καὶ
763 941 898 1015 μετά
945 943 1158 1022 βραχέα
1183 961 1196 974 ’
1231 943 1334 999 Καὶ
1375 943 1402 998 6
1437 941 1664 1015 ὀμόσας,
1689 943 1874 1020 φησὶν,

219 1030 270 1085 ἐν
321 1036 401 1104 τῷ
473 1031 693 1105 οὖρανῷ
741 1029 1034 1104 (διάνοιξον
1094 1030 1366 1106 ἄνθρωπε,
1417 1032 1479 1086 τὸ
1548 1031 1664 1102 οῦς,
1745 1031 1874 1105 ὅπερ

218 1115 416 1176 ἔπλασε
453 1121 549 1193 μὲν
576 1122 604 1176 6
649 1121 781 1183 Θεὸς
829 1121 1074 1189 ἀκούειν,
1120 1119 1424 1194 μετέπλασε
1455 1117 1512 1176 δὲ
1543 1121 1618 1183 ὡς
1657 1120 1880 1192 ἀληθῶς

221 1211 561 1283 ὁμΠονηρὸς
618 1207 697 1272 εἲς
744 1211 954 1289 κωφόν.
993 1209 1148 1280 Πλήν
1197 1209 1475 1282 ἄκουσον)’
1524 1212 1581 1265 Ὀ
1648 1206 1876 1283 ὀμόσας,

219 1299 402 1376 φησὶν,
462 1297 518 1353 ἐν
565 1303 644 1371 τῷ
705 1299 938 1374 οὐρανῷ,
997 1298 1186 1374 ὀμνύει
1247 1301 1299 1355 ἐν
1359 1303 1439 1372 τῷ
1522 1299 1699 1375 θρόνῳ
1780 1303 1878 1354 τοῦ

218 1392 372 1460 Θεοῦ,
428 1389 523 1442 καὶ
581 1386 634 1442 ἐν
697 1389 778 1461 τῷ
833 1387 1121 1462 καθημένῳ
1187 1387 1367 1444 ἐπάνω
1443 1388 1628 1445 αὐτοῦ.
1719 1390 1879 1445 Ὥστε

219 1478 366 1552 ἅγιος
431 1477 529 1550 μὲν
582 1477 611 1532 6
663 1477 808 1548 ναὸς,
870 1478 1023 1552 ἅγιον
1075 1473 1131 1532 δὲ
1192 1477 1254 1532 τὸ
1323 1479 1729 1552 θυσιαστήριον,
1786 1477 1877 1533 καὶ

219 1566 380 1640 χαριν
441 1563 573 1641 ἔχον
632 1565 780 1622 θείαν
827 1567 1158 1640 ἀγιοποιεῖν,
1201 1567 1292 1621 καὶ
1371 1567 1562 1642 θρόνος
1649 1565 1794 1622 ἐστὶν
1851 1567 1879 1621 ὀ

217 1656 456 1730 οὐρανὸς
484 1660 586 1711 τοῦ
639 1655 902 1727 ἀληθινοῦ
950 1661 1084 1712 Θεοῦ
1140 1657 1230 1713 καὶ
1290 1657 1498 1731 Πατρὸς
1545 1661 1642 1712 τυῦ
1685 1657 1879 1734 Κυρίου

213 1747 380 1818 ἡμῶν
431 1746 614 1815 Ἰησοῦ
676 1749 937 1819 Χριστοῦ·
992 1745 1054 1800 οὗ
1111 1746 1203 1801 καὶ
1263 1748 1296 1816 ἡ
1373 1746 1548 1810 κτίσις
1625 1747 1882 1821 σύμπασα

217 1833 451 1907 ποίημα
499 1835 589 1889 καὶ
653 1829 837 1910 ἔργον.
895 1833 955 1890 Εἰ
1015 1832 1074 1889 δὲ
1119 1839 1201 1907 τῷ
1249 1839 1364 1908 Θεῷ
1419 1835 1508 1890 καὶ
1565 1836 1733 1911 Πατρῖ
1783 1841 1880 1892 τοῦ

226 1924 446 1998 Κυρίου
509 1925 662 1996 ἡμῶν
721 1925 904 1994 Ἰησοῦ
962 1924 1198 1997 Χριστοῦ
1253 1921 1631 2000 διακεγραγότι
1713 1924 1882 1980 ταῦτα

225 2011 683 2090 ἀντιφθεγγονται,
725 2016 947 2087 Χριστῷ
996 2011 1053 2067 δὲ
1097 2017 1176 2084 τῷ
1233 2012 1481 2085 ἀληθινῷ
1547 2018 1664 2086 Θεῷ
1720 2015 1882 2088 ἡμῶν

219 2103 636 2177 συνφεγγομένῳ
689 2107 769 2175 τῷ
818 2101 1170 2178 γεγεννηκότι
1221 2101 1282 2157 οὐ
1363 2102 1656 2158 πείθονται.
1736 2107 1883 2158 Παῦ-

219 2190 322 2246 λον
367 2189 426 2246 δὲ
468 2196 864 2267 μαρτυροῦντα,
908 2190 970 2247 οὗ
1020 2190 1436 2267 ψευδεπώνυμοι
1495 2193 1881 2272 παραγράφον-

215 2301 328 2348 ται,
379 2281 472 2337 καὶ
525 2282 618 2337 τὸν
673 2277 842 2337 Δαϐἶδ
903 2282 998 2355 μὲν
1059 2282 1365 2358 ὑπερορῶσι
1443 2281 1880 2358 προφητεύοντα,

219 2375 408 2442 Λουκᾷ
440 2369 498 2427 δὲ
525 2375 606 2444 τῷ
649 2373 870 2447 μαθητῇ
901 2373 989 2428 καὶ
1046 2369 1410 2449 εὖαγγελιστῇ
1458 2375 1556 2427 τοῦ
1605 2370 1880 2444 σωτηρίου

219 2459 396 2539 λόγου
427 2461 498 2516 οὐ
548 2461 909 2537 προσέχουσι.
957 2462 1232 2538 Στέφανον
1282 2457 1340 2516 δὲ
1382 2461 1474 2516 τὸν
1525 2459 1577 2516 έν
1649 2462 1880 2537 μάρτυσι

217 2551 440 2625 πρῶτον
491 2550 585 2606 καὶ
639 2551 732 2607 τὸν
791 2552 1079 2628 προφήτην
1129 2550 1563 2626 συνεπαγόμενον
1616 2550 1882 2627 μυκτηρί-

1991 593 2259 647 sanctum
2291 607 2422 646 vero
2453 595 2511 648 et
2550 591 2752 660 altare,
2785 591 3062 665 idemque
3113 593 3306 651 divino
3353 595 3632 652 beneflcio

1991 680 2397 737 sanctiﬁcans:
2431 682 2645 737 cmlum
2704 697 2838 738 vero
2886 688 2976 738 est
3028 683 3274 740 thronus
3308 684 3420 741 veri
3450 684 3548 740 Dei
3580 691 3636 740 et

1986 767 2166 824 Patris
2202 770 2428 826 Domini
2454 771 2631 826 nostri
2662 770 2801 827 Jesu
2826 771 3246 843 Christi.Cujus
3276 778 3336 830 et
3363 779 3635 830 creatura

1987 858 2261 914 universa
2289 875 2433 931 opus
2465 865 2522 915 et
2564 860 2804 916 eliectus
2834 866 2942 916 est.
2968 863 3127 928 Quod
3165 862 3214 918 si
3248 879 3378 919 vero
3410 864 3524 920 Deo
3579 871 3635 920 et

1990 947 2140 1001 Patri
2173 947 2404 1003 Domini
2436 948 2613 1003 nostri
2643 949 2784 1004 Jesu
2815 949 3046 1020 Christi,
3078 949 3189 1006 ista
3222 951 3455 1024 quidem
3498 971 3634 1025 pro-

1989 1035 2288 1104 clamanti,
2331 1036 2805 1108 obloquuntur,si
2837 1039 3088 1108 Christo,
3112 1040 3225 1095 Deo
3255 1047 3448 1098 nostro
3477 1058 3631 1110 vero,

1989 1126 2185 1182 eadem
2208 1142 2338 1181 cum
2365 1127 2530 1182 Patre
2551 1127 2786 1194 dicenti,
2822 1145 2936 1184 non
2977 1130 3254 1197 credunt;
3280 1131 3329 1185 si
3366 1130 3629 1201 Paulum,

1990 1231 2022 1269 a
2053 1230 2167 1285 quo
2201 1215 2338 1271 falso
2354 1215 3074 1287 cognominantur,eadem
3100 1223 3495 1287 testantem,et
3525 1220 3630 1276 Da-

1990 1302 2178 1359 vidcm
2231 1305 2678 1376 prOpbetantem
2737 1307 2949 1378 supine
2977 1307 3278 1380 negligunt
3298 1325 3311 1376 ;
3335 1309 3386 1364 si
3417 1309 3489 1364 ad
3517 1309 3631 1365 Lu-

1991 1409 2139 1460 cam,
2174 1394 2530 1466 discipulum
2569 1399 2626 1452 et
2670 1413 2992 1467 praeconem
3037 1397 3308 1455 salutaris
3359 1399 3633 1456 doctrinas

1991 1496 2107 1539 non
2137 1485 2478 1552 attendunt;
2521 1485 2567 1541 si
2598 1486 2961 1558 Stephanum
3009 1488 3281 1560 denique,
3317 1492 3635 1559 martyrum

1992 1573 2242 1644 primum
2271 1579 2328 1631 et
2358 1574 2724 1646 prophetam,
2748 1578 3065 1634 adductum
3091 1579 3316 1634 adunco
3348 1594 3490 1635 naso
3511 1595 3640 1636 sus-

1993 1663 2292 1734 pendunt;
2326 1665 2702 1736 consequitur
2747 1682 2867 1733 eos,
2901 1669 3055 1739 quod
3102 1671 3158 1724 et
3205 1667 3447 1736 faciunt,
3488 1665 3642 1725 malo

1991 1751 2178 1808 solum
2209 1753 2493 1826 principio
2516 1755 2770 1825 obedire,
2795 1755 2887 1812 cui
2923 1762 2979 1812 et
3000 1757 3227 1814 animas
3269 1775 3407 1814 suas
3439 1761 3494 1813 et
3516 1773 3642 1814 cor-

1993 1858 2130 1915 pora
2145 1843 2672 1911 tradiderunt,illas
2696 1845 2932 1917 quidem
2950 1847 3150 1917 impiis
3163 1847 3642 1919 cogitationibus,

1993 1931 2113 1987 haec
2133 1949 2266 1988 vero
2299 1934 2554 1990 sordidis
2593 1934 2922 1991 actionibus
2980 1936 3366 2007 indulgentes.
3399 1935 3641 2008 Egregie

1995 2035 2125 2073 vero
2156 2017 2215 2072 in
2249 2018 2379 2074 illos
2404 2021 2654 2091 quadrat
2685 2021 3082 2090 reprehensio,
3107 2041 3137 2076 a
3171 2023 3419 2078 Domino
3449 2023 3508 2078 in
3549 2022 3640 2079 in-

1992 2111 2190 2179 gratos
2220 2107 2454 2163 Judwos
2494 2110 2779 2178 conjecta,
2825 2125 2891 2165 eo
2919 2111 3070 2181 quod
3127 2109 3641 2180 Patreml‘amilias,

1996 2197 2280 2253 Beelzebut
2308 2202 2669 2253 vocaverant.
2698 2199 2983 2265 Apostatae
3013 2198 3168 2255 enim
3202 2197 3287 2254 illi
3318 2199 3643 2254 Patremfa-

1994 2284 2188 2342 milias
2219 2286 2397 2342 totius
2428 2286 2684 2342 universi
2719 2286 3018 2342 Beelzebul
3067 2295 3293 2354 vocant,
3325 2285 3412 2342 vel
3445 2285 3639 2357 potius

1991 2373 2271 2444 injuriam
2305 2373 2478 2431 aliam
2503 2391 2680 2446 super
2708 2375 2879 2431 aliam
2914 2377 3320 2442 accumulant;
3353 2377 3491 2431 adeo
3517 2390 3642 2430 om-

1992 2480 2128 2520 nem
2161 2463 2517 2536 impietatem
2543 2481 2891 2536 omnemque
2923 2463 3294 2521 insolentiam
3320 2464 3493 2521 factio
3518 2463 3636 2520 haec

1993 2555 2175 2608 Deum
2209 2568 2559 2624 oppugnaris
2590 2553 2863 2609 leviorem
2903 2570 3008 2608 sua
3049 2552 3244 2610 allicit.

218 2647 430 2711 ζουσιν,
466 2639 768 2697 ἀκόλουθόν
826 2639 966 2696 ἐστιν
1019 2641 1230 2709 αὐτοῖς,
1262 2641 1292 2695 ὅ
1347 2639 1438 2696 καὶ
1469 2640 1788 2716 πράττουσι,
1840 2641 1918 2713 τῷ
1979 2644 2213 2714 [Ιονηρῷ
2270 2639 2420 2714 μόνῳ
2470 2642 2812 2717 πειθαρχεῖν,
2845 2643 2890 2714 ᾧ
2946 2641 3037 2696 καὶ
3078 2641 3175 2705 τᾶς
3218 2642 3400 2716 ψυχὰς
3424 2640 3635 2716 ἐνεχεί‹

219 2751 398 2804 ρισαν,
453 2729 654 2785 καὶτά
702 2729 952 2803 σώματα,
999 2729 1094 2792 τὰς
1166 2729 1261 2802 μὲν
1314 2731 1384 2802 τῇ
1441 2723 1658 2799 ἀσεϐείᾳ
1715 2731 1811 2784 τοῦ
1869 2729 2248 2804 φρονήματος,
2304 2727 2373 2782 τὰ
2437 2725 2493 2783 δὲ
2551 2725 2640 2783 διὰ
2691 2733 2788 2785 τοῦ
2853 2725 3125 2805 βορϐόρου
3187 2735 3296 2784 τῶν
3368 2729 3638 2803 πράξεων.

211 2809 514 2894 ¹Δρμόσιιε
572 2817 620 2875 δ’
676 2817 738 2874 ἃν
796 2817 983 2879 αὐτοῖς
1050 2818 1106 2874 εὗ
1172 2816 1320 2890 μάλα
1384 2818 1475 2874 καὶ
1543 2819 1572 2873 6
1639 2817 1776 2873 κατά
1837 2823 1946 2872 τῶν
2012 2816 2324 2893 ἀχαρίστων
2375 2815 2648 2873 Ἰουδαίων
2727 2820 3053 2881 Δεσποτικὸς
3130 2817 3466 2892 ὀνειδισμὸς,
3552 2817 3635 2874 ὅτι

211 2911 310 2966 τὸν
377 2907 776 2980 οἰκοδεσπότην
839 2904 1176 2979 Βεελζεϐοὺλ
1229 2906 1586 2965 ἀπεκάλεσαν.
1638 2909 1844 2970 Ὄντως
1901 2908 2004 2983 γὰρ
2063 2909 2098 2976 ἡ
2158 2906 2460 2962 ἀποστασία
2496 2908 2589 2962 τὸν
2644 2909 2740 2964 τοῦ
2796 2909 2996 2970 παντὸς
3057 2905 3447 2975 οἰκοδεσπότην
3478 2905 3644 2964 Βεελο

212 2995 419 3070 ζεὸοῦλ
484 2999 838 3073 ὀνομάζουσι·
908 2997 1120 3072 μᾶλλον
1176 2997 1234 3053 δὲ
1291 2996 1542 3074 ἑκατέραν
1598 2993 1754 3072 ὕϐριν
1827 2996 1898 3053 δι’
1981 2997 2233 3072 ἑκατέρας
2319 2997 2640 3075 εἰσάγουσιν
2725 2999 2867 3054 οὕτω
2960 3004 3131 3054 πᾶσαν
3205 2993 3454 3055 ἀσέϐειαν
3547 2998 3639 3054 καὶ

211 3097 394 3147 πᾶσαν
423 3088 639 3164 τόλμαν
667 3093 701 3161 ἡ
732 3091 1070 3167 προκειμένη
1103 3089 1373 3166 θεομαχία
1401 3090 1731 3170 κουφοτέραν
1763 3089 2141 3165 ἀπεργάζεται.

285 3183 380 3240 ΙΒ.
411 3179 681 3243 Ἐντολᾶς
710 3177 768 3235 δὲ
797 3179 963 3236 πάλιν
1003 3180 1031 3234 6
1078 3180 1275 3254 Σωτὴρ
1332 3177 1400 3235 τὰ
1446 3178 1712 3236 Μωσαϊκὲι
1760 3175 1878 3233 δια-

2065 3181 2195 3237 XlI.
2226 3179 2377 3236 Alibi
2425 3185 2690 3237 Servator
2737 3181 2982 3236 Mosaica
3029 3179 3296 3236 instituta
3344 3182 3638 3252 praecepta

211 3273 478 3346 τέγματα
506 3268 713 3341 γαλῶν,
743 3269 832 3326 καὶ
864 3273 1146 3346 πανταχοῦ
1191 3272 1370 3341 τιμῶν
1418 3268 1517 3337 τήν
1559 3268 1880 3342 νομοθεσίαν

213 3363 316 3430 τήν
373 3359 672 3435 πατρικὴν,
731 3359 787 3415 '0
836 3357 987 3425 Θεός,
1064 3357 1252 3437 φησὶν,
1330 3356 1654 3413 ἐνετείλατο’
1735 3355 1884 3430 Τίμα

212 3451 304 3505 τὸν
365 3447 578 3524 πατέρα
634 3469 731 3504 σου
778 3448 870 3503 καὶ
917 3449 1015 3516 τήν
1073 3448 1280 3521 μητέρα
1339 3467 1456 3504 σου.
1516 3445 1635 3500 Καὶο
1669 3447 1729 3504 Ὁ
1785 3467 1881 3501 κα-

214 3539 472 3615 κολογῶν
554 3537 758 3614 πατέρα
839 3536 875 3606 ἢ
965 3536 1196 3611 μητέρα,
1277 3536 1490 3608 θανάτῳ
1553 3533 1878 3593 τελευτάτω.

217 3631 402 3702 Ὑμεῖς
452 3627 773 3702 ἠκυρώσασε
827 3628 931 3696 τὴν
979 3623 1209 3696 ἐντολήν
1270 3630 1367 3680 τοῦ
1424 3629 1558 3681 Θεοῦ
1618 3622 1707 3680 διὰ
1779 3626 1880 3694 τὴν

212 3715 526 3787 παράδοσιν
587 3717 766 3791 ὑμῶν.
827 3716 929 3772 Καὶ
988 3712 1157 3771 ταῦτα
1219 3713 1386 3769 εῗπὼν
1462 3715 1710 3788 μάρτυρα
1791 3713 1880 3768 τὸν

213 3803 443 3863 Ἠσαίαν
534 3803 808 3879 ἐπάγεται,
911 3802 1132 3872 Καλῶς,
1219 3801 1421 3879 λέγων,
1507 3803 1878 3878 προεφήτευσε

216 3897 340 3970 περὶ
391 3897 553 3970 ὑμῶν
599 3897 840 3964 Ἡσαΐας,
891 3897 1130 3972 Ἐγγίζει
1183 3915 1277 3967 μοι
1325 3894 1354 3949 6
1419 3892 1550 3954 λαὸς
1601 3893 1763 3954 οὗτος
1805 3896 1885 3964 τῷ

219 3986 454 4060 στόματι
513 3984 717 4052 αὐτῶν,
783 3985 875 4040 καὶ
931 3989 1054 4046 τοῖς
1109 3983 1325 4058 ’χείλεσί
1399 4003 1466 4056 με
1519 3985 1677 4055 τιμᾷο
1743 3983 1777 4050 ἡ
1831 3976 1887 4034 δὲ

219 4073 419 4150 καρδία
478 4075 660 4130 αὐτῶν
714 4072 906 4149 πόῤῥω
961 4072 1157 4148 ἀπέχει
1214 4073 1308 4127 ἀπ’
1363 4069 1522 4146 ἐμοῦ.
1582 4069 1686 4127 Καὶ
1716 4069 1889 4145 πρόσ-

222 4184 312 4240 εχε
368 4163 596 4220 λοιπόν·
671 4163 865 4234 Μάτην
935 4159 993 4218 δὲ
1041 4157 1289 4217 σέϐονται
1331 4182 1418 4234 με.
1497 4161 1654 4216 Διατί
1690 4182 1704 4223 ς
1739 4159 1888 4215 Διότι

221 4253 540 4310 διδάσκουσι
647 4249 1020 4321 διδασκαλίας,
1127 4249 1437 4325 ἐντάλματα
1540 4247 1834 4324 ἀνθρώπων
1870 4269 1882 4280 ·

223 4344 355 4401 ὥστε
385 4345 530 4418 ἅπερ
568 4343 663 4416 μὲν
702 4343 769 4412 ἦν
819 4342 1132 4416 ἐντάλματα
1179 4342 1504 4418 ἀνθρώπων,
1539 4341 1638 4395 οὐκ
1691 4338 1886 4413 ἤρεσκε

221 4438 385 4489 ταῦτα
441 4438 526 4506 τῷ
581 4433 850 4506 νομοθέτῃ
900 4435 1036 4503 Θεῷ*
1091 4429 1241 4487 ἀλλὰ
1307 4427 1398 4486 καί
1454 4427 1609 4498 δίκης
1660 4428 1884 4504 ἐνόχους

1988 3268 2313 3342 appellans,
2349 3273 2407 3325 et
2437 3267 2624 3342 legem
2656 3285 2690 3325 a
2719 3271 2889 3325 Patre
2911 3269 3088 3325 latam
3122 3269 3383 3340 undique
3413 3268 3474 3323 in
3507 3283 3634 3338 pre-

1989 3356 2070 3414 tio
2108 3357 2362 3413 habens:
2400 3358 2556 3429 Deus,
2589 3358 2802 3430 inquit,
2832 3357 3128 3429 praecipit.-
3163 3358 3379 3413 Honora
3425 3359 3639 3428 patrem

1990 3454 2169 3516 tuum,
2221 3453 2274 3503 et
2322 3457 2554 3504 matrem
2603 3451 2774 3503 tuam.
2812 3449 2872 3503 Et
2902 3465 2921 3502 :
2971 3445 3295 3503 Maledicens
3338 3445 3489 3516 patri
3535 3447 3632 3500 aut

1989 3537 2180 3605 matri,
2215 3545 2383 3594 morte
2411 3535 2711 3593 moriatur.
2750 3539 2842 3593 Vos
2863 3535 3186 3592 mandatum
3213 3535 3308 3590 Dei
3325 3531 3639 3603 abrogastis

1989 3643 2087 3697 per
2115 3627 2476 3683 traditionem
2507 3624 2826 3683 vestram“.
2858 3627 3042 3697 Atque
3062 3625 3180 3681 haec
3212 3624 3412 3680 dicens
3433 3622 3644 3678 Isaiam

1989 3723 2196 3775 testem
2243 3721 2430 3790 att‘ert,
2482 3720 2652 3785 Bene,
2701 3719 2994 3791 inquiens,
3041 3716 3312 3789 praedixit
3368 3716 3433 3773 de
3495 3715 3644 3772 vobis

1993 3810 2168 3866 Isaias
2188 3827 2207 3865 :
2231 3811 2647 3881 Appropinquat
2699 3810 2771 3865 ad
2803 3826 2889 3864 me
2927 3809 3164 3880 populus
3190 3807 3281 3863 hic
3308 3823 3401 3863 ore
3428 3823 3550 3872 suo,
3589 3809 3643 3860 et

1993 3899 2158 3955 labiis
2186 3901 2303 3955 suis
2325 3899 2558 3954 honorat
2579 3916 2667 3953 me
2687 3915 2706 3960 ,'
2729 3916 2820 3956 cor
2859 3915 2980 3954 vero
3001 3914 3189 3954 eorum
3220 3898 3376 3967 longe
3395 3914 3428 3953 a
3449 3911 3534 3952 me
3557 3909 3642 3950 re-

1993 3991 2200 4042 motum
2229 3989 2305 4040 est
2341 3983 2406 4038 ‘7.
2451 3985 2698 4040 Attende
2737 4000 2966 4055 quoque
2998 3985 3071 4039 ad
3118 3983 3420 4052 sequentia
3453 3998 3466 4035 :
3500 3983 3639 4035 Fru-

1992 4077 2111 4129 stra
2169 4088 2295 4128 vero
2351 4072 2535 4128 colunt
2585 4089 2690 4127 me.
2724 4072 2885 4128 Cur?
2917 4071 3059 4140 Quia
3102 4073 3294 4124 docent
3341 4069 3639 4133 doctrinas,

1991 4167 2265 4237 praecepta
2321 4160 2608 4218 hominum
2657 4160 2726 4226 ⁵³,
2757 4161 2923 4230 adeo,
2955 4177 3081 4232 qua:
3131 4165 3293 4213 erant
3333 4156 3638 4212 hominum

1996 4255 2310 4322 praeceptas
2361 4266 2428 4306 ea
2453 4249 2772 4322 legislatori
2812 4249 2924 4304 Deo
2953 4265 3067 4304 non
3099 4245 3423 4318 placebant.
3447 4245 3565 4300 lmo
3586 4246 3644 4300 et

1996 4340 2261 4396 doctores
2292 4355 2490 4396 eorum
2517 4355 2698 4411 preme
2719 4337 2998 4394 obnoxios
3013 4335 3282 4393 faciebat.
3315 4333 3644 4390 Tradebant

1995 4446 2132 4486 vero
2162 4429 2280 4485 haec
2308 4429 2574 4486 Seniores
2605 4427 2933 4484 Scribarum
2970 4431 3028 4484 et
3072 4424 3521 4493 Pharisaeorum,
3554 4425 3642 4479 la-

225 4526 346 4586 τοῦς
414 4520 722 4596 εἰσηγητὰς
778 4521 956 4576 αὐτῶν
1018 4518 1214 4575 ἐποίει.
1249 4518 1484 4593 Εἰσῆγον
1542 4516 1599 4573 δὲ
1640 4521 1810 4573 ταῦτα
1840 4518 1883 4574 oi

2001 4518 2113 4575 biis
2145 4518 2380 4590 quidem
2412 4534 2474 4574 se
2505 4518 2686 4574 Deum
2710 4517 2901 4574 colere
2930 4531 3136 4572 verum
3163 4515 3438 4579 dicentes,
3471 4511 3642 4568 corde

229 4607 591 4687 πρεσϐύτεροι
638 4614 746 4665 τῶν
784 4608 1158 4684 Γραμμτέων
1202 4608 1293 4664 καὶ
1339 4606 1676 4682 Φαρισαίων,
1709 4603 1882 4662 σέϐειν

231 4703 320 4772 μέν
357 4707 480 4764 τοῖς
501 4699 720 4777 χείλεσι
747 4697 998 4775 λέγοντες
1019 4699 1110 4755 τὸν
1129 4695 1390 4769 ἀληθινὸν
1415 4697 1565 4769 Θεὸν,
1589 4700 1657 4772 τῇ
1687 4693 1742 4753 δὲ
1762 4715 1888 4768 καρ-

235 4789 316 4848 δία
361 4791 562 4869 πόρρω
610 4785 956 4859 διεστηκότες
1004 4789 1194 4846 αὐτοῦ.
1229 4793 1285 4844 ‘0
1335 4785 1426 4843 οὖν
1460 4786 1719 4859 ἀληθινὸς
1750 4791 1886 4850 Παῖς

237 4881 318 4934 καὶ
333 4882 460 4945 Υἱὸς
499 4877 767 4949 ἀληθινοῦ
796 4881 935 4934 Θεοῦ
954 4877 1045 4934 καὶ
1079 4878 1312 4954 ῐΙατρὸς,
1337 4877 1402 4933 οὗ
1431 4883 1532 4946 τῆς
1562 4877 1889 4949 νομοθεσίας

237 4968 320 5031 τὰς
351 4968 558 5033 οἰκείας
579 4972 659 5040 (8)
678 4967 998 5044 προέκρινον
1021 4964 1372 5029 διδασκαλίας
1403 4965 1460 5021 oi
1493 4966 1810 5041 ἀγνώμονες
1833 4964 1884 5020 έν

240 5057 474 5133 Ἰσραὴλ,
519 5057 682 5122 οὗτος
732 5057 762 5112 6
803 5057 1000 5133 Σωτὴρ
1039 5058 1200 5130 ἡμῶν
1239 5057 1340 5126 τήν
1389 5076 1447 5111 τε
1477 5053 1723 5128 ’ματαίαν
1752 5056 1890 5111 κατὰ

241 5150 338 5201 τῶν
375 5149 638 5222 μαθητων
682 5144 890 5220 μέμψιν
940 5149 1049 5202 τῶν
1099 5144 1411 5221 ἀχαρίστων
1454 5141 1733 5203 Ἰουδαίων
1767 5143 1890 5200 έπι-

249 5238 522 5309 στομίζων,
551 5236 648 5294 καὶ
676 5236 747 5293 τὰ
790 5236 1078 5311 βρώματα,
1111 5235 1184 5297 ὡς
1205 5239 1306 5290 τοῦ
1337 5235 1551 5310 Πατρὸς
1582 5235 1888 5307 ποιήματα,

252 5324 408 5396 πάσης
435 5330 698 5401 πονημᾶς
720 5323 1053 5399 ὑπολήψεως
1091 5324 1417 5400 καθαρίζων,
1468 5323 1606 5379 καθά
1647 5319 1713 5392 δὴ
1765 5343 1890 5378 συν-

1995 4624 2127 4664 vero
2162 4609 2232 4664 ab
2264 4623 2330 4664 eo
2361 4605 2561 4680 procul
2593 4606 2821 4662 remoti.
2845 4609 3032 4662 Verus
3062 4605 3244 4676 igitur
3281 4601 3434 4657 ﬁlius
3454 4603 3511 4656 et
3540 4617 3642 4654 na-

1999 4706 2093 4754 tus
2120 4697 2220 4754 Dei
2271 4715 2337 4754 ac
2395 4698 2610 4763 Patris,
2641 4697 2812 4767 cujus
2869 4694 2982 4766 legi
3033 4711 3174 4750 suas
3231 4689 3644 4763 praeceptiones

1995 4787 2251 4858 imperiti
2336 4786 2606 4842 Israelitaa
2691 4783 3090 4857 praeferebant,
3174 4780 3292 4849 ille,
3376 4779 3641 4851 inquam,

1997 4878 2266 4932 Servator
2313 4879 2512 4930 noster
2565 4877 2623 4929 et
2679 4889 2888 4930 vanam
2943 4869 3481 4944 ingratissimorum
3535 4868 3642 4924 Ju-

1998 4965 2257 5021 daaorum
2289 4962 2347 5018 in
2389 4961 2708 5034 discipulos
2751 4978 2889 5017 suos
2945 4958 3508 5016 animadversionem
3538 4957 3640 5011 ob-

1998 5054 2215 5120 tundit,
2265 5055 2324 5108 et
2378 5051 2561 5119 cibos,
2623 5055 2901 5122 tanquam
2942 5049 3135 5105 Patris
3189 5052 3536 5115 creaturam,
3569 5045 3642 5100 ab

1998 5143 2159 5199 omni
2203 5158 2374 5214 prava
2423 5139 2755 5211 suspicione
2819 5138 3042 5204 liberat,
3076 5137 3225 5194 sicut
3273 5139 3330 5192 et
3387 5138 3641 5190 testatur

1999 5231 2365 5303 Evangelia-ita
2392 5247 2404 5284 :
2438 5231 2550 5286 Non
2581 5229 2726 5300 quod
2764 5228 3100 5297 ingreditur,
3133 5226 3428 5298 inquiens,
3459 5223 3520 5280 in
3564 5239 3642 5288 os,

2001 5323 2257 5396 inquinat
2305 5319 2602 5385 hominem,
2633 5317 2729 5375 sed
2757 5317 2896 5391 quod
2940 5318 3224 5387 egreditur
3259 5332 3333 5372 ea:
3361 5329 3472 5383 ore,
3503 5311 3644 5368 illud

315 5462 354 5497 ⁸⁵
376 5465 578 5524 Matth.
612 5480 759 5534 nu,
789 5463 883 5520 21.
959 5462 1006 5500 ⁵⁸
1035 5460 1242 5520 Matth.
1275 5478 1369 5530 xv,
1391 5462 1481 5518 46.
1557 5458 1603 5496 ⁸⁷
1633 5459 1830 5518 Matth.
1863 5475 1883 5514 ι

1992 5457 2088 5515 .7.
2165 5456 2212 5492 ⁸⁸
2241 5455 2382 5513 ibid.
2412 5457 2467 5511 8.
2543 5454 2591 5489 5°
2621 5453 2824 5511 Matth.
2855 5471 2945 5520 xv,
2982 5456 3068 5511 ll.

1395 5585 1636 5644 VARIE
1676 5583 2077 5642 LECTIONES
2116 5583 2206 5638 ET
2243 5581 2476 5639 NOT/E.

318 5709 386 5784 (8)
415 5709 648 5774 οἰκείας.
685 5710 779 5768 Ita
807 5708 935 5784 lego
967 5725 1070 5784 pro
1102 5701 1298 5776 οἰκίας,
1335 5705 1486 5780 quod
1521 5705 1580 5762 in
1615 5720 1721 5761 me.
1762 5707 1970 5763 exstat.
