4074 6208
436 372 551 432 111

1638 367 1906 428 PHOTII
1949 366 2478 428 PATRIABCH/E
2519 366 2636 427 GP.

3717 369 3827 428 112

434 506 696 576 inquinat
726 505 1008 562 hominem
1035 506 1098 559 ⁸⁸.
1131 503 1284 560 Alibi
1313 519 1442 559 vero
1472 503 1681 557 iterum
1707 504 1907 574 paucis
1939 519 2065 558 ver-

2181 502 2604 575 επιμαρτύρεται
2663 502 2748 556 καὶ
2820 502 2846 556 6
2916 500 3331 579 εὖαγγελιστής·
3374 499 3452 559 Οὕ
3495 503 3558 558 τὸ
3601 503 3833 577 εὶσερχόυ

434 594 526 650 bis
548 596 916 651 concordiam
950 600 1005 651 et
1041 594 1334 665 justitiam
1373 593 1523 647 inter
1551 591 1818 648 homines
1850 592 2076 646 stabili-

434 686 744 752 turus,ista
768 684 1054 756 praecipit:
1083 684 1429 753 Quaecunque
1449 680 1747 736 volueritis
1769 687 1828 735 ut
1857 682 2074 752 faciant

429 775 582 831 vobis
638 775 904 844 homines,
961 773 1151 829 eadem
1206 780 1260 827 et
1301 789 1397 827 vos
1443 772 1606 840 facile
1645 772 1761 826 illis
1794 770 1859 826 ⁵ο.
1915 772 2072 826 Hanc

432 879 602 919 suam
670 862 1126 918 admonitionem
1178 865 1233 916 et
1289 859 1472 930 legem
1523 865 1588 914 ut
1632 858 1988 929 inculpatum
2019 863 2077 912 et

434 953 632 1009 utilem
657 951 1195 1018 commendaturus,
1227 948 1426 1004 addito
1457 948 1644 1019 elogio
1675 948 1820 1019 legis
1850 952 1906 1002 et
1939 963 2070 1018 pro-

435 1040 1050 1114 pbetarum,obsignat
1079 1053 1092 1092 :
1115 1039 1194 1094 Ita
1215 1039 1694 1109 enim,inquiens,
1720 1038 1880 1092 habet
1913 1037 2003 1091 (ex
2022 1043 2074 1092 et

427 1129 702 1200 prophetae
749 1127 814 1179 δι.
847 1126 940 1182 Sic
988 1131 1044 1182 et
1095 1126 1371 1198 parabole
1418 1125 1538 1191 illa,
1572 1127 1628 1181 in
1681 1143 1794 1197 qua
1825 1141 2072 1197 regnum

432 1216 709 1274 calorum
750 1216 1020 1272 Servatur
1060 1219 1258 1270 noster
1304 1230 1439 1270 cum
1492 1213 1730 1269 homine
1761 1215 1979 1270 bonum
2013 1214 2072 1269 in

431 1321 635 1378 agrum
669 1321 870 1361 semen
901 1313 1209 1376 spargente
1240 1309 1561 1376 comparat,
1585 1321 1700 1360 non
1735 1305 1931 1360 minus
1963 1304 2072 1358 im-

431 1395 558 1459 pios
601 1395 866 1451 homines
918 1393 1138 1465 pudore
1168 1393 1476 1448 suffundit.
1510 1395 1708 1449 Nonne
1740 1394 1896 1448 enim
1931 1409 2075 1464 prae-

430 1499 565 1540 sens
597 1485 877 1553 mundus,
909 1488 966 1538 et
1007 1482 1108 1554 qui
1141 1483 1200 1537 in
1231 1483 1356 1555 ipso
1388 1487 1546 1550 sunt,
1581 1484 1650 1538 ad
1703 1498 1943 1555 regnum
1974 1482 2076 1537 Dei

430 1573 628 1628 referri
661 1573 894 1640 debent,
928 1573 1161 1645 quando
1193 1587 1400 1644 agrum
1436 1587 1605 1627 suum
1645 1572 1856 1627 iisdem
1887 1571 2077 1628 verbis

429 1667 600 1717 vocat
641 1679 759 1718 non
808 1661 1008 1728 semel,
1057 1663 1158 1717 sed
1209 1661 1335 1716 bis:
1391 1677 1594 1732 agrum
1637 1678 1768 1717 vero
1824 1664 1906 1718 ait
1949 1679 2078 1719 esse

433 1751 749 1820 mundum,
773 1752 1057 1806 mundum
1085 1759 1274 1806 autem
1299 1759 1360 1805 ut
1389 1767 1596 1822 agrum
1630 1751 1710 1806 ita
1739 1756 1795 1806 et
1834 1767 2074 1822 regnum

2189 611 2366 663 μενον,
2426 593 2608 668 φησὶν,
2661 591 2735 653 εἷς
2784 593 2845 646 τὸ
2905 593 3080 666 στόμα
3132 597 3311 647 κοινοῖ
3369 593 3462 647 τὸν
3530 590 3826 666 ἄνθρωπον,

2183 679 2332 735 ἀλλὰ
2386 681 2446 734 τὸ
2507 681 2939 754 ἐκπορευόμενον
2996 682 3056 736 ἐκ
3127 685 3223 736 τοῦ
3290 683 3582 754 στόματος,
3672 682 3826 738 ἐκεῖνο

2181 770 2356 824 κοινοὶ
2415 771 2507 824 τὸν
2549 768 2854 844 ἄνθρωπον.
2890 772 2978 826 Ἐν
3028 769 3225 832 ἄλλοις
3273 768 3331 825 δὲ
3386 772 3550 826 πάλιν
3607 772 3829 852 βραχέσι

2182 858 2390 932 ῥήμασι
2447 859 2544 926 τὴν
2597 858 2649 913 ἐν
2701 859 3008 934 ἀνθρώποις
3063 859 3282 933 εἰρήνην
3338 858 3430 914 καὶ
3489 857 3825 932 δικαιοσύνην

2181 947 2457 1019 κρατύνων
2509 948 2600 1002 καὶ
2666 950 2982 1020 νομοθετῶν
3039 946 3110 1004 δι’
3160 949 3234 1002 ὦν
3305 947 3476 1023 ἔλεγε·
3537 948 3705 1005 Πάντα
3733 949 3828 1004 ὅσα

2183 1035 2242 1090 ἂν
2295 1035 2490 1106 θέλητε
2543 1035 2637 1091 ’ἱνα
2711 1043 2940 1092 ποιῶσιν
3031 1039 3160 1111 ὑμῖν
3249 1039 3301 1091 οἱ
3377 1036 3679 1113 ἄνθρωποι,
3738 1038 3826 1093 καὶ

2184 1123 2340 1197 ὑμεῖς
2374 1131 2580 1180 ποιεῖτε
2611 1125 2817 1189 αὐτοῖς.
2841 1128 3055 1198 Ταύτης
3105 1125 3271 1182 αὐτοῦ
3319 1133 3418 1195 τῆς
3477 1127 3830 1202 παραινέσεως

2181 1211 2270 1266 καὶ
2310 1214 2634 1286 νομοθεσίας
2663 1215 2726 1269 τὸ
2779 1213 3148 1285 ἀνεπίληπτον
3204 1213 3296 1285 καὶ
3346 1213 3666 1271 λυσιτελοῦν
3694 1237 3826 1290 παρ-

2188 1306 2370 1369 ιστῶν,
2419 1306 2499 1372 τῷ
2557 1301 2827 1374 ἀξιώματι
2881 1307 2978 1357 τοῦ
3017 1303 3190 1375 νόμου
3238 1302 3328 1357 καὶ
3373 1307 3484 1357 τῶν
3539 1309 3825 1378 προφητῶν

2182 1388 2570 1467 ἐπισφραγίζει·
2633 1390 2787 1445 Οὕτω
2833 1391 2938 1468 γὰρ
2997 1389 3132 1457 ἐστι,
3202 1393 3388 1468 φησὶν,
3433 1392 3461 1446 ὁ
3530 1393 3696 1464 νόμος
3739 1393 3828 1448 καὶ

2186 1479 2237 1533 οἱ
2271 1485 2572 1558 προφῆται.
2606 1479 2706 1534 Ναὶ
2739 1476 2806 1548 δὴ
2839 1479 2926 1534 καὶ
2986 1483 3019 1548 ἡ
3083 1475 3398 1553 παραϐολὴ,
3457 1482 3576 1534 καθ’
3605 1483 3669 1551 ἢν
3731 1484 3827 1551 τήν

2185 1570 2290 1620 τῶν
2321 1563 2560 1638 οὐρανῶν
2604 1562 2882 1638 βασιλείαν
2915 1565 3191 1634 ἀπεικάζει
3241 1567 3269 1619 6
3328 1566 3525 1639 Σωτὴρ
3566 1565 3823 1639 ἀνθρώπῳ

2183 1653 2456 1724 σπείροντι
2514 1652 2681 1707 καλὸν
2742 1652 2956 1728 σπέρμα
3023 1653 3074 1707 ἐν
3135 1656 3214 1724 τῷ
3273 1652 3428 1730 ἀγρῷ
3479 1651 3658 1720 αὐτού,
3723 1653 3825 1708 οὑκ

2185 1740 2407 1797 ἔλαττον
2439 1741 2785 1816 καταισχύνει
2815 1745 2914 1812 τήν
2939 1739 3204 1797 ἀσέϐειαν.
3241 1746 3366 1803 Πῶς
3389 1743 3485 1818 γὰρ
3531 1743 3627 1796 οὐκ
3682 1736 3821 1796 ἔστιν

433 1858 630 1898 suum.
665 1840 1004 1897 Parabolam
1056 1842 1210 1895 enim
1255 1839 1551 1912 explicans
1585 1857 1598 1896 :
1653 1841 1850 1897 Serens
1881 1843 2068 1897 bonum

2181 1831 2208 1884 6
2249 1830 2435 1904 παρὼν
2491 1833 2697 1904 κόσμος
2747 1840 2846 1900 τῆς
2897 1831 3177 1908 βασιλείας
3224 1835 3322 1886 τοῦ
3371 1833 3523 1899 Θεοῦ,
3557 1831 3646 1886 καὶ
3692 1832 3740 1885 οἱ
3771 1830 3824 1885 ἐν

431 1947 637 1998 semen,
661 1931 872 2002 inquit,
905 1935 982 1986 est
1012 1931 1188 1985 Filius
1218 1929 1481 1996 hominis,
1506 1947 1635 2001 ager
1658 1947 1782 1986 vero
1803 1943 1880 1986 est
1915 1949 2074 1987 mun-

430 2021 549 2076 dus.
586 2023 795 2075 Bonum
850 2035 977 2074 vero
1032 2035 1216 2074 semen
1271 2027 1398 2074 sunt
1451 2019 1568 2088 ﬁlii
1611 2021 1770 2090 regni
1806 2036 1818 2074 :
1850 2020 2075 2077 zizaniu

429 2115 611 2166 autem
640 2109 756 2178 ﬁlii
783 2109 923 2162 mali
946 2125 958 2173 ;
984 2107 1152 2162 hostis
1177 2107 1433 2179 denique,
1459 2110 1560 2164 illa
1587 2125 1795 2176 serens,
1827 2110 2076 2167 diabolus

429 2201 510 2254 est
537 2198 604 2252 ⁸³.
656 2197 936 2265 Audisne,
967 2197 1257 2266 quomodo
1285 2199 1573 2252 mundum
1609 2199 1839 2269 quidem
1874 2216 2071 2264 suum,

428 2291 485 2342 et
513 2301 632 2353 eos,
667 2286 766 2357 qui
798 2285 858 2340 in
891 2301 958 2341 eo
989 2289 1150 2353 sunt,
1181 2301 1377 2341 semen
1411 2303 1587 2342 suum
1621 2286 1892 2358 appellet,
1926 2305 2072 2359 quos

427 2379 486 2430 et
519 2375 667 2430 filios
691 2376 851 2446 regni
875 2373 1250 2441 vocat,solam
1275 2375 1630 2432 zizaniorum
1657 2377 2068 2447 projectionem

425 2463 485 2518 in
529 2462 754 2518 hostem
805 2462 1112 2518 referens?
1155 2462 1267 2517 Sed
1316 2463 1541 2531 inquire
1585 2465 2069 2535 argumentando,

427 2567 567 2607 num
593 2551 746 2622 quod
769 2567 1050 2606 manuum
1073 2550 1401 2605 Conditoris
1419 2551 1727 2622 vestigium
1751 2556 1944 2608 tecum
1965 2552 2070 2608 cir-

426 2641 831 2696 cumferas?ln
848 2640 1228 2711 sequentibus
1252 2641 1406 2694 enim
1432 2639 1755 2696 clarissime
1780 2643 2066 2697 mundum

427 2745 672 2802 regnum
706 2745 878 2784 suum
930 2730 1290 2800 pronuntiat.
1340 2730 1686 2794 Quomodo?
1726 2732 1784 2785 in
1813 2746 2067 2785 consum-

426 2821 684 2886 matione,
719 2818 992 2889 inquiens
1013 2818 1082 2884 ⁸³,
1113 2819 1306 2872 mundi
1336 2820 1526 2887 hujus,
1556 2836 1667 2874 non
1689 2824 1886 2875 autem
1921 2823 2068 2876 futu-

425 2909 498 2970 ri.
523 2913 714 2962 mittet
743 2906 923 2961 Filius
956 2906 1213 2962 hominis
1244 2906 1482 2979 angelos
1525 2924 1686 2976 suos,
1709 2916 1766 2962 et
1797 2908 2066 2979 colligant

426 3011 495 3050 ex
525 3011 700 3066 regno
744 2997 892 3066 ejus,
930 3001 1070 3066 puta
1112 2997 1378 3065 presenti
1426 3000 1662 3065 mundo,
1703 2996 2068 3053 olfendicula.

429 3084 628 3156 Neque
652 3085 807 3140 enim
840 3085 900 3139 in
935 3087 1130 3140 futuro
1172 3090 1229 3139 et
1257 3093 1470 3140 aeterno
1504 3102 1680 3157 regno
1713 3086 1797 3142 vel
1851 3087 2070 3142 zizania

2184 1919 2354 1991 αὑτῶ,
2415 1921 2581 1974 ὁπότε
2621 1919 2786 1975 αὐτοῦ
2837 1922 2930 1992 μὲν
2983 1922 3073 1976 τὸν
3106 1921 3270 1996 ἀγρὸν
3308 1922 3496 1982 αὐταῖς
3545 1919 3684 1993 λέγει
3715 1943 3832 2000 φω-

2183 2015 2322 2072 ναῖς,
2355 2010 2464 2082 οὐχ
2504 2009 2662 2079 απαξ,
2696 2007 2840 2063 ἀλλὰ
2887 2009 2978 2064 καὶ
3023 2007 3128 2077 δὶς,
3161 2009 3297 2063 εἶναι
3340 2005 3395 2062 δὲ
3435 2008 3526 2062 τὸν
3550 2007 3710 2082 ἀγρὸν
3738 2009 3828 2062 τὸν

2184 2098 2412 2171 κόσμον,
2444 2100 2538 2153 τὸν
2570 2097 2627 2153 δὲ
2657 2099 2862 2170 κόσμον
2892 2103 3078 2174 ῶσπερ
3136 2099 3303 2174 ἂγρὸν
3353 2097 3539 2168 αὐτοῦ,
3573 2097 3710 2152 οὕτω
3737 2099 3826 2153 καὶ

2188 2182 2468 2265 βασιλείαν
2507 2197 2712 2261 aid-:05;
2757 2193 3141 2249 Ἀναπτύσσων
3189 2192 3292 2267 γὰρ
3335 2193 3436 2260 τήν
3487 2185 3825 2264 παραϐολὴν,

2183 2279 2244 2334 Ὁ
2307 2277 2534 2351 σπείρων
2598 2281 2658 2332 τὸ
2733 2277 2901 2334 καλὸν
3005 2280 3244 2354 σπέρμα,
3331 2277 3520 2354 φησὶν,
3586 2277 3724 2333 ἐστὶν
3798 2276 3827 2331 6

2182 2367 2303 2428 Υἱὸς
2360 2371 2458 2421 τοῦ
2520 2367 2831 2441 ἀνθρώπου,
2889 2370 2916 2422 6
2976 2366 3033 2423 δὲ
3087 2367 3254 2442 ἀγρός
3311 2366 3453 2422 ἐστιν
3523 2370 3551 2420 6
3603 2365 3825 2439 κόσμος.

2179 2456 2249 2508 Τὸ
2307 2451 2364 2509 δὲ
2414 2454 2582 2510 καλὸν
2656 2458 2896 2530 σπέρμα,
2938 2457 3090 2512 οὗτοί
3129 2456 3259 2512 εἰσιν
3317 2457 3371 2511 οἱ
3435 2456 3547 2510 υἱοὶ
3602 2462 3700 2524 τῆς
3729 2456 3830 2528 βα-

2180 2541 2406 2605 σιλείας’
2466 2545 2532 2598 τὰ
2591 2546 2648 2600 δὲ
2707 2546 2920 2614 ζιζάνιά
2969 2547 3100 2600 εἰσιν
3147 2546 3200 2600 οἱ
3249 2545 3355 2599 υἱοί
3396 2548 3493 2599 τοῦ
3533 2547 3780 2617 Πονηροῦ
3812 2561 3825 2574 ·

2177 2631 2204 2685 6
2255 2629 2310 2685 δὲ
2368 2631 2560 2707 ἐχθρὸς
2621 2635 2647 2687 6
2707 2634 2939 2706 σπείρων
2999 2633 3155 2703 αὐτὰ,
3221 2631 3362 2688 ἐστὶν
3428 2633 3456 2686 6
3543 2627 3828 2694 διάϐολος.

2173 2722 2413 2783 Ἀκούεις
2457 2725 2567 2786 πῶς
2613 2723 2701 2776 τὸν
2759 2724 2964 2795 κόσμον
3029 2723 3120 2794 μὲν
3180 2723 3346 2776 αὐτοῦ
3405 2719 3570 2797 λέγει,
3625 2722 3714 2776 καὶ
3769 2722 3832 2776 τὸ

2176 2812 2390 2884 σπέρςια
2421 2811 2586 2866 αὐτοῦ
2616 2810 2743 2874 τοὺς
2788 2811 2841 2866 ἐν
2891 2813 3065 2883 αὐτῷ,
3105 2811 3194 2872 οὓς
3229 2811 3326 2865 καὶ
3367 2810 3516 2873 υἱοὺς
3545 2817 3644 2878 τῆς
3687 2811 3834 2883 βασι-

2174 2898 2322 2960 λείας
2383 2901 2554 2975 λὲγει,
2593 2901 2760 2972 μόνην
2821 2899 2879 2956 δὲ
2925 2903 3023 2969 τήν
3070 2906 3176 2954 τῶν
3229 2899 3481 2970 ζιζανίων
3529 2898 3826 2973 ἐπισπορᾶν

2181 2988 2254 3050 είς
2293 2991 2383 3045 τὸν
2417 2992 2643 3064 Ἐχθρὸν
2669 2992 3014 3063 ἀποπέμπεις
3041 3009 3054 3048 :
3079 2989 3238 3046 Ἀλλ’
3270 2989 3562 3059 ἐπίστησον
3583 2994 3699 3050 τοῖς
3729 2987 3832 3043 λο-

2182 3085 2402 3154 γισμοῖς
2460 3077 2512 3133 εἷ’
2563 3101 2614 3134 τι
2665 3077 2922 3153 λείψανον
2967 3087 3066 3149 τῆς
3115 3085 3212 3135 τοῦ
3260 3078 3509 3134 Πλάστου
3553 3079 3737 3154 χειρὸς
3782 3078 3838 3133 ἐν

426 3180 716 3240 crescunt,
740 3175 827 3231 vel
859 3175 1002 3230 serit
1044 3190 1110 3230 ea
1144 3175 1346 3241 Malus,
1387 3175 1473 3231 vel
1504 3175 1848 3232 olfendicula
1879 3176 2066 3232 locum

2186 3138 2361 3240 ἑαυτῷ
2391 3138 2398 3140 ὴ
2428 3138 2880 3243 περιφὲρεις.¹Ἐν
2931 3138 3196 3243 γὰρἾτοῖς
3262 3138 3841 3244 ἒπομένοιςηπιεριφα-

425 3264 662 3331 habent,
694 3270 760 3320 ut
789 3280 856 3318 ex
886 3280 951 3319 eo
1000 3265 1187 3333 angeli
1220 3264 1347 3319 Filii
1371 3263 1622 3320 hominis
1652 3266 1766 3321 ista
1799 3267 2071 3337 colligere

423 3354 655 3408 valeant
685 3370 699 3408 :
735 3353 887 3407 sicut
942 3357 998 3406 et
1048 3357 1179 3423 post
1208 3352 1420 3408 factam
1467 3353 1639 3409 istam
1672 3354 2067 3412 collectionem

423 3441 637 3495 zizania
657 3440 716 3495 in
751 3442 1041 3495 fornacem
1075 3440 1230 3512 ignis
1278 3441 1686 3511 conjiciantur.
1721 3444 1883 3498 Tunc
1933 3461 2067 3499 vero

423 3534 481 3582 et
513 3528 660 3598 justi
695 3527 754 3582 in
797 3542 975 3598 regno
1028 3527 1207 3583 Patris
1237 3528 1328 3583 sui
1381 3528 1660 3583 lucebunt
1691 3529 1870 3586 instar
1901 3533 2065 3588 solis.

423 3615 570 3681 Quid
602 3615 694 3672 his
718 3615 944 3670 Domini
965 3615 1205 3670 vocibus
1227 3615 1364 3671 hinc
1388 3617 1456 3670 ad
1491 3617 1932 3688 deprimendum
1968 3621 2070 3675 de-

421 3705 698 3758 fectorum
733 3702 1116 3774 impietatem,
1143 3704 1275 3758 hinc
1302 3705 1370 3760 ad
1395 3705 1822 3776 provehendam
1857 3714 1914 3763 et
1940 3726 2066 3764 am-

420 3792 793 3864 pliﬁcandam
827 3791 1096 3863 pietatem
1140 3792 1427 3849 illustrius
1456 3803 1553 3850 aut
1597 3796 1890 3853 efﬁcacius
1943 3815 2068 3854 esse

417 3882 655 3954 potest?
685 3886 772 3936 Eas
794 3880 950 3936 enim
976 3883 1280 3953 mundum,
1303 3889 1358 3939 et
1381 3900 1506 3955 qua:
1531 3885 1587 3939 in
1611 3901 1678 3940 eo
1709 3891 1866 3954 sunt,
1900 3887 2065 3943 Chri-

416 3972 492 4026 sti
520 3979 571 4025 et
603 3970 925 4026 Servatoris
949 3989 963 4038 ;
989 3969 1181 4043 ipsum
1216 3979 1409 4028 autem
1437 3973 1749 4029 Dominum
1775 3982 1831 4030 et
1855 3975 2064 4045 Regem

417 4061 694 4130 universi,
729 4067 794 4116 ut
848 4060 908 4115 in
963 4061 1150 4117 futuro
1184 4062 1265 4117 ita
1312 4062 1371 4116 in
1406 4070 1670 4132 praesenti
1715 4081 1890 4136 regno
1939 4082 2067 4121 esse

417 4152 757 4222 praedicant.
792 4151 937 4213 Quid
972 4167 1104 4205 vero
1137 4152 1409 4206 homines
1442 4156 1629 4224 magis
1662 4171 1860 4215 sensu.
1885 4171 2062 4224 quam

416 4241 545 4309 ipsa
583 4239 929 4304 inanimata,
962 4239 1233 4292 destituti
1285 4255 1410 4292 esse
1459 4242 1699 4308 cupiunt
1727 4243 1755 4293 ?
1802 4244 2063 4310 quando-

415 4324 652 4395 quidem
680 4325 763 4379 eol
799 4331 855 4378 et
887 4333 1035 4378 terra
1067 4331 1123 4378 et
1155 4332 1348 4394 petrae,
1377 4326 1432 4378 in
1464 4334 1752 4396 quantum
1787 4345 1918 4381 cum
1953 4329 2066 4383 Do-

419 4412 577 4468 mino
609 4413 934 4483 patiuntur,
968 4412 1365 4481 principatum
1397 4413 1524 4481 ejus
1549 4415 1776 4484 publice
1806 4417 2061 4473 edicunt.

2180 4421 2363 4490 ρωνῶν
2422 4415 2802 4492 λαμπρότερον
2861 4423 2895 4491 ἢ
2957 4418 3346 4496 δυνατώτερον,

417 4503 487 4557 At
525 4501 656 4556 illos
716 4516 787 4554 ne
843 4504 967 4554 tum
1020 4499 1256 4570 quidem
1309 4502 1502 4572 pudet,
1547 4518 1680 4557 cum
1721 4504 2060 4574 impruden-

417 4591 553 4646 tiam
586 4605 752 4643 suam
783 4588 854 4642 ab
895 4587 967 4644 iis
998 4587 1196 4644 vident
1227 4588 1584 4661 castigatam.
1616 4593 1655 4646 A
1687 4601 1852 4648 sexta
1891 4597 2056 4663 enim,

420 4677 629 4748 inquit,
663 4678 797 4733 hora
838 4693 1007 4749 usque
1035 4679 1109 4733 ad
1132 4695 1340 4734 nonam
1369 4680 1608 4736 tenebrae
1637 4683 1804 4750 factae
1831 4688 1980 4752 sunt,
2014 4693 2062 4740 et

420 4776 568 4822 terra
590 4772 854 4824 commota
884 4776 981 4836 est,
1005 4776 1057 4824 et
1085 4775 1260 4840 petrw
1289 4771 1466 4824 scissa
1495 4779 1621 4826 sunt
1643 4769 1709 4826 6‘.
1743 4773 1876 4838 Quae
1909 4773 2064 4829 enim

419 4857 573 4911 inter
593 4861 916 4912 creaturam
937 4860 1150 4914 malam
1167 4864 1223 4914 et
1245 4858 1606 4916 Dominicam
1635 4863 2066 4934 perpessionem

419 4945 750 5003 communio
769 4951 870 5001 aut
886 4948 1317 5004 commiseratio
1335 4951 1636 5006 intercedit
1655 4954 1683 5005 ?
1699 4953 1842 5008 Nam
1859 4970 2066 5010 secun-

419 5038 560 5092 dum
585 5036 899 5106 impiorum
925 5035 1152 5093 illorum
1179 5040 1390 5110 placita
1419 5045 1631 5096 terram
1656 5043 1954 5112 superbire
1971 5045 2065 5098 de-

419 5126 583 5182 cebat
603 5130 660 5180 et
673 5125 982 5196 splendido
999 5126 1199 5182 habitu
1215 5127 1881 5202 indui,quandoquidem
1908 5133 2068 5189 vide-

419 5215 517 5272 bat
544 5230 699 5282 eum,
723 5214 820 5285 qui
845 5215 1132 5270 conditori
1154 5233 1260 5272 suo
1288 5219 1602 5287 perniciem
1625 5218 1902 5276 allaturus
1924 5230 2066 5291 erat,

418 5305 596 5360 tantis
645 5303 1001 5360 cruciatibus
1047 5306 1278 5376 exponi.
1303 5307 1605 5370 Quomodo
1631 5325 1764 5365 vero
1798 5314 1929 5382 post
1976 5328 2064 5366 re-

419 5392 859 5461 surrectionem,
894 5411 1024 5448 cum
1055 5397 1316 5451 nondum
1350 5396 1408 5452 in
1439 5397 1628 5454 Patris
1657 5400 1875 5468 sinum,
1896 5417 2066 5472 quem

422 5497 722 5552 nunquam
747 5481 1101 5548 deseruerat,
1137 5484 1426 5554 rediisset,
1455 5503 1486 5543 a
1517 5490 1686 5544 Patre
1715 5493 1937 5562 accepit
1963 5507 2069 5563 po-

2181 3264 2286 3320 νῶς
2343 3258 2506 3314 αὐτοῦ
2567 3259 2847 3333 βασιλείαν
2893 3257 3252 3333 ἀνακηρύττει
3284 3259 3375 3313 τὸν
3404 3258 3632 3330 κόσμον.
3665 3261 3790 3319 Πῶς
3817 3276 3834 3325 ;

2181 3349 2266 3402 Ἐν
2322 3349 2392 3418 τῇ
2434 3347 2741 3420 συντελείᾳ,
2785 3347 2938 3426 φησὶ,
2976 3352 3072 3403 τοῦ
3150 3347 3340 3410 αἰῶνος
3411 3346 3635 3415 τούτου,
3702 3345 3836 3402 ἀλλ’

2179 3436 2306 3510 οὐχὶ
2355 3441 2450 3489 νοῦ
2508 3435 2829 3510 μέλλοντος,
2862 3435 3149 3491 ἀποστελεῖ
3200 3437 3228 3490 6
3259 3436 3382 3498 Υἱὸς
3411 3439 3508 3491 τοῦ
3539 3434 3836 3509 ανθρώπου

2178 3526 2302 3587 τοὺς
2359 3527 2622 3604 ἂγγὲλους
2656 3528 2843 3596 αὐτοῦ,
2883 3529 2970 3582 καὶ
3023 3526 3372 3596 συλλέξουσιν
3421 3527 3481 3582 ἐκ
3529 3535 3629 3598 τῆς
3677 3527 3838 3600 βασι-

2179 3613 2330 3676 λείας
2372 3617 2558 3682 αὑτοῦ,
2592 3614 2852 3685 δηλονότι
2882 3621 2980 3672 τοῦ
3018 3615 3285 3690 παρόντος
3325 3615 3536 3689 κόσμου
3570 3617 3634 3671 τὰ
3667 3615 3840 3670 σκάν-

2178 3700 2333 3758 δαλα.
2387 3703 2458 3758 Οὐ
2506 3705 2606 3780 γὰρ
2657 3703 2708 3758 ἐν
2761 3710 2826 3778 τῇ
2880 3703 3161 3780 μελλούσῃ
3202 3705 3292 3760 καὶ
3344 3703 3845 3776 ἀτελευτήτῳ,οὗ-

2180 3797 2371 3863 μενοῦν
2424 3789 2545 3848 οὔτε
2606 3793 2815 3862 ζιζάνια
2864 3794 3073 3870 φύεται,
3124 3792 3246 3848 οὔτε
3319 3798 3483 3848 ταῦτα
3551 3793 3757 3867 σπείρει
3807 3795 3842 3849 ὃ

2179 3883 2445 3958 Πονηρὸς,
2487 3881 2609 3938 οὔτε
2667 3883 2976 3939 συνίσταται
3026 3881 3321 3955 σκάνδαλα,
3368 3881 3462 3938 ’ίνα
3520 3884 3578 3938 ἐκ
3625 3883 3844 3955 ταύτης

2177 3973 2228 4026 οἱ
2260 3971 2486 4050 ἄγγελοι
2519 3978 2614 4028 τοῦ
2658 3975 2786 4027 Υἱοῦ
2822 3978 2922 4027 τοῦ
2967 3973 3254 4048 ἀνθρώπου
3303 3971 3631 4043 συλῖ¹ἐξωσιν
3667 3969 3850 4028 αὕτά-

2176 4060 2290 4115 ἐπεὶ
2339 4062 2424 4116 καὶ
2477 4063 2610 4134 μετά
2654 4063 2752 4130 τήν
2805 4062 2863 4116 ἐκ
2907 4067 3014 4117 τῶν
3063 4061 3287 4116 ἐνταῦθα
3334 4060 3611 4137 συλλογὴν
3659 4065 3853 4118 ταῦτα.

2180 4152 2271 4223 μὲν
2324 4152 2398 4212 εἱς
2444 4153 2544 4220 τήν
2585 4152 2814 4223 κάμινον
2860 4155 2956 4206 τοῦ
2999 4151 3169 4226 πυρὸς
3224 4150 3542 4223 βάλλονται.
3587 4150 3727 4207 Τότε
3779 4150 3854 4208 δὲ

2173 4241 2261 4294 καὶ
2321 4241 2370 4294 οἰ
2431 4239 2629 4296 δίκαιοι
2681 4241 2732 4295 ἐν
2785 4247 2852 4316 τῇ
2925 4242 3173 4318 βασιλείᾳ
3232 4247 3328 4298 τοῦ
3387 4243 3596 4317 Πατρὸς
3651 4241 3850 4300 αὐτῶν

2175 4327 2550 4400 ἐκλάμπουσι-ι
2599 4332 2675 4392 ὡς
2731 4333 2758 4385 6
2815 4330 3001 4401 ἥλιος,
3034 4332 3092 4387 Τί
3146 4331 3354 4386 τούτων
3405 4336 3511 4386 τῶν
3548 4335 3850 4401 Κυριακιῖν

3414 4419 3660 4475 καθελεῖν
3739 4421 3848 4492 μὲν

2170 4507 2268 4574 τήν
2327 4506 2679 4577 ἀποστασίαν,
2741 4510 2946 4583 ὑψῶσαι
3007 4507 3063 4564 δὲ
3109 4510 3200 4564 καὶ
3245 4513 3501 4585 κρατῦναι
3547 4511 3645 4577 τὴν
3677 4507 3854 4564 $656-

2172 4589 2360 4668 ϐειανς
2395 4594 2464 4652 δι’
2507 4599 2578 4652 ὧν
2627 4600 2716 4653 τὸν
2776 4599 2981 4672 κόσμον
3036 4600 3128 4654 καὶ
3165 4601 3233 4656 ea
3279 4599 3328 4654 ἓν
3372 4599 3517 4670 αύτῷ
3567 4601 3663 4654 τοῦ
3695 4601 3856 4673 Χρι-

2171 4690 2298 4740 στοῦ
2353 4685 2443 4740 καί
2505 4691 2760 4764 Σωτῆρος
2809 4691 2971 4761 ἡμῶν
3023 4689 3474 4763 ἀνακηρύττουσι·
3555 4687 3858 4759 Δεσπότην

2173 4772 2229 4828 δὲ
2284 4774 2373 4828 καὶ
2434 4775 2665 4831 Βασιλέα
2710 4781 2808 4831 τοῦ
2850 4779 3053 4840 παντὸς
3107 4780 3289 4854 ὥσπερ
3340 4785 3443 4848 τῆς
3509 4775 3859 4850 μελλούσης

2173 4864 2316 4919 οὕτω
2364 4865 2453 4919 καὶ
2502 4870 2600 4931 τῆς
2650 4866 2930 4941 παρούσης
2986 4867 3374 4944 ἀναγορεύουσι
3427 4865 3734 4943 βασιλείας.
3771 4860 3864 4924 Τί

2175 4951 2230 5008 δὲ
2287 4953 2656 5034 φιλονεικοῦσι
2711 4960 2817 5010 τῶν
2867 4955 3099 5032 ἀψύχων
3155 4958 3400 5033 γενέσθαι
3447 4955 3870 5024 ἀναισθητότεο

2175 5063 2258 5115 ροι
2291 5065 2305 5114 ;
2339 5043 2536 5098 ὁπόταν
2569 5043 2730 5113 ἥλιος
2763 5047 2882 5118 μὲν,
2922 5049 3009 5101 καὶ
3052 5050 3149 5123 γῆ,
3179 5047 3267 5100 καὶ
3298 5046 3512 5120 πέτραι,
3545 5043 3616 5100 δι’
3648 5044 3730 5098 ὧν
3765 5049 3874 5118 τῷ

2175 5137 2484 5205 Δεσποτικῷ
2536 5133 2868 5210 συνέπασχον
2925 5135 3105 5205 πάθει,
3164 5137 3263 5204 τήν
3315 5134 3484 5190 αὐτοῦ
3517 5131 3874 5190 δεσποτείαν

2173 5222 2523 5294 κηρύττουσι,
2579 5222 2733 5279 οὗτοι
2785 5223 2842 5280 δὲ
2885 5225 3143 5282 κάκείνων
3207 5227 3305 5296 τὴν
3387 5223 3573 5281 ἄνοιαν
3649 5223 3881 5282 αὐτῶν

2174 5311 2518 5388 ἐλεγχόντων
2574 5312 2672 5369 οιῖκ
2727 5313 3102 5392 αἰσχύνονται.
3160 5317 3295 5374 Ἀπὸ
3354 5317 3458 5391 γὰρ
3507 5320 3606 5384 τῆς
3638 5307 3876 5384 ἕκτης,

2174 5402 2359 5478 φησὶν,
2414 5402 2556 5476 ὥρας
2623 5397 2724 5466 ἕως
2792 5404 3012 5476 ἐννάτης
3081 5406 3274 5470 σκότος
3357 5403 3592 5480 ἐγένετο,
3638 5400 3742 5457 καὶ
3819 5405 3875 5475 ἠ

2175 5498 2243 5568 γῇ
2307 5489 2544 5566 ἐσείσθη,
2602 5493 2691 5547 καὶ
2740 5493 2793 5548 αἶ
2854 5496 3046 5572 πέτραι
3121 5493 3475 5571 ἐσχίσθησαν.
3559 5491 3656 5555 Τίς
3727 5492 3873 5571 γὰρ

493 5671 540 5711 ⁸ο
569 5672 770 5732 Matth.
812 5689 916 5746 vn,
951 5674 1035 5731 12.
1112 5675 1156 5714 σί
1189 5675 1338 5734 Ibid.
1414 5676 1461 5712 θ’
1487 5677 1690 5738 Matth.
1722 5696 1845 5756 xm,
1876 5683 1965 5742 38.
2043 5685 2066 5720 ⁶

2181 5685 2326 5745 atth.
2360 5703 2509 5758 xxiv,
2537 5687 2624 5744 31.
2702 5687 2749 5724 ⁶⁴
2781 5689 2980 5748 Matth.
3015 5691 3107 5761 27,
3137 5691 3227 5747 45.
