4074 6208
256 426 379 486 113

1372 427 1678 490 CONTRA
1730 427 2211 491 MANICHIEOS
2257 427 2487 489 LIBER
2529 429 2605 490 Il.

2161 0 2574 8 -τ-..η--ν-π,
2575 0 2618 4 ν-
2653 0 2686 6 ,ν
2715 0 2814 12 ν-ηὟ
2839 0 3566 17 νςπε--ῖ-ῌ.
3565 3 3640 18 -ν-.,

3563 437 3682 498 114

249 558 515 617 κοινωνία
564 559 602 628 ἤ
657 557 964 634 συμπάθεια
1005 566 1252 638 πονηροῦ
1300 561 1625 636 πλάσματος
1673 566 1764 620 καὶ
1822 573 1899 621 Δε-

2037 572 2298 623 testatem
2333 567 2390 622 in
2423 566 2630 623 coelum
2655 573 2712 624 et
2742 572 3257 644 terram,quorum,
3289 575 3388 648 qui
3421 575 3679 649 dederat,

251 657 520 706 σποτικοῦ
565 653 813 722 πάθους;
863 657 1072 730 Ἐχρῆν
1121 659 1226 730 γάρ
1281 655 1496 728 μᾶλλον
1537 659 1683 726 ὅσον,
1715 658 1801 713 ἐπὶ
1845 663 1924 730 τῷ

251 747 366 797 τῶν
423 737 633 796 ἀσεϐῶν
690 739 950 816 δόγματι,
998 743 1406 818 λαμπρύνεσθαί
1455 767 1514 801 τε
1562 747 1651 801 καὶ
1713 749 1918 819 κόσμον

257 826 689 904 περιὸάλλεσθαι
751 831 978 905 μεῖζοοά
1024 852 1083 887 τε
1143 833 1232 887 καὶ
1307 834 1783 911 περιφανέστερον,
1843 835 1921 914 ἐφ’

259 922 305 992 ᾧ
358 921 450 974 τὸν
500 919 750 975 καθελεῖν
809 921 1218 996 παραγεγονότα
1273 923 1364 978 τὸν
1429 921 1678 993 πλάστην
1744 924 1920 979 αὐτῶν

251 1010 583 1081 τηλικοῦτον
649 1011 824 1072 πάθος
895 1007 1125 1068 ἔϐλεπον
1205 1013 1579 1091 ὑφιστάμενον.
1659 1019 1781 1078 Πῶς
1865 1012 1922 1070 δὲ

252 1099 387 1172 μετὰ
431 1099 540 1167 τὴν
587 1099 875 1154 ἀνάστασιν
918 1100 1037 1173 μὲν,
1089 1097 1247 1154 οὔπω
1297 1097 1354 1156 δὲ
1395 1101 1530 1177 πρὸς
1559 1101 1686 1164 τοὺς
1721 1123 1921 1176 πατρι-

246 1187 374 1248 κοὺς
429 1192 461 1241 ὸ
516 1183 800 1258 μηδέποτε
845 1188 1072 1250 τούτους
1124 1187 1299 1244 λιπὼν
1364 1189 1606 1247 ἀνελθὼν
1653 1189 1916 1263 κόλπους,

247 1276 392 1349 παρᾶ
443 1281 546 1331 τοῦ
599 1278 808 1350 Πατρὸς
856 1279 954 1346 τήν
1007 1276 1245 1348 ἐξουσίαν
1294 1273 1558 1352 λαμϐάνει
1592 1278 1688 1334 τοῦ
1735 1301 1790 1336 τε
1823 1280 1916 1336 ού-

245 1370 418 1432 ρανοῦ
449 1366 543 1419 καὶ
577 1373 678 1435 τῆς
702 1369 830 1442 γῆς,
877 1366 952 1420 ὢν
986 1365 1084 1422 ούκ
1106 1369 1174 1436 ἦν
1208 1368 1406 1442 Κύριος
1440 1370 1468 1422 ὁ
1501 1366 1722 1438 διδοὺςς
1761 1369 1916 1425 Οὕτω

244 1455 348 1532 γὰρ
399 1457 437 1525 ἡ
495 1456 776 1530 θεομάχος
833 1455 1057 1530 γλῶσσα
1127 1453 1423 1530 δυσφημεῖ.
1485 1458 1634 1513 Ἐπεὶ
1693 1459 1915 1521 τούτοις

241 1543 298 1600 δὲ
329 1545 378 1600 εί
423 1546 594 1620 ἀγροὶ
624 1544 714 1600 καί
753 1545 923 1600 οἰκίαι
969 1553 1070 1616 τῆς
1111 1548 1299 1626 χειρός
1353 1549 1453 1603 εἱσι
1503 1552 1600 1603 τοῦ
1633 1554 1908 1622 Πονηροῦ,

245 1639 366 1697 πῶς
395 1637 426 1688 ὀ
497 1633 701 1712 ἂγαθὸς
749 1635 880 1697 Θεὸς
927 1636 956 1690 ὁ
1007 1638 1204 1712 Σωτὴρ
1245 1639 1404 1708 ἡμῶν
1454 1643 1570 1701 τοῖς
1615 1639 1912 1713 προθύμως

239 1722 688 1792 ἠκολουθηκόσιν
732 1723 879 1796 αύτῷ
927 1723 1062 1797 μετὰ
1107 1728 1215 1778 τῶν
1266 1724 1500 1780 αἰωνίων
1560 1725 1766 1804 ἀγροὺς
1820 1727 1911 1782 καὶ

241 1811 428 1873 οἰκίας
478 1811 876 1887 ἐπαγγέλλεται
927 1819 1252 1892 παρασχεῖν,
1284 1815 1315 1869 ἃ
1355 1814 1534 1893 φαῦλά
1571 1817 1626 1872 τέ
1676 1817 1907 1872 ἐστικαὶ

2035 671 2148 710 non
2181 655 2500 711 exsistebat
2530 655 2814 712 Dominus
2834 657 2861 712 ‘2
2891 662 2976 715 Ita
3006 660 3160 716 enim
3197 661 3394 733 lingua
3425 663 3540 720 Deo
3569 666 3683 720 ad-

2032 760 2200 800 versa
2251 743 2565 801 maledicit.
2602 747 2844 818 Insuper
2889 765 3023 804 vero
3074 751 3120 804 si
3154 753 3278 822 agri
3309 759 3366 807 et
3406 753 3616 809 domus
3647 771 3680 810 a

2034 850 2213 888 manu
2265 833 2401 889 Mali
2453 835 2921 906 proﬁciscuntur,
2958 842 3249 910 quomodo
3293 841 3482 896 bonus
3503 842 3674 911 Deus,

2031 923 2294 978 Servator
2327 929 2542 993 noster,
2575 924 2815 980 asseclis
2853 927 2972 981 suis
3007 934 3208 998 prater
3256 935 3470 986 aeterna
3529 933 3679 988 bona

2031 1017 2085 1067 et
2106 1027 2277 1082 agros
2307 1016 2364 1066 et
2393 1013 2598 1067 domos
2621 1013 3014 1069 exhibiturum
3048 1033 3108 1072 se
3132 1017 3676 1091 pollicetur,quippe

2031 1117 2154 1171 quae
2187 1106 2244 1156 et
2276 1101 2428 1156 mala
2459 1107 2616 1170 sunt,
2642 1108 2698 1158 et
2721 1103 2856 1158 mali
2883 1105 3221 1174 conditoris,
3241 1112 3297 1162 et
3320 1107 3378 1162 in
3403 1124 3526 1180 quae
3548 1109 3674 1179 ipse

2029 1196 2371 1260 potestatem
2407 1207 2518 1246 non
2555 1192 2724 1247 habet
2770 1192 2856 1247 vel
2909 1195 3242 1264 possidendi
3289 1213 3376 1264 ea,
3409 1196 3496 1253 vel
3539 1199 3669 1254 aliis

2027 1279 2386 1334 exhibendi?
2417 1282 2716 1346 Quomodo
2741 1297 2871 1336 vero
2899 1282 2985 1337 fas
3017 1289 3158 1350 erat,
3201 1300 3288 1354 ea,
3322 1302 3447 1355 quas
3484 1286 3670 1341 hostis

2026 1377 2186 1438 sunt,
2222 1370 2441 1440 praemii
2466 1369 2590 1424 loco
2613 1372 2749 1424 dare
2783 1371 2850 1424 iis
2892 1372 2993 1442 qui
3041 1373 3238 1428 omnia
3283 1375 3669 1445 reliquerant,

2025 1465 2081 1516 et
2111 1461 2302 1532 ipsum
2337 1460 2521 1516 secuti
2554 1465 2738 1526 erant,
2759 1467 2813 1516 ct
2835 1461 2982 1518 inter
3005 1463 3239 1532 praemia
3263 1464 3361 1519 illa
3383 1470 3666 1520 aeternam

2025 1566 2258 1623 quoque
2290 1550 2463 1605 vitam
2497 1553 2981 1622 reponere,atque
2999 1551 3142 1606 adeo
3166 1551 3318 1607 mala
3341 1570 3472 1609 cum
3497 1554 3667 1611 bonis
3739 1619 3744 1621 _

2023 1639 2396 1710 conjungere,
2421 1647 2474 1694 et
2519 1639 2850 1696 accessione
2892 1639 3028 1696 mali
3062 1639 3388 1698 diminuere
3417 1643 3475 1698 id
3509 1644 3664 1714 quod

2022 1728 2146 1784 sine
2192 1727 2291 1783 illa
2340 1728 2672 1783 accessione
2725 1729 3009 1785 donorum
3063 1729 3330 1785 omnium
3363 1735 3486 1786 erat
3515 1747 3664 1803 prea-

2021 1817 2448 1873 slantissimum
2471 1818 2499 1872 ?
2518 1817 2812 1881 Quomodo
2840 1834 3010 1873 verus
3031 1818 3210 1874 etiam
3234 1821 3502 1875 Servator
3528 1836 3662 1876 nos-

597 1873 643 1887 II
1005 1873 1014 1887 Ι
1113 1873 1151 1892 Il.
1235 1873 1250 1884 ¹
1367 1873 1378 1893 δ

245 1901 473 1974 φαύλου
517 1905 770 1973 ποιητοῦ,
829 1904 917 1957 καὶ
961 1904 1034 1957 ὧν
1083 1901 1207 1958 οὔτε
1257 1903 1453 1978 Κύριος
1502 1905 1663 1967 αὐτὸς
1735 1899 1899 1981 ἔχειν,

2017 1911 2104 1963 ter
2135 1873 2834 1978 depreceptislegalibus
2857 1908 3223 1980 interrogans
3242 1873 3496 1978 primum
3520 1873 3663 1965 dixit

249 1989 387 2045 οὕτε
417 1989 603 2051 ἄλλοις
629 1997 961 2070 παρασχεῖν;
994 1991 1052 2046 Τί
1095 1990 1152 2047 δὲ
1195 1993 1284 2048 καὶ
1330 1993 1405 2056 εἷς
1441 1995 1630 2067 μισθὸν
1673 1992 1777 2050 ἔδει
1811 1996 1905 2073 φὲ-

240 2099 370 2154 ρειν
402 2080 469 2135 τὰ
497 2083 588 2134 τοῦ
619 2082 852 2156 Ἐχθροῦ
883 2086 998 2144 τοῖς
1029 2082 1202 2137 πάντα
1234 2080 1487 2138 λιποῦσιν
1521 2084 1608 2138 καὶ
1673 2082 1906 2140 ἀκολου-

240 2170 482 2239 θήσασιν
537 2169 706 2242 αὐτῷ,
751 2173 840 2225 καί
893 2166 1435 2244 συμπεριλαμϐάνειν
1491 2173 1678 2236 αὐτοῖς
1726 2171 1780 2228 ἐν
1826 2175 1904 2247 τῷ

233 2255 428 2332 δώρῳ,
490 2261 580 2312 καὶ
636 2260 736 2328 τήν
795 2259 1014 2314 αἰώνιον
1086 2261 1231 2330 ζωὴν
1317 2261 1541 2335 ἀγαθοῖς
1619 2262 1900 2318 συνάπτειν

241 2347 451 2421 οαυλα,
483 2348 574 2402 καὶ
609 2345 698 2402 διά
737 2355 840 2416 τῆς
893 2351 1211 2423 προσθήκης
1249 2354 1346 2405 τοῦ
1383 2353 1636 2426 χείρονος
1688 2347 1904 2426 ἐνυϐρί-

241 2443 353 2507 ζειν
381 2436 474 2491 καὶ
505 2437 534 2490 ’ὁ
569 2437 629 2491 ἂν
657 2438 724 2506 ἧν
756 2438 930 2514 χωρίς
958 2445 1058 2509 τῆς
1089 2442 1409 2514 προσθήκης
1459 2439 1760 2497 κάλλιστον
1793 2446 1902 2496 τῶν

238 2522 436 2598 δώρων
464 2552 482 2595 ς
515 2529 640 2588 Ηῶς
691 2523 748 2582 δὲ
795 2527 961 2582 πάλιν
1011 2527 1426 2602 ἐρωτησάμενος
1475 2531 1502 2585 ὁ
1547 2532 1738 2605 Σωτὴρ
1771 2530 1898 2606 περὶ

235 2620 351 2669 τῶν
405 2620 652 2687 νομικῶν
705 2614 944 2672 ἐντολῶν
1004 2619 1230 2692 πρώτην
1292 2619 1386 2692 μὲν
1470 2620 1604 2674 εἶναι
1689 2641 1849 2698 φησιν
1883 2662 1896 2678 .

235 2707 464 2772 υΑκουε,
526 2703 772 2779 Ἰσραήλ·
837 2705 1032 2780 Κύριος
1094 2708 1122 2762 ὁ
1183 2707 1312 2770 Θεός
1371 2729 1465 2763 σου
1535 2710 1734 2784 Κύριος
1823 2713 1901 2774 εἷς

231 2794 380 2850 ἔστι.
443 2794 553 2850 Καὶ
641 2793 943 2868 ἆγαπησεις
1020 2794 1213 2867 Κύριον
1298 2797 1391 2851 τὸν
1460 2797 1588 2853 Θεόν
1671 2818 1765 2852 σου
1850 2796 1899 2867 ἐξ

231 2879 378 2950 ὅλης
439 2887 544 2950 τῆς
612 2878 838 2956 καρδίας
896 2903 1018 2952 σου,
1077 2883 1166 2937 καὶ
1234 2882 1285 2954 ἐξ
1344 2883 1483 2955 ὅλης
1541 2891 1640 2954 τῆς
1711 2887 1898 2960 ψυχῆς

231 2989 356 3032 σου,
418 2969 515 3023 καὶ
568 2968 623 3041 ἐξ
672 2970 810 3038 ὅλης
863 2977 963 3039 τῆς
1022 2970 1211 3046 ἰσχύος
1279 2992 1396 3041 σου,
1455 2973 1543 3027 καὶ
1620 2972 1669 3046 ἐξ
1757 2973 1894 3044 ὅλης

229 3065 330 3126 τῆς
379 3055 624 3121 διανοίας
676 3079 814 3126 σου;
843 3059 1100 3134 Δευτέραν
1157 3058 1234 3130 δέ,
1284 3060 1351 3131 ἦν
1383 3059 1506 3117 οὐδὲ
1552 3064 1586 3131 ἡ
1631 3061 1898 3136 ἐρώτησις

2015 2011 2168 2051 esse:
2205 1996 2553 2062 Audi,lsrael
2577 2013 2589 2051 :
2618 1997 2878 2051 Dominus
2909 1998 3048 2052 Deus
3075 2001 3200 2052 tuus
3223 1998 3487 2054 Dominus
3515 2015 3662 2054 unus

2013 2089 2109 2140 est.
2161 2086 2222 2139 Et
2270 2085 2468 2153 diliges
2514 2086 2810 2139 Dominum
2871 2086 3035 2140 Deum
3084 2095 3239 2142 tuum
3267 2103 3337 2142 ea:
3363 2092 3472 2143 toto
3499 2089 3660 2145 corde

2015 2181 2106 2229 tuo
2136 2177 2187 2229 et
2216 2177 2324 2229 tota
2355 2175 2546 2229 anima
2575 2181 2689 2240 tua,
2721 2182 2775 2228 et
2799 2189 2872 2229 ea:
2913 2175 3166 2230 omnibus
3197 2175 3411 2230 viribus
3443 2180 3574 2244 tuis,
3607 2183 3659 2233 ει

2013 2279 2081 2319 ex
2109 2262 2262 2318 omni
2300 2271 2480 2318 mente
2509 2271 2601 2317 tua
2631 2262 2697 2316 ⁸⁵.
2754 2262 3009 2317 Alterum
3049 2279 3202 2330 vero,
3226 2265 3378 2334 quod
3414 2265 3656 2336 quaestio

2013 2351 2444 2424 ne-requirebat
2465 2351 2700 2422 quidem
2734 2370 2748 2419 ;
2770 2352 2974 2423 Diliges
2993 2355 3310 2424 proximum
3333 2365 3492 2408 mum
3521 2358 3582 2409 ut
3603 2358 3656 2409 te

2011 2441 2191 2513 ipsum
2217 2441 2284 2496 ⁸⁵.
2302 2444 2498 2514 Neque
2526 2440 2583 2496 in
2608 2457 2674 2496 eo
2706 2441 3117 2512 acquievit,sed
3143 2457 3274 2496 cum
3299 2442 3656 2515 interrogan-

2010 2535 2128 2586 tem
2159 2531 2267 2586 sibi
2289 2530 2744 2587 consentientem
2768 2534 2975 2586 nactus
3006 2537 3182 2596 esset,
3208 2546 3320 2586 non
3354 2533 3551 2602 procul
3581 2535 3652 2589 ab

2009 2636 2076 2676 eo
2107 2636 2236 2676 esse
2281 2621 2424 2675 dixit
2470 2620 2570 2676 Dei
2617 2636 2877 2692 regnum.
2910 2619 3210 2683 Quomodo
3257 2625 3449 2676 autem
3498 2621 3655 2694 leges

2011 2708 2356 2776 Mosaicae,si
2387 2709 2623 2780 quidem
2653 2709 2900 2764 fuissent
2923 2708 3397 2781 hostis,primum
3421 2709 3652 2780 quidem

2011 2814 2193 2853 unum
2256 2803 2438 2853 Deum
2495 2802 2554 2854 et
2614 2799 2920 2854 Dominum
2953 2797 3104 2854 scire
3146 2814 3208 2854 se
3237 2803 3294 2854 et
3321 2814 3654 2870 agnoscere,

2007 2893 2181 2956 atque
2213 2887 2476 2942 eumdem
2501 2886 2689 2942 solum
2711 2903 2778 2942 ex
2795 2891 2916 2942 toto
2935 2888 3124 2954 corde,
3149 2891 3206 2944 et
3236 2887 3564 2958 proximum
3593 2891 3658 2944 ut

2007 2974 2303 3031 hominem
2319 2975 2514 3045 ipsum
2536 2976 2851 3031 amandum
2869 2992 2996 3032 esse
3010 2977 3455 3048 profiterentur?
3475 2976 3532 3032 Si
3551 2976 3657 3049 igi-

2009 3071 2101 3120 tur
2131 3080 2315 3121 unum
2361 3064 2542 3120 Deum
2575 3069 2633 3120 et
2662 3065 2970 3121 Dominum
3005 3066 3276 3134 praedicat
3300 3066 3503 3132 Moses,
3544 3081 3648 3121 nec

227 3146 460 3222 ἂπῄτει.
524 3149 854 3223 Ἀγαπήσεις
909 3152 1003 3204 τὸν
1059 3149 1296 3220 πλησίον
1365 3172 1461 3206 σου
1529 3152 1602 3213 ὡς
1685 3150 1890 3207 ἔαυτόν.

229 3246 266 3254 ο.
313 3240 330 3254 ἢ
417 3239 432 3254 9
519 3241 530 3254 ι
766 3239 777 3254 Ι
914 3234 939 3254 11
1105 3239 1230 3254 «κει
1360 3243 1372 3254 ο
1452 3242 1465 3254 ι
1543 3242 1557 3254 ι
1757 3248 1783 3254 μ

2009 3159 2216 3226 praeter
2246 3170 2378 3209 eum
2409 3154 2587 3209 alium
2621 3153 2731 3208 coli
2765 3153 2849 3208 vel
2881 3153 3108 3209 adorari
3154 3153 3295 3220 vult,
3332 3158 3463 3225 post
3498 3153 3645 3208 illud

229 3240 332 3295 Καὶ
373 3239 438 3294 ού
468 3241 636 3314 μέχρι
686 3239 881 3295 τούτου
913 3234 1063 3310 ἔστη,
1095 3239 1241 3296 ἀλλὰ
1287 3243 1376 3296 καὶ
1414 3242 1506 3298 τὸν
1540 3242 1896 3318 ἐπερωτῶντα

230 3332 537 3404 σύμψηφον
586 3329 758 3402 εὑρὼν
801 3330 862 3385 οὐ
916 3333 1124 3404 μακράν
1173 3333 1381 3387 ἀνεῖπεν
1429 3333 1564 3388 εἶναι
1603 3335 1702 3403 τὴν
1740 3334 1892 3401 βασι-

229 3417 381 3474 λείαν
421 3424 523 3474 τοῦ
576 3423 731 3475 Θεοῦ.
793 3423 919 3483 Πῶς
972 3421 1070 3495 γάρ
1124 3421 1178 3475 αἱ
1229 3422 1513 3478 Μωσαϊκαὶ
1552 3423 1892 3496 νομοθεσίαι,

231 3509 382 3583 εἴπερ
415 3510 558 3577 ἦσαν
618 3512 713 3562 τοῦ
771 3511 1029 3584 Ἐχθροῦ,
1086 3515 1305 3584 πρῶτον
1369 3512 1464 3585 μὲν
1519 3509 1612 3568 ἕνα
1642 3513 1772 3568 Θεὸν
1805 3513 1895 3568 καὶ

231 3596 426 3670 Κύριον
491 3597 884 3670 νομοθετοῦσιν
931 3595 1127 3652 εἰδέναι
1175 3597 1267 3654 καὶ
1325 3605 1489 3656 νοεῖν.
1527 3601 1645 3656 εἶτα
1702 3605 1893 3656 τοῦτον

233 3685 394 3757 μόνον
445 3685 657 3758 ἀγαπᾷν
707 3683 757 3754 ἐξ
790 3683 930 3756 ὅλης
978 3684 1221 3762 καρδίας,
1253 3691 1340 3742 καὶ
1392 3689 1483 3743 τὸν
1525 3688 1762 3760 πλησίον
1817 3691 1893 3753 ὡς

229 3774 415 3828 ἑαυτόν
443 3794 461 3842 ;
498 3775 560 3830 Εἰ
593 3773 693 3830 οὖν
719 3771 818 3830 ἕνα
848 3775 976 3830 Θεὸν
1008 3776 1097 3830 καὶ
1140 3778 1333 3850 Κύριον
1367 3777 1724 3854 ἀνακηρύττει
1757 3781 1891 3836 Μω-

231 3869 350 3932 σῆς,
400 3863 496 3918 καί
535 3863 684 3938 παρᾶ
729 3868 923 3919 τοῦτον
975 3861 1145 3920 ἄλλον
1201 3868 1344 3938 μήτε
1391 3863 1690 3942 λατρεύειν,
1756 3871 1895 3940 μήτε

229 3959 574 4030 προσκυνεῖν,
626 3953 760 4025 μετὰ
817 3950 874 4008 δὲ
920 3952 1119 4024 ταύτην
1168 3956 1266 4023 τὴν
1305 3956 1531 4030 πρώτην
1561 3957 1635 4018 ὡς
1667 3955 1892 4023 ἀληθῶς

230 4043 486 4111 ἐντολήν,
531 4041 624 4097 καὶ
675 4044 736 4096 τὸ
785 4040 1142 4116 φιλάλληλον
1190 4045 1278 4098 καὶ
1328 4043 1717 4122 φιλάνθρωπον
1759 4045 1894 4100 κατά

227 4135 309 4187 τὸν
353 4133 564 4206 ὅμοιον
615 4130 816 4203 τρόπον
865 4135 962 4186 τοῦ
1011 4132 1285 4206 σωτηρίου
1335 4135 1762 4209 προστάγματος
1803 4156 1892 4209 νοτ

237 4225 482 4294 μοθετεῖ,
534 4223 643 4274 ποῦ
692 4221 726 4288 ἡ
767 4221 983 4295 πονηρά
1012 4228 1114 4290 τῆς
1144 4222 1470 4284 ἀποστασίας
1502 4207 1647 4298 ἀρήχὴ
1676 4269 1691 4294 ,
1726 4207 1890 4280 Ἀλλ’

231 4313 255 4364 ὁ
299 4312 398 4381 μὲν
461 4308 828 4384 Γραμματεὺς
879 4317 1079 4380 συνῆκε
1118 4315 1216 4366 τοῦ
1269 4313 1564 4382 Δεσπότου,
1607 4315 1705 4383 τήν
1752 4320 1892 4369 Μω-

231 4399 414 4470 σαίκὴν
460 4403 760 4472 κυροῦντος
820 4401 1032 4472 φωνὴν,
1092 4400 1176 4456 ὅτι
1239 4404 1316 4464 εἷς
1363 4403 1506 4457 ἐστιν
1547 4404 1574 4458 ὁ
1615 4405 1765 4471 Θεὸς,
1797 4402 1888 4459 καὶ

2007 3259 2140 3298 vero
2172 3242 2424 3314 primum
2458 3246 2809 3312 praeceptum
2835 3249 3095 3296 mutuum
3120 3242 3180 3296 in
3201 3241 3466 3296 homines
3489 3257 3648 3298 amo-

2004 3347 2126 3388 rem
2159 3339 2436 3402 praccepto
2461 3329 2781 3386 Servatoris
2813 3329 2992 3385 nostri
3019 3329 3426 3386 convenienter
3456 3333 3642 3402 urget,

2005 3421 2325 3490 ubi,qua:so
2351 3419 2650 3487 te,malum
2664 3423 3061 3491 apostatarum
3087 3418 3643 3491 priucipiumlocum

2005 3509 2215 3567 habet?
2230 3511 2304 3565 At
2324 3509 2527 3565 Scriba
2547 3508 2784 3581 quidem
2809 3507 2905 3564 ille
2926 3507 3292 3580 intelligebat
3313 3508 3648 3564 Dominum.

2004 3599 2312 3657 Mosaicam
2344 3598 2534 3671 legem
2576 3599 3020 3671 approbantem,
3047 3597 3200 3670 quod
3243 3597 3464 3654 scilicet
3494 3615 3650 3655 unus

2003 3690 2082 3746 sit
2113 3690 2281 3758 Deus,
2316 3704 2423 3745 nec
2455 3688 2607 3745 ullus
2631 3693 2838 3761 praeter
2867 3705 3026 3745 eum.
3049 3688 3157 3755 Qui
3189 3703 3319 3744 vero
3347 3688 3563 3744 Scribis
3593 3691 3651 3744 et

2004 3779 2314 3835 Pharisaais
2365 3776 2635 3834 meliores
2684 3793 2812 3835 esse
2866 3777 3019 3849 jussi
3050 3781 3211 3846 sunt,
3243 3793 3315 3833 ne
3343 3777 3648 3833 minimam

2004 3867 2237 3937 quidem
2263 3867 2493 3938 pietatis
2515 3869 2734 3936 partem
2759 3867 3135 3922 sibiservant.
3153 3871 3334 3922 Lucas
3365 3881 3648 3932 vero,ver-

2003 3956 2210 4012 borum
2233 3955 2466 4011 Domini
2490 3954 2757 4024 scriptor,
2785 3957 3064 4027 quomodo
3085 3956 3419 4011 Zachariam
3450 3959 3506 4010 et
3535 3953 3648 4009 Eli-

2004 4045 2328 4111 sabetbam,
2388 4043 2449 4100 in
2499 4043 2674 4099 veteri
2725 4049 3068 4100 testamento
3100 4043 3378 4111 viventes,
3433 4045 3651 4114 justos,

2003 4150 2218 4206 eosque
2249 4149 2444 4189 coram
2483 4133 2758 4198 Deo,non
2805 4136 3032 4185 tantum
3075 4147 3269 4186 coram
3311 4129 3648 4186 hominibus

2003 4224 2269 4291 fuisse,et
2293 4223 2350 4279 in
2383 4221 2656 4278 omnibus
2682 4220 2782 4277 Dei
2812 4219 3115 4292 praeceptis
3137 4225 3194 4275 et
3211 4220 3446 4276 statutis
3465 4219 3650 4276 incul-

2002 4322 2130 4384 pata
2143 4313 2698 4370 versatostestatur?
2719 4311 3014 4378 Quomodo
3027 4309 3454 4366 aitZachariam
3469 4324 3651 4366 sacer-

2001 4403 2158 4458 dotio
2207 4419 2403 4458 coram
2440 4402 2554 4458 Deo
2595 4404 2962 4474 perfunctum
2985 4401 3014 4456 ?
3043 4401 3334 4473 quomodo
3363 4397 3648 4470 templum

233 4487 318 4543 οὐκ
345 4487 494 4544 ἔστιν
527 4485 707 4549 ἄλλος
748 4485 896 4558 πλήν
947 4488 1131 4544 αὐτοῦ.
1167 4491 1234 4548 Οἱ
1266 4487 1322 4545 δὲ
1351 4495 1455 4544 τῶν
1515 4491 1888 4566 Γραμματέων

2009 4492 2206 4564 legale,
2238 4492 2296 4547 in
2332 4493 2482 4561 quod
2511 4490 2805 4560 introibat,
2841 4489 3120 4562 templum
3146 4490 3245 4546 Dei
3276 4488 3651 4560 appellat?et

231 4580 308 4631 καὶ
359 4576 686 4652 Φαρισαίων
716 4577 900 4646 ,πλέον
945 4573 1091 4655 ἔχειν
1139 4583 1563 4655 προσταχὲντες,
1616 4579 1748 4637 οὐδὲ
1788 4585 1886 4653 τὴν

231 4664 465 4741 ἐσχάτην
521 4670 722 4740 μοῖραν
769 4674 869 4737 τῆς
917 4664 1186 4731 εὐσεϐείας
1227 4671 1495 4739 σώζουσιν
1545 4667 1598 4725 ἐν
1653 4673 1887 4734 ἑαυτοῖς.

233 4761 433 4818 Λουκᾶς
469 4753 530 4811 δί
583 4756 612 4810 ὁ
667 4760 776 4812 τῶν
823 4764 1164 4814 Δεσποτικῶν
1209 4759 1468 4834 ῥημάτων
1523 4763 1886 4838 συγγραφεὺς,

231 4848 330 4899 πῶς
380 4844 809 4922 τὸνςῑαχαρίαν
859 4847 950 4902 καὶ
997 4848 1098 4918 τήν
1147 4844 1432 4904 Έλισάϐετ
1481 4849 1534 4904 ἐν
1567 4855 1636 4924 τῇ
1678 4850 1889 4922 παλαιᾷ

231 4934 520 5006 νομοθεσίᾳ
577 4937 856 5010 βιοῦντας,
889 4934 1148 5007 δικαίους,
1197 4939 1284 4994 καὶ
1333 4937 1456 4994 τότε
1486 4939 1715 4995 ἐνώπιον
1748 4962 1889 5016 μαρ-

233 5029 368 5098 τυρεῖ
418 5029 522 5080 τοῦ
587 5029 743 5095 Θεοῦ,
799 5024 925 5081 ἄλλ’
983 5026 1086 5081 ούκ
1142 5025 1371 5083 ἐνώπιον
1430 5030 1754 5104 ἀνθρώπων,
1795 5029 1886 5085 καὶ

235 5115 626 5191 πορευομένους
677 5114 731 5171 ἐν
775 5117 971 5178 πάσαις
1019 5121 1138 5180 ταῖς
1193 5116 1444 5183 ἐντολαῖς
1473 5123 1569 5174 τοῦ
1619 5125 1754 5175 Θεοῦ
1797 5121 1886 5175 καὶ

241 5198 599 5280 δικαιώμασιν
656 5205 962 5279 ἀμέμπτως
996 5225 1008 5239 ο
1070 5207 1183 5262 εἶτα
1230 5209 1316 5262 καὶ
1361 5209 1461 5278 τήν
1503 5210 1768 5285 ἱερατείαν
1796 5209 1888 5265 τὸν

243 5295 496 5369 Ζαχαρίαν
547 5295 730 5351 τελεῖν
790 5295 1016 5351 ἐνώπιον
1063 5299 1159 5351 τοῦ
1201 5301 1363 5353 Θεοῦ·
1397 5298 1485 5352 καὶ
1534 5301 1625 5355 τὸν
1661 5302 1886 5372 νομικὸν

243 5383 368 5449 ubi,
400 5383 455 5438 ἐν
501 5384 548 5456 ᾧ
598 5383 795 5456 εἰσῄει,
844 5385 970 5439 ναὸν
1021 5385 1407 5460 προσαγορεύει
1454 5393 1555 5442 τοῦ
1587 5389 1760 5457 Θεοῦ;
1802 5391 1885 5445 Ἐν

249 5468 375 5542 αὐτῷ
437 5495 494 5529 τε
551 5475 646 5529 τὸν
705 5471 942 5550 ἄγγελον
1010 5473 1246 5554 ὀφθῆναι
1319 5475 1540 5551 Κυρίου,
1605 5478 1694 5532 καὶ
1762 5477 1886 5534 τότε

251 5558 395 5620 sive:
433 5565 542 5623 Τὸν
598 5562 1044 5642 ἀρχιστράτηγον
1103 5561 1375 5640 Γαϐριὴλ,
1434 5566 1494 5630 ’ὸς
1553 5565 1641 5622 καὶ
1693 5567 1792 5638 τήν
1824 5567 1883 5625 ὲκ

313 5767 352 5802 ⁸⁵
373 5769 564 5828 Matth.
597 5784 708 5840 xu,
748 5768 839 5824 29.
915 5768 962 5804 ⁸⁸
989 5769 1134 5827 ibid.
1164 5771 1252 5827 30.

1998 4583 2057 4638 in
2092 4583 2217 4653 ipso
2260 4583 2534 4655 angelum
2560 4581 2682 4646 Dei,
2707 4595 2960 4652 eumque
3000 4578 3323 4635 Gabrielem
3349 4578 3646 4648 cOpiarum

1999 4671 2232 4740 ducem,
2267 4672 2367 4742 qui
2425 4678 2480 4726 et
2537 4669 2898 4725 nativitatem
2932 4666 3159 4724 Domini
3189 4682 3259 4721 ex
3305 4665 3562 4736 Virgine,
3593 4677 3650 4722 et

1997 4761 2110 4832 ipsi
2141 4759 2225 4814 illi
2247 4760 2603 4816 intemeratae
2636 4757 2858 4827 Virgini
2891 4761 2947 4812 et
2976 4771 3108 4811 cum
3142 4770 3211 4811 ea
3242 4755 3462 4810 mundo
3501 4769 3648 4810 nuu-

1997 4849 2181 4916 tiavit,
2213 4847 2428 4912 visum,
2472 4861 2788 4918 precesque
2833 4844 3150 4901 sacerdotis
3180 4844 3479 4900 exauditus
3517 4859 3647 4900 esse

1995 4937 2054 4992 in
2086 4935 2413 5006 Evangeliis
2436 4935 3079 5007 afﬂrmat,puerumque
3106 4933 3324 4990 ibidem
3356 4947 3646 4990 memora-

1997 5031 2122 5082 tum
2159 5039 2435 5097 magnum
2467 5040 2660 5078 coram
2693 5022 2941 5079 Domino
2970 5021 3479 5092 futurum,Spiritu
3501 5019 3642 5078 item

1995 5119 2197 5171 sancto
2228 5114 2490 5186 plenum,
2517 5111 2835 5184 multisque
2878 5113 3078 5185 magni
3127 5111 3324 5184 gaudii
3364 5111 3643 5182 interpre-

1995 5211 2132 5271 tem,
2164 5220 2268 5260 nec
2292 5201 2494 5276 paucis
2517 5199 2906 5256 lsraelitarum
2925 5199 3322 5256 conversionis
3353 5199 3424 5255 ad
3454 5199 3638 5255 Deum

1994 5298 2315 5360 auctorem,
2360 5291 2698 5364 Spirituque
2730 5307 2796 5346 ac
2833 5290 3046 5346 virtute
3078 5289 3208 5344 Elite
3239 5304 3486 5345 usurum
3506 5303 3638 5358 pro-

1995 5384 2271 5441 nuntiat?
2297 5385 2500 5455 Itaque
2529 5381 2908 5455 evangelista,
2941 5380 3030 5436 vel
3081 5381 3274 5451 potius
3333 5381 3503 5445 Deus,
3534 5381 3636 5450 qui

1993 5477 2112 5532 haec
2145 5493 2240 5547 per
2280 5475 2692 5545 archangelum
2751 5473 3026 5543 loquitur,
3057 5486 3170 5526 non
3217 5470 3502 5526 Joannem
3535 5485 3630 5524 so-

1991 5567 2137 5634 lum,
2169 5563 2269 5638 qui
2320 5563 2564 5637 gratiam
2613 5560 3108 5635 propullulantem
3149 5559 3400 5626 videbat,
3431 5557 3530 5613 sed
3569 5561 3628 5614 et
