4074 6208
395 410 510 472 115

1616 401 1886 462 PHO'l‘ll
1937 398 2456 462 PATRIARCHAE
2501 397 2617 457 ΟΡ.

3704 394 3828 455 116

397 546 606 613 Eliam,
627 543 728 617 qui
758 542 858 599 diu
891 544 1025 598 ante
1057 537 1302 612 gratiam
1333 536 1576 604 exstitit,
1602 536 1830 593 animas
1860 553 1895 593 a
1921 553 2054 593 vero

2189 533 2449 608 [Ιαρθένου
2495 535 2593 587 τοῦ
2642 531 2915 586 Δεσπότου
2963 529 3238 605 γέννησιν,
3277 527 3417 601 αὐτῇ
3481 547 3542 582 τε
3586 530 3657 601 τῇ
3687 529 3835 598 ἀκη-

397 637 516 693 Deo
547 649 803 702 aversas,
826 635 885 686 et
917 633 1049 702 post
1080 629 1355 683 Satanam
1380 631 1726 692 scortantes,
1759 626 1830 680 ad
1862 641 2058 682 verum

402 726 583 783 Deum
605 721 958 779 convertisse
1003 714 1361 782 testimonio,
1382 714 1543 769 omni
1567 716 1903 786 exceptione
1937 730 2055 769 ma-

397 815 538 888 jori,
571 811 903 871 conﬁrmat.
938 810 1155 863 Iterum
1191 820 1325 860 vero
1364 803 1675 860 Zacharias
1705 803 1926 877 Spiritu
1963 803 2060 860 Dei

405 901 686 974 repletur,
709 902 764 956 et
797 895 1110 968 prophetas
1131 891 1408 964 antiquos
1435 899 1772 948 sanctorum
1807 891 2063 965 appellat

408 993 677 1050 chorum.
736 987 932 1042 Erexit
987 984 1161 1047 enim,
1219 981 1413 1052 inquit
1470 981 1819 1051 prcphetans
1851 987 1909 1036 et
1965 996 2064 1053 per

407 1080 693 1153 Spiritum
737 1077 1001 1130 sanctum
1055 1070 1321 1142 loquens,
1353 1087 1526 1126 cornu
1573 1071 1767 1126 salutis
1798 1069 1859 1125 in
1906 1070 2065 1125 doma

409 1169 656 1232 Davidis,
707 1165 815 1235 ﬁlii
865 1165 953 1220 sui
999 1160 1064 1215 ⁸⁷.
1111 1161 1187 1215 Et
1232 1160 1386 1215 unde
1432 1162 1534 1214 hoc
1576 1161 2011 1216 demonstratur
2039 1160 2067 1214 ‘2

413 1258 565 1313 Sicut
599 1257 806 1310 locutus
832 1259 932 1317 est,
967 1251 1180 1321 inquit,
1213 1266 1311 1317 per
1340 1266 1395 1304 os
1445 1260 1756 1306 sanctorum
1787 1267 1821 1305 a
1867 1248 2066 1306 arcula

405 1345 806 1419 praphetarum
853 1356 1078 1397 suorum
1099 1338 1166 1394 ⁸⁸.
1201 1339 1646 1410 Pr0phetarum,
1689 1339 1898 1410 inquit,
1941 1354 2065 1394 suo-

418 1453 564 1502 rum,
600 1451 714 1490 non
747 1436 942 1488 autem
967 1428 1173 1485 hostis.
1197 1428 1347 1492 Quid
1378 1433 1573 1484 autem
1606 1427 1901 1484 vaticinati
1927 1431 2068 1483 sunt

419 1523 555 1580 illi?
573 1524 744 1577 Deum
776 1519 1191 1575 recordatur-um
1221 1516 1540 1573 testamenti
1564 1516 1655 1573 sui
1674 1518 1852 1573 sancti
1879 1515 2068 1586 6",non

417 1627 584 1680 sane,
616 1610 787 1665 homo
820 1605 1229 1679 perditissima,
1262 1605 1472 1662 hostis.
1497 1605 1704 1662 Adhuc
1726 1621 1857 1662 vero
1887 1606 2070 1677 magis

422 1701 739 1774 impiorum
799 1713 901 1752 ora
966 1695 1363 1752 refrenaturus
1429 1695 1856 1765 juramentum,
1917 1695 2070 1766 quod

421 1788 755 1846 Abrahamo
796 1784 944 1858 patri
1003 1787 1200 1840 nostro
1246 1783 1486 1854 juravit,
1520 1783 1780 1848 adducit,
1816 1785 1880 1840 Ut
1918 1784 2072 1838 daret

2168 621 2318 697 ράτῳ
2369 622 2540 696 Κόρῃ,
2597 619 2688 675 καὶ
2747 616 2816 674 δι’
2865 617 3034 687 αὐτῆς
3091 621 3171 689 τῷ
3253 615 3448 689 κόσμῳ
3541 613 3840 691 εὐηγγελί-

2170 726 2320 766 σατο’
2355 710 2444 765 καὶ
2488 711 2586 779 τήν
2636 728 2693 763 τε
2739 707 3056 784 προσευχὴν
3099 707 3195 759 τοῦ
3242 703 3432 780 ἱερέως
3474 703 3832 775 εἷσηκοῦσθαι

2172 797 2263 854 διὰ
2307 805 2413 854 τῶν
2465 797 2801 875 εὐαγγελίων
2870 790 3186 866 ἐϐεϐαίωσε,
3244 792 3334 848 καὶ
3408 793 3501 848 τὸν
3577 792 3639 849 ἐκ
3718 798 3830 848 τῶν

2170 884 2529 964 Εὖαγγελίων
2589 881 2756 940 παῖδα
2818 882 2982 958 μέγαν
3033 881 3263 937 ένώπιον
3319 877 3532 936 ἔσεσθαι
3601 883 3830 956 Κυρίου,

2172 976 2261 1032 καὶ
2329 975 2769 1048 πεπληρωμένον
2839 973 3156 1045 ΙΙνεύματος
3214 971 3398 1046 ἁγίου,
3455 970 3546 1025 καὶ
3605 969 3832 1041 πολλῆς

2172 1064 2408 1127 πολλοῖς
2429 1063 2807 1139 ἀγαλλιάσεως
2836 1061 3112 1137 πρόξενον,
3143 1059 3234 1115 καὶ
3262 1064 3370 1115 τῶν
3402 1060 3534 1114 υἱῶν
3574 1059 3832 1135 Ἰσραὴλ-

2177 1157 2279 1211 οὐκ
2333 1153 2544 1230 ὀλίγοις
2598 1152 2931 1230 ἐπιστροφῆς
2971 1149 3141 1206 αἴτιον
3193 1149 3438 1224 γενέσθαι
3468 1155 3569 1219 τῆς
3619 1148 3708 1205 ἐπὶ
3732 1151 3831 1204 τὸν

2176 1246 2328 1316 Θεὸν,
2359 1242 2439 1317 τῷ
2485 1243 2750 1316 πνεύματι
2789 1241 2878 1297 καὶ
2925 1243 2996 1313 τῇ
3060 1237 3283 1312 δυνάμει
3338 1239 3686 1317 κεχρημένον
3731 1242 3836 1294 τοῦ

2176 1333 2391 1393 Ἡλίου,
2433 1337 2594 1389 Ὥστε
2651 1335 2679 1388 ὁ
2738 1329 3153 1408 εὐαγγελιστής,
3206 1327 3420 1404 μᾶλλον
3479 1327 3536 1384 δέ
3593 1330 3622 1384 ὁ
3666 1327 3838 1384 ταῦτα

2178 1421 2268 1480 διὰ
2322 1429 2418 1479 τοῦ
2477 1421 2830 1502 ἀρχαγγέλου
2892 1420 3068 1495 λέγων
3116 1419 3267 1489 Θεὸς,
3328 1419 3484 1480 οὗτος
3549 1419 3683 1497 οὐχὶ
3740 1418 3838 1472 τὸν

2177 1513 2431 1584 Ἰωάννην
2495 1514 2688 1585 μόνον,
2743 1513 2801 1573 ὅς
2857 1511 2954 1579 τὴν
3015 1510 3178 1588 χάριν
3238 1505 3346 1564 εἶδε
3399 1508 3834 1583 βλαστάνουσαν·

2179 1601 2326 1659 ἀλλὰ
2353 1601 2442 1657 καὶ
2472 1603 2564 1657 τὸν
2594 1600 2808 1668 Ἠλίαν,
2839 1601 2899 1662 ’ὀς
2941 1597 3142 1671 πολλῷ
3191 1595 3519 1672 προῦπῆρχε
3547 1603 3647 1666 τῆς
3674 1597 3841 1674 χάρι-

2180 1715 2294 1765 τος,
2323 1693 2418 1756 τάς
2458 1692 2818 1766 πλανωμένας
2847 1689 3030 1766 ψυχάς
3073 1688 3182 1744 ἁπὸ
3217 1692 3316 1743 τοῦ
3365 1687 3622 1758 ἀληθινοῦ
3666 1690 3833 1755 Θεοῦ,

2181 1786 2270 1839 καὶ
2330 1784 2506 1839 ὀπίσω
2559 1787 2666 1838 τῶν
2728 1778 3026 1854 δαιμονίων
3080 1776 3506 1850 ἐκπορνευούσας
3572 1775 3659 1832 ἐπὶ
3736 1775 3834 1829 τὸν

421 1877 581 1935 nobis
608 1880 954 1949 potestatem,
985 1889 1054 1930 cx
1072 1889 1245 1928 manu
1275 1871 1632 1928 inimicorum
1659 1878 1970 1929 nostrorum
2002 1873 2077 1927 ti-

2189 1873 2447 1944 ἀληθινὸν
2517 1871 2832 1947 ἐπιπρέψαι
2889 1870 3041 1940 Θεὸν,
3098 1867 3520 1944 ἀπαράγραπτον
3564 1865 3662 1935 τήν
3703 1884 3844 1939 μαρ-

423 1968 624 2025 bcratis
653 1965 776 2022 sine
806 1967 1004 2021 timore
1050 1965 1109 2019 in
1137 1961 1427 2018 sanctitate
1453 1965 1506 2018 et
1537 1962 1763 2032 justitia
1804 1961 1920 2034 ipsi
1944 1977 2072 2018 ser-

426 2055 613 2114 viendi
636 2053 705 2110 7°.
745 2053 1043 2125 Perpende
1085 2067 1213 2123 quas
1253 2051 1405 2106 dicta
1449 2055 1606 2106 sunt.
1654 2051 1906 2122 Spiritus
1937 2067 2074 2107 san-

425 2149 557 2202 ctus
590 2142 798 2214 implet
826 2140 1193 2207 Zachariam,
1229 2138 1436 2210 plenus
1463 2154 1530 2195 eo
1565 2140 1876 2211 prophetas
1930 2139 2076 2195 anti-

425 2248 573 2305 quos
631 2235 862 2286 sanctos
918 2228 1138 2299 Deique
1195 2227 1526 2284 sacerdotes
1574 2227 1852 2300 appellat,
1906 2229 2080 2285 Mosis

429 2321 567 2377 item
598 2324 1020 2377 testamentum
1051 2316 1330 2388 prasdicat
1358 2321 1652 2383 sanctum,
1687 2316 1977 2390 nobisque
2018 2317 2082 2372 li-

433 2410 716 2466 bertatem
751 2407 1119 2477 praenuntiat,
1151 2413 1206 2461 et
1235 2421 1392 2474 eum,
1424 2405 1526 2476 qui
1564 2405 1891 2462 Abrahamo
1917 2409 2082 2477 jura-

430 2498 598 2564 verit,
651 2496 828 2565 hujus
874 2494 1162 2549 libertatis
1211 2494 1471 2549 datorem
1525 2494 1665 2561 fore,
1709 2511 1949 2567 eosque,
1981 2495 2081 2567 qui

428 2585 653 2641 cultum
703 2582 817 2654 ipsi
866 2585 1162 2654 prestent,
1217 2581 1276 2637 in
1308 2581 1618 2638 sanctitate
1657 2587 1712 2639 et
1751 2583 1986 2653 justitia
2029 2583 2080 2640 ei

428 2672 649 2728 servire
675 2673 989 2728 asseverat.
1020 2669 1079 2726 Si
1112 2670 1230 2725 haec
1261 2671 1460 2726 omnia
1505 2670 1829 2740 Zacharias,
1861 2672 2080 2744 Spiritu

431 2763 629 2818 sancto
660 2758 936 2831 repletus,
969 2758 1254 2826 edisserit,
1291 2775 1481 2816 nonne
1512 2760 1716 2831 spiritu
1749 2761 1904 2817 malo
1927 2761 2080 2832 pleni

420 2848 730 2921 judicandi
756 2847 1020 2918 sunt,qui
1042 2849 1336 2904 contraria
1362 2848 1454 2905 his
1476 2849 1670 2905 omnia
1685 2850 2084 2907 contendant?

430 2937 578 3005 Quid
615 2953 748 2994 vero
779 2937 974 2993 dicent
1003 2937 1352 2993 amarulenli
1375 2937 1520 3010 legis
1553 2939 1811 2996 Mosaicae
1840 2956 2084 2996 accusa-

434 3030 610 3096 tores,
641 3024 730 3081 vel
764 3025 954 3097 potius
986 3025 1346 3097 principatus
1383 3027 1477 3083 Dei
1509 3029 2081 3101 partitcres,quando

423 3115 619 3171 vident
648 3114 850 3170 Jesum
887 3114 944 3169 in
977 3114 1304 3186 Evangeliis
1333 3117 1693 3187 Jerosolyma
1714 3119 2078 3190 perductum,

425 3204 628 3277 ibique
655 3205 908 3259 Mosaica
933 3178 1202 3260 instituta
1231 3178 1954 3276 observantem,sacrilicia
1985 3178 2077 3265 se:
2110 3178 2152 3246 ο

421 3295 681 3350 cundum
709 3300 1057 3364 praeceptum
1090 3292 1236 3366 legis
1277 3295 1510 3351 Domini
1550 3297 1915 3366 offerentem,
1948 3299 2081 3355 bra-

421 3383 689 3455 chiisque
713 3383 860 3453 justi
882 3382 1187 3454 Symeonis
1219 3383 1404 3440 instar
1435 3387 1572 3441 doni
1604 3392 1958 3457 susceptum,
1982 3387 2078 3458 qui

428 3472 579 3527 inter
618 3476 826 3527 caetera
846 3471 1072 3542 pietatis
1093 3476 1150 3528 et
1175 3473 1419 3542 justitiaa
1452 3484 1792 3547 argumenta
1823 3494 1925 3548 per
1953 3478 2083 3547 Spi-

435 3560 614 3617 ritum
668 3565 939 3616 sanctum
981 3560 1283 3616 oraculum
1337 3570 1562 3630 nactus,
1597 3569 1655 3619 et
1710 3580 2082 3621 communem

434 3649 797 3706 Servatorem
822 3648 1075 3704 brachiis
1097 3649 1438 3722 complexus
1460 3655 1567 3717 est,
1588 3655 1645 3708 et
1675 3653 1969 3709 benedixit
2009 3654 2082 3717 ei,

430 3746 483 3794 et
541 3737 978 3810 praenuntiavit,
1012 3754 1147 3793 eum
1173 3739 1230 3794 in
1281 3739 1525 3796 salutem
1557 3741 1861 3800 advenisse
1891 3759 2083 3800 coram

434 3826 584 3883 facie
613 3827 877 3883 omnium
910 3825 1285 3898 populorum,
1306 3834 1362 3884 et
1383 3832 1571 3886 instar
1599 3829 1746 3888 lucis
1775 3833 1846 3888 ad
1869 3832 2084 3888 illumi-

431 3916 727 3974 nationem
758 3916 1038 3988 gentium,
1064 3934 1190 3990 quae
1224 3918 1497 3990 posthaec
1519 3919 1577 3976 in
1610 3938 1741 3977 eum
1775 3922 1892 3978 sint
1912 3922 2090 3979 credi-

432 4009 599 4076 tum,
623 4006 855 4062 divinus
889 4023 1016 4063 vero
1048 4008 1403 4081 evangelista
1434 4026 1546 4066 non
1581 4012 1722 4068 satis
1772 4011 1978 4069 habuit
2005 4013 2087 4080 id,

444 4097 598 4170 quod
623 4101 759 4153 tunc
779 4101 1014 4170 gestum
1044 4103 1186 4166 erat,
1212 4105 1416 4155 contra
1446 4100 1656 4172 impios
1687 4101 1792 4158 hos
1823 4101 2091 4159 homines

437 4203 916 4254 commemorare,
934 4188 1036 4244 sed
1061 4189 1481 4259 impudentiam
1515 4208 1737 4257 eorum,
1755 4200 1815 4246 ut
1842 4195 2088 4263 videtur,

437 4275 784 4345 prazvidens,
815 4275 987 4331 etiam
1019 4278 1273 4345 Annam,
1305 4280 1477 4347 cujus
1508 4280 1696 4336 tribus
1722 4281 1955 4336 Aserem
1987 4282 2088 4337 ha-

443 4361 618 4417 bebat
655 4366 974 4426 auctorem,
1007 4379 1140 4418 cum
1174 4379 1314 4419 sene
1344 4364 1442 4420 illo
1493 4376 1858 4437 praesentem,
1893 4368 2088 4423 Domi-

441 4465 704 4521 numque
731 4447 1144 4519 celebrantem,
1164 4455 1221 4506 et
1250 4452 1320 4507 de
1363 4454 1659 4508 communi
1721 4454 1964 4513 Domino
1995 4474 2088 4514 ea-

437 4540 572 4596 dem
604 4555 671 4596 ac
703 4537 918 4594 similia
943 4539 1332 4610 proferentem
1358 4541 1415 4597 in
1445 4558 1609 4598 sacra
1639 4543 1888 4602 historia
1915 4547 2088 4605 sistit.

437 4630 601 4696 Quod
656 4643 791 4684 vero
847 4633 1045 4698 postea
1093 4631 1360 4704 contigit,
1392 4632 1638 4689 multum
1672 4636 1913 4692 omnino
1945 4637 2094 4695 valet

437 4718 509 4774 ad
541 4715 948 4789 reprimendos
968 4723 1024 4775 et
1054 4719 1411 4790 dejiciendos
1441 4739 1539 4780 eos
1571 4723 1673 4796 qui
1703 4726 2084 4797 supercilium

439 4805 721 4864 adversus
751 4806 1007 4865 divinam
1040 4809 1277 4882 gloriam
1299 4811 1562 4869 eﬁ‘erunt.
1587 4815 1728 4871 Cum
1751 4817 1902 4873 enim
1921 4818 2087 4874 .lesus

441 4909 556 4952 una
581 4911 716 4952 cum
764 4895 1001 4968 Virgine
1049 4898 1232 4956 Matre
1280 4917 1406 4969 sua,
1457 4903 1608 4973 quod
1641 4904 1715 4961 ad
1745 4922 1999 4976 carnem,
2032 4912 2088 4963 et

438 4987 604 5057 patre
648 4998 753 5040 suo
804 4986 1075 5057 putatitio
1134 4987 1527 5064 Hierosolyma
1575 4995 1865 5064 profectus
1914 5005 2087 5064 esset,

437 5073 691 5144 peractis
739 5073 840 5144 ibi,
888 5091 1012 5147 qua
1067 5093 1230 5134 sacer
1277 5081 1465 5136 Codex
1498 5083 1840 5154 praescribit,
1880 5085 2086 5153 sacris,

433 5162 699 5236 ipsisque
731 5169 932 5236 postea
951 5166 1194 5222 domum
1222 5172 1665 5237 revertentibus,
1685 5177 1742 5228 et
1771 5175 1844 5228 ob
1875 5173 2086 5230 absen-

434 5254 551 5308 tem
604 5267 849 5324 puerum
929 5259 1044 5311 tum
1103 5256 1285 5314 Matre
1321 5265 1640 5316 secundum
1674 5278 1928 5331 carnem,
1959 5268 2086 5319 tum

436 5339 604 5397 Patre
663 5342 928 5414 putatitio
988 5343 1278 5411 sollicitis,
1339 5354 1617 5417 el,quern
1645 5351 2084 5420 desiderabant,

435 5431 856 5501 quarentibus,
891 5435 961 5497 is,
993 5435 1089 5504 qui
1121 5436 1383 5491 omnium
1417 5438 1652 5508 quidem
1684 5442 1968 5508 conditor,
1986 5442 2087 5497 sed

433 5519 507 5576 ob
539 5535 796 5577 amorem
822 5521 884 5576 in
909 5521 1170 5580 homines
1190 5522 1443 5598 Virginis
1460 5531 1584 5584 erat
1605 5525 1760 5585 illius
1787 5547 1799 5587 :
1817 5530 1966 5599 Quid
1979 5547 2090 5601 me,

509 5733 553 5770 ⁸⁷
589 5732 719 5792 Luc.
754 5751 796 5799 ι,
827 5733 917 5789 69.
993 5735 1038 5771 ⁸⁸
1068 5733 1209 5792 ibid.
1235 5736 1326 5791 70.
1406 5736 1452 5773 "
1482 5736 1625 5794 ibid.
1659 5738 1747 5795 7‘2.

1823 5737 1870 5773 ὀ
1901 5739 2042 5796 ibid.
2073 5742 2169 5810 74,

2180 1970 2368 2042 τυρίαν
2411 1962 2726 2039 παρέχεται.
2785 1961 2957 2016 Πάλιν
3016 1955 3072 2014 δὲ
3123 1959 3151 2014 ὁ
3195 1955 3470 2033 Ζαχαρίας
3526 1961 3842 2028 Πνεύματος

2188 2055 2343 2130 ἁγίου
2402 2053 2607 2128 γίνεται
2645 2049 2890 2125 πλήρης,
2926 2047 3016 2103 καὶ
3073 2047 3200 2109 τοὺς
3249 2045 3343 2101 ἀπ’
3371 2044 3584 2100 αἰώνων
3618 2043 3845 2121 προσρή-

2188 2163 2281 2205 τας
2323 2141 2493 2218 χορὸν
2543 2140 2713 2216 ἁγίων
2769 2138 3049 2213 κηρύσσει.
3095 2137 3318 2211 Ἥγειρε
3373 2133 3502 2210 γὰρ,
3533 2132 3667 2211 φησὶ
3699 2151 3844 2206 προ-

2189 2231 2436 2310 φητεύων
2483 2230 2574 2286 καὶ
2637 2227 2726 2284 διὰ
2778 2232 2875 2283 τοῦ
2933 2225 3243 2300 Πνεύματος
3289 2227 3387 2280 τοῦ
3419 2222 3839 2310 ἁγίου-φθεγγό-

2193 2307 2375 2396 μενος,
2432 2319 2591 2393 κέρας
2666 2317 2941 2393 σωτηρίας
2999 2319 3136 2390 ἡμῖν
3192 2314 3244 2369 ἐν
3303 2311 3440 2386 οἴκῳ
3499 2307 3666 2368 Δαὸὶδ
3736 2315 3844 2366 τοῦ

2188 2407 2380 2472 παιδὸς
2439 2408 2624 2464 αὐτοῦ.
2659 2408 2755 2462 Καὶ
2814 2405 2974 2471 πόθεν
3032 2407 3068 2475 ἡ
3126 2401 3437 2474 ἀποδειξις;
3483 2401 3669 2463 Καθὼς
3713 2398 3852 2455 ἐλά-

2189 2498 2353 2570 λησε,
2414 2499 2569 2578 φησὶ,
2621 2494 2708 2552 διὰ
2751 2496 3022 2570 στόματος
3064 2498 3174 2551 τῶν
3221 2493 3387 2568 ἁγίων
3419 2495 3526 2548 τῶν
3576 2490 3667 2546 ἀπ’
3707 2489 3854 2545 αἰῶ-

2187 2610 2276 2651 νος
2307 2591 2602 2665 προφητῶν
2635 2586 2820 2657 αὐτοῦ,
2854 2584 2975 2641 ἀλλ’
3011 2585 3148 2660 οὐχὶ
3197 2586 3296 2637 τοῦ
3342 2583 3606 2657 Ἐχθροῦ.
3653 2578 3761 2638 Καὶ
3793 2578 3850 2634 τί

2190 2679 2595 2755 προεφήτευσαν
2658 2695 2671 2733 :
2757 2677 3082 2746 Μνησθῆναι
3163 2673 3254 2728 τὸν
3356 2671 3485 2728 Θεὸν
3576 2667 3852 2739 διαθήκης

2191 2766 2343 2844 ἁγίας
2372 2766 2562 2834 αὐτοῦ,
2603 2763 2729 2821 ἀλλ’
2771 2765 2920 2840 οὐχὶ,
2963 2760 3266 2838 τρισάθλιε,
3297 2764 3394 2818 τοῦ
3428 2760 3689 2844 Ἑχθροῦ.
3721 2758 3851 2815 Ἔτι

2191 2843 2250 2912 δέ
2310 2854 2521 2928 μᾶλλον
2584 2858 2692 2910 τῶν
2731 2848 2936 2909 ἀσεϐῶν
2974 2849 3222 2928 ’χαλινῶν
3266 2849 3334 2906 τὰ
3363 2843 3626 2922 στόματα,
3657 2847 3851 2921 ὅρκον,

2190 2944 2248 3000 ’ὸν
2296 2939 2484 3016 ὤμοσε
2540 2941 2676 3017 πρὸς
2722 2935 2976 3014 Ἀϐραὰμ
3021 2938 3112 2994 τὸν
3158 2935 3364 3012 πατέρα
3410 2937 3599 3009 ἡμῶν,
3636 2931 3848 3005 ἐπάγει·

2189 3037 2293 3092 Τοῦ
2341 3031 2523 3089 δοῦναι
2581 3034 2714 3104 ἡμῖν
2782 3025 3005 3109 ἀφόϐως
3066 3026 3126 3085 ἐκ
3195 3025 3385 3104 χειρός
3449 3031 3558 3082 τῶν
3629 3022 3850 3098 ἐγθρῶν

2190 3127 2348 3199 ἡμῶν
2425 3120 2706 3199 ῥυσθέντας
2810 3117 3090 3194 λατρεύειν
3193 3117 3337 3188 αύτῷ
3447 3114 3500 3171 ἐν
3598 3112 3853 3181 ὁσιότητι

2189 3213 2280 3268 καὶ
2333 3208 2676 3285 δικαιοσύνῃ.
2738 3207 3087 3284 Συλλογίζου
3140 3206 3208 3261 τὰ
3263 3202 3548 3280 εἰρημένα.
3626 3205 3855 3272 Πνεῦμα

2189 3303 2337 3376 ἅγιον
2378 3299 2589 3374 πληροῖ
2641 3299 2733 3354 τὸν
2795 3297 3087 3372 Ζαχαρίαν,
3136 3295 3226 3350 καὶ
3282 3291 3594 3367 πληρωθεὶς
3644 3288 3851 3345 ἐκεῖθεν

2191 3390 2378 3468 ἁγίους
2430 3389 2558 3450 τοὺς
2614 3388 2706 3443 ἀπ’
2763 3387 2957 3448 αἰῶνος
2989 3386 3273 3462 προφήτας
3318 3383 3408 3437 καὶ
3460 3384 3592 3438 Θεοῦ
3643 3378 3856 3449 θυηπό-

2192 3478 2322 3540 λους
2369 3477 2709 3554 ἀναγορεύει,
2759 3476 2852 3531 καὶ
2902 3475 3000 3544 τήν
3050 3473 3356 3545 ἐλευθερίαν
3406 3472 3568 3545 ἡμῶν
3624 3488 3858 3545 προφη-

2191 3570 2356 3639 τεύει,
2407 3569 2494 3622 καὶ
2550 3567 2641 3622 τὸν
2685 3565 2961 3638 ὀμόσαντα
3008 3563 3143 3639 πρὸς
3188 3563 3282 3618 τὸν
3315 3557 3590 3635 Ἀϐραὰμ,
3641 3558 3852 3614 ἐκεῖνον

2191 3665 2291 3727 τῆς
2354 3655 2664 3730 ἐλευθερίας
2723 3655 2857 3710 εἶναι
2909 3651 3114 3727 δοτῆρα
3183 3650 3484 3726 κηρύσσει*
3543 3648 3631 3703 καὶ
3719 3647 3858 3708 τοὺς

2194 3749 2564 3823 προσάγοντας
2623 3744 2768 3816 αὐτῷ
2822 3743 2923 3811 τὴν
2972 3741 3226 3818 λατρείαν
3272 3739 3325 3795 ἐν
3368 3741 3614 3809 ὁσιότητι
3643 3736 3734 3791 καὶ
3765 3732 3863 3790 δι-

2193 3833 2450 3910 καιοσύνῃ
2501 3833 2804 3908 λατρεύειν.
2869 3832 2930 3888 Εἰ
2977 3834 3146 3887 ταῦτα
3202 3828 3469 3899 πλησθεὶς
3509 3829 3538 3882 ό
3579 3825 3860 3904 Ζαχαρίας

2197 3924 2518 3998 Πνεύματος
2587 3921 2742 3997 ἁγίου
2801 3919 3012 3991 διῆλθε,
3072 3923 3189 3980 πῶς
3247 3917 3379 3993 οὐχὶ
3433 3913 3530 3972 τοῦ
3605 3918 3862 3988 πονηροῦ

2196 4013 2530 4085 πλησθέντες
2589 4010 2896 4084 πνεύματος
2954 4010 3006 4064 0't
3061 4008 3315 4064 τάναντία
3350 4006 3564 4067 τούτοις
3622 4001 3860 4077 ἀπελέγ-

2197 4123 2387 4178 χονται
2420 4105 2752 4180 φωνοῦντεςς
2781 4101 2850 4157 Τί
2890 4096 2936 4154 δ’
2981 4097 3041 4153 ἃν
3096 4102 3246 4176 φαῖεν
3289 4097 3342 4152 οἱ
3372 4092 3560 4168 πικροὶ
3597 4099 3694 4162 τῆς
3723 4097 3863 4146 Μω-

2199 4199 2391 4260 σαϊκῆς
2437 4193 2736 4266 κατήγοροι
2785 4187 3079 4260 διαθήκης,
3115 4185 3327 4260 μᾶλλον
3379 4185 3436 4242 δὲ
3465 4192 3564 4255 τῆς
3594 4186 3692 4240 τοῦ
3719 4186 3862 4239 Θεοῦ

2202 4279 2480 4354 βασιλείας
2529 4280 2799 4353 μερισταὶ,
2850 4278 2972 4334 ὅταν
3025 4279 3195 4352 ὁρῶσι
3244 4274 3334 4331 διὰ
3378 4278 3476 4332 τοῦ
3507 4271 3860 4350 Εὖαγγελίου

2198 4367 2527 4442 ἀναγόμενον
2583 4370 2674 4442 μέν
2722 4369 2797 4432 είς
2837 4369 2904 4425 τὰ
2948 4365 3304 4444 Ἱεροσόλυμα
3339 4365 3431 4421 τὸν
3483 4364 3720 4434 Ἰησοῦν,
3766 4381 3864 4416 τε-

2205 4457 2404 4513 λοῦντα
2437 4455 2494 4513 δέ
2548 4459 2615 4512 τὰ
2673 4457 2960 4527 Μωσαϊκά,
2991 4456 3079 4512 καὶ
3139 4455 3367 4533 φέροντα
3414 4453 3597 4508 θυσίαν
3630 4452 3768 4507 κατά
3796 4451 3863 4505 τὸ

2206 4545 2493 4620 εἰρημένον
2525 4544 2576 4601 ἐν
2608 4545 2764 4619 νόμῳ
2811 4546 3039 4620 Κυρίου.
3081 4542 3348 4620 ἀγκάλαις
3401 4539 3458 4597 δέ
3502 4537 3866 4616 δωροφορού-

2205 4656 2364 4710 μενον
2390 4634 2487 4690 τοῦ
2519 4632 2728 4691 δικαίου
2761 4633 3009 4706 Συμεὼν,
3042 4632 3100 4696 ὅς
3135 4633 3272 4706 μετά
3320 4638 3422 4701 τῆς
3469 4630 3650 4701 ἄλλης
3705 4631 3863 4690 εὗσε-

2201 4721 2348 4788 6είας
2407 4724 2494 4779 καὶ
2546 4722 2918 4795 δικαιοσύνης,
2977 4723 3103 4798 περὶ
3163 4725 3262 4776 τοῦ
3320 4721 3482 4796 ἁγίου
3541 4717 3865 4793 Πνεύματος

2196 4815 2587 4890 χρηματισμὸν
2630 4809 2813 4870 λαϐὼν
2855 4810 2970 4886 ἅμα
2995 4833 3055 4867 τε
3093 4807 3480 4886 ἐνηγκαλίζετο
3532 4809 3626 4865 τὸν
3670 4810 3858 4866 κοινὸν

2199 4903 2507 4980 λυτρωτὴν,
2560 4901 2786 4978 ηὐλόγει
2843 4921 2902 4956 τε
2953 4901 3112 4957 αὐτὸν
3157 4900 3246 4955 καὶ
3294 4896 3572 4976 θεολογῶν
3604 4901 3866 4976 προεφή-

2195 5013 2314 5049 τευε
2371 4992 2641 5068 σωτηρίαν
2692 4988 3076 5066 παραγενέσθαι
3143 4987 3280 5044 κατὰ
3351 4989 3645 5064 πρόσωπον
3717 4988 3862 5043 πάν-

2196 5104 2303 5138 των
2357 5086 2464 5138 τῶν
2523 5080 2692 5147 λαῶν,
2723 5081 2812 5136 καὶ
2868 5084 2983 5156 φῶς
3022 5077 3097 5141 εἷς
3149 5075 3494 5151 ἀποκάλυψιν
3535 5074 3700 5132 ἔθνῶν
3745 5081 3864 5134 τῶν

2202 5176 2335 5244 μετᾶ
2381 5175 2545 5227 ταῦτα
2597 5170 3032 5226 πεπιστευκότων
3098 5167 3173 5230 εἰς
3231 5166 3432 5236 αὐτόν;
3482 5167 3544 5224 Ὀ
3602 5161 3662 5221 δὲ
3708 5167 3860 5229 θεῖος

2199 5259 2583 5337 εὐαγγελιστής
2648 5259 2748 5316 οὐκ
2807 5259 3048 5333 ἠρκέσθη
3101 5256 3164 5312 τὸ
3228 5255 3353 5312 τότε
3410 5253 3572 5329 μόνον
3629 5275 3862 5331 γεγενη-

2202 5350 2362 5424 μένον
2417 5351 2551 5406 κατά
2599 5355 2706 5405 τῶν
2755 5345 2962 5404 ἀσεϐῶν
3022 5347 3216 5414 εἰπεῖν,
3263 5343 3414 5402 ἀλλ’.
3474 5346 3548 5406 ὼς
3592 5338 3762 5412 ἔοικε,
3792 5345 3860 5400 τὸ

2197 5439 2556 5514 ἀναίσχυντον
2616 5437 2792 5495 αὐτῶν
2849 5433 3142 5513 προειδὼς,
3181 5435 3270 5492 καὶ
3329 5435 3430 5504 τήν
3474 5437 3694 5503 Ἅνναν,
3725 5435 3793 5502 ἧς
3823 5437 3860 5503 ἡ

2198 5527 2346 5607 φυλή
2394 5528 2486 5584 τὸν
2543 5529 2710 5604 ’Λσήρ
2761 5526 3010 5604 ἀρχηγὸν
3067 5525 3206 5604 εἶχε,
3241 5523 3632 5601 συμπαροῦσάν
3688 5543 3749 5579 τε
3777 5525 3864 5594 τῷ

2199 5741 2289 5794 75.
