2037 3104
177 187 234 217 119

773 182 906 214 PHOTlI
929 181 1190 214 PATRIARCHE
1211 181 1269 212 ΟΡ.

1815 179 1873 211 120

177 254 267 282 alium
284 253 328 282 vel
347 255 545 282 accusatorem
561 252 605 280 vel
626 252 774 284 victorem,
791 258 878 286 quam
899 249 998 278 Mosen

1057 257 1152 286 γμασιν
1182 246 1234 274 οὐκ
1261 245 1348 274 ἄλλον
1376 246 1527 283 κατήγορον
1554 256 1601 283 καί
1629 243 1776 283 θρίαμϐον,
1804 244 1877 273 ἀλλὰ

179 299 272 327 atl'ert.
285 300 323 327 Ne
339 298 502 326 existimetis
513 298 596 331 enim,
609 296 716 333 inquit,
728 296 800 332 quod
814 303 862 331 ego
873 303 918 323 vos
928 294 1001 330 apud

177 346 288 373 Patrem
306 345 486 371 accusaturus
514 351 574 369 sum
593 341 625 368 ⁷⁵.
643 341 706 368 Non
723 348 803 374 sane,
820 340 868 367 sed
885 341 940 372 est,
951 338 1000 374 qui

178 396 229 416 vos
252 390 380 420 accusat,
404 389 495 415 Moses
520 385 641 419 scilicet,
662 384 734 421 apud
758 385 879 412 Patrem.
906 383 999 418 Hujus

178 432 258 460 enim
282 432 360 467 leges
377 432 440 467 ipse
464 430 520 458 sibi
541 429 666 457 creditas
683 437 741 457 una
764 437 831 456 cum
849 428 1000 464 prophetia

179 477 215 504 de
228 477 342 504 Christo
355 478 467 508 nactus,
480 477 631 503 accusator
641 474 761 502 omnino
781 473 836 501 lide
848 474 954 508 dignus
972 474 1001 500 et

178 521 262 549 testis
286 520 366 549 omni
389 520 557 555 exceptione
574 519 667 554 major
688 520 741 546 erit
755 523 855 546 contra
877 526 927 545 eos
949 517 999 553 qui

178 565 242 601 lege
257 566 318 600 ejus
335 567 362 592 et
377 565 472 592 colere
493 566 522 592 et
536 571 635 591 amare
651 563 778 591 multum
799 562 915 598 quidem
937 561 999 598 glo-

178 610 302 643 rientur,
319 608 392 637 nihil
415 617 482 637 vero
501 616 600 636 eorum
626 608 768 644 recipiant
791 616 854 643 quae
877 607 912 634 ab
937 607 1000 642 ipso

179 654 213 682 de
228 653 376 682 communi
392 656 491 681 nostro
508 652 631 680 Domino
645 656 674 680 et
691 652 839 680 Servatore
864 652 1001 687 praedicta

176 700 257 732 sunt,
273 698 348 734 quod
365 700 462 725 tamen
485 700 513 725 et
527 700 625 733 caput,
642 699 669 725 et
689 705 761 733 apex
776 699 804 725 et
824 696 941 724 initium
957 698 999 724 to-

180 743 237 770 tius
253 742 447 778 legislationis
458 743 522 777 ejus
537 744 599 770 erat
612 752 619 777 ;
636 742 694 770 imo
708 749 760 770 nec
771 741 953 777 correptione
964 741 1000 768 ob

180 787 371 815 temeritatem
388 795 487 815 eorum
509 788 537 814 et
557 795 683 823 pugnam
705 786 840 814 adversus
858 793 936 819 eum,
953 785 1001 820 qui

179 831 392 867 praenuntiatus
407 831 442 859 ab
465 839 498 859 eo
525 835 580 865 est,
595 831 702 859 factam
728 830 901 858 afﬁciantur.
919 830 1000 858 Post-

181 884 270 912 quam
287 876 378 912 igitur
394 875 494 904 multis
510 875 625 904 Domini
641 875 747 908 verbis,
764 875 822 902 imo
838 883 894 903 non
909 874 1001 902 verbis

1055 293 1100 320 τὸν
1130 293 1230 326 Μωσῆν
1265 290 1374 328 εἰσάγει.
1406 291 1451 325 Μή
1480 290 1531 329 γὰρ
1566 289 1682 324 δοκεῖτε,
1713 290 1807 329 φησὶν,
1836 290 1879 318 ὅτι

1055 337 1110 374 ἐγὼ
1138 337 1323 374 κατηγορήσω
1353 336 1428 372 ὑμῶν
1456 335 1524 372 πρὸς
1552 335 1599 362 τὸν
1634 334 1762 373 Πατέρα·
1800 334 1878 373 οὐχί,

1053 381 1126 409 ἀλλά
1140 381 1182 412 τίς
1201 381 1271 408 ἐστιν
1294 381 1307 408 ὁ
1323 382 1485 418 κατηγορῶν
1505 380 1594 416 ὑμῶν,
1611 380 1712 414 Μωσῆς
1734 377 1878 414 δηλονότι,

1053 427 1120 464 πρὸς
1137 427 1182 453 τὸν
1201 426 1307 463 Πατέρα
1324 434 1330 441 ·
1358 425 1389 453 οὗ
1404 424 1467 457 τοὺς
1492 424 1594 461 νόμους
1609 424 1688 455 αὐτὸς
1712 425 1877 458 πιστευθεὶς,

1053 472 1098 499 καὶ
1127 473 1177 506 τήν
1207 471 1268 507 περὶ
1301 471 1418 507 Χριστοῦ
1452 469 1632 506 προφητείαν,
1663 468 1818 504 ἀξιόπιστος
1846 469 1877 497 ἃν

1053 517 1210 553 κατήγορος
1248 514 1302 550 εἶή,
1340 514 1384 542 καὶ
1427 513 1639 551 ἀπαράγραπτος
1682 513 1785 551 μάρτυς
1821 516 1875 541 τῶν

1056 559 1308 598 μεγαλαυχοῦντων
1335 559 1382 595 μὲν
1406 558 1489 586 αὐτοῦ
1513 558 1576 590 τοὺς
1598 558 1702 594 νόμους
1728 557 1774 585 καὶ
1795 560 1876 594 τιμᾷν

1054 604 1100 631 καὶ
1123 603 1254 642 στέργειν,
1272 602 1356 640 μηδὲν
1374 601 1402 630 δὲ
1427 605 1480 630 τῶν
1503 603 1548 630 ὑπ’
1568 602 1650 630 αὑτοῦ
1673 601 1800 640 περὶτοῦ
1821 613 1878 631 κοι-

1053 648 1099 676 νοῦ
1134 649 1270 676 Δεσπότου
1307 647 1352 676 καὶ
1396 651 1526 685 Σωτῆρος
1560 649 1640 683 ἡμῶν
1679 648 1877 675 θεσπισθὲντων

1055 692 1250 731 προσιεμένων,
1266 693 1281 720 ’ὸ
1305 692 1451 731 κεφάλαιον
1467 693 1501 727 ἧν
1525 692 1570 719 καὶ
1585 691 1698 729 κρηπὶς,
1713 691 1758 719 καὶ
1783 691 1877 730 προοί-

1057 749 1118 776 μιον
1134 742 1184 774 τῆς
1205 738 1274 774 ὅλης
1295 739 1379 766 αὐτοῦ
1402 737 1574 775 νομοθεσίας,
1590 737 1663 765 ἆλλᾶ
1689 735 1760 774 μηδὲ
1785 737 1878 765 συναί-

1056 784 1150 819 σθησιν
1176 782 1331 818 ἆναστολῆς
1351 780 1492 811 λαϐόντων
1517 785 1566 817 τῆς
1590 781 1630 813 εἷς
1653 782 1699 810 τὸν
1724 792 1878 821 προῳητευ-

1056 828 1133 856 θέντα
1148 827 1289 865 παροινίας
1305 838 1333 855 τε
1353 829 1398 854 καὶ
1422 827 1586 864 θεομαχίας.
1607 827 1656 854 Διὰ
1681 825 1792 854 πολλῶν
1814 827 1875 854 τοί-

1055 884 1100 901 νυν
1122 876 1293 901 Δεσποτικῶν
1320 874 1429 910 φωνῶν,
1445 873 1490 900 καί
1512 871 1540 899 εὐ
1566 874 1665 911 φωνῶν
1691 872 1781 909 μόνον,
1801 871 1875 900 ἀλλᾶ

181 922 288 954 solum,
305 922 354 950 sed
380 924 409 949 et
434 922 518 950 factis
539 921 747 957 apostolorum,
768 929 894 949 errorem
919 920 1002 949 illum

1057 918 1101 945 καὶ
1118 918 1251 954 πράξεων,
1267 917 1311 945 ναὶ
1327 916 1361 952 δὴ
1380 917 1423 945 καὶ
1447 916 1491 944 διὰ
1506 918 1561 944 τῶν
1584 915 1773 944 ἀποστολικιῖη
1789 916 1875 954 ἔργων

179 967 360 995 confutatam
377 967 521 1001 dedimus,
534 966 581 1002 qui
600 967 794 1003 principatum
810 966 891 1002 regni
908 966 957 994 Dei
972 966 1002 993 in

181 1012 254 1039 duas
270 1012 430 1039 contrarias
449 1014 546 1047 partes
569 1011 687 1044 scindit,
709 1019 796 1047 quam
818 1011 936 1038 tandem
952 1019 997 1038 ve-

182 1057 261 1083 niam
278 1064 394 1090 sperare
417 1059 540 1090 possunt
561 1055 603 1082 illi
626 1055 676 1090 qui
693 1057 758 1089 post
781 1058 822 1082 tot
845 1055 1002 1089 impietatis

182 1101 396 1127 eont‘utatioues
404 1100 500 1127 adhuc
513 1100 580 1127 mali
591 1099 725 1135 principii
735 1100 875 1127 voluntati
888 1099 932 1134 iis,
939 1108 1003 1136 quas

183 1144 300 1179 sapiunt
310 1148 336 1172 et
351 1144 461 1177 vivunt,
478 1144 690 1178 obsecundant,
706 1146 734 1171 et
759 1143 1004 1172 Patremfamilias

184 1189 310 1217 universi
334 1188 486 1216 Beelzebul
509 1190 623 1222 vocant,
648 1187 799 1216 Beelzebul
824 1196 890 1216 vero
911 1188 1003 1216 Deum

182 1233 343 1268 occultum,
357 1235 386 1261 et
400 1232 589 1267 inetl'abilem,
606 1235 634 1260 et
648 1232 773 1267 Bonum,
789 1236 816 1260 et
831 1232 955 1268 Patrem,
973 1235 1005 1260 ut

179 1278 302 1306 fmdiora
314 1286 373 1305 non
389 1277 496 1311 dicam,
512 1277 692 1311 renuntiant,
709 1285 761 1305 nec
782 1277 931 1305 victoriam
948 1277 1003 1305 Do-

183 1321 257 1350 mini
272 1330 289 1350 a
304 1321 552 1350 calumniantibus
573 1321 684 1349 Judaeis
702 1321 822 1349 relatam
838 1323 956 1357 stupent
971 1329 1004 1349 ac

184 1369 363 1402 reverentur,
379 1375 466 1402 quam
483 1374 534 1403 per
553 1365 670 1394 illorum
687 1366 763 1393 latus
781 1374 838 1394 non
856 1365 964 1399 minus,
980 1366 1005 1394 si

185 1419 245 1440 non
261 1411 356 1447 magis
371 1413 400 1439 et
423 1410 579 1444 illustrius,
599 1419 616 1438 a
632 1410 766 1446 praesenti
781 1410 941 1438 defectione
961 1417 1006 1437 re-

185 1455 319 1492 portavit.
335 1455 517 1492 Impietatem
532 1455 622 1487 enim,
639 1463 727 1490 quam
747 1454 861 1490 utrique
876 1462 1008 1482 commu-

185 1508 250 1528 nem
267 1499 387 1534 habent,
403 1499 515 1527 etiamsi
541 1507 633 1527 novus
648 1499 696 1526 ille
716 1501 849 1534 apostata
864 1499 1005 1527 audacius

182 1552 213 1573 se
228 1544 282 1572 hac
307 1544 337 1572 in
354 1547 435 1579 parte
456 1544 561 1579 jactat,
582 1544 733 1579 objectans
757 1543 894 1571 dicebat:
921 1543 1007 1572 Omne

1054 973 1084 990 τε
1099 963 1143 990 καὶ
1168 963 1299 1000 ῥημάτων
1314 965 1364 997 τῆς
1388 961 1495 997 πλάνης
1515 960 1703 1000 ἠλεγχμένης,
1720 961 1737 996 ἢ
1759 961 1790 989 τὸ
1810 961 1878 999 κρά-

1056 1018 1102 1038 τος
1116 1010 1166 1041 τῆς
1187 1009 1236 1035 τοῦ
1261 1007 1327 1035 Θεοῦ
1352 1005 1493 1045 βασιλείας
1518 1006 1556 1038 εἰς
1579 1006 1667 1044 ἀρχὰς
1692 1007 1879 1042 ἂντικειμὲνας

1058 1051 1157 1089 σχίζει,
1177 1051 1237 1079 τίνα
1252 1050 1349 1079 λοιπὸν
1376 1051 1544 1088 συγγνώμην
1561 1047 1672 1088 ἔχουσιν
1697 1051 1724 1077 οἱ
1741 1051 1809 1087 μετὰ
1831 1061 1879 1078 το-

1057 1096 1170 1128 σούτους
1185 1099 1235 1131 τῆς
1259 1093 1380 1125 ἀσεϐείας
1405 1095 1539 1134 ἐλέγχους
1556 1094 1594 1123 ἔτι
1618 1097 1658 1131 τῷ
1672 1097 1720 1122 τοῦ
1742 1097 1880 1133 Πονηροῦ,

1060 1139 1072 1149 κ
1086 1141 1093 1150 ι
1113 1141 1126 1149 ν
1293 1142 1303 1148 η
1358 1151 1364 1155 _
1396 1141 1402 1149 ι
1449 1140 1456 1150 ν
1483 1140 1496 1150 ν
1587 1142 1600 1147 -
1713 1150 1717 1155 .
1835 1142 1847 1147 .-

1058 1148 1083 1168 οι
1108 1151 1144 1167 ων
1160 1151 1188 1168 τε
1206 1150 1334 1180 φρονουσι
1359 1150 1403 1167 και
1420 1139 1447 1168 δι
1476 1151 1514 1168 ων
1540 1140 1641 1177 βιουιτι1
1658 1140 1881 1177 καθυπηρετουν-

1057 1195 1100 1217 τες
1116 1185 1252 1222 θελήματι
1268 1194 1275 1201 ⁶
1301 1185 1345 1212 καὶ
1361 1185 1406 1212 τὸν
1424 1184 1473 1222 μὶν
1500 1183 1702 1220 Οἶκοδεσπότην
1719 1186 1769 1211 τοῦ
1784 1185 1882 1216 παντὸς

1057 1227 1230 1263 Βεελζεϐοὺλ
1248 1228 1408 1265 καλοῦντες,
1431 1229 1476 1256 τὸν
1501 1228 1529 1256 δὲ
1544 1226 1713 1263 Βεελζεῦοὺλ
1736 1229 1801 1256 Θεὸν
1817 1229 1883 1266 κρύ-

1059 1284 1120 1312 φιον
1149 1274 1193 1301 καὶ
1226 1273 1356 1311 ἄρρητον,
1389 1273 1434 1301 καὶ
1464 1273 1575 1311 ἀγαθὸν,
1604 1274 1649 1300 καὶ
1677 1273 1790 1311 πατέρα,
1819 1273 1884 1302 ἀλλ’

1059 1329 1109 1347 ουκ
1131 1318 1161 1346 ἂν
1191 1318 1297 1356 εἴποιμι
1322 1319 1353 1346 τὸ
1382 1318 1543 1356 ἀθειότερον,
1576 1318 1770 1357 ἀποφαίνοντες
1796 1328 1802 1335 ·
1837 1319 1882 1346 καί

1062 1361 1129 1400 μηδὲ
1156 1363 1203 1390 τὸν
1227 1364 1294 1402 πρὸς
1319 1362 1384 1394 τοὺς
1413 1362 1624 1402 δυσφημοῦντας
1661 1364 1714 1391 τῶν
1743 1361 1883 1391 Ἰουδαίων

1062 1408 1229 1437 Δεσποτικὸν
1260 1407 1436 1443 ἐκτεθηπότες
1465 1407 1510 1434 καὶ
1543 1408 1759 1442 καταπτήσοννες
1783 1406 1879 1445 θρίαμ-

1061 1449 1119 1486 ϐον,
1135 1452 1165 1479 ’ὸν
1181 1451 1216 1479 δι’
1233 1451 1340 1480 ἐκείνων
1361 1451 1439 1479 οὐδὲν
1454 1450 1577 1488 ἔλαττον,
1596 1451 1618 1479 εὶ
1642 1451 1687 1479 καὶ
1709 1453 1747 1489 μή
1774 1451 1881 1488 μᾶλλον

1059 1496 1127 1524 κατὰ
1157 1500 1207 1532 τῆς
1236 1499 1281 1523 νῦν
1302 1496 1478 1528 ἆποστασίας.
1511 1497 1604 1524 Κοινὸν
1637 1496 1690 1533 γὰρ
1721 1496 1813 1528 αὐτοῖς
1850 1497 1883 1524 τὸ

1061 1542 1219 1579 θεομαχεῖν,
1249 1541 1274 1568 εἴ
1302 1541 1348 1568 καὶ
1372 1541 1566 1578 νεανικώτερον
1592 1541 1606 1569 ὁ
1635 1540 1791 1576 ἀποστάτης
1819 1542 1883 1578 θρα-

182 1597 299 1624 regnum
315 1589 346 1616 in
359 1591 451 1623 partes
464 1589 589 1622 scissum,
606 1596 661 1616 non
675 1588 804 1616 consistet
818 1588 849 1615 ⁷⁸.
862 1588 1002 1620 Quoniam

1062 1587 1166 1614 σύνεται
1196 1586 1343 1623 προτείνων
1375 1583 1475 1624 ἔλεγε·
1507 1587 1582 1613 Πᾶσα
1610 1585 1734 1623 βασιλεία
1759 1585 1799 1624 ἐφ’
1822 1585 1887 1613 ἑαυ-

184 1634 262 1662 enim
279 1633 402 1670 improbi
419 1636 447 1661 et
461 1634 570 1669 stupidi
585 1632 690 1667 Judaei,
702 1632 832 1660 videntes
844 1635 1005 1661 Creatorem

185 1683 211 1706 et
227 1679 339 1706 animus
354 1681 382 1705 et
398 1686 519 1713 corpora
535 1677 644 1705 morbis
658 1677 842 1711 liberantem,
860 1677 1008 1705 Beelzebul

187 1722 327 1750 miracula
352 1722 413 1749 haec
436 1722 694 1757 lrauscripserunt,
720 1722 761 1749 ita
785 1724 813 1749 et
838 1721 1008 1749 defectionis

185 1767 272 1801 hujus
288 1768 516 1801 propugnatores
532 1774 620 1801 opera
641 1774 779 1794 manuum
795 1766 859 1801 ejus
874 1765 904 1792 in
925 1773 1007 1793 eum-

184 1811 250 1838 dem
267 1810 457 1837 transfcruut.
469 1812 623 1846 Propterea
637 1819 672 1838 ex
687 1810 788 1838 merito
804 1811 935 1838 eamdem
949 1809 1006 1838 Do-

185 1855 257 1882 mini
270 1862 338 1882 voce
351 1854 505 1890 utriusque
516 1855 606 1890 partis
622 1862 749 1890 pugnam
761 1854 819 1882 Deo
832 1854 1005 1881 intentatam

184 1898 359 1927 confuderis.
377 1899 457 1931 Quod
482 1898 505 1926 si
520 1899 598 1926 enim
621 1898 778 1926 indivisum
792 1897 1006 1934 Omnipotentis

186 1944 338 1979 imperium
355 1944 515 1977 dividatur,
531 1943 658 1971 divisum
679 1951 827 1980 nunquam
853 1943 1004 1973 consistet.

183 1990 236 2017 Sed
263 1989 356 2026 prima
380 1989 430 2018 illa
453 1990 558 2018 divisio
573 1989 648 2017 viam
671 1991 791 2022 sternet,
815 1991 847 2017 ut
870 1989 899 2017 in
925 1989 1005 2017 mille

181 2035 305 2063 distrahi
318 2036 476 2071 queat,nec
488 2042 617 2071 unquam
625 2037 733 2062 certam
745 2033 842 2062 sedem
852 2034 1004 2069 locumque

180 2080 319 2115 consequi
348 2079 450 2116 possit.
482 2079 733 2113 Quemadmodum
760 2078 857 2114 itaque
882 2081 1003 2114 uterque

181 2124 411 2160 deprehenditur
429 2126 526 2152 contra
541 2126 632 2151 Deum
649 2129 788 2158 pugnare,
804 2121 924 2149 Judaeus
947 2122 1003 2149 sci-

179 2168 246 2195 licet
262 2171 289 2194 et
310 2169 450 2202 apostatn,
470 2167 519 2194 ille
541 2167 659 2202 quidem
685 2165 837 2200 miracula,
863 2165 909 2193 hic
933 2174 1000 2194 vero

179 2214 327 2240 creaturas
344 2211 392 2238 Dei
408 2210 483 2238 hosti
500 2210 682 2244 adscribens,
693 2210 732 2237 ita
747 2211 845 2237 contra
862 2211 1001 2246 utrosque

180 2257 257 2284 valet
272 2255 439 2284 communis
450 2256 479 2282 et
493 2253 670 2282 invincibilis
685 2253 801 2282 Domini
818 2253 943 2289 rejectio.

214 2388 286 2416 XIV.
301 2389 356 2417 Sed
381 2395 439 2425 quo
465 2386 618 2421 devenitis,
635 2386 786 2416 homines!
813 2395 864 2416 cur
877 2387 1001 2416 Domino

179 2433 290 2468 relicto,
304 2440 477 2461 conservum
493 2434 634 2467 vestrum,
649 2431 693 2460 vel
717 2432 814 2468 potius
840 2440 957 2460 servum
974 2434 1002 2461 et

179 2479 388 2514 spostatam,et
396 2477 537 2506 universae
546 2479 650 2505 nostris
662 2479 771 2505 natura
787 2477 855 2505 inde
872 2477 908 2505 ab
918 2477 1000 2506 initio

178 2523 379 2551 insidiatorem
403 2521 582 2551 conditorem
612 2521 694 2549 vobis
722 2521 924 2550 constituitis?
948 2530 1000 2550 cur

179 2567 305 2596 Creatori
321 2567 522 2595 renunliantes
537 2566 562 2594 ei
578 2574 627 2594 vos
643 2566 767 2601 traditis,
782 2567 832 2602 qui
847 2566 999 2594 interitum

178 2615 310 2640 nostrum
326 2611 441 2648 quierit,
458 2614 487 2640 et
504 2619 562 2639 non
578 2611 682 2639 animae
705 2610 813 2646 solum,
829 2611 879 2640 sed
895 2614 923 2640 et
937 2619 999 2640 cor-

178 2658 240 2694 pori
268 2657 426 2693 perniciem
455 2656 558 2684 afferre
586 2656 732 2683 conatur?
759 2664 812 2684 cur
840 2657 874 2684 ad
903 2656 998 2685 lucem

179 2701 339 2730 caacutitis?
349 2709 401 2729 cur
411 2709 476 2729 vero
490 2700 624 2728 tenebras
635 2708 702 2728 cum
714 2700 778 2728 luce
790 2701 976 2737 permutastis
986 2701 1000 2729 τ

179 2747 321 2784 Evigilate
347 2755 381 2775 ex
409 2746 539 2783 crapula,
569 2746 678 2781 surgite
708 2754 741 2774 ex
765 2745 866 2775 lethali
885 2755 1000 2784 sopore,

213 2858 236 2874 ⁷⁵
251 2858 334 2886 Joan.
348 2865 373 2892 ν,
391 2857 434 2885 45.
473 2855 495 2874 ⁷⁸
510 2855 624 2890 Matth.,
640 2864 690 2889 xu,
705 2855 750 2884 25.

1060 1632 1111 1666 τὴν
1148 1630 1326 1667 μεριζομένη,
1356 1629 1387 1657 οὐ
1419 1631 1625 1665 συσταθήσεται.
1665 1629 1740 1658 Ἐπεὶ
1769 1631 1821 1668 γὰρ
1859 1630 1888 1657 οἱ

1060 1678 1114 1703 τῶν
1149 1673 1286 1703 Ἰουδαίων
1326 1674 1483 1713 ἀγνώμονες
1520 1675 1566 1702 τὸν
1601 1673 1728 1710 Πλάστην
1770 1675 1888 1713 ὁρῶντες

1062 1719 1248 1747 ἀπελαύνοντα
1276 1719 1321 1747 καὶ
1360 1721 1457 1757 ψυχῶν
1487 1719 1532 1747 καὶ
1570 1720 1706 1756 σωμάτων
1734 1719 1768 1747 τὰ
1802 1720 1889 1755 πάθη,

1061 1764 1106 1792 τὸν
1137 1762 1304 1798 Βεελζεϐοὺλ
1338 1767 1398 1795 ταῖς
1429 1764 1604 1800 θεοσημείαις
1631 1763 1812 1804 ἐπεφήμιζον,
1840 1764 1887 1792 καὶ

1063 1809 1089 1835 οἱ
1114 1812 1164 1843 τῆς
1187 1808 1351 1839 ἀποστασίας
1376 1808 1532 1846 ὑπὲρμειχοι
1555 1809 1588 1835 τὰ
1612 1807 1678 1846 ἔργα
1705 1810 1759 1836 τῶν
1782 1810 1885 1846 χειρῶν

1064 1853 1146 1881 αὐτοῦ
1162 1854 1199 1884 εἰς
1214 1854 1259 1881 τὸν
1286 1852 1365 1881 αὺτὸν
1391 1852 1564 1892 ἀναφέρουσι.
1587 1853 1636 1881 Διὰ
1660 1855 1741 1881 τοῦτο
1767 1852 1879 1884 δικαίως

1061 1901 1095 1936 τῇ
1119 1900 1189 1936 αὐτῇ
1219 1901 1369 1937 Δεσποτικῇ
1394 1901 1470 1939 φωνῇ
1489 1899 1535 1926 καὶ
1558 1899 1589 1926 τὸ
1617 1899 1756 1938 θεομάχον
1782 1899 1884 1938 ἀμφοῖν

1059 1943 1242 1979 στηλιτεύοιτ¹
1271 1943 1311 1971 ἅν.
1339 1944 1389 1971 Καὶ
1412 1944 1465 1981 γὰρ
1495 1942 1571 1980 ε’ίπερ
1597 1944 1614 1978 ἡ
1646 1943 1694 1979 μία
1721 1945 1770 1971 τοῦ
1795 1954 1883 1971 παντο

1058 1989 1190 2026 κράτορος
1212 1989 1285 2026 ἂρχὴ
1317 1987 1505 2024 διατέτμηται,
1535 1987 1584 2015 οὐκ
1607 1987 1637 2015 ἃν
1665 1987 1777 2023 συσταίη
1807 1999 1884 2024 τμη-

1058 2035 1142 2061 θεῖσα.
1172 2032 1251 2061 Ἀλλ’
1280 2034 1297 2067 ἡ
1328 2032 1424 2070 πρώτη
1452 2033 1526 2069 τομὴ
1556 2031 1617 2063 ὁδὸς
1644 2032 1804 2059 καθίσταται
1832 2034 1882 2060 τοῦ

1058 2077 1102 2104 καὶ
1129 2077 1165 2108 εἰς
1193 2077 1277 2114 μυρία
1302 2075 1479 2114 διαιρεθῆναι,
1503 2077 1547 2104 καί
1574 2075 1709 2113 μηδεμίαν
1730 2075 1811 2114 ἕδραν
1836 2077 1882 2104 καὶ

1058 2121 1149 2147 στάσιν
1182 2121 1279 2156 μηκέτι
1310 2119 1437 2148 δύνασθαι
1459 2118 1561 2149 λαϐεῖν.
1587 2122 1689 2157 Ὥσπερ
1720 2120 1765 2148 οὗν
1796 2120 1884 2148 ἑκάτε-

1056 2176 1101 2203 ρος
1131 2165 1272 2193 ἁλίσκεται
1305 2166 1463 2203 θεομαχῶν,
1500 2165 1545 2193 καὶ
1576 2166 1590 2193 ὁ
1624 2164 1756 2197 Ἰουδαῖος
1794 2165 1839 2192 καὶ
1869 2166 1884 2193 ὁ

1057 2209 1222 2245 ἀποστάτης,
1244 2210 1257 2237 ὁ
1285 2210 1332 2246 μὲν
1351 2210 1398 2241 τὰς
1420 2210 1594 2247 θεοσημείας,
1614 2209 1627 2236 ὀ
1650 2208 1678 2237 δὲ
1696 2209 1730 2237 τὰ
1750 2208 1885 2246 δημιουρ-

1020 2249 1171 2291 Βγήματα
1198 2256 1247 2282 τοῦ
1281 2256 1347 2282 Θεοῦ
1376 2253 1468 2286 διδοὺς
1498 2256 1537 2290 τῷ
1565 2255 1685 2292 Ἐχθρῷ,
1716 2254 1788 2281 οὕτω
1822 2255 1883 2282 κατ’

1056 2298 1138 2336 ἀμοιν
1172 2299 1249 2334 κοινὴ
1287 2298 1331 2326 καὶ
1368 2298 1487 2339 ἄφυκτος
1516 2299 1533 2333 ἡ
1567 2298 1702 2337 ἀπόφασις
1730 2299 1747 2332 ἡ
1782 2302 1883 2326 Δεσπο-

1056 2344 1131 2379 τική.

1093 2388 1141 2416 ΙΔ’.
1170 2387 1249 2416 ’Δλλ’
1288 2387 1310 2415 ὦ
1339 2390 1388 2415 ποῖ
1424 2387 1544 2426 φέρεσθε,
1578 2387 1740 2425 ἅνθρωποιί
1771 2387 1796 2415 τί
1833 2388 1882 2416 τὸν

1057 2432 1194 2468 Δεσπότην
1220 2432 1329 2471 ἀφέντες
1346 2432 1392 2460 τὸν
1416 2430 1584 2469 ὁμόδουλον,
1603 2431 1709 2469 μᾶλλον
1734 2431 1763 2460 δὲ
1778 2431 1881 2460 δοῦλον

1056 2478 1100 2505 καὶ
1121 2478 1288 2513 ἀποστάτην,
1304 2478 1349 2506 καὶ
1375 2481 1425 2512 τῆς
1451 2477 1520 2513 ὅλης
1541 2479 1620 2515 ἡμῶν
1644 2479 1688 2505 ἃττ’
1714 2478 1804 2516 ἀρχῆς
1820 2477 1882 2506 Eui-

1056 2521 1160 2551 ϐουλον
1190 2523 1294 2561 φύσεως
1317 2521 1484 2560 δημιουργὸν
1514 2523 1621 2553 ἑαυτοῖς
1646 2522 1826 2562 ἐπιγράφετε;
1852 2523 1879 2556 τί

1055 2567 1100 2594 τὸν
1128 2565 1255 2602 Πλάστην
1279 2567 1435 2598 ἀθετοῦντες
1459 2569 1498 2603 τῷ
1522 2568 1571 2602 τήν
1593 2568 1695 2605 φθορὰν
1722 2568 1802 2604 ἡμῶν
1827 2570 1880 2603 ζη-

1053 2613 1146 2639 τοῦντι
1166 2611 1209 2639 καί
1244 2609 1435 2646 σπουδάζοντι,
1461 2611 1493 2638 οὐ
1516 2612 1568 2646 τὴν
1591 2614 1642 2647 τῆς
1666 2613 1759 2649 ψυχῆς
1783 2612 1879 2649 μόνον,

1054 2654 1127 2684 ἀλλὰ
1155 2656 1200 2683 καὶ
1234 2657 1283 2683 τοῦ
1317 2655 1443 2692 σώματος
1483 2655 1593 2687 ἑαυτοὺς
1633 2655 1818 2694 ἑγχειρίζετες
1852 2657 1880 2684 τί

1054 2701 1122 2739 πρὸς
1138 2703 1169 2728 τὸ
1184 2703 1241 2741 φῶς
1266 2700 1462 2739 ἐτυφλώθητεξ
1479 2700 1505 2727 τί
1532 2699 1561 2728 δὲ
1574 2701 1606 2728 τὸ
1624 2701 1724 2732 σκότος
1748 2702 1798 2728 τοῦ
1823 2711 1880 2740 φω-

1053 2746 1099 2776 τὸς
1114 2745 1288 2781 ἠλλάξασθε;
1306 2745 1454 2782 Ἐινήψατε
1474 2746 1525 2780 τῆς
1541 2744 1625 2782 μέθης
1642 2755 1649 2762 ·
1676 2745 1808 2781 ἀνάστητε
1828 2745 1878 2773 τοῦ
