4074 6208
287 380 400 441 121

1375 380 1680 442 CONTRA
1730 381 2203 446 MANICHIEOS
2250 385 2485 448 LIBER
2529 388 2630 451 lll.

3579 399 3696 460 i22

283 512 651 590 ψυχοφθόρου
717 510 908 584 κάρουο
962 507 1261 568 ἀναλάϐετε
1317 519 1418 583 τῆς
1484 511 1763 576 ἀπωλείας
1821 513 1927 568 έαυε

2059 515 2262 588 eripite
2317 535 2416 576 vos
2477 523 2806 593 perditioni.
2868 525 3168 590 Quomodo
3224 543 3360 585 vero
3416 529 3541 586 fieri
3582 531 3692 589 hoc

283 603 438 664 τούς,
489 603 593 659 Καὶ
645 605 763 663 πῶς
817 599 878 656 ἂν
927 602 1138 677 γένοιτο
1185 606 1384 671 τοῦτο;
1432 601 1480 657 εἲ
1525 607 1634 658 τῶν
1675 603 1939 678 πράξεων,

288 689 342 747 ἐν
373 694 458 752 αἶς
487 687 603 766 ἔχει
633 691 698 746 τὸ
736 689 939 764 κράτος
991 692 1019 746 6
1066 692 1319 766 Ἐχθρὸς,
1367 691 1718 769 ἀποστροφὴν
1771 691 1941 764 μελε-

291 783 531 850 τήσοιτε,
583 779 853 856 πρότερον
923 782 1202 853 πορνείαν,
1260 778 1332 836 δι’
1387 784 1455 850 ἧς
1515 782 1785 858 φθείρεται
1846 782 1939 854 μὲν

291 872 352 926 τὸ
399 875 578 944 σῶμα,
618 869 895 948 φθείρεται
948 867 1007 925 δὲ
1050 872 1150 940 τήν
1197 869 1588 946 χαλεπωτέραν
1635 873 1836 949 φθορὰν
1903 873 1938 941 ἡ

288 961 468 1035 ψυχὴ,
497 961 563 1014 τὸ
596 957 998 1016 αὖτοδέσποτον
1039 957 1264 1015 διδοῦσα
1294 958 1568 1016 δουλεύειν
1616 967 1732 1023 τοῖς
1781 962 1942 1015 πάθε-

286 1067 398 1102 σιν·
471 1046 702 1119 ἀδικίαν,
770 1052 837 1118 ἧς
897 1048 1294 1124 ἐπικρατούσης
1355 1046 1478 1105 οῦτε
1564 1049 1731 1118 οίκία,
1817 1045 1941 1105 οὔτε

280 1137 471 1208 πόλις,
533 1135 660 1193 οὔτε
728 1139 850 1214 βίος
954 1137 1100 1202 ὅλως
1182 1138 1518 1214 ἀνθρώπινος
1597 1136 1934 1209 διασώζεται.

282 1225 594 1302 ἐπιορκίαν,
641 1228 740 1296 τὴν
797 1227 1118 1303 βυθίζουσαν
1183 1230 1283 1299 τήν
1328 1229 1513 1303 ψυχὴν
1559 1227 1636 1290 είς
1665 1227 1936 1305 καταφρό-

279 1337 440 1386 νησιν
467 1319 569 1370 τοῦ
609 1319 764 1371 Θεοῦ⁶
823 1313 1205 1390 μισαδελιρίαν,
1253 1313 1324 1371 δι’
1359 1319 1426 1385 ἧς
1471 1317 1500 1372 6
1547 1318 1732 1378 κοινὸς
1785 1312 1936 1390 ὑδρί-

282 1411 435 1476 ζεται
493 1404 769 1475 πλάστης·
827 1406 855 1460 6
915 1407 1017 1482 γὰρ
1073 1407 1137 1462 τὸ
1183 1405 1412 1480 πλάσμα
1475 1412 1646 1481 μισῶν
1706 1404 1934 1482 δωρεὰν,

276 1497 378 1564 τήν
443 1495 522 1556 εἷς
578 1495 673 1550 τὸν
734 1493 986 1566 Πλάστην
1056 1491 1361 1566 διαϐιϐάζει
1449 1495 1756 1572 παροινίαν.
1843 1503 1938 1550 Μι-

280 1587 490 1656 σήσατε
543 1581 931 1658 ψευδολογίαν,
981 1585 1274 1656 συνιέντες,
1330 1585 1404 1648 ὡς
1467 1587 1494 1640 6
1552 1590 1648 1640 τοῦ
1705 1582 1935 1659 ψεύδους

276 1675 466 1749 πατὴρ
545 1675 572 1728 6
660 1669 922 1737 διάϐολός
1001 1673 1134 1731 ἐστι.
1222 1675 1554 1750 Μυσάχθητε
1667 1695 1935 1752 συκοφαν-

279 1764 430 1835 τίαν,
497 1763 621 1833 ἥτις
710 1767 817 1818 τῶν
898 1761 1237 1819 ἀνελπίστων
1321 1768 1504 1819 κακῶν
1588 1761 1777 1820 πολλᾶ
1841 1764 1932 1820 καὶ

288 1853 519 1926 ὁρᾶσθαι
579 1853 966 1928 κατεπράξατο·
1022 1853 1216 1932 φύγετε
1280 1854 1380 1923 τήν
1447 1853 1785 1928 μιαιφονίανο
1841 1854 1931 1910 ἀπ’
1963 1848 2016 1912 Β
2048 1848 2425 1907 homicidium

293 1941 478 2017 ἀρχῆς
519 1943 616 2017 γὰρ
654 1943 680 1997 6
713 1943 952 2021 Ἐχθρὸς
981 1943 1426 2015 ἀνθρωποκτόνος
1464 1944 1552 2013 ἦν’
1584 1946 1684 2014 τὴν
1732 1942 1934 2019 φιλαρ-

293 2030 511 2108 γυρίαν,
543 2030 587 2085 εί
618 2033 749 2103 μήτι
791 2029 958 2098 ἄλλο,
999 2033 1088 2086 τὸν
1125 2029 1328 2086 Ἰούδαν
1369 2031 1693 2094 ἐννοοῦντες
1731 2030 1937 2107 βδελύ-

285 2121 448 2191 ξασθε
501 2118 714 2189 κλοπὴν
767 2121 858 2176 καὶ
929 2117 1128 2185 δόλους
1180 2123 1320 2177 κατᾶ
1371 2125 1467 2176 τοῦ
1525 2121 1786 2192 πλησίον,
1843 2123 1934 2176 καὶ

281 2211 482 2285 γάμων
531 2207 847 2284 ἀλλοτρίων
897 2207 1212 2290 διαφθορὰς,
1261 2212 1353 2266 καὶ
1399 2212 1627 2288 τρυφὴν.
1679 2212 1766 2265 καὶ
1797 2208 1932 2266 ἄκο-

280 2297 504 2368 λασίαν,
544 2300 634 2354 καὶ
689 2299 858 2373 μέθην
908 2305 1008 2369 τῆς
1048 2297 1329 2363 πολιτείας
1380 2301 1531 2374 ὑμῶν
1583 2299 1930 2372 ἐκκαθάρατε·

270 2390 495 2450 τούτοις
524 2388 628 2464 γὰρ
661 2388 1082 2465 συνεισέρχεται.
1113 2389 1329 2452 τούτοις
1361 2387 1548 2460 ἥδεται
1591 2390 1620 2444 6
1674 2390 1931 2466 Ἐχθρός.

275 2480 360 2534 Ἐν
405 2477 632 2541 τούτοις
680 2473 950 2552 λαμϐάνει
997 2480 1096 2548 τήν
1151 2479 1311 2555 ἰσχὺν
1363 2477 1781 2534 καταδουλῶσαι
1833 2481 1929 2553 μὲν

269 2568 331 2622 τὸ
383 2568 647 2646 φρόνημα
699 2568 872 2640 ὑμῶν,
921 2568 1010 2622 καὶ
1071 2565 1358 2638 διαστῆσαι
1424 2573 1521 2623 τοῦ
1583 2566 1931 2644 δημιουργή-

272 2677 469 2719 σαντος
531 2659 691 2728 Θεοῦ,
749 2662 926 2711 πεῖσαι
995 2653 1051 2711 δὲ
1110 2655 1428 2730 πλάσματα,
1485 2657 1573 2712 καὶ
1636 2657 1772 2712 εἶναι
1837 2655 1929 2712 καὶ

263 2745 632 2819 ὀνομάζεσθαι
693 2744 882 2801 αὐτοῦ·
947 2745 1009 2801 ἂν
1075 2750 1184 2801 τῶν
1243 2743 1411 2822 ἔργων
1473 2745 1637 2801 αὐτοῦ
1704 2751 1812 2800 τῶν
1869 2767 1928 2802 τε

271 2834 583 2910 εἰρημένων
644 2835 736 2890 καὶ
789 2839 896 2890 τῶν
965 2834 1364 2910 παραπλησίων
1452 2835 1746 2906 ἀποστῆτε,
1835 2836 1927 2891 καὶ

271 2923 431 2987 αὐτὸς
485 2923 778 3000 ἀφίσταται
830 2925 918 3004 ἀφ’
958 2924 1136 2998 ὑμῶν,
1177 2923 1276 2979 οὐκ
1332 2921 1474 3000 ἔχων
1526 2927 1609 2986 οἷς
1669 2923 1924 3000 ἑδρασθῇ,

266 3015 356 3068 καί
405 3015 496 3075 οἷς
543 3013 980 3080 έπαναπαύσηται
1029 3012 1080 3068 έν
1135 3014 1286 3086 ὑμῖν.
1341 3014 1446 3070 Καὶ
1519 3015 1643 3069 τότε
1701 3013 1834 3087 ύμῖν
1895 3017 1929 3085 ἡ

269 3103 386 3157 θεία
417 3102 591 3177 χάρις
623 3100 984 3174 έπιλάμψασα
1014 3100 1295 3178 έναυγάσει
1335 3101 1583 3175 πλάστην
1636 3102 1928 3179 ἐπιγιγνώ-

275 3211 416 3246 σκειν
469 3190 562 3244 καὶ
604 3188 970 3267 δημιουργὸν,
1039 3190 1101 3245 οὐ
1150 3192 1243 3246 τὸν
1326 3186 1617 3247 ἐπίϐουλον
1707 3194 1930 3271 ἐχθρὸν,

275 3279 421 3335 ἀλλὰ
450 3281 549 3336 τὸν
581 3279 780 3354 ἀγαθὸν
821 3281 909 3334 καί
961 3279 1339 3360 φίλάνθρωπον
1392 3281 1546 3352 Θεὸν,
1591 3280 1645 3337 έν
1789 3281 1930 3338 ἐκτί-

274 3371 370 3439 σθη
402 3369 475 3424 τὰ
505 3369 675 3444 ὁρατᾶ
702 3369 795 3424 καὶ
826 3369 893 3423 τὰ
915 3369 1139 3440 ἀόρατα,
1173 3369 1363 3446 ἀρχαὶ,
1421 3371 1511 3425 καὶ
1572 3369 1777 3446 θρόνοι,
1840 3371 1929 3427 καὶ

273 3459 510 3530 ἐξουσίαι
559 3459 651 3513 καὶ
682 3455 960 3532 δυνάμεις,
991 3460 1082 3514 καί
1114 3460 1141 3514 6
1173 3459 1360 3534 παρὼν
1392 3459 1608 3530 σύμπας
1646 3461 1738 3515 καὶ
1788 3461 1929 3535 ὁρώ-

282 3568 438 3622 μενος
469 3546 701 3620 κόσμος.
736 3547 835 3604 Καὶ
881 3547 984 3622 γὰρ
1033 3545 1106 3602 δι’
1151 3547 1317 3602 αὐτοῦ
1357 3549 1526 3603 πάντα
1575 3547 1790 3626 γέγονε,
1831 3548 1926 3606 κᾶν

272 3640 304 3706 ἡ
350 3635 682 3706 ἀποστασία,
728 3631 1231 3712 προκαταλαϐοῦσα
1279 3644 1378 3708 τῆς
1422 3641 1607 3713 ψυχῆς
1643 3639 1711 3692 τὰ
1749 3637 1930 3712 ὄμμα-

274 3747 354 3794 τα,
384 3728 484 3782 τὸν
517 3723 860 3802 δημιουργὸν
890 3725 1115 3800 βλέπειν
1163 3727 1228 3781 οὐ
1279 3724 1524 3784 δίδωσιν.
1581 3729 1726 3789 Ἕως
1765 3726 1809 3782 δ’
1869 3727 1930 3784 ἂν

271 3819 386 3876 τοῖς
436 3817 538 3870 τοῦ
590 3819 844 3891 Πονηροῦ
895 3813 1681 3890 καθυπηρετῆτενθελήμασιν,
1723 3819 1812 3871 καί
1849 3821 1928 3890 τῷ

275 3900 534 3978 βορϐόρῳ
579 3909 691 3958 τῶν
737 3905 984 3983 αἰσχρῶν
1034 3902 1252 3975 ἡδονῶν
1306 3905 1770 3983 σὺναναφύρησθε,
1837 3906 1928 3961 καὶ

269 3992 386 4048 ἀντὶ
425 3997 542 4048 τῶν
597 3994 882 4068 σωτηρίων
924 3995 1106 4050 πόνων
1151 3998 1220 4069 τῇ
1279 3993 1621 4070 ψυχοφθόρῳ
1681 3995 1928 4068 ῥᾳστώνῃ

271 4083 797 4160 συναναστρέφησθε,
853 4082 1121 4156 οὐμενοῦν
1175 4081 1274 4138 οὐκ
1321 4079 1382 4137 ἂν
1425 4083 1552 4156 ὑμῖν
1604 4085 1639 4151 ἡ
1685 4082 1800 4137 θεία
1839 4084 1928 4138 καὶ

270 4171 527 4247 ούράνιος
587 4171 891 4248 ἒναστράψῃ
954 4171 1124 4248 αἶ’γλη
1187 4170 1316 4228 οὐδὲ
1403 4171 1733 4242 ἐκστήσηται
1827 4177 1926 4227 τοῦ

265 4263 503 4337 κράτους
561 4265 670 4316 τῶν
727 4265 922 4337 ψυχῶν
984 4262 1134 4335 ὑμῶν
1193 4261 1283 4315 καὶ
1366 4265 1474 4316 τῶν
1540 4259 1826 4337 λογισμῶν
1895 4262 1924 4316 ὁ

264 4350 526 4426 Ἐχθρὸς,
578 4354 695 4412 τοῖς
733 4344 913 4425 ἔργοις
958 4345 1104 4426 ἔχων
1154 4347 1620 4422 δεδουλωμένους.
1656 4349 1810 4420 Πλήν
1843 4346 1922 4406 ἔτι

260 4445 376 4502 ταῖς
429 4437 526 4494 διὰ
579 4443 678 4494 τοῦ
727 4440 888 4514 ἁγίου
935 4440 1251 4536 Πνεόματιίς
1327 4439 1646 4514 μαρτυρίαις
1702 4439 1917 4513 ὁδηγεῖν
1951 4473 1996 4536 D

259 4526 398 4599 ὑμᾶς
439 4529 583 4598 πρὸς
637 4528 705 4583 τὸ
753 4533 870 4606 φῶς
923 4532 1023 4595 τῆς
1071 4523 1343 4592 εὐσεϐείας
1389 4529 1480 4585 καὶ
1529 4534 1629 4599 τήν
1676 4529 1918 4587 ἀποστα-

265 4617 381 4671 σίαν
435 4614 711 4692 ἐλέγχειν,
763 4618 1030 4690 οὖμενοῦν
1071 4617 1171 4674 οὐκ
1217 4619 1278 4674 ἃν
1325 4619 1420 4674 τὸν
1469 4615 1632 4675 ὄκνον
1663 4625 1763 4689 τῆς
1803 4619 1918 4676 ἐπι.

271 4705 498 4776 μελείας
539 4704 932 4782 προελοίμεθα.

933 4802 1152 4856 ΛΟΓΟΣ
1194 4797 1269 4854 I".

326 4888 414 4944 A'.
479 4885 584 4941 Καί
647 4905 742 4959 μοι
807 4887 906 4948 τὰς
971 4885 1138 4950 ἀκοὰς
1195 4882 1542 4957 ἀδεκάστους,
1600 4887 1691 4942 καὶ
1752 4884 1921 4960 μηδὲν

264 4975 468 5048 λῆμμα
505 4978 586 5047 (1)
626 4979 724 5031 τοῦ
774 4980 1026 5051 Πονηροῦ
1074 4975 1340 5057 φερούσας
1389 4975 1773 5049 οἰναπετιπὶσατε³
1827 4979 1918 5033 καὶ

264 5061 714 5120 φανὸιασκοπεῖτέ
769 5084 867 5138 μοι
923 5068 1036 5121 τῶν
1092 5065 1192 5134 τὴν
1247 5063 1490 5122 Παλαιὰν
1569 5066 1913 5140 Νομοθεσίαν

2051 599 2364 676 ροισεΠέἱ
2396 610 2468 666 ab
2499 613 2829 670 actionibus
2861 615 2997 681 illis,
3032 617 3088 671 in
3122 617 3337 688 quibus
3389 618 3574 675 hostis
3605 620 3690 678 vis

2052 694 2240 764 posita
2271 702 2380 765 est,
2413 705 2668 756 avertere
2700 719 2802 758 vos
2832 703 3106 760 laboretis
3139 722 3151 760 :
3185 712 3242 760 et
3273 707 3526 777 primum
3559 709 3690 782 qui-

2053 782 2180 837 dem
2237 802 2267 840 a
2323 789 2691 860 scortatione,
2754 807 2854 862 per
2909 809 3077 862 quam
3138 796 3400 865 perditur
3457 813 3688 870 corpus,

2053 872 2353 945 multoque
2385 879 2572 948 magis
2605 879 2820 945 anima,
2853 897 2886 934 a
2916 899 3028 952 qua
3085 883 3407 940 libertatem
3461 885 3688 944 habetis

2051 959 2394 1035 indulgendi
2417 966 2720 1022 affectibus
2743 987 2757 1036 ;
2784 973 2906 1023 tum
2930 972 3000 1023 ab
3025 970 3338 1040 injustitia,
3371 990 3486 1042 qua
3508 976 3692 1030 domi-

2051 1056 2226 1106 nante
2257 1067 2362 1107 nec
2403 1054 2632 1124 domus,
2683 1072 2788 1114 nec
2839 1057 3065 1128 civitas,
3117 1076 3222 1114 nec
3269 1061 3388 1117 vita
3437 1063 3690 1126 hominis

2049 1140 2286 1195 omnino
2318 1153 2726 1214 conservatur;
2761 1163 2794 1202 a
2828 1148 3106 1218 perjurio,
3141 1149 3295 1220 quod
3339 1151 3591 1207 animam
3626 1153 3686 1208 in

2048 1235 2540 1302 contemptionem
2605 1235 2699 1290 Dei
2757 1236 3109 1306 praecipitem
3167 1239 3286 1309 agit
3344 1255 3356 1293 :
3425 1241 3496 1296 ab
3555 1242 3688 1297 odio

2048 1318 2318 1386 proximi,
2351 1335 2451 1388 per
2473 1322 2624 1392 quod
2659 1323 2993 1378 communis
3014 1325 3248 1380 Creator
3269 1326 3483 1397 injuria
3505 1328 3689 1384 elﬁci-

2048 1407 2146 1458 tur
2178 1421 2191 1460 :
2226 1406 2325 1476 qui
2357 1407 2514 1464 enim
2547 1415 2872 1466 creaturam
2916 1412 3042 1467 sine
3088 1429 3263 1470 causa
3307 1415 3448 1480 odit,
3500 1417 3690 1489 impo-

2047 1492 2290 1549 tentiam
2323 1512 2489 1551 suam
2525 1497 2582 1552 in
2615 1498 2805 1569 ipsum
2833 1500 3187 1557 conditorem
3213 1504 3506 1560 transfert.
3541 1505 3685 1563 Odio

2046 1595 2217 1650 porro
2267 1582 2530 1640 habeatis
2580 1585 2963 1657 mendacium,
3023 1589 3344 1661 cogitantes
3401 1592 3685 1648 mendacii

2046 1679 2267 1740 patrem
2299 1689 2426 1730 esse
2458 1675 2753 1734 diabolum
2785 1698 2800 1747 ;
2831 1681 3175 1735 aversemini
3207 1683 3685 1752 fraudulentiam,

2045 1776 2172 1830 quae
2222 1761 2368 1817 mala
2414 1763 2588 1821 etiam
2642 1783 2757 1822 non
2807 1772 3037 1838 sperata
3085 1769 3457 1840 conciliavit;
3505 1772 3687 1844 fugite

2489 1871 2502 1908 :
2563 1855 2750 1912 hostis
2804 1857 2960 1912 cnim
3020 1859 3092 1913 ab
3149 1858 3317 1916 initio
3395 1861 3686 1918 homicida

2043 1943 2203 2007 erat;
2255 1942 2553 1998 avaritiam
2616 1944 2773 2014 item,
2837 1947 3076 2014 Judam,
3135 1949 3243 2004 nisi
3299 1949 3456 2005 aliud
3511 1952 3682 2023 quid-

2043 2044 2243 2099 quam,
2324 2033 2747 2103 recogitantes;
2831 2036 3208 2092 exsecremini
3323 2040 3543 2094 furtum
3627 2045 3685 2097 et

2042 2117 2208 2172 dolos
2261 2128 2457 2174 contra
2506 2122 2859 2193 proximum,
2912 2125 3170 2197 itemque
3218 2127 3595 2197 adulterium,
3628 2137 3683 2185 et

2041 2203 2244 2262 luxum
2299 2216 2350 2262 el
2393 2207 2902 2278 incontinentiam,
2951 2219 3010 2268 et
3058 2214 3451 2271 temulentiam
3495 2233 3528 2272 a
3557 2217 3684 2272 vitae

2040 2302 2244 2351 vestrae
2276 2297 2596 2354 rationibus
2629 2299 2874 2356 alienam
2909 2302 3190 2358 habeatis.
3225 2303 3325 2359 His
3355 2307 3505 2361 enim
3539 2323 3680 2361 con-

2041 2385 2278 2455 suescit,
2327 2385 2421 2442 his
2467 2387 2791 2443 delectatur
2835 2389 3060 2460 hostis;
3115 2393 3172 2446 in
3219 2392 3311 2448 his
3342 2394 3677 2452 facultatem

2040 2473 2252 2544 accipit
2283 2480 2506 2532 mentes
2537 2482 2759 2532 vestras
2790 2479 2902 2534 sibi
2935 2479 3370 2551 subjiciendi,et
3388 2483 3682 2539 avertendi

2041 2579 2076 2618 a
2133 2562 2248 2618 Deo
2307 2565 2626 2633 conditore,
2681 2569 3189 2640 persuadendique
3261 2573 3564 2638 creaturis,
3623 2578 3686 2628 ut

2039 2667 2159 2708 suaa
2209 2661 2262 2709 et
2310 2654 2429 2710 sint
2477 2659 2533 2709 et
2581 2655 2996 2726 appellentur:
3048 2659 3097 2714 si
3147 2675 3280 2715 vero
3311 2661 3381 2715 ab
3413 2660 3686 2732 operibus

2040 2742 2168 2812 ejus
2215 2746 2342 2798 tum
2392 2746 2866 2801 commemoratis
2921 2754 3042 2802 tum
3093 2747 3330 2804 illorum
3389 2749 3686 2807 similibus

2037 2831 2398 2899 abstineatis,
2463 2834 2642 2889 etiam
2695 2834 2822 2906 ipse
2879 2835 3196 2892 abstinebit
3253 2855 3286 2893 a
3341 2838 3527 2906 vobis,
3571 2855 3680 2896 non

2041 2920 2262 2977 habens
2294 2923 2642 2996 quidquam,
2675 2925 2732 2978 in
2775 2941 2890 2997 quo
2933 2925 3220 2982 innitatur
3249 2932 3305 2983 et
3334 2929 3683 2999 acquiescat.

2041 3010 2205 3066 Tunc
2235 3029 2365 3068 vero
2397 3013 2591 3068 divina
2621 3014 2807 3086 gratia
2837 3013 3125 3087 atl'ulgens
3174 3015 3526 3072 illuminabit
3557 3035 3680 3090 vos,

2043 3105 2107 3154 ut
2138 3101 2499 3157 conditorem
2531 3108 2588 3158 et
2617 3102 2884 3173 opiﬁcem
2931 3104 3282 3173 agnoscatis,
3333 3121 3448 3160 non
3491 3105 3685 3162 inimi-

2041 3205 2172 3245 cum
2205 3191 2367 3246 illum
2401 3192 2824 3258 insidiatorem,
2850 3193 2948 3246 sed
2975 3193 3189 3247 bonum
3215 3193 3381 3247 illum
3406 3199 3463 3250 et
3497 3195 3685 3250 homic

2041 3295 2183 3334 num
2221 3281 2475 3335 amicum
2509 3281 2714 3350 Deum,
2751 3298 2849 3353 per
2878 3296 3050 3353 quem
3087 3286 3276 3336 creata
3308 3287 3448 3338 sunt
3469 3284 3686 3355 omnia,

2040 3368 2293 3424 visibilia
2345 3373 2402 3424 et
2452 3369 2790 3439 invisibilia,
2847 3370 3252 3442 magistratus,
3295 3375 3348 3427 et
3378 3371 3595 3442 throni,
3628 3377 3686 3429 et

2041 3463 2375 3530 potestates,
2408 3467 2465 3513 et
2497 3460 2758 3525 virtutes,
2790 3463 2849 3515 et
2886 3475 3142 3530 praesens
3190 3459 3381 3514 omnis
3430 3476 3496 3515 ac
3543 3459 3684 3516 visi-

2043 3547 2170 3603 bilis
2201 3547 2478 3604 mundus.
2509 3550 2619 3604 Per
2646 3549 2841 3622 ipsum
2877 3549 3031 3604 enim
3084 3549 3284 3605 omnia
3329 3550 3477 3606 facta
3525 3554 3680 3618 sunt,

2038 3638 2304 3708 quamvis
2357 3638 2604 3695 deiectio
2663 3638 2786 3707 illa,
2842 3639 3054 3698 mentis
3112 3637 3314 3694 oculos
3364 3639 3681 3708 iascinans,

2039 3725 2401 3781 conditorem
2428 3727 2621 3782 videre
2648 3743 2759 3782 non
2798 3727 3069 3799 patiatur.
3103 3726 3302 3791 Quoad
3348 3731 3502 3784 enim
3549 3730 3684 3786 Mali

2037 3813 2320 3869 voluntati
2364 3813 2802 3883 obsecundatis,
2854 3819 2911 3870 ct
2957 3815 3229 3871 sordibus
3280 3816 3532 3887 turpium
3583 3834 3682 3874 vo-

2036 3901 2330 3973 luptatum
2364 3902 2760 3970 maculamini,
2789 3909 2847 3959 et
2877 3921 2978 3976 pro
3002 3903 3362 3960 salutaribus
3386 3905 3684 3964 laboribus

2037 3990 2277 4046 delicias
2319 3992 2524 4047 animm
2577 3993 2778 4047 noxias
2828 3992 3154 4061 sectamini,
3187 4009 3492 4064 nunquam
3523 3999 3679 4052 certe

2037 4080 2273 4136 divinus
2325 4085 2382 4137 et
2438 4080 2686 4136 cmlestis
2747 4080 3024 4152 splendor
3092 4098 3192 4136 vos
3277 4081 3674 4155 illustraverit,

2035 4185 2225 4242 neque
2282 4175 2627 4242 potestatem
2685 4169 2745 4224 in
2803 4169 3029 4225 animas
3077 4174 3132 4224 et
3181 4174 3404 4224 mentes
3450 4175 3676 4226 vestras

2036 4259 2298 4316 amiserit
2329 4260 2532 4327 hostis,
2563 4277 2705 4332 quas
2735 4259 2958 4316 scilicet
2988 4273 3090 4331 per
3119 4257 3374 4314 actiones
3403 4258 3515 4314 sibi
3545 4260 3680 4315 sub-

2028 4349 2218 4420 jectas
2266 4350 2460 4406 habet.
2513 4349 2751 4406 Interim
2802 4363 3196 4420 nequaquam,
3229 4347 3560 4416 posthabita
3591 4349 3680 4404 in-

2034 4440 2281 4506 dustria,
2311 4439 2660 4496 testimoniis
2690 4440 2942 4511 Spiritus
2984 4439 3167 4494 sancti
3217 4454 3319 4494 vos
3367 4439 3439 4494 ad
3484 4437 3673 4495 lucem

2030 4528 2264 4600 pietatis
2320 4529 2554 4598 ducere,
2619 4535 2674 4586 et
2731 4529 3113 4584 defectionem
3201 4527 3499 4583 confutare
3583 4528 3672 4600 pi-

2028 4617 2352 4691 grabimur.

2657 4795 2900 4852 SERMO
2939 4796 3041 4852 IlI.

2100 4890 2141 4944 Ι.
2193 4888 2422 4960 Aperite
2465 4885 2632 4951 mihi,
2684 4901 2715 4941 ο
2766 4885 2903 4954 mei,
2953 4900 3126 4941 aures
3175 4889 3386 4955 castas,
3445 4891 3501 4944 et
3547 4904 3670 4961 qum

2028 4977 2255 5034 nullum
2289 4975 2425 5033 Mali
2456 4976 2670 5049 dogma
2692 4973 2906 5044 ferunt,
2939 4990 3287 5047 mecumque
3309 4976 3673 5037 considerate

2026 5067 2275 5138 injurias
2304 5068 2364 5123 in
2395 5067 2576 5122 Deum
2612 5065 2928 5122 sententias
2955 5081 3158 5123 eorum
3190 5067 3288 5138 qui
3320 5066 3496 5124 Vetus
3527 5067 3670 5126 Tes-

1438 5235 1681 5293 VARIE
1717 5237 2111 5295 LECTIONES
2149 5237 2240 5293 ET
2275 5237 2502 5294 NOT/E.

327 5380 709 5452 (11)Λῆμμα.
744 5379 866 5436 Vox
913 5379 1230 5437 dialecticis
1267 5380 1582 5453 familiaris
1632 5386 1741 5450 est,
1793 5399 1906 5453 qua

305 5453 696 5536 repositiones
716 5453 1046 5523 argumenti
1069 5452 1489 5536 aconclusione
1510 5452 1900 5536 distinguunt.

265 5525 447 5578 Latini
498 5525 704 5579 itidem
753 5540 855 5594 per
908 5527 1274 5595 sumptionem
1322 5530 1572 5589 vertunt,
1617 5525 1906 5597 praeeunte

262 5590 554 5681 picei-one,
577 5595 681 5681 lib.
706 5609 769 5663 ιι,
789 5595 863 5681 De
881 5595 1224 5681 divinatione
1253 5615 1266 5654 :
1295 5595 1402 5652 Sed
1421 5595 1746 5681 ιζςυιαεέίιζί
1767 5597 1904 5681 quas

261 5665 774 5754 istqs'mm'ptiones,
796 5675 849 5724 σε
864 5681 985 5754 qua
1088 5686 1278 5754 μματα
1297 5667 1586 5754 appellant
1597 5667 1898 5754 dialectici.

261 5737 460 5792 Confer
518 5737 832 5810 Diogenem
872 5737 1178 5797 Laertium
1240 5737 1490 5796 De'vitis
1548 5739 1902 5813 phitosopho-

2016 5401 2162 5452 rum,
2198 5385 2296 5442 lib.
2332 5387 2452 5453 u,§
2495 5386 2614 5454 i07,
2657 5387 2714 5440 et
2761 5385 2909 5440 adde
2965 5383 3281 5441 Ezechielis
3326 5385 3664 5454 Spanhemii

2014 5457 2190 5512 Notas
2215 5457 2283 5512 ad
2320 5457 2712 5527 Aristophanis
2746 5457 2949 5524 Nubes,
2979 5473 3033 5511 ν.
3069 5457 3192 5514 456.
3240 5458 3405 5524 Apud
3439 5457 3666 5516 Stoicos

2014 5528 2177 5602 idem
2200 5535 2297 5602 est
2321 5525 2523 5600 λῆμμά
2554 5533 2735 5602 quod
2759 5530 2905 5583 alias
2949 5527 3478 5602 ὡρίων-πρότασις.
3513 5531 3666 5602 Lege

2015 5599 2200 5670 Egid.
2245 5599 2600 5671 Menagium,
2624 5603 2693 5655 ad
2721 5600 2901 5656 Laert.
2928 5616 3023 5667 νη,
3047 5601 3136 5654 τ3.
3176 5599 3290 5671 Ego
3313 5599 3369 5654 in
3394 5599 3670 5658 versione

2014 5671 2136 5744 voci
2187 5671 2535 5744 ampliorem
2579 5671 2802 5744 subjeci
2856 5672 3173 5744 notionem,
3224 5686 3399 5743 quam
3432 5672 3661 5728 scilicet

2013 5741 2320 5815 scriptoris
2351 5759 2517 5800 mens
2548 5741 2831 5815 subjicere
2862 5743 2974 5816 ipsi
3013 5741 3338 5798 videbatur.
