4074 6208
364 345 478 408 123

1561 341 1824 402 ΡΗΟἸῚΙ
1869 341 2401 402 ΡΑΤΒΙΑΒΕΗᾸΞ
2445 343 2560 402 ΟΡ.

3648 342 3766 401 124

362 483 686 538 tamentum
721 479 1180 537 calumniantur.
1213 479 1373 545 Quod
1399 477 1448 534 si
1467 476 1620 534 enim
1645 476 1785 533 illud
1811 494 1843 533 a
1862 475 2010 533 Malo

2147 469 2515 550 νυϐριζόντων
2559 479 2656 530 τοῦ
2708 475 3056 552 φρονήματος
3105 473 3167 528 τὸ
3227 473 3468 530 ἀντίθεον
3526 477 3661 548 (t2).
3707 475 3772 532 Εἴ

361 575 470 636 est,
491 571 785 642 quomodo
809 569 970 626 illius
993 571 1250 626 codicem
1275 569 1349 638 is,
1373 568 1471 639 qui
1495 567 1567 622 ad
1591 567 2007 623 destruendum

365 659 582 718 Malum
613 659 790 724 venit,
826 662 1078 729 recipere
1110 657 1412 727 sustinuit,
1447 663 1504 712 et
1542 655 1737 711 multis
1763 655 2004 711 audien-

367 749 524 804 tibus
548 748 736 820 legere
756 765 822 803 ca
842 764 966 819 quas
989 748 1060 803 de
1092 763 1153 803 ee
1187 745 1577 818 praenuntiata
1607 750 1790 814 erant,
1824 761 2012 816 neque

368 839 562 912 legere
593 839 806 907 solum,
847 837 947 892 sed
981 842 1036 890 et
1066 836 1288 904 testari,
1320 852 1386 891 ac
1417 837 1606 892 dicere
1639 851 1651 891 :
1695 836 1820 894 Haec
1865 853 2013 891 nunc

370 928 601 1000 impleta
619 933 751 984 sunt
781 927 842 982 in
873 927 1099 982 auribus
1122 928 1311 982 vestris
1339 924 1424 995 77;
1459 943 1524 982 ac
1573 931 1852 997 praeterea
1901 943 2009 981 an-

367 1033 502 1072 num
558 1017 749 1100 illum,
809 1016 909 1086 qui
964 1020 1054 1070 est
1110 1015 1384 1086 periodus
1451 1019 1804 1086 temporum,
1863 1016 2015 1070 sicut

369 1110 605 1176 tempus
633 1108 721 1158 est
755 1119 1031 1158 mensura
1057 1112 1252 1159 motus
1283 1103 1600 1173 sensibilis,
1639 1108 1695 1158 ut
1741 1108 2016 1173 acceptum

377 1197 479 1250 Deo
506 1195 806 1264 praedicare
833 1193 898 1247 ⁷⁸.
932 1194 1231 1257 Quomodo
1261 1210 1396 1249 vero
1427 1195 1601 1250 etiam
1635 1195 1692 1250 in
1739 1195 2018 1267 parabola

376 1283 446 1338 de
475 1286 686 1338 Lazaro
718 1287 774 1338 et
800 1281 978 1338 divite
1007 1283 1266 1353 optimus
1295 1288 1352 1339 et
1384 1282 1690 1340 hominum
1737 1284 2014 1339 amantis-

376 1373 565 1430 simus
587 1373 873 1429 Dominus
891 1382 1086 1429 noster
1107 1373 1306 1429 Mosen
1330 1378 1385 1428 et
1407 1373 1722 1446 prophetas
1744 1374 2018 1431 salutaris

375 1462 778 1519 conversionis
834 1467 892 1519 et
949 1462 1298 1534 pmnitentiaa
1350 1463 1660 1535 magistros
1717 1462 2020 1536 appellat?

373 1551 582 1607 Habent
607 1553 777 1618 enim,
812 1550 1106 1622 inquiens,
1137 1556 1320 1608 Mosen
1349 1561 1400 1607 et
1419 1553 1714 1624 prophetas
1741 1570 1762 1607 :
1793 1552 2022 1609 audiant

372 1641 500 1697 illos
529 1640 595 1698 πθ.
628 1640 906 1712 Nunquid
939 1643 1094 1697 enim
1128 1641 1178 1696 is
1209 1641 1309 1714 qui
1343 1641 1402 1697 in
1429 1658 1799 1698 communem
1832 1642 2022 1698 homi-

376 1747 520 1787 num
553 1729 802 1786 salutem
837 1733 1098 1786 nostram
1130 1736 1397 1787 naturam
1431 1731 1704 1802 suscepit,
1747 1731 2020 1788 doctrinm

2116 564 2216 640 γὰρ
2268 563 2408 618 ἐστιν
2447 563 2580 634 αὕτη
2634 568 2732 620 τοῦ
2778 568 3053 634 Πονηροῦ,
3103 567 3220 625 πῶς
3270 563 3536 639 ἠνέσχετο
3582 559 3770 620 λαϐεῖν

2118 655 2178 708 τὸ
2214 649 2430 729 βιϐλίον
2462 654 2686 723 ταύτῆς,
2721 655 2748 708 6
2797 653 2884 708 τὸν
2937 653 3182 726 Πονηρὸν
3233 652 3480 708 καθελεῖν
3531 673 3772 728 παραγε-

2113 745 2289 818 γονώς
2315 763 2329 811 ;
2370 742 2458 798 καὶ
2487 743 2562 805 εἰς
2593 741 2820 798 πολλῶν
2853 741 3157 816 ἀναγνῶναι
3187 743 3376 810 ἀκοάς,
3411 738 3482 796 δι’
3511 743 3587 797 ὧν
3632 763 3769 815 προ-

2117 832 2438 908 εκηρύττετο
2477 833 2543 888 τά
2589 832 2712 908 περὶ
2758 833 2970 900 ἑαυτοῦ,
3019 832 3109 886 καὶ
3161 830 3260 886 οὐκ
3307 831 3610 906 ἀναγνῶναι
3673 834 3768 904 μό.

2116 941 2227 990 νον,
2289 919 2434 976 ἀλλὰ
2480 920 2571 976 καὶ
2633 919 3118 996 διαμαρτύρασθαι,
3169 921 3253 975 ὅτι
3300 924 3480 976 Ταῦτα
3536 925 3627 975 νῦν
3667 941 3764 976 πε-

2117 1010 2409 1082 πλήρωται
2469 1008 2522 1064 ἐν
2575 1015 2691 1074 τοῖς
2737 1009 2868 1064 ὠσὶν
2929 1009 3102 1082 ὑμῶν’
3158 1011 3244 1064 καὶ
3322 1009 3412 1064 τὸν
3497 1007 3766 1078 ἐνιαυτὸν,

2119 1098 2178 1163 ὅς
2235 1097 2344 1154 ἐστι
2399 1096 2652 1174 περίοδος
2704 1098 2918 1173 χρόνων
2964 1100 3104 1173 (13),
3153 1099 3181 1154 6
3232 1095 3289 1153 δὲ
3329 1099 3534 1172 χρόνος
3571 1098 3769 1174 μέτρον

2118 1191 2384 1260 κινήσεως
2481 1187 2766 1258 αἴσθητῆς,
2857 1191 3048 1243 τοῦτον
3171 1187 3500 1263 ἀνακηρύξαι
3584 1186 3769 1244 δεκτὸν

2121 1280 2356 1351 Κυρίῳ;
2413 1282 2536 1340 Πῶς
2579 1275 2638 1332 δὲ
2681 1276 2847 1332 πάλιν
2899 1277 2950 1332 ὲν
3000 1280 3069 1350 τῇ
3117 1280 3212 1331 τοῦ
3256 1277 3507 1352 Λαζάρου
3554 1279 3644 1332 καὶ
3675 1283 3775 1334 τοῦ

2122 1367 2391 1423 πλουσίου
2421 1363 2714 1442 παραϐολῇ
2739 1367 2765 1421 ὁ
2797 1365 3184 1445 φιλάνθρωπος
3224 1366 3314 1421 καὶ
3365 1365 3565 1441 ἀγαθὸς
3614 1366 3777 1441 ἡμῶν

2125 1455 2398 1528 Δεσπότης
2449 1457 2644 1511 Μωσέα
2683 1458 2772 1510 καί
2815 1453 2942 1518 τοὺς
2990 1455 3275 1533 προφήτας
3331 1462 3434 1526 τῆς
3495 1457 3777 1530 σωτηρίου

2125 1545 2458 1622 ἐπιστροφῆς
2486 1544 2575 1599 καὶ
2639 1543 3000 1618 μεταμελείας
3048 1542 3412 1608 διδασκάλους
3460 1543 3772 1614 ἀποκαλεῖς

2127 1636 2357 1710 Ἔχουσι
2413 1634 2535 1710 γὰρ,
2593 1635 2748 1714 φησὶ,
2811 1632 3010 1689 ὺὶωσέά
3082 1632 3173 1688 καὶ
3258 1634 3386 1695 τοὺς
3464 1634 3770 1712 προφήτας

2126 1722 2508 1778 ἀκουσάτωσαν
2565 1724 2766 1778 αὐτῶν.
2825 1723 2968 1797 Ἀρα
3022 1722 3124 1797 γὰρ
3185 1723 3212 1776 ὁ
3271 1719 3360 1776 ἒπὶ
3440 1725 3591 1795 κοινῇ
3669 1725 3769 1777 τοῦ

377 1837 497 1878 suae
531 1820 812 1885 initiatos,
846 1827 898 1874 et
929 1820 1004 1875 ab
1029 1835 1223 1876 errore
1260 1821 1557 1890 liberatos,
1604 1821 1674 1876 ad
1727 1837 1920 1878 servos
1962 1826 2020 1878 et

2147 1814 2313 1889 γένους
2349 1815 2458 1886 (ii)
2493 1813 2736 1886 σωτηρίᾳ
2764 1813 2864 1880 τὴν
2897 1814 3058 1884 ἡμῶν
3102 1811 3260 1889 φύσιν
3308 1807 3595 1866 ἀναλαϐὼν
3644 1813 3776 1876 τοὺς

379 1909 681 1966 ministros
716 1909 900 1964 hostis
923 1909 1273 1979 amandarit,
1309 1914 1375 1964 ut
1403 1910 1608 1966 salutis
1634 1911 2026 1982 ﬁantcompo-

373 1999 503 2056 tes?
542 1999 681 2065 Quis
713 2003 981 2053 creatura
1014 1999 1110 2052 Dei
1150 1998 1452 2061 exsistens.
1477 2015 1608 2054 vere
1623 2005 1682 2055 et
1702 2000 1848 2054 serio
1871 2000 2028 2057 hunc

375 2091 550 2143 tantae
583 2086 830 2142 insania
865 2086 1114 2156 gradum
1145 2086 1464 2142 admittat?
1496 2093 1666 2142 Porro
1715 2087 1763 2142 si
1815 2088 2027 2144 veteris

384 2175 760 2231 instrumenti
794 2180 999 2229 auctor
1039 2174 1229 2228 Malus
1259 2181 1370 2245 est,
1421 2177 1714 2247 quomodo
1763 2177 2027 2233 veritatis

387 2265 516 2319 fons
574 2263 835 2334 praecipit
887 2279 901 2317 :
957 2262 1305 2319 Scrutamini
1359 2265 1696 2332 Scripturas,
1753 2269 1886 2338 quia
1967 2266 2029 2321 in

383 2349 501 2406 illis
530 2348 824 2404 invenietis
854 2348 1025 2404 vitam
1055 2355 1324 2405 alemam
1353 2350 1400 2386 ⁸ο
1419 2351 1448 2405 ?
1476 2350 1584 2407 Ubi
1615 2353 1768 2407 enim
1800 2359 1889 2408 est
1917 2354 2030 2408 vita

387 2445 621 2504 aeterna,
655 2437 714 2492 in
747 2437 964 2508 quibus
996 2438 1237 2493 aculeus
1268 2443 1485 2509 peccati
1509 2439 1892 2495 dominatur?
1923 2439 2031 2496 Ubi

387 2527 507 2585 vita
561 2532 792 2595 reterns,
850 2525 910 2581 in
969 2527 1188 2599 quibus
1244 2527 1537 2583 homicida
1593 2529 1747 2599 leges
1804 2530 1931 2594 fert,
1976 2539 2032 2587 et

388 2615 698 2688 praecipit?
717 2616 873 2671 Talia
891 2615 1115 2672 scilicet
1139 2616 1340 2689 lingua
1359 2616 1474 2673 Deo
1509 2617 1745 2674 inimica
1776 2620 2034 2690 proferre

392 2705 587 2762 audet.
666 2705 726 2760 Si
777 2709 1054 2778 praeterea
1099 2714 1260 2762 vetus
1316 2709 1733 2762 testamentum
1792 2725 1826 2764 a
1882 2708 2033 2765 Malo

395 2797 504 2856 est,
537 2793 830 2866 quomodo
861 2794 1090 2852 Veritas
1119 2794 1248 2866 ipsa
1279 2795 1356 2850 ait
1388 2811 1403 2852 :
1454 2795 1514 2852 Si
1559 2796 1852 2853 crederetis
1880 2797 2032 2866 Mosi,

393 2883 696 2940 crederetis
724 2891 776 2939 et
811 2883 954 2938 mihi
979 2900 1000 2938 :
1032 2883 1096 2940 de
1127 2900 1214 2939 me
1243 2886 1393 2940 enim
1441 2885 1490 2940 is
1537 2887 1756 2956 scripsit
1785 2885 1852 2944 εί.
1910 2887 2035 2943 Non

397 2989 540 3029 sane
570 2972 652 3029 ait
681 2988 694 3028 :
729 2971 789 3029 Si
819 2973 879 3028 in
912 2972 1206 3028 nonnullis
1235 2973 1544 3030 crederetis
1572 2974 1739 3041 Mosi,
1767 2976 1867 3031 sed
1899 2975 2036 3031 sim-

398 3061 627 3134 pliciter
657 3061 854 3134 ipsum
889 3068 951 3117 ut
981 3062 1094 3117 fide
1124 3061 1364 3135 dignum
1395 3062 1710 3120 renuntiat.
1737 3065 2037 3130 Quomodo

2133 1901 2696 1977 μυσταγωγουμένους
2753 1902 2882 1975 παρ’
2953 1903 3139 1972 αὐτοῦ,
3221 1901 3312 1956 καὶ
3394 1907 3496 1970 τῆς
3560 1899 3779 1970 πλάνης

2130 1989 2672 2063 ἀπαλλαττομένους,
2724 1990 2799 2052 εἷς
2845 1989 2974 2052 τοὺς
3035 1991 3368 2065 θεράποντας
3415 1991 3506 2044 καὶ
3573 1991 3781 2063 ὑπηρέο

2130 2101 2227 2143 τας
2259 2078 2536 2151 ἀνέπεμπε
2563 2083 2660 2134 τοῦ
2682 2081 2941 2154 Ἐχθροῦ,
2972 2079 3061 2133 καὶ
3093 2080 3218 2134 τότε
3248 2077 3526 2155 σωτηρίας
3553 2084 3742 2154 τυχεῖν
3769 2099 3786 2149 ;

2137 2168 2337 2231 Καὶτίς
2378 2165 2438 2222 ἃν
2466 2167 2762 2242 ἀνάσχοιτο
2789 2167 3018 2240 πλάσμα
3060 2172 3192 2224 Θεοῦ
3246 2169 3508 2242 ὑπάρχων
3556 2165 3782 2235 ἀληθῶς

2135 2266 2236 2328 τῆς
2269 2258 2538 2326 τοσαύτης
2568 2257 2826 2321 ἀπονοίας
2866 2258 2965 2326 τὴν
2996 2252 3308 2331 ὑπερϐολήν
3336 2278 3350 2319 ;
3385 2255 3556 2312 Ηάλιν
3603 2253 3682 2327 δὲ,
3737 2256 3785 2312 εἷ

2135 2354 2234 2416 τῆς
2303 2346 2542 2409 Ιίαλαιᾶς
2596 2349 2873 2418 Διαθήκης
2923 2348 3226 2419 νομοθέτης
3270 2348 3298 2402 6
3346 2347 3621 2422 Ηονηρὸς,
3670 2350 3791 2408 πῶς

2139 2435 2289 2513 λέγει
2335 2443 2436 2506 τῆς
2480 2431 2821 2511 ἀγαθότητος
2870 2438 2904 2506 ἡ
2953 2438 3132 2511 πηγή·
3187 2435 3466 2510 Ἐρευνᾶτε
3518 2439 3632 2508 (15)
3686 2435 3789 2496 τὰς

2139 2526 2374 2603 Γραφάς,
2435 2524 2516 2580 ὅτι
2576 2521 2628 2578 έν
2686 2525 2876 2588 αὐταῖς
2947 2525 3200 2599 εὑρήσετε
3284 2526 3430 2594 ζωὴν
3515 2523 3782 2593 αἲώνιονς

2143 2619 2254 2670 Ποῦ
2285 2614 2387 2691 γὰρ
2419 2616 2454 2683 ἡ
2487 2613 2706 2676 αἰώνιος
2739 2616 2876 2684 ζωὴ,
2909 2612 2964 2669 ἐν
2996 2615 3080 2676 οἷς
3110 2612 3174 2669 τὸ
3205 2615 3422 2690 κέντρον
3462 2620 3562 2683 τῆς
3609 2614 3788 2688 ἀμαρ-

2140 2705 2259 2766 τίας
2291 2701 2676 2772 πολιτεύεται;
2708 2707 2814 2758 ποῦ
2844 2705 2880 2773 ἡ
2911 2701 3134 2764 αἲώνιος
3178 2703 3315 2773 ζωὴ,
3367 2701 3420 2758 ἐν
3473 2703 3557 2764 οἷς
3610 2703 3636 2759 ὁ
3689 2703 3788 2756 ἀν-

2145 2792 2529 2870 θρωποκτόνος
2577 2795 2882 2866 νομοθετεῖ,
2929 2792 3020 2847 καὶ
3095 2788 3559 2864 παρακελεύεταις
3616 2797 3785 2846 τοῦτο

2145 2885 2251 2958 γὰρ
2297 2884 2332 2952 ἡ
2382 2883 2662 2958 θεομάχος
2709 2881 2931 2956 γλῶσσα
2970 2879 3312 2956 θρασύνεται.
3369 2889 3549 2956 Χωρις
3597 2878 3651 2936 δὲ
3678 2885 3792 2935 τῶν

2149 2971 2473 3047 εἰρημένων,
2502 2972 2547 3028 εἰ
2579 2975 2613 3042 ἡ
2647 2971 2865 3027 Παλαιά
2892 2975 2988 3026 τοῦ
3037 2974 3312 3048 Πονηροῦ·
3363 2975 3483 3034 πῶς
3531 2969 3796 3041 Ἀλήθεια

2148 3063 2318 3136 λέγει’
2386 3061 2450 3118 Εἰ
2504 3059 2803 3116 ἐπιστεύετε
2858 3066 3064 3130 Μωσεῖ,
3123 3059 3423 3116 ἐπιστεύετε
3488 3059 3549 3114 ἂν
3646 3058 3798 3133 ἐμοί’

394 3169 529 3210 vero
560 3154 769 3210 iterum
802 3153 1077 3209 adversus
1099 3134 1219 3222 eos,
1266 3153 1364 3224 qui
1395 3154 1549 3211 circa
1600 3154 2036 3211 dissolutionem

2151 3134 2421 3227 περὶγὰρ
2475 3149 2611 3224 ἐμοῦ
2670 3149 2872 3211 ἐκεῖνος
2927 3147 3188 3224 ἔγραψεν;
3248 3150 3363 3207 Οὐκ
3421 3149 3588 3204 εἶπεν*
3643 3148 3703 3205 Εἰ
3745 3143 3801 3204 ἔν

396 3243 656 3316 conjugii
688 3259 1015 3316 suspensos
1041 3260 1101 3300 se
1131 3246 1431 3315 gerebant,
1475 3250 1648 3317 atque
1678 3245 1739 3301 in
1791 3244 2046 3316 patroci-

397 3335 564 3390 nium
597 3333 1052 3405 perturbationis
1094 3351 1212 3389 suts
1261 3335 1331 3390 ad
1383 3335 1577 3391 Mosen
1631 3337 2043 3406 provocabunt,

400 3427 670 3491 suscepta
700 3428 932 3476 strenue
965 3422 1339 3491 Legislatoris
1369 3440 1549 3478 causa
1587 3425 1669 3479 ait
1699 3441 1714 3481 :
1765 3426 1929 3482 Moses
1976 3426 2044 3481 ob

400 3507 665 3563 duritiem
693 3509 870 3563 cordis
901 3510 1069 3564 vestri
1093 3513 1343 3580 permisit
1362 3513 1508 3568 vobis
1529 3512 1806 3568 dimittere
1828 3529 2042 3570 uxores.

395 3597 472 3653 Ab
501 3597 674 3652 initio
705 3613 832 3653 vero
861 3614 969 3654 non
1000 3604 1118 3655 erat
1150 3602 1230 3656 ita
1251 3601 1319 3660 δέ.
1355 3604 1516 3659 Unde
1562 3608 1753 3659 autem
1803 3605 1860 3659 id
1916 3622 2048 3676 pro-

400 3687 547 3742 bat?
577 3687 680 3756 Qui
708 3690 856 3742 enim
889 3690 1022 3758 fecit
1052 3704 1159 3759 eos,
1195 3690 1406 3762 inquit,
1438 3709 1649 3749 marem
1694 3698 1749 3750 et
1774 3697 2045 3765 feminam

396 3774 532 3848 fecit
560 3773 629 3834 ⁸³.
664 3776 864 3848 Itaque
894 3793 980 3842 ea,
1023 3795 1149 3850 qua;
1197 3783 1461 3837 Servator
1508 3781 1570 3837 in
1603 3783 1930 3856 Evangeliis
1974 3783 2046 3840 de

402 3865 672 3935 conjugio
702 3866 916 3935 sanxit,
948 3869 1019 3924 ab
1048 3867 1148 3924 illo
1179 3869 1464 3941 proficisci
1495 3871 1578 3928 ait
1618 3873 1720 3944 qui
1767 3874 2046 3930 creaturis

403 3953 528 4010 suis
558 3959 616 4011 et
644 3956 922 4026 operibus
954 3958 1111 4030 leges
1141 3959 1350 4029 ﬁxerit,
1369 3965 1425 4017 et
1446 3961 1640 4018 Mosen
1662 3967 1906 4020 testatur
1929 3979 2046 4020 non

400 4045 821 4117 contempsisse
851 4048 1005 4116 leges
1037 4047 1096 4104 in
1129 4053 1422 4107 creatione
1459 4051 1629 4118 latas,
1678 4051 1782 4109 sed
1825 4069 1893 4109 ex
1923 4069 2044 4108 cer-

400 4135 476 4190 tis
507 4135 967 4194 circumstantiis
995 4139 1066 4194 de
1099 4140 1406 4210 postulatis
1435 4141 1562 4210 ejus
1597 4141 1822 4213 aliquid
1867 4141 2045 4198 remi-

401 4223 564 4279 sisse.
601 4225 738 4298 Legi
768 4226 928 4282 enim
959 4227 1272 4284 creationis
1301 4230 1372 4283 ab
1403 4228 1570 4284 initio
1601 4231 1762 4285 factm
1796 4247 1942 4297 mea,
1967 4230 2048 4285 in-

404 4311 550 4382 quit,
579 4313 670 4369 lex
699 4317 1033 4384 concordat,
1067 4316 1282 4372 solutio
1312 4333 1442 4372 vero
1463 4319 1725 4390 conjugii
1759 4336 1792 4375 a
1812 4319 2048 4390 dispen-

402 4399 630 4459 satione
659 4409 717 4458 et
761 4404 1136 4476 dispositione
1167 4403 1348 4461 Mosis
1392 4407 1621 4478 pendet.
1653 4408 1736 4463 0b
1767 4406 2040 4463 duritiem

477 4511 528 4586 77
551 4513 696 4586 Luc.
732 4531 806 4585 ιν,
839 4515 930 4571 21.
1075 4512 1121 4549 ⁷⁸
1152 4513 1294 4570 ibid.
1329 4515 1414 4571 19.
1561 4515 1606 4553 ⁷⁸
1636 4515 1774 4573 Luc.
1806 4532 1919 4586 xvr,
1950 4517 2042 4572 29.

405 4583 452 4622 ⁸³
481 4584 628 4643 ibid.
656 4587 712 4640 9.

2152 3262 2291 3296 τισιν
2337 3240 2644 3296 ἐπιστεύετε
2691 3244 2899 3308 Monii,
2947 3237 3074 3295 ἀλλ’
3113 3236 3302 3300 ἅπλῶς
3346 3238 3510 3293 αὐτοῦ
3548 3238 3611 3293 τὸ
3649 3237 3806 3308 ἀξιό-

2155 3351 2346 3387 πιστον
2393 3331 2708 3404 ἀνεκήρυξε.
2759 3333 2882 3390 ΙΙῶς
2928 3325 2986 3384 δὲ
3022 3328 3186 3383 πάλιν
3236 3328 3370 3402 πρὸς
3399 3327 3525 3389 τοὺς
3563 3327 3808 3406 κεχηνό-

2153 3441 2250 3484 τας
2298 3421 2417 3494 περὶ
2467 3420 2566 3488 τὴν
2609 3417 2856 3473 διάλυσιν
2903 3422 3010 3474 τῶν
3065 3416 3254 3493 γάμων
3318 3417 3408 3472 καὶ
3455 3418 3547 3472 τὸν
3589 3422 3802 3485 Μωσῆν

2157 3509 2230 3571 εἰς
2261 3507 2588 3585 συνηγορίαν
2622 3512 2717 3562 τοῦ
2747 3509 2952 3569 πάθους
2983 3503 3479 3583 προϐαλλομένους
3523 3504 3804 3581 λαμπρῶς

2157 3599 2489 3674 ὑπερμαχῶν
2537 3601 2633 3652 τοῦ
2681 3597 2984 3670 νομοθέτου
3035 3596 3221 3674 φησὶν,
3275 3595 3358 3651 ὅτι
3409 3601 3610 3664 Μωσῆς
3665 3595 3805 3666 πρὸς

2154 3690 2251 3758 τὴν
2341 3682 2777 3762 σκληροκαρδίαν
2865 3687 3018 3760 ὑμῶν
3099 3686 3383 3761 ἐπέτρεψεν
3469 3685 3594 3758 ὑμῖν
3667 3685 3810 3739 ἀπο-

2156 3779 2315 3836 λῦσαι
2373 3779 2469 3839 τάς
2525 3782 2805 3853 γυναῖκας.
2865 3777 2988 3834 Ἀπ’
3045 3776 3228 3851 ἀρχῆς
3313 3772 3370 3830 δὲ
3438 3776 3499 3830 οὐ
3584 3777 3800 3850 γέγονεν

2155 3869 2350 3931 οὕτως·
2415 3867 2510 3922 Καὶ
2563 3866 2721 3922 πόθεν
2781 3869 2880 3937 τὴν
2948 3863 3224 3936 ἀπόδειξιν
3280 3866 3545 3941 προάγει;
3594 3865 3650 3920 Ὀ
3690 3863 3797 3939 γὰρ

2154 3960 2388 4030 ποιήσας
2447 3957 2667 4027 αὐτοὺς,
2736 3955 2924 4030 φησὶν,
2983 3954 3140 4027 ἄρσεν
3199 3955 3286 4010 καὶ
3350 3955 3490 4024 θῆλυ
3547 3951 3801 4022 ἐποίησεν

2155 4050 2375 4111 αὐτούς·
2439 4048 2578 4104 ὥστε
2634 4049 2766 4116 ἅπερ
2825 4045 3133 4120 ἐνομοθέτει
3193 4047 3222 4101 6
3278 4047 3478 4120 Σωτὴρ
3547 4044 3598 4099 ἐν
3684 4050 3807 4108 τοῖς

2157 4137 2510 4215 Εὐαγγελίοις
2567 4139 2688 4212 περὶ
2743 4143 2844 4207 τῆς
2904 4135 3183 4214 συζυγίας,
3241 4132 3302 4190 ἐκ
3347 4140 3446 4192 τοῦ
3487 4132 3713 4210 θεμένου
3746 4132 3804 4189 έν

2155 4233 2274 4289 τοῖς
2303 4227 2468 4281 αὐτοῦ
2499 4225 2782 4299 πλάσμασι
2813 4228 2902 4282 καὶ
2935 4228 3206 4299 ποιήμασι
3235 4226 3365 4286 τοὺς
3414 4223 3566 4302 φύσει
3595 4224 3806 4297 νόμους

2156 4314 2438 4390 προελθεῖν
2489 4312 2694 4386 ἐδήλου
2742 4316 2832 4370 καὶ
2880 4315 2974 4370 τὸν
3024 4319 3225 4384 Μωσῆν
3278 4313 3340 4368 οὐ
3381 4314 3807 4392 καταφρονητήν

2154 4408 2262 4460 τῶν
2289 4401 2376 4458 διά
2399 4411 2501 4474 τῆς
2530 4403 2783 4467 πλάσεως
2813 4401 3117 4479 δεδομένων
3171 4404 3380 4477 νόμων,
3429 4399 3554 4456 ἀλλ’
3605 4399 3668 4455 ἐκ
3712 4421 3813 4456 πε-

2188 4515 2235 4550 ⁸⁰
2263 4515 2433 4572 Joan.
2465 4531 2518 4570 ν.
2549 4515 2638 4570 39.
2786 4513 2830 4551 δι
2865 4515 3006 4571 ibid.
3039 4515 3128 4570 46.
3275 4511 3323 4548 ⁸³
3363 4511 3564 4568 Matth.
3598 4527 3716 4579 xxx,
3751 4513 3809 4567 8.

1573 4677 1818 4735 VARI/Ii
1857 4677 2248 4737 LECTIONES
2287 4677 2376 4734 ET
2411 4677 2638 4734 ΝΟΤιΕ.

480 4765 590 4836 (12)
616 4767 702 4848 Ex_
726 4764 1058 4848 limineboc
1089 4767 1605 4848 sermonispatere
1643 4768 1872 4848 videtur
1917 4785 2050 4848 eum

410 4851 514 4961 ριιο
543 4839 819 4894 concione
841 4839 1108 4896 habitum
1136 4839 1313 4897 fuisse
1333 4839 1754 4910 ad’audientes,
1771 4858 1919 4914 quos
1938 4841 2052 4898 sci-

435 4912 543 4961 lcet
573 4906 668 4961 hic
699 4909 770 4961 ad
803 4912 1177 4961 attentionem
1213 4913 1283 4961 iis
1318 4913 1506 4961 verbis
1551 4915 1779 4961 excitat-
1813 4930 1940 4961 num
1981 4913 2049 4961 ad

435 4906 543 4961 icet
573 4906 668 4985 bic
699 4909 770 4962 ad
803 4912 1178 4985 attentionem
1213 4913 1283 4968 iis
1318 4913 1506 4968 verbis
1551 4906 2052 4985 excitatfquevad

406 4975 670 5062 legentes
689 4995 804 5062 non
826 4997 987 5062 aeque
1005 4984 1150 5062 bene
1173 4985 1601 5040 accommodari
1635 4975 1899 5062 possunt.
1932 4982 2056 5062 _Hu-

404 5056 507 5126 jus
538 5056 614 5126 rei
648 5056 980 5126 vestigiaet
1007 5056 1160 5110 infra
1199 5062 1526 5124 occurrent,
1559 5057 2053 5126 quemadmodum

412 5127 471 5200 e_t
491 5121 549 5176 in
576 5120 687 5176 ﬁne
709 5120 1074 5200 hujuslibelli
1097 5127 1309 5200 diserte
1333 5120 1548 5184 mentio
1579 5120 1644 5184 tit
1663 5131 1763 5192 τῆς
1812 5126 2054 5200 ὁμιλίας.

410 5193 480 5248 Et
506 5208 707 5276 parum
733 5193 916 5276 abest,
940 5197 1080 5267 quin
1115 5198 1267 5276 idem
1296 5201 1365 5253 de
1384 5200 1670 5276 superiori
1693 5193 1888 5276 libello
1909 5216 2057 5276 asse-

412 5269 750 5341 ram,_cu_jus
781 5271 1038 5321 extrema
1071 5269 1264 5341 verba,
1295 5285 1421 5341 qum
1452 5269 1626 5326 etiam
1661 5273 2056 5326 continuatio-

414 5351 548 5392 nem
567 5336 1261 5412 bujuseommentationis
1276 5336 2058 5412 sperarejubentmoncionis

411 5423 588 5463 sacra:
621 5406 886 5462 habitum
919 5409 1064 5463 satis
1097 5406 1389 5467 luculente
1421 5406 1654 5469 sist'unt.

484 5479 619 5560 (13).
645 5474 1191 5560 Ῐὶερίοδεςυχρόνων.
1225 5481 1457 5560 Plenius
1515 5490 1601 5560 et_
1628 5485 1921 5560 disertius,
1950 5501 2061 5560 ap-

415 5566 555 5624 num
587 5550 1133 5624 definibPoll'utgi.
1177 5570 1268 5608 LIV
1302 5571 1316 5608 :
1365 5555 1667 5624 ’,Ενιαυτὸς,
1717 5553 1856 5621 ἔτος,
1898 5552 2061 5610 δωδε-

410 5622 664 5713 adamas,
716 5619 914 5713 χρόνος
980 5619 1458 5713 ηλίρυκπερξοξος
1545 5619 1924 5713 περιελθρντος
2009 5625 2059 5697 ἐξ

415 5692 572 5768 ὡρῶν
621 5692 884 5756 εἷς’ξῧοας
927 5692 1022 5753 τοῦ
1068 5696 1216 5766 θεοῦ,
1265 5692 1470 5752 κύκλον
1521 5692 1629 5752 τοῖ
1663 5697 1884 5773 ἀστέρος
1917 5692 2066 5773 περιξ

2084 4776 2132 4840 D
2165 4765 2494 4844 δραμεξντφς·

2234 4836 2348 4911 (14)
2379 4837 2553 4908 Γένος,
2586 4837 2892 4911 hominum.
2929 4837 3024 4911 Ita_
3038 4836 3426 4911 _ver_tendum_
3442 4849 3572 4911 esse
3623 4847 3812 4911 supra

2164 4903 2399 4982 probavi
2429 4912 2488 4966 in
2523 4903 2676 4966 notis
2706 4910 2777 4966 ad
2808 4908 2910 4965 lib.
2943 4923 2963 4964 1
2993 4907 3210 4975 Photii,
3244 4925 3296 4981 p.
3329 4905 3431 4963 139
3460 4907 3658 4977 (supra
3691 4903 3809 4962 col.

2162 4984 2251 5038 83.
2286 4988 2406 5037 not.
2435 4984 2546 5038 86).

2235 4984 2663 5126 ξιὲῗϊὲὲἓξᾶτε.
2697 5051 3026 5125 Imperandi
3059 5050 3257 5126 itaque
3300 5049 3537 5126 notione
3584 5046 3812 5126 accepit

2163 5124 2559 5182 verbumhoc
2611 5124 2878 5192 Photius,
2929 5124 3426 5195 quemadmodum
3459 5129 3515 5177 et
3545 5124 3811 5175 veterum

2164 5197 2434 5254 Ecclesiae
2465 5199 2670 5254 Grteczs
2703 5195 3291 5268 doctorumiplerique
3313 5209 3537 5258 omnes,
3558 5206 3809 5268 quorum

2165 5270 2291 5326 loca
2321 5273 2614 5326 cumulate
2644 5269 2840 5344 attulit
2867 5267 2965 5344 J0.
2991 5261 3516 5344 Gasparlsuicerus
3563 5265 3620 5344 in
3672 5261 3811 5344 Ihe-

2166 5358 2330 5398 sauro
2359 5340 2745 5406 ecclesiastico,
2769 5346 2910 5396 tom.
2947 5343 2992 5406 ι,
3026 5355 3081 5406 p,
3103 5336 3362 5394 1210.151:
3393 5336 3813 5406 recentioribus

2167 5414 2443 5469 Erasmus
2473 5405 2809 5470 Schmidius
2839 5411 2898 5466 in
2932 5405 3512 5466 Animadversionibus
3543 5405 3612 5460 ad
3653 5405 3720 5460 Ν.
3755 5405 3810 5459 Τ.

2169 5502 2343 5556 super
2367 5486 2516 5541 hunc
2537 5486 2724 5542 locum
2750 5483 3048 5538 indicandi
3074 5482 3366 5538 notionem
3393 5476 3808 5556 praeferendam

2171 5550 2430 5612 sttidiose
2472 5556 2794 5626 contendit,
2845 5570 3063 5626 paucos
3114 5550 3812 5626 nactusapprgbatores.

2169 5627 2316 5700 Vide
2346 5643 2469 5700 quas
2501 5629 2637 5685 olim
2669 5627 2749 5700 in
2773 5621 2924 5700 hanc
2973 5641 3094 5700 rem
3141 5624 3352 5700 scripsi
3390 5621 3464 5680 ad
3511 5621 3815 5680 Casaubo—

2173 5697 2382 5769 niana,
2405 5716 2461 5771 p.
2490 5701 2615 5756 297.
2647 5699 2754 5758 Sed
2787 5700 2856 5756 de
2887 5697 2998 5754 hoc
3028 5699 3153 5754 loco
3184 5697 3344 5755 alias.
