4074 6208
347 378 462 440 127

1543 377 1811 440 PHOTII
1855 377 2386 441 PATRIARCHJE
2427 379 2546 440 ΟΡ.

3631 382 3746 446 128

339 515 513 572 factio
543 521 765 588 septem
790 515 958 570 ﬁnxit
983 515 1210 580 fratres,
1238 528 1557 584 eorumque
1585 512 1834 585 singulis
1859 530 1972 568 suc-

2099 509 2277 567 ἅκουε.
2322 513 2514 569 Ἡνίκα
2558 515 2662 590 γὰρ
2705 515 2766 570 τὸ
2825 511 3212 570 Σαδδουκαίων
3273 514 3496 571 ἄπιστόν
3549 537 3607 572 τε
3654 515 3746 573 καί

343 623 512 663 cessu
538 605 820 677 temporis
853 619 1029 660 unam
1061 604 1446 674 eamdemque
1488 619 1723 658 uxorem
1758 604 1986 674 tribuit,

349 700 523 767 atque
555 693 664 750 hoc
696 694 973 766 figmento
1013 709 1119 748 suo
1167 707 1471 761 corporum
1504 693 1986 747 resurrectionem

346 789 605 840 avertere
637 788 846 838 conata
871 787 978 847 est,
1019 783 1285 836 Servator
1315 779 1433 834 illis
1465 779 1796 849 insolubile,
1836 783 1988 852 quod

347 873 405 929 in
439 879 767 930 commento
805 888 911 926 suo
943 887 1069 926 esse
1099 869 1508 941 opinabantur,
1534 870 1986 941 opponentibus,

348 963 878 1034 quaerentibusque,
911 959 1217 1030 cujusnam
1259 975 1324 1014 ex
1358 964 1582 1030 septem
1625 959 1756 1014 istis
1793 959 1990 1014 futura

350 1051 428 1105 sit
481 1067 646 1116 uxor,
687 1049 941 1119 primum
1001 1048 1234 1119 quidem
1296 1048 1660 1118 exprobravit
1711 1053 1986 1118 tauquam

344 1140 670 1209 Scripturas
693 1137 1100 1208 ignorantibus
1125 1135 1193 1191 ⁸⁸.
1220 1139 1291 1190 At
1315 1138 1605 1208 quomodo
1627 1137 1990 1192 animadver-

343 1227 432 1282 sio
465 1227 522 1280 in
553 1242 654 1280 eos
703 1225 862 1281 cadit
895 1225 994 1296 qui
1041 1225 1313 1296 ignorant
1343 1240 1466 1295 quas
1517 1224 1650 1280 Mali
1697 1225 1881 1280 sunt?
1917 1227 1988 1281 At

341 1314 438 1370 ille
471 1330 538 1370 ex
568 1315 931 1385 ignoratione
963 1314 1395 1384 Scripturarum
1431 1315 1587 1369 aliud
1629 1314 1806 1385 idque
1854 1331 1983 1385 gra-

338 1403 468 1460 vius
502 1405 644 1475 ipsis
675 1403 952 1475 impingit
983 1403 1284 1473 probrum,
1318 1405 1468 1473 quod
1498 1401 1718 1459 scilicet
1751 1418 1854 1458 nec
1884 1420 1985 1474 po-

340 1492 587 1547 tentiam
617 1492 716 1546 Dei
752 1492 966 1546 norint.
994 1489 1139 1546 Hinc
1169 1491 1508 1562 mysterium
1541 1492 1984 1548 resurrectionis

341 1581 557 1638 clarius
589 1581 961 1654 expositurus
996 1597 1009 1636 :
1043 1583 1104 1636 In
1134 1583 1531 1638 resurrectione
1559 1582 1731 1648 enim,
1774 1581 1982 1654 inquit,

339 1689 515 1744 neque
545 1689 743 1730 uxores
774 1674 1006 1740 ducunt,
1032 1688 1209 1743 neque
1237 1673 1537 1741 elocantur,
1569 1673 1660 1728 sed
1703 1676 1761 1727 ut
1789 1671 1987 1742 angeli

340 1762 440 1818 Dei
469 1764 528 1816 in
548 1763 676 1818 caelo
706 1767 832 1818 sunt
864 1762 928 1816 ⁸ο.
964 1760 1088 1817 Imo
1117 1759 1568 1831 imprudentiam
1611 1761 1762 1817 hanc
1793 1762 1984 1818 adhuc

2098 600 2377 676 περίεργον
2439 602 2574 657 ἒπτά
2634 604 2727 676 μὲν
2799 602 3056 659 ἔπλαττεν
3131 601 3425 682 ἀδελφοὺς,
3485 605 3611 677 μίαν
3692 604 3747 662 δὲ

2096 692 2180 744 ταὶ
2215 693 2314 760 τὴν
2363 691 2528 760 αὐτὴν
2577 693 2722 760 παρά
2773 691 2937 767 μέρος
2976 692 3222 767 ἥρμοζον
3262 693 3444 756 αὐτοῖς
3493 701 3744 770 γυναῖκα,

2097 780 2186 834 καί
2218 782 2315 850 τήν
2367 785 2473 835 τῶν
2517 782 2786 854 σωμάτων
2836 782 3122 836 ἀνάστασιν
3167 783 3406 857 ἀναιρεῖν
3463 783 3545 856 τῷ
3590 787 3742 840 πλά-

2099 889 2263 942 σματι
2306 867 2745 945 διεμηχανῶντο,
2779 871 2806 924 ὁ
2851 872 3047 945 Σωτὴρ
3090 867 3612 945 διαπυνθανομένοις
3643 873 3741 928 αὐ-

2095 965 2212 1023 τοῖς
2253 961 2315 1014 τὸ
2365 959 2453 1014 διὰ
2496 960 2593 1015 τοῦ
2643 959 2988 1031 πλάσματος,
3036 961 3114 1023 ὡς
3179 963 3458 1035 ἐνόμιζον,
3509 963 3740 1038 ἄπορον,

2096 1047 2187 1103 καὶ
2217 1047 2359 1110 τίνος
2404 1046 2550 1103 ἔσται
2600 1053 2708 1104 τῶν
2755 1049 2892 1105 ἑπτὰ
2939 1051 3098 1124 γυνή,
3131 1051 3472 1121 ἀπαιτοῦσιν,
3521 1057 3738 1130 πρῶτον

2101 1138 2197 1210 μὲν
2247 1136 2571 1209 ἐπετίμησεν
2620 1138 2805 1200 αὐτοῖς
2860 1146 2961 1208 τῆς
3009 1137 3224 1210 πλάνης
3272 1140 3347 1204 ὡς
3384 1140 3480 1203 τὰς
3527 1143 3740 1220 Γραφὰς

2098 1226 2192 1281 εὖκ
2239 1226 2428 1282 εἰδόσι.
2467 1227 2650 1282 Καίτοι
2699 1249 2782 1290 τις
2840 1227 3158 1301 ἐπιτίμησις
3195 1235 3311 1291 τοῖς
3369 1231 3626 1304 ἀγνοοῦσι
3673 1233 3740 1287 τὰ

2097 1319 2193 1370 τοῦ
2253 1320 2544 1386 Πονηροῦ;
2603 1324 2666 1372 ⁶Θ
2721 1315 2778 1370 δὲ
2829 1317 3186 1390 προστίθησιν
3245 1316 3306 1372 ἐκ
3362 1325 3461 1387 τῆς
3518 1318 3738 1395 ἀγνοίας

2092 1409 2198 1459 τῶν
2260 1409 2507 1483 Γραφῶν,
2573 1401 2755 1480 ἕτερον
2830 1406 3015 1468 αὐτοῖς
3091 1404 3399 1480 ὀνειδισμὸν
3469 1407 3737 1483 χαλεπώ-

2094 1515 2272 1570 τερον,
2371 1492 2512 1566 μηδὲ
2581 1496 2678 1564 τήν
2785 1493 3008 1568 δύναμιν
3077 1495 3272 1558 αὐτοὺς
3362 1493 3558 1552 εἰδέναι
3639 1499 3738 1553 τοῦ

2096 1587 2250 1638 Θεοῦ.
2311 1584 2438 1639 Εἶτα
2511 1584 2832 1659 τρανότερον
2905 1585 2968 1639 τὸ
3035 1591 3136 1654 τῆς
3199 1586 3537 1649 ἀναστάσεως
3605 1585 3737 1642 ἀνα-

2094 1671 2343 1727 πτύσσων
2391 1674 2688 1748 μυστήριον
2727 1691 2739 1702 ·
2791 1673 2879 1728 ’Ev
2931 1675 3035 1748 γὰρ
3075 1678 3142 1748 τῇ
3191 1674 3497 1744 ἀναστάσει,
3545 1675 3728 1756 φησίν,

2095 1758 2216 1815 οὔτε
2286 1764 2573 1837 γαμοῦσιν,
2635 1758 2758 1816 οὔτε
2833 1761 3235 1836 ἐκγαμίζονται,
3294 1761 3421 1819 ἀλλ’
3485 1764 3556 1826 ὡς
3629 1763 3732 1840 ἄγ-

341 1850 550 1906 fortius
581 1850 996 1922 efﬁcaciusque
1027 1849 1441 1920 castigaturus,
1467 1854 1522 1904 et
1553 1851 1762 1920 partim
1787 1851 1972 1920 gratia

2093 1848 2248 1924 γελοι
2295 1854 2392 1904 τοῦ
2451 1855 2585 1905 Θεοῦ
2644 1850 2694 1905 ἐν
2756 1849 2968 1924 οὖρανῷ
3013 1852 3168 1910 εἰσιν.
3201 1853 3322 1908 Ἔτι
3382 1849 3439 1908 δὲ
3495 1850 3731 1931 σφοδρό-

342 1955 408 1994 ac
440 1938 585 2010 legis
616 1939 961 1994 concordem
985 1937 1348 2014 harmoniam
1381 1938 1750 2008 expositurus
1772 1938 1980 1995 iisdem

340 2044 494 2096 vero,
524 2045 589 2083 ac
618 2029 819 2082 eadem
844 2043 1019 2097 opera
1040 2027 1371 2083 recentibus
1397 2027 1746 2082 adversariis
1778 2027 1982 2098 plagas

343 2131 411 2172 ex
443 2116 568 2186 lege
595 2115 850 2170 Moesica
881 2115 1213 2170 inﬂicturus
1247 2132 1261 2169 :
1295 2117 1481 2170 Nonne
1511 2116 1738 2186 legistis,
1772 2116 1978 2186 inquit,

291 2223 298 2230 ί
340 2204 480 2277 quod
510 2221 543 2258 α
570 2205 679 2258 Deo
709 2203 918 2258 dictum
947 2208 1026 2259 est
1056 2221 1076 2258 :
1107 2205 1223 2276 Ego
1251 2219 1370 2259 sum
1401 2205 1539 2259 Deus
1578 2203 1899 2270 Abrahami,
1932 2217 1984 2262 et

337 2295 478 2350 Deus
502 2293 694 2359 (sacci,
727 2298 780 2347 et
816 2297 961 2346 Deus
989 2293 1180 2348 Jacobi
1206 2291 1273 2348 9°.
1303 2294 1424 2358 Quo
1455 2293 1579 2363 ipso
1629 2295 1842 2348 diserte
1872 2311 1978 2348 os-

329 2382 544 2449 tendit,
574 2381 724 2452 quod
750 2379 1042 2436 Abraham
1067 2385 1122 2436 et
1143 2384 1303 2437 Isaac
1327 2386 1382 2437 et
1399 2381 1579 2436 Jacob
1601 2387 1827 2437 aeterna:
1848 2383 1975 2439 vitas

333 2470 593 2526 haredes
623 2471 763 2538 sint,
795 2474 851 2525 et
882 2471 1036 2541 quod
1071 2471 1222 2525 Deus
1254 2476 1528 2536 aeternus,
1562 2487 1628 2526 ac
1678 2487 1974 2527 resurrec-

331 2559 508 2616 tionis
539 2565 763 2626 auctor,
795 2567 869 2624 et,
903 2558 996 2628 qui
1034 2559 1166 2614 hinc
1194 2559 1426 2631 pendet,
1460 2559 1686 2616 fructus
1735 2560 1976 2630 largitor

331 2647 564 2703 illorum
615 2648 691 2702 sit
743 2648 912 2702 Deus.
963 2647 1251 2719 Adjungit
1294 2664 1428 2703 vero
1479 2649 1538 2703 in
1589 2649 1972 2720 sequentibus

329 2736 451 2792 hac
487 2751 501 2791 :
532 2735 649 2792 Non
681 2737 869 2807 itaque
899 2737 1042 2792 Deus
1068 2742 1416 2793 mortuorum
1461 2739 1598 2793 Deus
1625 2745 1722 2806 est,
1753 2738 1848 2793 sed
1893 2740 1974 2795 υἰ-

330 2827 577 2882 uentium
599 2824 666 2882 9‘.
690 2829 877 2896 Atque
898 2825 1019 2882 haec
1041 2826 1292 2894 monuit,
1314 2832 1376 2882 ut
1395 2843 1629 2884 omnem
1655 2829 1968 2902 impiorum

327 2914 631 2971 hominum
663 2919 996 2988 pristextum
1029 2915 1304 2972 eluderet.
1337 2921 1535 2990 Neque
1565 2919 1735 2974 etiam
1769 2920 1972 2978 omisit

325 3020 804 3075 commemorare,
851 3004 950 3060 ubi
999 3005 1114 3060 ista
1161 3006 1377 3078 scripta
1424 3012 1675 3076 exstent,
1723 3009 1823 3065 sed
1872 3026 1970 3082 per

2090 1938 2246 2011 τερόν
2277 1958 2336 1991 τε
2373 1938 2462 1991 καί
2505 1937 2863 2012 ἰσχυρότερον
2921 1936 3224 2014 διελέγχων
3257 1941 3356 2010 τήν
3403 1941 3612 2010 ἄνοιαν,
3643 1943 3732 1997 καὶ

2092 2027 2204 2097 ἅμα
2257 2027 2352 2098 μὲν
2412 2033 2512 2093 τῆς
2559 2027 2788 2102 χάριτος
2840 2027 2930 2082 καὶ
2977 2033 3074 2082 τοῦ
3131 2030 3304 2101 νόμου
3351 2031 3449 2100 τήν
3504 2029 3736 2110 σόμςρω-

2087 2133 2175 2168 νον
2218 2116 2331 2188 (21)
2359 2113 2748 2192 ἀλληλουχίαν
2788 2115 3162 2195 τρανολογῶν,
3197 2113 3310 2190 ἅμα
3359 2117 3416 2174 δὲ
3453 2117 3545 2174 καὶ
3574 2118 3726 2192 πλη-

2089 2205 2192 2278 γὴν
2239 2207 2353 2280 (2'2)
2401 2205 2586 2270 αὖτοῖς
2625 2204 2714 2261 διὰ
2756 2211 2857 2272 τῆς
2907 2215 3210 2280 Μωσαϊκης
3255 2211 3581 2283 νομοθεσίας
3629 2231 3731 2265 κα-

2089 2294 2243 2362 θιεὶς,
2297 2295 2389 2348 καὶ
2455 2292 2523 2349 δι’
2581 2295 2796 2351 ἐκείνων
2867 2303 2986 2359 τοῖς
3051 2303 3143 2352 νῦν
3199 2297 3554 2368 ἀποστάταις,
3621 2298 3735 2356 Οὐκ

2086 2381 2370 2457 ἀνέγνωτε,
2431 2385 2587 2459 φησὶ,
2642 2386 2704 2440 τὸ
2773 2386 2932 2460 ῥηθὲν
2995 2387 3098 2442 ὑπὸ
3174 2391 3270 2442 τοῦ
3333 2392 3515 2443 Θεοῦ·
3582 2388 3732 2465 Ἐγώ

2087 2472 2204 2546 εἰμι
2235 2474 2264 2528 6
2312 2475 2443 2538 Θεὸς
2482 2470 2752 2549 Ἀϐραὰμ,
2785 2477 2876 2530 καὶ
2925 2477 2953 2531 ὁ
2985 2478 3115 2539 Θεὸς
3165 2477 3364 2548 Ἰσαὰκ,
3399 2476 3489 2532 καὶ
3520 2479 3549 2534 6
3601 2478 3734 2542 Θεὸς

2084 2558 2322 2632 Ἰακώϐς
2413 2561 2621 2626 δεικνύς
2705 2587 2763 2621 τε
2855 2567 3096 2642 ἐναργῶς
3179 2565 3269 2622 διὰ
3359 2566 3565 2622 τούτων
3642 2567 3730 2623 ὅτι

2083 2647 2338 2726 Ἀϐραὰμ
2387 2653 2477 2708 καὶ
2527 2654 2710 2710 Ἰσαὰκ
2759 2655 2847 2710 καὶ
2905 2651 3102 2711 Ἰακὼϐ
3151 2663 3254 2725 τῆς
3303 2655 3526 2711 αἰωνίου
3577 2662 3730 2726 ζωῆς

2079 2739 2450 2816 κληρονόμοι,
2483 2744 2573 2797 καὶ
2622 2744 2704 2797 ὅτι
2739 2745 2870 2806 Θεὸς
2918 2743 3164 2815 αἰώνιος,
3204 2745 3294 2799 καὶ
3351 2748 3452 2809 τῆς
3497 2745 3731 2799 ἀναστά-

2082 2839 2216 2892 σέως
2275 2831 2596 2905 εἰσηγητὴς,
2656 2834 2747 2887 καὶ
2798 2839 2898 2902 τῆς
2959 2831 3161 2889 ἐκεῖθεν
3219 2833 3572 2894 ἀπολαύσεως
3632 2831 3726 2890 δο-

2077 2920 2180 2993 τὴρ
2213 2921 2240 2975 6
2281 2917 2486 2975 τούτων
2519 2921 2669 2986 Θεός.
2702 2921 2968 2978 Συνάπτει
3002 2919 3058 2977 δὲ
3087 2921 3178 2977 καὶ
3218 2924 3356 2978 κατά
3395 2922 3671 2998 συνέχειαν
3707 2939 3725 2959 ·

2079 3009 2188 3065 Οὐκ
2234 3008 2377 3065 ἔστιν
2427 3009 2518 3066 οῦν
2575 3012 2602 3066 6
2652 3012 2782 3073 Θεὸς
2832 3011 2961 3073 Θεὸς
3018 3017 3242 3086 νεκρῶν,
3284 3011 3429 3068 ἀλλᾶ
3487 3012 3728 3082 ζώντων.

321 3099 524 3151 sanctu
536 3112 587 3150 m
607 3094 1185 3164 Marcumexclamat,
1207 3096 1266 3152 in
1283 3096 1430 3153 libro
1453 3097 1631 3153 Mosis
1653 3099 1832 3154 Deum
1849 3099 1969 3156 haec

2085 3099 2178 3157 Καὶ
2207 3105 2375 3156 ταῦτα
2421 3101 2592 3168 εἶπεν,
2618 3099 2711 3156 ’ίνα
2757 3107 2930 3156 πᾶσαν
2973 3105 3080 3156 τῶν
3131 3096 3402 3158 δυσσεϐῶν
3450 3100 3722 3177 περικόψῃ

321 3185 392 3240 ad
426 3184 622 3256 ipsum
653 3184 873 3240 dixisse
891 3183 957 3238 9³.
993 3185 1151 3249 Quod
1187 3184 1236 3240 si
1260 3185 1441 3258 igitur
1473 3187 1622 3242 Deus
1647 3189 1797 3243 Deus
1823 3206 1966 3245 mor-

319 3277 554 3329 tuorum
591 3290 704 3329 non
745 3279 854 3342 est,
887 3277 982 3331 sed
1029 3275 1220 3346 potius
1252 3277 1407 3348 apud
1441 3293 1574 3332 eum
1616 3280 1756 3334 vivit
1785 3280 1966 3334 Abra-

320 3361 477 3424 ham,
512 3362 645 3418 vivit
680 3366 858 3429 Isaac,
891 3362 1032 3419 vivit
1060 3365 1257 3432 Jacob,
1291 3382 1634 3438 omnesque,
1668 3369 1767 3437 qui
1809 3383 1962 3423 eam-

323 3449 453 3505 dem
476 3450 703 3506 vivendi
737 3453 1022 3508 rationem
1049 3453 1244 3508 sectati
1277 3459 1437 3522 sunt,
1463 3455 1799 3527 similesque
1828 3462 1967 3512 sunt

325 3539 552 3613 angelis
575 3540 676 3596 Dei
696 3541 753 3598 in
779 3542 944 3609 ccelo,
968 3546 1260 3615 quomodo
1283 3563 1316 3600 a
1348 3545 1501 3602 malo
1528 3547 1828 3618 principio,
1861 3565 1964 3606 ceu

321 3627 488 3699 impii
523 3629 617 3684 isti
653 3634 967 3700 nugantur,
997 3629 1107 3684 orti
1130 3629 1525 3700 dicenturilli,
1550 3633 1646 3703 qui
1667 3635 1738 3690 ad
1760 3634 1965 3692 veteris

325 3718 660 3773 testamenti
691 3719 1029 3792 praescripta
1058 3734 1120 3774 se
1149 3726 1608 3791 composuerunt
1627 3722 1656 3776 *ἲ

397 3985 493 4044 ΙΙΙ.
529 3985 733 4042 Adhuc
763 4001 895 4042 vero
929 3986 1112 4058 magis
1135 3987 1320 4044 refelli
1357 3992 1544 4060 potest
1566 3994 1964 4062 apostatarum

318 4076 629 4144 sententia,
663 4079 1142 4151 quandoquidem
1176 4079 1447 4135 Servator
1474 4095 1589 4146 eos,
1625 4081 1725 4153 qui
1758 4085 1966 4138 caalum

319 4168 545 4240 ingredi
579 4167 834 4238 cupiant,
867 4169 936 4222 ad
973 4169 1234 4224 studium
1272 4185 1369 4240 per
1400 4176 1705 4240 angustam
1742 4179 1964 4240 portam

322 4256 648 4314 introeundi
693 4257 1051 4326 exhortatus,
1082 4257 1339 4312 vicissim
1393 4259 1751 4329 negligentes
1794 4261 1969 4328 hujus

320 4343 604 4410 mandati,
640 4348 916 4415 tanquam
951 4343 1250 4414 operarios
1281 4344 1518 4399 incuriae
1552 4345 1689 4400 illuc
1720 4347 1964 4418 ablegat,

315 4432 414 4488 ubi
447 4432 524 4488 sit
553 4431 723 4488 ﬂetus
753 4437 810 4486 et
839 4432 1055 4486 stridor
1075 4431 1358 4486 dentium.
1381 4431 1642 4503 Cumque
1676 4435 1961 4506 undiqua-

312 4537 425 4595 que
455 4521 771 4594 colligeret,
805 4519 902 4592 qui
950 4536 1012 4576 se
1045 4519 1344 4577 studiosos
1376 4525 1642 4592 precepti
1691 4524 1751 4579 in
1783 4540 1960 4595 regno

313 4627 420 4668 suo
465 4609 860 4683 prastiterint,
910 4608 1101 4682 iisque
1146 4609 1341 4667 locum
1391 4611 1449 4668 in
1501 4627 1567 4668 eo
1616 4612 1958 4684 assignaret,

313 4700 592 4772 (adverte,
614 4714 646 4756 ο
679 4697 875 4766 homo,
909 4703 1164 4757 mentem
1187 4700 1248 4774 l),
1274 4699 1627 4768 Abrahamo,
1652 4706 1708 4760 et
1740 4702 1956 4772 Isaaco,

308 4795 365 4847 et
383 4791 596 4848 Iacobo
616 4791 871 4864 primum
888 4791 1162 4849 vindicat.
1187 4791 1281 4848 Ait
1301 4792 1459 4849 enim
1485 4810 1498 4848 :
1536 4793 1596 4849 Si
1621 4795 1826 4851 audire
1856 4811 1958 4851 no-

2075 3190 2364 3269 πρόφασιν.
2452 3189 2606 3260 Οὐδὲ,
2711 3188 2829 3246 ἔνθα
2902 3193 3222 3266 γέγραπται,
3295 3188 3720 3266 ταραλέὶοιπεν,

2075 3279 2220 3335 ἀλλὰ
2254 3279 2343 3334 διά
2380 3285 2476 3336 τοῦ
2519 3281 2669 3357 ἱεροῦ
2699 3282 2980 3354 ἀνακράζει
3032 3283 3276 3353 Μάρκου,
3311 3282 3385 3342 ὡς
3434 3281 3488 3336 ἐν
3519 3284 3584 3354 τῇ
3637 3283 3727 3356 βί-

2076 3365 2198 3442 ϐλῳ
2239 3370 2480 3432 Μωσέως
2529 3371 2556 3424 6
2607 3371 2738 3431 Θεὸς
2786 3374 2954 3426 ταῦτα
3006 3369 3189 3443 εἴρηκε
3234 3371 3371 3444 πρὸς
3427 3369 3611 3426 αὐτόν.
3665 3369 3730 3427 Εἰ

2077 3456 2167 3514 οῦν
2201 3459 2228 3513 6
2259 3459 2390 3522 Θεὸς
2423 3460 2552 3519 Θεὸς
2593 3459 2688 3532 μὲν
2739 3464 2942 3532 νεκρῶν
2975 3459 3076 3515 οὐκ
3121 3454 3288 3530 ἔστιν,
3319 3457 3466 3515 ἀλλά
3515 3461 3579 3528 ζῆ
3631 3460 3729 3531 μὲν

2075 3548 2201 3622 παρ’
2258 3545 2406 3618 αὐτῷ
2457 3543 2731 3622 Ἀϐραὰμ,
2786 3552 2851 3622 ζῇ
2904 3545 2960 3603 δὲ
3008 3547 3208 3616 Ἰσαὰκ,
3270 3550 3335 3621 ζῇ
3397 3545 3454 3602 δὲ
3504 3541 3728 3616 Ἰακὼϐ,

2073 3637 2164 3691 καὶ
2198 3635 2389 3700 πάντες
2420 3635 2539 3691 ὅσοι
2579 3637 2676 3705 τὴν
2725 3634 2900 3692 αὒτῶν
2942 3635 3224 3708 ἐζήλωσαν
3278 3635 3580 3704 πολιτείαν,
3627 3635 3724 3690 καὶ

2076 3725 2208 3780 εἰσὶν
2239 3726 2313 3786 ὡς
2365 3723 2583 3801 ἄγγελοι
2613 3729 2710 3780 τοῦ
2759 3729 2893 3781 Θεοῦ
2943 3727 2994 3781 ἐν
3048 3725 3282 3801 οὐρανῷ,
3313 3729 3435 3787 πῶς
3480 3729 3725 3801 πονηρᾶς
3799 3756 3802 3759 -

2074 3814 2279 3890 ἀρχῆς,
2325 3815 2401 3878 ὡς
2453 3817 2486 3883 ἡ
2532 3814 2768 3890 πονηρία
2823 3815 3012 3894 φησὶν,
3063 3815 3116 3869 οἱ
3164 3815 3299 3870 κατὰ
3347 3816 3444 3884 τήν
3484 3813 3725 3870 παλαιὰν

2081 3899 2406 3978 βεϐιωκότες
2438 3901 2718 3959 πολιτείαν
2741 3925 2756 3974 ς

2147 3993 2218 4049 Γ’.
2251 3995 2370 4047 "Et:
2405 3989 2462 4047 δὲ
2504 3991 2717 4065 μᾶλλον
2763 3989 3106 4068 διελέγχοιτο
3138 3992 3198 4047 ἂν
3249 3999 3351 4062 τῆς
3388 3991 3726 4055 ἀποστασίας

2077 4084 2138 4137 τὸ
2179 4083 2457 4160 φρόνημα,
2509 4079 2723 4136 ἐπειδὰν
2773 4083 2900 4144 τοὺς
2947 4080 3326 4156 βουλομένους
3373 4087 3563 4157 τυχεῖν
3617 4088 3725 4150 τῆς

2079 4170 2291 4224 εἰσόδου
2321 4175 2427 4224 τῶν
2481 4169 2719 4244 οὐρανῶν
2766 4170 3271 4244 παρακελευόμενος
3319 4172 3347 4226 6
3398 4172 3588 4246 Σωτὴρ
3630 4167 3726 4226 διὰ

2003 4283 2046 4346 D
2077 4267 2176 4346 τῆς
2227 4265 2414 4326 στενῆς
2463 4258 2646 4330 πύλης
2701 4260 3054 4334 ἀγωνίζεσθαι
3104 4259 3392 4329 εἰσελθεῖν,
3441 4259 3568 4322 τοῦς
3621 4261 3720 4334 μὲν

2075 4345 2522 4421 ἒρῥᾳθυμηκὸτας
2553 4348 2674 4421 περί
2707 4351 2805 4418 τήν
2836 4348 3080 4418 ἐντολὴν,
3112 4351 3187 4412 ὡς
3216 4357 3315 4420 τῆς
3347 4347 3574 4420 ἀκηδίας

2071 4435 2319 4511 ἐργάτας,
2360 4431 2485 4491 ἔνθα
2513 4439 2542 4492 6
2580 4438 2860 4510 κλαυθμὸς
2887 4438 2978 4494 καὶ
3027 4440 3056 4494 6
3114 4439 3358 4514 βρυγμὸς
3400 4443 3506 4495 τῶν
3558 4437 3726 4492 ὀδόν-

2067 4547 2173 4580 των
2234 4523 2567 4598 ἀποπέμπει.
2627 4527 2843 4604 Εἰσάγει
2913 4526 2993 4596 δὲ,
3059 4530 3399 4604 πανταχόθεν
3475 4528 3724 4602 συνάγων

2068 4613 2194 4676 τοὺς
2226 4611 2624 4678 σπουδάσαντας
2666 4618 2790 4693 περὶ
2819 4619 2918 4688 τήν
2957 4615 3214 4688 ἐντολὴν,
3256 4616 3309 4672 ἐν
3348 4621 3417 4690 τῇ
3461 4614 3719 4691 βασιλείᾳ

2070 4705 2261 4776 αὐτοῦ,
2307 4707 2396 4759 καὶ
2445 4706 2670 4768 τούτους
2729 4705 3028 4762 ἀνακλίνων
3085 4707 3136 4762 ἐν
3187 4705 3324 4782 αὐτῇ
3371 4705 3717 4781 (ἐπίστησον,

2075 4791 2348 4869 ἄνθρωπε,
2401 4794 2494 4850 τὸν
2549 4797 2738 4868 νοῦνί)
2787 4796 2879 4852 τὸν
2937 4791 3192 4872 Ἀϐραὰμ
3248 4795 3338 4851 καὶ
3387 4795 3584 4864 Ἰσαὰκ,
3625 4793 3719 4851 καὶ

379 4905 429 4942 ιε
467 4907 669 4964 Matth.
701 4925 839 4979 xm,
871 4909 962 4965 29.
1037 4910 1083 4946 οο
1110 4909 1254 4966 ibid.
1288 4910 1383 4967 so.
1460 4910 1675 4968 κίδίά.
1708 4911 1798 4982 31,
1829 4913 1920 4980 32,
1993 4910 2040 4946 νι
2071 4911 2214 4967 ibid.
2290 4910 2338 4947 οι
2369 4913 2546 4970 Marc.
2577 4931 2682 4982 xu,
2710 4915 2801 4970 26.

1475 5034 1715 5094 VARIE
1757 5035 2158 5094 LECTIONES
2198 5037 2288 5092 ET
2326 5036 2558 5097 NOTIE.

385 5163 494 5240 (21)
551 5163 687 5240 Tim
715 5159 1030 5240 σόμφονων.
1092 5163 1189 5240 Ita_
1213 5161 1380 5240 _lego_
1405 5234 1421 5240 _
1453 5179 1556 5234 pro
1575 5233 1586 5240 _
1623 5162 1963 5240 συμφωνίαν,

311 5233 637 5306 ιιυὸόότδῑ
673 5235 730 5290 in
777 5233 887 5307 ms.
931 5239 1128 5307 ~Atque
1169 5233 1238 5307 id
1283 5233 1522 5305 quidem
1573 5233 1765 5290 locum
1814 5235 1966 5291 tueri

317 5302 563 5377 poterat,
596 5307 645 5362 si
697 5302 1049 5378 particulam
1095 5302 1184 5358 καὶ
1226 5302 1378 5360 inter
1425 5312 1733 5378 utramque
1763 5321 1963 5363 vocem

317 5379 602 5447 excidisse
633 5377 879 5433 statuas.
914 5378 1017 5447 Sed
1055 5381 1242 5447 placet
1273 5377 1454 5446 prius.

383 5449 495 5522 (22)
530 5446 778 5521 Πληγήν.
826 5443 1087 5522 καθιέναι
1127 5443 1372 5522 πληγήν,
1416 5465 1574 5522 usque
1619 5453 1772 5507 recte
1815 5449 1964 5505 dioi-

315 5517 432 5598 tur,
467 5517 639 5598 quam
667 5517 1281 5598 καταφέρειν-πληγήν,
1323 5535 1452 5598 qua
1475 5517 1850 5598 phrasi_usus
1881 5526 1966 5577 est

310 5592 688 5660 Plutarchus,
743 5591 841 5646 lib".
881 5591 956 5664 ἰι,
993 5593 1063 5647 De
1108 5591 1344 5664 [ortuna
1389 5591 1724 5664 Maeandri,
1767 5595 1964 5648 obser-

313 5669 488 5722 vante
518 5664 766 5721 Henrico
785 5663 1085 5736 Stephano
1111 5663 1174 5719 in
1207 5663 1478 5736 Thesauro
1508 5663 1742 5736 linguae,
1767 5680 1967 5736 quem-

311 5736 638 5793 admodum
706 5731 903 5792 etiam'
932 5732 1172 5789 καθιέναι
1242 5731 1415 5807 λόχον
1487 5731 1962 5805 ριόἐιιὸηῐίειθνε

2068 5162 2327 5228 insidias,
2358 5163 2630 5219 dixerunt
2657 5164 2776 5220 alii.

2142 5235 2254 5307 (23)
2285 5231 2559 5304 Ἀκηδίας.
2605 5235 2800 5291 Videri
2847 5239 3069 5307 poterat
3117 5235 3428 5307 legendum
3475 5229 3714 5295 ἀδικίας.

2069 5307 2198 5363 Haec
2250 5307 2418 5362 enim
2455 5307 2670 5364 Christi
2717 5308 2944 5377 phrasis
2982 5312 3068 5364 est
3108 5308 3274 5364 Lucas
3321 5323 3447 5375 xm,
3492 5307 3583 5360 27.
3632 5308 3718 5362 Λο

2069 5385 2344 5449 praeterea
2373 5396 2441 5434 ex
2469 5385 2728 5450 veterum
2776 5381 2996 5450 ratione
3037 5379 3454 5450 pronuntiandi
3481 5399 3516 5446 η
3561 5392 3662 5446 per
3696 5396 3714 5430 ι

2069 5446 2194 5507 θοιιί
2229 5451 2394 5506 facile
2427 5448 2672 5522 poterat,
2713 5461 2776 5506 ut
2807 5447 3017 5511 ἀδικίας
3041 5446 3166 5523 ’βπ-ο
3198 5446 3432 5520 ἂκηδίας
3456 5466 3489 5505 a
3519 5450 3716 5523 libra-

2068 5525 2155 5578 rio
2187 5519 2557 5579 scriberetur.
2588 5524 2698 5577 Sed
2730 5525 3006 5580 tuendam
3037 5519 3233 5579 tamen
3264 5523 3484 5580 codicis
3517 5519 3718 5577 lectio-

2068 5596 2523 5668 pem_existimo,
2555 5595 2695 5666 quia
2723 5595 2796 5650 de
2836 5595 3268 5668 negligentibus
3299 5600 3356 5652 et
3400 5593 3711 5650 incuriosi

2068 5664 2407 5723 hominibus
2441 5664 2531 5722 hic
2561 5664 2755 5723 sermo
2782 5673 2888 5723 est.
