4074 6208
271 343 390 408 129

1347 329 1660 394 CONTRA
1704 327 2184 390 MANICHIEOS
2229 327 2460 389 LIBER
2505 330 2617 390 III.

3571 336 3686 398 130

271 468 472 532 »Ιακὼϐ
502 470 593 528 καὶ
627 467 758 533 τοὺς
798 467 1083 545 προφήτας
1131 462 1538 543 προανακλίνει.
1591 463 1742 536 Λέγει
1793 463 1919 536 γάρ.

2062 461 2177 528 itis,
2205 433 2368 534 (quid
2403 465 2558 538 flet?)
2586 467 2685 522 ubi
2723 467 3007 535 videritis,
3052 474 3110 525 et
3157 470 3573 544 Abrahamum,
3629 478 3686 530 et

277 565 384 622 Κᾶν
445 564 523 634 μὴ
587 557 866 635 βούλησθε
913 556 1148 611 ἀκοῦεινο
1209 554 1334 610 ὅταν
1390 549 1595 627 ίίψησθε
1675 545 1927 626 Ἀϐραάμ

276 654 368 709 καὶ
422 652 610 708 Ἰσαάκ
665 648 757 702 καὶ
817 639 1018 702 Ἰακὼϐ
1076 644 1164 700 καὶ
1214 646 1420 706 πάντας
1468 641 1596 704 τοὺς
1643 642 1925 718 προφήτας

283 743 337 799 ἒν
369 749 434 810 τῆ
466 738 724 816 βασιλείᾳ
752 741 847 791 τοὺ
875 739 1032 804 Θεοῦ,
1065 735 1204 806 ὑμᾶς
1228 731 1286 789 δὲ
1319 726 1765 804 ἐκϐαλλομένοτς
1798 727 1933 798 Egeo;

289 834 386 888 Καὶ
417 831 551 891 τίνες
581 829 635 883 οἱ
667 821 1072 898 ἐκϐαλλόμενοι
1101 819 1224 894 ἔξω,
1263 824 1290 893 ἢ
1325 819 1584 892 δηλονότι
1637 818 1754 874 ὅσοι
1801 818 1937 872 κατὰ

289 919 518 994 μίμησιν
575 920 674 972 τοῦ
733 911 991 987 ’Δϐραὰμ
1040 912 1130 967 καὶ
1190 911 1372 968 Ἰσαάκ
1430 909 1518 964 καὶ
1579 901 1798 977 Ἰακὼϐ,
1846 906 1936 960 καὶ

283 1013 386 1064 τῶν
431 1009 738 1085 προφητῶν
793 1003 895 1057 οὐκ
937 999 1397 1068 έπολιτεὺσαντο;
1449 996 1508 1052 Εἰ
1577 994 1634 1051 δὲ
1683 995 1802 1050 ὅσοι
1843 995 1934 1049 τὸν

284 1098 400 1173 βίον
454 1084 637 1150 αὐτῶν
695 1091 786 1148 καὶ
844 1092 944 1161 τὴν
1004 1084 1273 1145 εὐσέϐειαν
1329 1089 1432 1143 οὐκ
1480 1084 1787 1156 ἐζήλωσαν,
1837 1091 1938 1153 τῆς

283 1169 565 1261 βασίλείας
615 1177 977 1237 ὲκϐάλλονται
1020 1182 1117 1234 τοῦ
1165 1181 1321 1246 Θεοῦ,
1373 1177 1461 1230 καὶ
1512 1174 1587 1236 εἷς
1639 1174 1730 1228 τὸν
1766 1169 1939 1228 κλαυ-

283 1275 417 1349 θμὸν
468 1274 562 1328 καὶ
609 1269 858 1347 βρυγμὸν
907 1273 1014 1323 τῶν
1064 1264 1297 1322 ὀδόντων
1341 1263 1792 1341 ἀποβρίπτονται,
1852 1259 1937 1324 τίς

282 1365 338 1419 ἂν
405 1362 658 1430 ἀντάξιος
715 1357 957 1435 εὑρεθείη
1017 1355 1259 1430 τιμωρία
1313 1359 1430 1417 τοῖς
1504 1351 1592 1406 ἐπὶ
1676 1354 1936 1406 τοσοῦτον

282 1450 668 1525 ξοιστρῆσασι
730 1444 960 1519 μανίαςς
1015 1444 1080 1496 Ὠ
1146 1442 1432 1515 στομάτων
1492 1437 1796 1494 ἆπυλώτων
1847 1437 1938 1491 καὶ

281 1545 357 1612 τῷ
399 1537 575 1612 πατρὶ
621 1539 718 1590 τοῦ
767 1529 998 1598 ψεόδους
1051 1530 1286 1605 ἑτοίμως
1338 1527 1816 1604 ὑπηρετουμένων,
1865 1527 1938 1587 ὡς

282 1630 370 1686 καὶ
429 1626 644 1702 λῃστάς
695 1625 784 1678 καὶ
854 1620 1092 1683 κλέπτας
1157 1621 1246 1675 καὶ
1305 1617 1400 1675 τοῦ
1462 1621 1711 1692 Πονηροῦ
1790 1614 1942 1670 πλά-

284 1739 490 1792 σματα,
525 1715 615 1770 καὶ
652 1712 924 1788 ὑπηρέτας
956 1707 1175 1784 πολμᾷν
1206 1703 1497 1776 ἐνυϐρίζειν
1530 1708 1542 1762 ί
1596 1705 1658 1759 Oi.
1710 1703 1766 1759 δὲ
1801 1703 1941 1777 μηδὲ

2037 551 2323 618 lsaacum,
2356 558 2413 608 et
2441 557 2745 625 Jacobum,
2779 564 2836 613 et
2867 575 3070 615 omnes
3114 561 3428 631 prophetas
3477 563 3538 618 in
3588 579 3683 619 re-

2037 656 2152 712 gno
2201 640 2322 708 Dei,
2375 660 2475 700 vos
2523 662 2655 702 vero
2711 647 2860 701 foras
2917 649 3182 718 ejectos?
3226 649 3333 716 Qui
3384 667 3512 706 vero
3545 655 3686 706 sunt

2045 731 2210 800 ojecti
2244 733 2349 802 illi,
2384 733 2492 788 nisi
2525 734 2645 802 isti,
2678 736 2774 807 qui
2811 738 2876 790 ad
2908 738 3238 810 exemplum
3287 740 3597 795 Abrahami
3628 745 3686 797 et

2046 819 2228 876 Isaaci
2260 826 2316 877 et
2342 822 2546 878 Jacobi
2577 823 2748 880 vitam
2786 842 2900 882 non
2918 828 3421 899 composuerunt?
3443 829 3605 894 Quod
3639 831 3688 885 si

2045 926 2180 965 vero
2232 927 2262 966 e
2301 927 2477 982 regno
2531 913 2626 968 Dei
2675 915 3000 987 expellendi
3049 927 3204 983 sunt,
3255 923 3310 972 et
3356 919 3428 973 ad
3480 917 3682 974 ﬂetum

2045 1007 2218 1072 atque
2261 1004 2561 1058 stridorem
2613 1005 2875 1060 dentium
2926 1009 3299 1075 amandandi,
3350 1009 3450 1080 qui
3498 1011 3680 1066 vitam

2047 1092 2440 1164 pietatemque
2471 1110 2670 1150 eorum
2720 1095 3044 1152 imitatione
3085 1114 3199 1154 non
3249 1103 3684 1171 expresserunt,

2047 1199 2173 1253 quae
2207 1186 2438 1240 tandem
2471 1203 2641 1256 poena
2671 1187 2979 1242 statuenda
3003 1195 3091 1243 est
3121 1187 3297 1259 digna
3317 1187 3454 1258 illis,
3489 1189 3588 1259 qui
3621 1205 3687 1245 eo

2046 1270 2284 1328 insania
2316 1273 2771 1343 processerunt?
2802 1275 2843 1330 Ο
2885 1275 3158 1331 effrenata
3205 1275 3513 1331 hominum
3563 1293 3687 1344 ora,

2047 1359 2200 1415 Patri
2233 1361 2515 1417 mendacii
2550 1364 2689 1420 adeo
2722 1363 3186 1433 inservientium,
3222 1369 3287 1420 ut
3327 1370 3384 1420 et
3434 1364 3690 1422 latrones

2047 1453 2104 1504 et
2133 1449 2312 1525 fures,
2346 1460 2398 1507 et
2429 1451 2564 1507 Mali
2597 1453 2928 1524 progeniem
2959 1469 3023 1508 ac
3055 1469 3252 1510 servos
3276 1469 3372 1510 eos
3397 1453 3692 1526 appellare

2049 1538 2336 1595 audeant!
2373 1540 2578 1596 Nonne
2602 1557 2732 1596 vero
2759 1541 2863 1608 illi,
2899 1543 2998 1613 qui
3033 1558 3102 1598 ne
3138 1542 3226 1598 hic
3255 1544 3490 1614 quidem
3511 1541 3692 1598 furori

2049 1643 2155 1682 suo
2185 1627 2408 1684 obicem
2431 1633 2675 1701 ponunt,
2701 1631 2802 1685 sed
2831 1635 2888 1684 et
2918 1631 3190 1702 eum,qui
3214 1631 3392 1686 vitam
3418 1636 3692 1686 aeternam

2050 1733 2412 1789 regnumque
2460 1718 2690 1774 cmlcste
2741 1718 2910 1774 nobis
2958 1719 3224 1791 largitur,
3258 1721 3358 1793 qui
3410 1719 3564 1776 idem
3605 1731 3698 1776 est

296 1790 465 1882 μέχρι
524 1805 722 1860 τούτου
780 1804 876 1870 τήν
933 1800 1133 1857 λύσσαν
1195 1800 1472 1869 ἱστῶντες,
1531 1795 1677 1852 ἀλλᾶ
1732 1793 1940 1849 καὶτὸν

2062 1805 2204 1860 Deus
2237 1806 2548 1860 Abrahami
2581 1813 2636 1861 et
2668 1807 2840 1862 Isaaci
2874 1813 2930 1862 et
2959 1790 3182 1875 Jacobi,
3213 1790 3361 1864 Deus
3383 1807 3694 1862 viventium

298 1899 659 1972 χαριζόμενον
693 1896 828 1966 ἡμῖν
868 1892 969 1961 τὴν
1013 1890 1227 1945 αἰώνιον
1276 1889 1444 1958 ζωὴν,
1493 1885 1582 1940 καὶ
1631 1887 1729 1955 τὴν
1782 1886 1941 1960 βασι·-

305 1987 456 2043 λείαν
489 1990 594 2040 τῶν
625 1984 886 2058 οὐρανῶν,
919 1979 976 2043 ὅς
1013 1979 1122 2034 ἐστι
1172 1979 1300 2041 Θεὸς
1346 1975 1598 2050 ’Δϐραὰμ
1643 1975 1732 2029 καὶ
1784 1973 1944 2030 Ισαάκ

295 2076 388 2131 καί
431 2068 643 2144 Ἰακὼϐ,
689 2073 819 2133 Θεὸς
865 2071 1082 2139 ζώντων
1133 2067 1222 2123 καὶ
1281 2067 1345 2121 οὐ
1413 2068 1636 2138 νεκρῶν,
1696 2062 1936 2135 πονηράν

290 2165 474 2240 ἀρχὴν
509 2163 596 2218 καῖ
629 2165 884 2236 πονηρῶν
915 2154 1087 2235 ἔργων
1121 2153 1459 2231 δημιουργὸν
1509 2150 1940 2230 δυσφημοῦντες,

285 2237 492 2315 τάν-ὡς
560 2251 787 2322 άληθῶς
839 2253 935 2304 τοῦ
991 2251 1239 2320 Πονηροῦ
1297 2244 1592 2317 πλάσματα
1648 2241 1731 2315 ἄρ’
1815 2237 1942 2312 οὐχὶ

285 2347 385 2414 τήν
451 2339 544 2396 διά
593 2340 766 2416 πυρὸς
818 2339 905 2393 καὶ
952 2340 1048 2391 τοῦ
1105 2336 1330 2396 σκότους
1395 2331 1804 2404 ἡτοιμασμένην
1865 2332 1944 2400 τῷ

293 2426 549 2502 διαϐόλῳ
582 2428 778 2497 ποίνήν
813 2424 1104 2489 διαπαντὸς
1143 2422 1586 2498 εἰσπραττόμενοι
1637 2418 1739 2474 οὐκ
1785 2415 1944 2472 ἐλάτ-

291 2541 425 2576 τονα
454 2525 560 2588 τῆς
593 2517 812 2590 τόλμης
844 2513 1052 2570 τίσουσι
1084 2511 1240 2583 δικην
1269 2531 1282 2580 ;
1315 2507 1450 2566 Οὐδὲ
1480 2509 1540 2564 τὸ
1571 2506 1759 2584 χάσμα
1797 2504 1854 2560 δὲ
1885 2505 1946 2560 τὸ

299 2607 498 2682 μεταξὺ
549 2610 651 2662 τοῦ
702 2603 974 2660 πλουσίου
1015 2604 1102 2658 καὶ
1155 2605 1252 2656 τοῦ
1302 2600 1548 2672 Λαζάρου
1606 2595 1946 2674 πεφρίκασιν,

297 2701 324 2752 ὃ
352 2699 386 2752 ἁ
415 2698 542 2773 [πο]
576 2695 808 2770 τειχίζει
843 2694 938 2767 μέν
960 2692 1086 2753 τοὺς
1121 2690 1255 2766 μετά
1276 2689 1370 2744 τοῦ
1391 2683 1650 2762 Ἀϐραὰμ
1670 2686 1949 2763 εὐφραινο-

303 2792 526 2862 μένους,
591 2784 696 2840 ἆπὸ
752 2788 859 2838 τῶν
920 2782 973 2836 έν
1031 2786 1150 2840 ταῖς
1213 2779 1463 2854 βασάνοις
1541 2773 1948 2847 κολαζομένων.

299 2873 457 2931 Ἀλλ’
491 2872 686 2945 οἴμοιῙ
720 2869 818 2925 κᾶν
855 2871 931 2942 μὴ
958 2871 1067 2937 (24)
1099 2871 1188 2921 νῦν
1239 2867 1337 2936 τήν
1369 2863 1613 2934 αἴσθησιν
1646 2869 1743 2931 τῆς
1773 2881 1951 2933 τιμω-

298 2969 414 3039 ρίας
449 2961 559 3016 οὐκ
591 2959 808 3036 ἔχοντες
838 2959 936 3026 τὴν
971 2955 1203 3024 ἀπειλὴν
1235 2957 1336 3010 τοῦ
1372 2955 1627 3026 Σωτῆρος
1679 2951 1742 3004 οὑ
1789 2950 1954 3018 τεθή-

294 3037 452 3122 πασι,
514 3051 642 3105 τότε
682 3045 775 3119 δή,
831 3047 957 3102 τότε
1012 3047 1175 3118 πείρᾳ
1223 3044 1284 3098 τὸ
1334 3043 1526 3116 πικρὸν
1582 3047 1682 3109 τῆς
1719 3037 1953 3114 βασάνου

299 3146 592 3219 μαθόντες,
631 3141 728 3196 κᾶν
779 3137 932 3196 οὐδέν
978 3136 1168 3215 κέρδος
1219 3136 1558 3212 εὑρήσουσιν,
1605 3129 1824 3200 πολλὴν
1863 3130 1954 3184 καὶ

301 3234 518 3308 μακράν
576 3231 666 3285 καὶ
721 3228 1082 3298 ἀτελεύτητον
1165 3227 1367 3282 ἑαυτῶν
1453 3223 1774 3292 ποιήσονται
1854 3220 1952 3288 τὴν

295 3322 675 3398 κατάγνωσινί
738 3317 990 3374 Μάλιστα
1042 3316 1142 3394 γάρ
1213 3311 1426 3371 ἐπειδὰν
1510 3313 1600 3368 τὸν
1682 3304 1952 3383 Ἂϐραάμ,

297 3412 440 3467 κατᾶ
493 3411 596 3480 τήν
643 3413 739 3463 τοῦ
792 3405 1062 3463 πλουσίου
1113 3400 1455 3479 παραϐολὴν,
1519 3401 1595 3464 είς
1643 3399 1954 3474 ἐπικουρίαν

296 3501 630 3567 καλοῦντες,
684 3499 740 3554 ὃν
799 3494 1116 3572 ἐχλεύαζον,
1175 3493 1430 3550 ἐλεοῦντα
1508 3489 1613 3566 οὑχ
1694 3489 1955 3564 εὑρήσου-

301 3613 382 3645 σιν
616 3587 678 3644 Εἰ
728 3587 830 3663 γάρ
883 3587 910 3639 ὁ
963 3585 1037 3646 εἷς
1086 3584 1177 3639 τὸν
1207 3583 1454 3656 Λάζαρον
1485 3581 1818 3654 παροινήσας
1847 3581 1954 3632 τῶν

301 3675 694 3755 Ἀϐραμιαίων
723 3675 947 3731 κόλπων
1005 3667 1222 3751 (ροϐερῴ
1269 3672 1516 3749 χάσματι
1558 3668 1955 3742 ὑπερορίζεται,

292 3769 500 3840 καὶτῷ
546 3767 840 3840 ἀκοιμήτῳ
887 3762 1017 3838 πυρὶ
1055 3763 1153 3830 τὴν
1196 3759 1350 3831 δίκην
1379 3767 1477 3828 τῆς
1525 3755 1958 3834 ἀφιλανϐρῶπου

298 3859 529 3934 γνώμης
591 3856 912 3910 ἆπαιτεῖται·
965 3852 1054 3906 καὶ
1129 3857 1228 3920 τῆς
1287 3848 1553 3922 μακαρίας
1612 3845 1820 3914 ἐκείνης
1879 3844 1960 3900 εὖ-

304 3933 584 4025 φροσύνης
641 3943 733 3999 καὶ
792 3941 1140 4003 ἀναπαύσεως
1197 3938 1453 4015 γλίχεται
1521 3935 1634 4008 μὲν,
1704 3933 1959 4008 ἀπείργε-

431 4032 512 4103 δὲ,
565 4032 653 4089 καὶ
707 4031 959 4112 φλέγεται
1013 4030 1108 4104 μὲν
1152 4030 1250 4098 τὴν
1299 4025 1575 4103 γλῶσσαν,
1623 4019 1870 4077 ὀδυνᾶται
1904 4018 1960 4076 δὲ

301 4123 509 4198 πικράς
572 4119 783 4182 ὀδύνας
846 4119 936 4174 καὶ
988 4119 1110 4174 τότε
1157 4122 1256 4186 τῆς
1303 4112 1588 4187 παροινίας
1640 4108 1824 4180 οὔσης,
1878 4108 1960 4164 ὅτι

305 4215 384 4288 μή
423 4209 699 4285 μετέδωκε
737 4215 816 4282 τῷ
862 4209 1095 4286 ὁμοφυεῖ
1143 4203 1497 4279 συμπαθείας,
1547 4200 1673 4257 ἀλλ’
1723 4201 1831 4274 οὑχ
1879 4199 1963 4254 ὅτι

307 4301 526 4380 χλεύην
577 4299 889 4374 ἒπήνεγκεν,
938 4297 972 4367 ἢ
1024 4295 1322 4374 ὃυσφημῶν
1373 4288 1549 4371 ὤφθηο
1597 4295 1714 4352 πῶς
1761 4288 1861 4344 οὐκ
1909 4286 1967 4342 ἂν

308 4376 758 4450 πολλαπλασίως
814 4385 1220 4464 καταφλεχθείη
1280 4382 1369 4437 καὶ
1428 4382 1489 4436 τὸ
1547 4381 1724 4454 στόμα
1778 4376 1868 4433 καὶ
1929 4379 1964 4446 ἡ

306 4481 565 4560 γλῶσσα,
595 4478 685 4534 καὶ
727 4477 794 4532 τά
840 4475 1130 4551 σπλάγχνα
1167 4474 1363 4537 πάντα,
1411 4474 1518 4526 τῶν
1568 4467 1825 4538 τοιαύτην
1871 4487 1971 4520 κα-

310 4573 626 4647 ταχεόντων
683 4566 965 4641 παροινίαν
1015 4568 1110 4620 τοῦ
1171 4559 1440 4637 Ἀϐραὰμ,
1517 4559 1604 4614 καὶ
1665 4556 1734 4613 δι’
1803 4556 1967 4612 αὐτοῦ

311 4664 452 4737 πρὸς
503 4660 596 4714 τὸν
645 4658 828 4713 κοινὸν
877 4654 1149 4726 Δεσπότην
1191 4656 1281 4708 καί
1332 4649 1674 4726 Δημιουργὸν
1720 4647 1821 4716 τήν
1853 4647 1970 4701 Θεο-

320 4749 540 4828 μαχίαν
598 4746 1116 4822 παραπεμπόντων;
1169 4743 1246 4799 Εὺ
1301 4738 1358 4796 δέ
1419 4761 1513 4814 μοι
1569 4737 1798 4793 συνέπου
1855 4739 1968 4796 τοῖς

313 4839 508 4918 ἐφεξῆς
540 4837 630 4892 καὶ
663 4835 1062 4891 συνεπισκόπει.

389 4930 465 4988 A'.
500 4933 559 4982 '0
593 4926 786 5000 Σωτὴρ
815 4924 866 4979 ἐν
906 4929 1021 4985 τοῖς
1070 4919 1428 4998 Εὑαγγελίοις
1477 4921 1538 4974 τὸ
1591 4915 1974 4992 μεγαλαυχοῢν

315 5024 427 5074 τῶν
459 5015 742 5076 Ἰουδαίων
773 5017 860 5070 καί
899 5012 1186 5092 μιαιφόνον
1226 5009 1316 5066 καὶ
1348 5009 1574 5064 ἄπιστον
1609 5005 1970 5076 στηλιτεόων,

316 5109 406 5162 καὶ
467 5106 723 5178 ἀναξίους
769 5103 970 5180 κρίνων
1025 5108 1192 5178 γονῆς
1243 5107 1342 5170 τῆς
1418 5092 1810 5172 Ἀϐραμιαίας,
1871 5092 1970 5148 κᾶν

323 5195 528 5253 ἐκεῖθεν
615 5194 797 5256 αὐτοῖς
879 5191 1069 5267 κατῄει
1151 5191 1214 5246 τὸ
1297 5187 1476 5268 φῦναι,
1532 5187 1597 5245 Εἰ
1656 5185 1815 5241 τέκνα
1853 5185 1972 5254 ἦτε,

321 5287 482 5366 φησὶ,
549 5288 648 5341 τοῦ
706 5279 976 5358 Ἀϐραάμ,
1050 5279 1281 5336 ἐποιεῖτε
1367 5277 1426 5333 ἂν
1511 5279 1577 5332 τά
1662 5272 1795 5354 ἔργα
1877 5277 1974 5329 τοῦ

393 5407 443 5444 ³³
471 5407 644 5464 Joan.
676 5419 804 5469 vni,
835 5403 924 5458 39.

2054 1909 2167 1948 non
2183 1898 2375 1948 autem
2401 1898 3074 1966 mortuorum,tunquam
3100 1895 3316 1951 malum
3344 1895 3696 1967 principium

2053 1986 2107 2036 et
2135 1981 2417 2037 malorum
2435 1999 2674 2052 operum
2694 1984 2962 2052 opificem
2987 1985 3424 2040 calumniantur
3449 1999 3693 2052 ;nonne,

2048 2071 2312 2141 inquam,
2346 2071 2452 2139 illi,
2488 2079 2691 2143 utpote
2723 2073 2857 2128 Mali
2904 2089 3035 2128 vere
3081 2075 3409 2145 progenies,
3462 2073 3696 2146 suppli-

2050 2159 2227 2227 cium,
2256 2176 2357 2231 per
2387 2159 2581 2231 ignem
2613 2165 2669 2216 et
2700 2167 2968 2216 tenebras
2997 2161 3227 2217 diabolo
3249 2168 3544 2233 paratum,
3567 2178 3696 2232 per-

2051 2257 2222 2322 petuo
2263 2254 2658 2320 provocantes,
2712 2250 2948 2322 dignam
2997 2250 3250 2306 facinore
3305 2249 3692 2305 audacissimo

2053 2355 2280 2412 poenam
2311 2339 2517 2395 luent?
2547 2343 2611 2394 Et
2642 2356 2712 2395 ne
2741 2339 2826 2395 sic
2855 2339 3093 2412 quidem
3125 2338 3372 2407 hiatum,
3412 2339 3513 2410 qui
3545 2338 3696 2392 inter

2053 2429 2288 2484 divitem
2322 2433 2380 2485 et
2413 2429 2694 2485 Lazarum
2729 2428 3068 2500 interjectus
3099 2429 3430 2500 est,quique
3451 2425 3700 2493 animas,

2056 2535 2189 2574 cum
2236 2518 2566 2575 Abrahamo
2618 2520 3010 2586 convivantes,
3053 2519 3123 2574 ab
3156 2517 3272 2573 illis
3315 2521 3564 2587 separat,
3599 2515 3702 2586 qui

2058 2607 2287 2663 aeternis
2319 2607 2674 2663 cruciatibus
2705 2608 3071 2679 afﬂiguntur,
3095 2605 3535 2679 expavescunt?
3559 2604 3706 2677 Vah,

2058 2714 2227 2768 quam
2262 2700 2472 2754 misere
2503 2698 2794 2767 homines,
2827 2699 2924 2769 qui
2967 2698 3195 2754 nullum
3231 2714 3409 2768 pinna:
3460 2711 3704 2752 sensum

2061 2803 2213 2841 nunc
2243 2786 2520 2842 habentes
2550 2789 2620 2842 ab
2653 2787 2801 2858 ipsis
2831 2787 3152 2842 Servatoris
3202 2786 3380 2842 minis
3423 2785 3536 2840 sibi
3587 2800 3704 2839 non

2060 2875 2291 2943 timent,
2316 2891 2403 2944 eo,
2427 2892 2516 2941 eo,
2542 2875 2806 2946 inquam,
2853 2885 3108 2948 tempore
3143 2873 3509 2930 acerbitatem
3543 2872 3704 2928 dolo-

2061 2981 2188 3022 rum
2224 2964 2576 3036 experiundo
2606 2965 2814 3034 edocti,
2851 2965 3196 3037 nullumque
3225 2980 3409 3035 Opera:
3451 2980 3568 3018 suae
3617 2961 3707 3017 lu-

2062 3071 2225 3110 crum
2261 3053 2574 3124 capientes,
2609 3060 2804 3110 contra
2835 3071 2894 3110 se
2925 3054 3080 3125 ipsos
3119 3054 3346 3121 duram,
3390 3051 3620 3124 longam
3653 3055 3711 3106 et

1986 3117 2027 3183 C
2069 3160 2182 3198 non
2217 3117 2600 3198 revocandam
2634 3117 2978 3199 sententiam
3014 3141 3234 3198 ferent!
3273 3117 3448 3212 [dque
3479 3117 3538 3194 ἱνα
3591 3139 3708 3211 pri-

2065 3233 2175 3287 mis
2197 3241 2352 3299 tunc,
2390 3230 2487 3285 ubi
2518 3233 2845 3288 secundum
2875 3229 3210 3302 parabolam
3237 3230 3306 3284 de
3327 3229 3502 3284 divite
3524 3227 3712 3300 prola-

2064 3325 2181 3376 tam
2212 3319 2613 3376 Abrahamum
2647 3319 2704 3374 in
2737 3319 3020 3375 auxilium
3044 3323 3337 3383 vocantes,
3357 3333 3512 3382 eum,
3532 3331 3707 3387 quem

2067 3417 2237 3466 antea
2287 3408 2542 3465 ludibrio
2592 3408 2942 3477 habuerunt,
3001 3407 3162 3464 nulla
3210 3407 3300 3464 sui
3335 3405 3709 3462 miseratione

2067 3506 2290 3556 tactum
2321 3499 2636 3556 invenient.
2669 3499 2726 3554 Si
2758 3499 2914 3555 enim
2945 3499 3122 3555 homo
3155 3497 3211 3552 in
3245 3497 3522 3552 Lazarum
3554 3494 3708 3565 inju-

2068 3591 2190 3648 rius
2221 3593 2293 3648 ab
2324 3590 2789 3648 Abrahamisinu
2815 3607 2914 3663 per
2947 3589 3313 3646 tremendum
3353 3586 3582 3642 hiatum
3612 3600 3711 3640 ex-

2071 3681 2341 3750 cluditur,
2375 3685 2431 3738 et
2460 3681 2593 3753 igne
2624 3696 2924 3751 nunquam
2960 3678 3216 3736 finiendo
3259 3673 3713 3732 inbumanitatis

2069 3787 2182 3827 sua:
2215 3787 2440 3842 pmnam
2478 3771 2686 3838 luit,ac
2705 3775 2932 3825 aeternae
2964 3767 3122 3824 illius
3144 3765 3436 3823 beatitatis
3467 3773 3520 3820 et
3541 3764 3715 3835 quie-

2070 3860 2146 3916 tis
2175 3860 2461 3915 desiderio
2493 3859 2720 3931 capitur
2741 3858 2999 3930 quidem,
3033 3858 3131 3912 sed
3164 3873 3277 3912 non
3311 3855 3561 3926 potitur;
3592 3852 3714 3908 lin—

2071 3964 2300 4022 guaque
2358 3949 2594 4018 insuper
2641 3947 2848 4015 uritur,
2909 3954 2964 4002 et
3046 3944 3454 4001 acerbissimos
3537 3941 3718 3997 sentit

2071 4037 2323 4106 dolores,
2375 4037 2447 4092 ob
2501 4054 2630 4092 eam
2675 4041 2906 4092 tantum
2957 4033 3350 4098 insolentiam,
3399 4030 3554 4102 quod
3599 4046 3714 4086 non

2073 4127 2348 4184 misertus
2399 4130 2491 4182 est
2543 4126 2801 4182 hominis
2857 4124 2970 4179 sibi
3026 4122 3256 4188 similis,
3317 4136 3433 4175 non
3492 4123 3712 4184 autem,

2074 4219 2224 4289 quod
2273 4215 2523 4274 ludibrio
2597 4221 2700 4272 aut
2781 4213 3053 4270 conviciis
3136 4209 3345 4276 aﬂ‘ecit,
3429 4208 3718 4280 quomodo

2077 4323 2192 4361 non
2243 4307 2412 4378 longe
2461 4305 2698 4377 gravius
2745 4303 2978 4360 illorum
3022 4318 3084 4358 os
3140 4304 3198 4356 et
3238 4299 3444 4370 lingua
3490 4300 3548 4352 et
3605 4295 3720 4352 vis-

2077 4411 2208 4450 cera
2239 4395 2437 4450 omnia
2467 4399 2730 4462 urentur,
2763 4391 2859 4464 qui
2892 4392 2953 4447 in
2981 4389 3380 4446 Abrahamum
3405 4402 3468 4442 se
3491 4390 3612 4442 tam
3636 4383 3726 4439 in-

2079 4483 2332 4540 solentes
2367 4483 2760 4556 praestiterint,
2793 4487 2851 4537 et
2883 4497 2983 4552 per
3011 4481 3138 4552 ejus
3167 4478 3320 4534 latus
3343 4489 3716 4532 communem

2080 4573 2394 4630 Dominum
2427 4577 2485 4628 et
2517 4572 2876 4628 conditorem
2901 4570 3090 4625 instar
3119 4567 3375 4624 hostium
3420 4579 3717 4636 oppugna-

2081 4662 2241 4718 rint‘?
2272 4663 2354 4718 Tu
2387 4678 2519 4718 vero
2545 4665 2601 4718 et
2631 4660 2852 4730 reliqua
2883 4673 3112 4714 mecum
3145 4653 3450 4712 considera
3489 4668 3556 4708 ao
3589 4667 3727 4723 per-

2080 4751 2288 4824 pende.

2152 4914 2244 4969 IV.
2278 4897 2544 4969 Servator
2572 4910 2990 4983 arrogantiam,
3021 4907 3334 4966 homicidia
3364 4912 3423 4964 et
3453 4905 3728 4962 incredu-

2081 5004 2303 5060 litatem
2335 5001 2672 5058 Judaeorum
2706 5001 2766 5054 in
2798 4998 3118 5065 Evangeliis
3149 4997 3468 5069 castigans,
3512 5006 3735 5064 eosque

2084 5093 2266 5164 stirpe
2289 5089 2625 5155 Abrahami,
2649 5089 2917 5162 quamvis
2939 5089 3075 5144 hinc
3097 5087 3202 5143 orti
3219 5090 3436 5153 essent,
3458 5083 3730 5150 indignos

2077 5182 2374 5254 judicans,
2405 5178 2468 5236 Si
2495 5178 2626 5250 ﬁlii,
2659 5177 2870 5250 inquit,
2901 5177 3217 5234 Abrahami
3243 5177 3445 5244 essetis,
3479 5170 3731 5229 Abraha-

2083 5272 2168 5328 mz‘
2197 5287 2365 5343 Opera
2391 5269 2720 5340 faceretis”.
2753 5269 2918 5324 Tunc
2947 5285 3053 5324 nec
3101 5267 3196 5322 hic
3235 5265 3585 5331 subsistens,
3629 5257 3731 5316 sed

1503 5503 1742 5560 ἾΑΒΙᾸΞ
1783 5498 2173 5557 LECTIONES
2211 5497 2302 5553 ET
2343 5497 2567 5556 NOTAE.

398 5624 510 5696 (24)
539 5621 655 5690 Μή.
691 5619 774 5676 Ita
809 5635 921 5675 ms.
952 5615 1148 5673 Malim
1178 5615 1364 5688 legere
1397 5609 1514 5686 μέν.

402 5713 515 5787 (25)
544 5709 910 5784 Εὖρήσουσιν.
938 5708 1031 5765 Sic
1061 5707 1193 5779 lego
1224 5721 1327 5780 pro
1355 5700 1655 5779 εὐρίσουσιν
1689 5699 1840 5776 quod
1873 5713 1951 5756 er:

2062 5712 2229 5754 ams.
2312 5775 2314 5777 g
