4074 6208
351 367 458 427 131

1544 346 1806 410 PHOTII
1853 343 2377 406 PATRIARCH/E
2416 347 2533 407 ΟΡ.

3628 363 3746 423 132

346 498 596 556 ulterius
628 495 1003 570 progrediens
1034 494 1092 550 in
1120 488 1522 559 triumphante
1539 484 1610 541 de
1635 481 1708 540 iis
1729 482 1969 538 confuta

2092 475 2365 570 Ἀϐραάμ.
2411 480 2520 570 ,Καὶ
2569 481 2597 537 6
2648 479 2916 558 θρίαμϐος
2955 488 3019 542 οὔ
3073 487 3242 569 μέχρι
3288 492 3525 565 τούτων,
3595 493 3744 553 ἀλλὰ

340 589 522 657 tione,
559 586 869 660 subjungit
903 601 915 639 :
950 585 1062 640 Non
1099 583 1225 638 estis
1277 577 1385 648 ﬁlii
1423 574 1674 642 Abrahae,
1722 574 1816 628 sed
1855 571 1984 626 dia-

345 677 534 734 boli“.
562 678 647 734 Ita
668 677 820 734 enim
838 676 982 731 ratio
1007 668 1467 739 statuerejubet,
1491 665 1651 720 illius
1672 663 1984 736 quemdam

345 772 404 824 et
435 784 648 824 nomen
683 771 739 822 et
767 781 946 838 genus
979 764 1212 826 referre,
1246 757 1416 828 cujus
1450 770 1641 811 mores
1666 761 1724 808 et
1751 751 1986 819 genium

343 857 404 913 in
435 856 551 913 vita
581 853 864 912 imitando
893 851 1180 922 eXprimit.
1207 847 1366 913 Quod
1391 846 1440 901 si
1465 861 1600 900 vero
1622 847 1788 898 vetus
1809 846 1986 897 testa-

347 951 606 1004 mentum
635 945 792 1011 mali,
827 960 928 999 ceu
957 942 1146 1012 inepte
1167 938 1425 1002 tradunt,
1451 933 1720 1008 principii
1743 934 1912 998 esset,
1932 935 1987 986 et

344 1036 637 1092 Abraham
667 1035 736 1088 ad
770 1032 910 1088 illud
945 1029 1277 1102 pertineret,
1301 1025 1615 1082 dicendum
1643 1018 1986 1089 t'uisset,lilii

345 1126 486 1180 estis
516 1121 828 1179 Abrahami
860 1130 911 1176 el
950 1120 1053 1174 ﬁlii
1104 1116 1362 1184 diaboli,
1413 1132 1481 1171 ex
1521 1120 1764 1184 utroque
1805 1110 1982 1176 enim,

346 1213 498 1282 quod
533 1214 596 1265 ut
624 1209 778 1266 Deus
811 1209 968 1277 odio,
998 1207 1080 1264 ita
1116 1221 1312 1262 amore
1358 1203 1542 1260 hostis
1591 1200 1982 1274 prosequitur,

340 1299 525 1354 Judaei
555 1303 866 1369 utrumque
897 1297 1152 1353 colentes
1176 1292 1518 1366 reprehendi
1543 1290 1982 1364 poterant.Quo-

339 1389 510 1444 modo
540 1404 672 1444 vero
704 1387 843 1444 alibi
876 1387 1088 1442 iterum
1110 1380 1648 1453 Servatorillis,qui
1673 1375 1983 1435 Abrahami

335 1478 474 1547 sint,
508 1494 756 1550 regnum
780 1475 1055 1532 ccelorum
1082 1471 1436 1530 hereditatis
1456 1471 1642 1526 instar
1661 1465 1979 1539 adjudicat,

336 1565 570 1638 illisque
595 1566 793 1636 jungit
815 1582 907 1620 eos
931 1563 1029 1635 qui
1059 1580 1120 1620 se
1149 1579 1214 1618 ex
1241 1566 1356 1618 toto
1379 1561 1553 1617 corde
1570 1563 1626 1615 et
1641 1557 1761 1613 sine
1781 1571 1982 1626 excep-

335 1655 492 1710 tione
505 1653 1226 1726 praaceptorumstudiosos
1243 1650 1796 1721 praestiterint,puru
1810 1659 1981 1716 mque

337 1743 558 1799 cultum
591 1744 978 1810 exhibuerint,
1002 1742 1142 1797 adeo
1166 1750 1226 1796 ut
1252 1739 1579 1796 convictum
1612 1753 1743 1792 cum
1777 1735 1894 1789 illis
1920 1732 1978 1787 in

2095 568 2184 623 καὶ
2219 566 2580 659 σφοδρότερον
2609 570 2786 628 αὐτῶν
2816 566 3222 650 καθαπτόμενος
3272 579 3488 659 ἐπάγει,
3539 583 3738 658 λέγων.

2095 659 2207 715 Ούκ
2263 657 2378 715 ἐστὲ
2433 662 2592 716 τέκνα
2627 667 2723 718 τοῦ
2783 660 3054 740 ’Δϐραὰμ,
3113 668 3260 726 ἀλλᾶ
3315 657 3413 728 τοὺ
3469 657 3740 731 διαϐόλου

2096 747 2234 838 ἐστέ.
2284 748 2433 804 Πολὺ
2483 752 2584 828 γὰρ
2637 754 2666 823 ἡ
2717 754 2914 828 γνώμη
2948 760 3202 832 κραταιὸν
3236 765 3367 833 (26),
3400 761 3608 820 ἐκείνου
3637 769 3740 838 τὴν

2092 836 2290 906 κλῆσιν
2341 841 2429 894 καὶ
2479 841 2541 894 τὸ
2589 842 2742 916 γένος
2791 843 3065 916 ὑπελθεῖν,
3116 849 3178 904 οὗ
3226 852 3287 906 τὸ
3319 855 3540 925 γνήσιον
3582 853 3634 910 ἐν
3665 836 3736 930 τῇ

2097 929 2327 1000 μιμήσει
2356 929 2503 1007 φέρει
2533 936 2632 999 τῆς
2673 938 2839 1002 ζωῆς.
2874 934 2936 988 Ei.
2967 934 3014 990 δ’
3045 937 3109 1006 ἦν
3144 940 3177 1008 ἡ
3217 941 3426 996 Παλαιὰ
3457 945 3593 999 κατᾶ
3641 929 3742 1008 τὰς

2093 1015 2315 1078 ἀθέτους
2345 1019 2529 1097 φωνὰς
2567 1023 2664 1074 τοῦ
2709 1026 2979 1094 Πο·ιηροῦ,
3031 1026 3236 1096 ταύτης
3279 1025 3337 1084 δὲ
3383 1030 3411 1084 6
3462 1027 3736 1107 Ἀϐραὰμ,

2095 1104 2209 1160 ἴσον
2260 1107 2328 1176 ἦν
2378 1107 2566 1163 εἰπεῖν·
2627 1111 2790 1164 Τέκνα
2834 1116 2930 1166 τοῦ
2981 1111 3249 1190 Ἀϐραὰμ,
3299 1119 3388 1172 καὶ
3451 1104 3608 1176 τέκνα
3636 1104 3738 1177 τοῦ

2093 1190 2380 1286 διαϐόλουο
2415 1193 2484 1250 δι’
2511 1197 2762 1286 ἑκατέρου
2794 1201 2898 1275 γὰρ
2931 1201 2962 1255 ἃ
2996 1209 3144 1276 μισεῖ
3175 1205 3271 1278 μὲν
3303 1208 3330 1261 6
3383 1209 3534 1278 Θεὸς,
3577 1210 3736 1286 στέρ-

2090 1305 2171 1360 γει
2204 1282 2261 1339 δὲ
2290 1285 2318 1339 6
2350 1286 2610 1361 Ἐχθρὸς,
2637 1285 2958 1363 ἐλέγχονται
2983 1297 3251 1366 τιμῶντες
3284 1296 3495 1370 ὁμοίως
3527 1300 3577 1353 οἱ
3610 1282 3745 1355 Ἰου-

2092 1370 2257 1464 δαξοι.
2291 1379 2418 1436 Ηῶς
2443 1372 2500 1430 δὲ
2527 1376 2618 1430 καὶ
2649 1376 2904 1452 ἀλλαχοῦ
2935 1379 3098 1437 πάλιν
3131 1383 3158 1436 6
3209 1386 3406 1459 Σωτήρ
3445 1391 3564 1450 τοῖς
3608 1387 3736 1464 περὶ

2092 1457 2342 1537 Ἀϐραὰμ
2370 1465 2469 1533 τήν
2515 1464 2796 1538 βασιλείαν
2836 1473 2942 1523 τῶν
2974 1469 3210 1543 οὐρανῶν
3242 1472 3320 1536 εἷς
3366 1457 3576 1552 κλῆρον
3628 1457 3736 1552 sitp-

2091 1551 2282 1626 ορίζει,
2314 1553 2406 1607 καὶ
2439 1555 2716 1610 συντάττει
2771 1557 2986 1620 τούτοις
3036 1560 3163 1622 τοὺς
3214 1559 3485 1641 ὑλοψύχῳ
3533 1551 3734 1642 γνώμῃ

2087 1645 2196 1696 τῶν
2254 1662 2312 1698 τε
2359 1644 2794 1719 προσταγμάτων
2842 1645 3088 1723 φύλακας
3148 1650 3586 1728 ἀπροφασίστους
3645 1652 3734 1710 δε-

2092 1728 2402 1806 δειγμένους
2459 1733 2548 1786 καὶ
2595 1733 2863 1809 καθαροὺς
2910 1737 3060 1810 αὑτῷ
3103 1739 3202 1808 τὴν
3253 1739 3503 1816 λατρείαν
3567 1763 3730 1818 προσ-

334 1849 515 1906 regno
547 1833 830 1888 caelorum
859 1837 1139 1902 tanquam
1175 1829 1518 1902 praeclarum
1544 1826 1777 1894 aliquod
1802 1828 1857 1879 et
1879 1823 1969 1878 mi‘

2086 1822 2423 1896 ενεγκόντας,
2469 1821 2557 1876 καὶ
2601 1822 2781 1898 ὥσπερ
2819 1846 2872 1879 τι
2928 1827 3066 1901 μέγα
3122 1827 3212 1882 καὶ
3280 1811 3734 1904 θαυμάσιονέπ-

334 1925 579 1977 randum
632 1921 936 1994 praemium
990 1917 1384 1990 polliceatur?
1435 1918 1555 1972 Dico
1601 1917 1752 1972 enim
1802 1913 1976 1977 vobis,

330 2009 471 2082 quod
500 2009 664 2065 multi
693 2010 760 2064 ab
788 2011 1003 2064 oriente
1026 2019 1075 2063 et
1107 2007 1378 2063 occidente
1408 2007 1645 2070 venient,
1689 2006 1741 2058 cl
1771 2017 1978 2058 recum-

333 2101 454 2154 bent
483 2117 610 2155 cum
655 2099 956 2154 Abrahamo
1009 2106 1061 2153 et
1101 2099 1283 2152 Isaaco
1339 2103 1392 2151 et
1449 2094 1641 2151 Iacobo
1696 2095 1756 2146 in
1813 2106 1979 2160 regno

331 2188 588 2244 caelorum
619 2187 682 2243 ’5.
717 2186 966 2241 lloccine
999 2201 1131 2240 vero
1163 2186 1240 2240 sit
1271 2185 1573 2256 praemium
1625 2197 1826 2237 eorum
1878 2178 1978 2250 qui

331 2277 526 2348 ipsum
557 2275 965 2348 agnoverunt?
994 2273 1234 2330 hoccine
1284 2274 1506 2327 donum
1555 2288 1655 2342 pro
1711 2269 1828 2326 illis
1877 2269 1976 2340 qui

327 2367 511 2422 caedes
544 2382 646 2438 pro
676 2381 742 2422 eo
773 2363 1229 2420 sustinuerunt?
1271 2363 1519 2418 haeccine
1551 2360 1924 2432 praerogativa
1948 2359 1976 2412 ?

332 2455 583 2511 haeccine
618 2454 885 2511 merces?
915 2452 1074 2525 quod
1096 2469 1228 2508 cum
1254 2450 1541 2507 ministris
1572 2449 1708 2505 Mali
1741 2458 1791 2504 et
1823 2464 1971 2515 esse,

323 2551 381 2600 et
407 2547 701 2600 numerari
733 2548 790 2600 et
812 2543 1033 2599 versari
1081 2539 1351 2612 possint?
1403 2538 1704 2608 Quomodo
1750 2536 1872 2592 haec
1919 2541 1976 2592 et

330 2632 441 2688 alia
471 2631 809 2703 hujusmodi
841 2631 1080 2687 tulerint
1109 2645 1278 2686 aures
1330 2627 1548 2685 divinis
1599 2624 1972 2683 sermonibus

332 2726 576 2778 assuetis
591 2721 620 2776 ?

400 2991 470 3043 V.
503 2987 563 3043 Si
595 2990 760 3042 vetus
784 2990 1201 3042 testamentum
1226 3002 1259 3041 a
1281 2984 1508 3041 diabolo
1530 2983 1970 3056 erat,quomodo

329 3077 640 3132 Mattbatus
670 3081 727 3132 et
758 3075 966 3144 Lucas,
1000 3075 1321 3132 Servatoris
1353 3073 1752 3147 genealogiam
1777 3089 1970 3129 recen-

325 3177 534 3237 sentes,
558 3169 708 3224 inter
738 3170 988 3237 majores
1018 3169 1144 3236 ejus
1175 3175 1228 3222 et
1255 3175 1446 3238 patres
1477 3170 1785 3221 numerant
1814 3164 1966 3232 illos,

326 3275 472 3330 quos
500 3264 668 3314 vetus
697 3257 847 3314 inter
873 3257 1082 3313 decora
1111 3272 1217 3313 sua
1242 3256 1464 3312 habet?
1496 3255 1771 3328 Nunquid
1815 3253 1965 3310 enim

325 3349 384 3403 in
417 3349 634 3404 bonum
668 3346 851 3403 Deum
881 3347 1085 3402 cadere
1127 3350 1312 3416 potest
1360 3350 1595 3401 externa
1644 3345 1864 3416 species
1913 3347 1968 3400 et

327 3437 624 3492 simulatio
644 3435 671 3490 ?
697 3436 840 3491 Nam
866 3452 979 3491 non
1007 3435 1248 3490 minima
1272 3451 1402 3505 pars
1423 3433 1758 3490 defectionis
1788 3433 1964 3503 hujus

320 3532 378 3580 et
407 3531 574 3580 sectae
605 3529 717 3594 est,
751 3529 813 3580 ut
841 3526 1117 3579 adversus
1137 3522 1309 3578 Verbi
1342 3522 1625 3577 incarnati
1649 3520 1962 3576 adventum

321 3613 404 3669 vel
435 3615 541 3670 hoc
567 3613 1030 3670 modoinsaniat.
1057 3616 1129 3667 At
1159 3611 1454 3667 enimvero
1495 3611 1787 3682 quomodo
1811 3610 1964 3665 Deus

317 3706 574 3776 optimus
605 3703 691 3760 vel
725 3706 912 3774 quoad
947 3704 1202 3773 speciem
1231 3709 1284 3757 et
1314 3699 1606 3766 simulate,
1632 3700 1717 3756 vel
1751 3717 1879 3756 vere
1907 3705 1965 3756 et

315 3810 485 3865 Opere
512 3795 640 3866 ipso
670 3811 790 3860 eos,
817 3792 914 3864 qui
948 3792 1005 3847 in
1039 3796 1403 3859 testamento,
1440 3791 1592 3862 quod
1625 3789 1712 3848 illi
1743 3790 1815 3845 ad
1844 3792 1963 3845 Ma—

313 3884 437 3939 lum
475 3885 751 3951 referunt,
783 3883 1176 3951 eminuerant,
1210 3883 1460 3952 majores
1491 3898 1631 3937 suos
1667 3886 1724 3936 et
1768 3886 1962 3954 patres

315 3973 896 4044 essejusserit,atque
914 3974 1052 4028 adeo
1077 3971 1296 4043 aliquid
1323 3970 1958 4042 ejusmodiassumpse-

312 4064 408 4128 rit,
428 4066 601 4134 cujus
622 4062 984 4118 conditorem
1008 4062 1233 4118 hostem
1259 4077 1384 4117 esse
1405 4079 1516 4116 non
1535 4061 1875 4133 ignorabat?
1893 4061 1960 4116 Et

314 4154 604 4225 quomodo
638 4169 752 4207 non
785 4169 850 4208 ex
883 4151 996 4207 alio
1031 4151 1244 4223 populo
1278 4156 1442 4205 natus
1473 4153 1581 4218 est,
1604 4151 1702 4221 qui
1736 4149 1958 4206 scilicet

311 4243 424 4297 vim
457 4247 512 4296 et
544 4241 862 4312 potentiam
895 4240 1109 4294 diaboli
1144 4256 1257 4293 non
1302 4239 1546 4308 repetita
1593 4239 1716 4293 vice
1765 4255 1957 4308 exper-

317 4339 407 4384 tus
438 4329 534 4396 sit,
560 4330 658 4382 sed
681 4344 750 4382 ex
780 4327 879 4380 illo
902 4327 1140 4398 prodiit,
1170 4342 1344 4395 quem
1374 4325 1530 4395 leges
1561 4327 1769 4380 veteris
1792 4331 1956 4380 testa-

315 4416 496 4472 menti
528 4417 853 4472 formarunt
871 4421 927 4469 et
946 4415 1256 4479 ﬁnxerunt,
1279 4411 1487 4467 deinde
1515 4429 1648 4468 vero
1676 4418 1807 4484 post
1828 4414 1955 4484 pri-

313 4525 467 4564 mam
502 4506 656 4562 illam
688 4520 931 4575 eamque
957 4502 1172 4558 malam
1205 4500 1552 4558 creationem
1596 4505 1668 4558 ad
1698 4505 1953 4562 actiones

312 4611 618 4668 moresque
650 4595 824 4665 longe
857 4593 1080 4666 pejores
1105 4591 1500 4664 perduxerunt
1522 4599 1580 4648 et
1603 4591 1958 4650 incitarunt?

306 4689 362 4741 Si
392 4691 558 4742 vetus
589 4687 1007 4740 testamentum
1042 4681 1225 4737 Deum
1259 4684 1547 4736 auctorem
1594 4698 1708 4738 non
1760 4681 1954 4753 habet,

309 4775 594 4847 quomodo
623 4773 934 4830 violatores
963 4772 1158 4846 legum
1208 4771 1526 4828 conditoris
1570 4769 1954 4840 naturalium,

307 4869 363 4922 et
393 4864 643 4922 lasciviae
675 4880 737 4921 se
768 4864 1194 4935 permittentes,
1227 4860 1626 4935 voluntatique
1657 4860 1841 4917 hostis
1865 4877 1958 4935 pe-

308 4956 470 5011 nitus
499 4954 815 5024 subjectos,
849 4952 982 5026 igne
1012 4953 1203 5024 punit,
1237 4956 1294 5007 et
1323 4949 1640 5022 impiorum
1674 4967 1952 5007 ausorum

309 5063 509 5120 poenas
537 5045 700 5102 luere
725 5043 944 5114 jubet?
971 5043 1184 5099 Malum
1217 5042 1374 5099 enim
1425 5057 1626 5114 pmnas
1657 5057 1956 5113 reposcere

307 5135 647 5208 impietatis,
671 5151 788 5206 qua
805 5133 930 5206 ipse
949 5132 1293 5200 delectatur,
1326 5136 1383 5188 et
1413 5132 1584 5202 cujus
1609 5131 1732 5202 ipse
1755 5135 1957 5187 auctor

305 5230 414 5294 est,
449 5225 549 5296 qui
581 5224 668 5281 vel
699 5221 963 5297 cogitarit
994 5221 1234 5278 omnino
1269 5219 1355 5277 vel
1386 5219 1618 5289 dixerit,
1668 5235 1863 5276 nonne
1907 5220 1956 5276 is

306 5315 565 5370 insanire
585 5312 789 5370 merito
807 5311 1113 5368 credatur?
1141 5311 1422 5382 Apostata
1452 5325 1586 5368 vero
1620 5307 1702 5366 ait
1722 5307 1952 5367 hostem

385 5463 435 5500 ⁹⁴
460 5463 629 5521 Joan.
660 5476 780 5531 vm,
808 5459 898 5517 30.
975 5459 1018 5495 ³⁸
1046 5457 1249 5515 Matth.
1282 5473 1400 5526 vni,
1436 5458 1519 5514 11.

2088 1908 2253 1964 αθλον
2287 1907 2493 1974 διδοὺς,
2524 1912 2622 1978 τήν
2656 1914 2789 1984 μετᾶ
2819 1918 2924 1968 τῶν
2956 1912 3162 1990 ἀνδρῶν
3196 1917 3412 1975 ἐκείνων
3443 1919 3494 1975 ἐν
3523 1925 3591 1996 τῇ
3621 1927 3737 1978 τῶν

2088 1997 2328 2073 οὐρανῶν
2392 1999 2639 2074 βασιλείᾳ
2685 1999 3079 2076 ἐπαγγέλλεται
3167 2005 3491 2079 συναυλίαν;
3569 2011 3734 2086 Λέγω

2083 2087 2184 2163 γάρ
2236 2088 2381 2160 ὑμῖν,
2432 2088 2516 2144 ὅτι
2600 2087 2806 2145 πολλοὶ
2864 2091 2969 2147 ἀπὸ
3026 2094 3311 2152 ἀνατολῶν
3359 2098 3450 2154 καὶ
3507 2097 3737 2174 δυσμῶν

2085 2175 2294 2248 ἥξουσι,
2374 2177 2464 2232 καὶ
2553 2178 3005 2251 ἀνακλιθήσονται
3090 2184 3226 2257 μετᾶ
3310 2182 3561 2264 Ἀϐρααμ
3633 2191 3726 2246 καί

2085 2266 2267 2322 Ἰσαὰκ
2330 2267 2419 2321 καὶ
2478 2263 2671 2324 Ἰακὼϐ
2728 2267 2781 2323 ἐν
2848 2275 2916 2345 τῇ
2979 2272 3230 2346 βασιλείᾳ
3289 2263 3422 2330 τῶν
3457 2276 3725 2352 οὐρανῶν.

2089 2357 2224 2430 Ἀρὰ
2253 2355 2358 2430 γὰρ
2395 2360 2557 2412 τοῦτο
2589 2354 2824 2414 ἔπαθλον
2855 2366 2973 2425 τοῖς
3003 2360 3366 2438 ὲπεγνωκὸσιν
3395 2365 3552 2422 αὑτόν
3577 2387 3588 2438 ;
3624 2368 3728 2444 ἆρα

2083 2445 2240 2498 τοῦτο
2300 2440 2473 2518 δῶρον
2524 2450 2662 2513 τοῖς,
2713 2445 2832 2501 ὅσοι
2879 2448 2973 2510 τὰς
3029 2451 3230 2528 σφαγὰς
3297 2453 3536 2532 ὑπέσχον
3595 2440 3734 2531 ὑπὲρ

2083 2531 2316 2602 aui-.054;
2363 2536 2523 2589 τοῦτο
2573 2533 2896 2612 φιλοτιμίας
2949 2544 3110 2595 τοῦτο
3169 2537 3426 2613 ἔπαθλον,
3457 2522 3548 2600 ⁹τὸ
3593 2547 3734 2618 μετὰ

2079 2625 2187 2676 τῶν
2245 2621 2648 2698 θεραπευόντων
2703 2631 2800 2680 τοῦ
2862 2633 3110 2702 Πονηροῦ
3165 2631 3254 2686 καὶ
3325 2639 3578 2705 συνεῖναι,
3636 2635 3731 2690 καὶ

2083 2713 2544 2786 συναριθμεῖσθαι,
2594 2714 2685 2768 καὶ
2753 2716 3241 2792 συναγελάζεσθαη
3303 2722 3398 2776 Καὶ
3473 2724 3605 2778 ποία
3663 2725 3728 2779 ἃν

2077 2806 2247 2856 ταῦτα
2295 2801 2530 2876 ἀνέξεται
2581 2803 2718 2874 ἀκοή
2769 2804 3029 2882 ῥημάτων
3088 2808 3236 2874 ὅλως
3293 2808 3496 2886 ἔχουσα
3551 2813 3728 2885 ἀκοὴν

2080 2892 2239 2946 θείων
2268 2909 2280 2959 ;

2153 2982 2224 3038 Ε’.
2261 2982 2359 3037 Καὶ
2391 2981 2436 3036 εἷ
2468 2984 2502 3052 ἡ
2537 2981 2749 3039 Παλαιᾶ
2778 2989 2878 3040 τοῦ
2911 2982 3176 3043 διαϐόλου
3205 2989 3294 3061 ἦν,
3326 2995 3444 3055 πῶς
3492 2992 3521 3048 6
3571 3000 3728 3049 Ματ-

2079 3072 2228 3134 θαῖος
2282 3071 2370 3126 καὶ
2421 3077 2633 3134 Λουκᾶς
2680 3074 2777 3142 τήν
2827 3079 2924 3130 τοῦ
2985 3083 3247 3153 Σωτῆρος
3297 3079 3727 3148 ἀναπτύσσοντες

2620 3133 2628 3134 κ
2737 3133 2748 3142 .
3133 3133 3160 3153 .,
3200 3133 3244 3141 γ.
3302 3133 3724 3148 εμπ---ηραν

1997 3133 2040 3200 C
2077 3157 2448 3236 γενεαλογίαν,
2507 3162 2816 3238 προγόνους
2873 3165 3041 3220 αὐτοῦ
3096 3168 3186 3221 καὶ
3253 3165 3486 3242 πατέρας
3569 3169 3724 3244 τοὺς,

2077 3247 2170 3310 οὓς
2200 3251 2234 3318 ἡ
2268 3248 2481 3305 Παλαιὰ
2507 3250 2668 3312 κλέος
2701 3251 2869 3327 εἶχεν,
2923 3253 3326 3335 ἀναγράφουσις
3377 3263 3500 3323 Πῶς
3539 3260 3641 3334 γὰρ
3693 3261 3724 3316 6

2077 3340 2274 3415 ἀγαθὸς
2307 3341 2434 3402 Θεὸς
2464 3344 2499 3414 ᾗ
2532 3340 2585 3396 ἐν
2618 3343 2862 3416 σχήματι
2894 3345 2985 3399 καὶ
3022 3345 3338 3421 ὑποκρίσεις
3386 3351 3540 3406 ’Έστι
3589 3353 3720 3427 γὰρ,

2075 3424 2187 3482 ἔστι
2223 3448 2305 3488 τις
2353 3435 2453 3498 τῆς
2501 3429 2836 3495 ἀποστασίας
2880 3431 3088 3502 ταύτης
3148 3433 3252 3489 οὑκ
3302 3433 3470 3512 ὀλίγη
3527 3424 3718 3512 μοῖρα,

2072 3518 2162 3572 καὶ
2195 3519 2394 3588 ταύτην
2426 3519 2526 3588 τήν
2575 3518 2775 3576 λύσσαν
2827 3523 2961 3578 κατά
2999 3531 3100 3594 τῆς
3145 3524 3406 3599 ἐνσάρκου
3457 3531 3552 3583 τοῦ
3611 3528 3726 3584 A6-

2072 3627 2172 3682 γου
2201 3606 2495 3680 παρουσίας
2533 3610 2899 3685 προφέρουσα.
2942 3610 3122 3668 Ἀλλᾶ
3160 3619 3277 3676 πῶς
3331 3616 3358 3670 6
3412 3617 3642 3692 Ἀγαθὸς
3679 3616 3716 3687 ἢ

2071 3696 2206 3750 κατᾶ
2254 3698 2643 3771 σχηματισμὸν
2696 3699 2785 3752 καί
2836 3700 3145 3775 ὑπόκρισιν,
3187 3703 3221 3773 ἢ
3273 3702 3326 3758 ἐν
3369 3703 3602 3776 ἀληθεία
3629 3708 3722 3761 καὶ

2073 3783 2293 3859 ὑπάρξει
2343 3785 2470 3848 τοὺς
2518 3785 2569 3842 ἐν
2619 3791 2688 3861 τῇ
2741 3795 2958 3864 πονηρᾷ
3013 3788 3414 3868 διαπρέψαντα;
3477 3797 3722 3871 Διαθήκῃ

2070 3874 2300 3950 πατέρας
2332 3875 2421 3932 καὶ
2480 3878 2786 3954 προγόνους
2833 3879 3028 3934 ἑαυτοῦ
3077 3882 3323 3956 γενέσθαι
3373 3883 3718 3956 κατεδέξατο,

2067 3967 2155 4023 καὶ
2202 3969 2456 4023 τοιούτου
2514 3968 2822 4044 σπέρματος
2897 3969 3271 4044 ἐπιλαϐέσθαι,
3344 3976 3404 4031 οὗ
3463 3976 3716 4050 πλάστην

2069 4055 2168 4113 οὑκ
2215 4059 2399 4134 ἠγνόει
2448 4059 2537 4112 τὸν
2589 4058 2904 4133 Πολέμιον;
2957 4063 3054 4117 Καὶ
3114 4068 3232 4127 πῶς
3297 4068 3370 4138 μή
3423 4064 3472 4136 ἐξ
3535 4065 3715 4124 ἄλλου

2065 4145 2252 4210 ἔθνους
2301 4147 2577 4221 προῆλθεν
2637 4148 2820 4219 αὑτὸς,
2863 4151 2891 4205 ὃ
2944 4153 3019 4224 μὴ
3078 4149 3329 4229 δευτέραν
3380 4155 3525 4234 εἶχεν
3567 4155 3716 4232 ἐνέρ-

2063 4258 2210 4312 γειαν
2259 4242 2358 4292 τοῦ
2417 4243 2688 4315 Ποκιηροῦ,
2740 4239 2868 4296 ἀλλ’
2916 4239 2964 4311 ἐξ
3017 4240 3222 4298 ἐκείνου
3270 4244 3512 4319 πρόεισιν
3553 4245 3582 4300 ὃ
3614 4249 3717 4317 τῆς

2066 4324 2312 4389 Παλαιᾶς
2360 4326 2410 4379 οἱ
2457 4327 2620 4400 νόμοι
2669 4324 2998 4407 διεμόρφουν
3048 4350 3104 4385 τε
3145 4331 3234 4386 καὶ
3275 4331 3590 4405 διετίθεντο,
3622 4335 3715 4391 καὶ

2073 4414 2207 4485 μετά
2255 4416 2355 4483 τήν
2405 4415 2496 4470 ἀπ’
2542 4415 2723 4491 ἀρχῆς
2765 4419 3010 4494 πονηρὰν
3066 4417 3267 4476 πλάσιν
3320 4422 3717 4499 πονηροτέροις

2068 4499 2266 4565 ἄλλοις
2297 4497 2473 4579 ἔργοις
2504 4505 2592 4558 καὶ
2615 4501 2786 4561 ἔθεσιν
2819 4505 3226 4584 ἐπαιδαγώγουν
3255 4530 3313 4566 τε
3340 4513 3430 4566 καὶ
3459 4497 3721 4569 διέπλατο

2065 4612 2156 4647 τον
2184 4611 2199 4665 ;
2233 4593 2329 4648 Καὶ
2365 4592 2410 4648 εἰ
2445 4595 2522 4667 μή
2553 4595 2617 4664 ἦν
2646 4597 2682 4666 ἡ
2715 4596 2927 4652 Παλαιὰ
2962 4601 3058 4653 τοῦ
3089 4602 3246 4672 Θεοῦ,
3276 4605 3395 4663 πῶς
3415 4599 3546 4664 τοὺς
3588 4601 3717 4658 ἀθε-

2059 4682 2330 4753 τήσαντας
2365 4682 2492 4746 τοὺς
2537 4681 2588 4738 ἐν
2619 4687 2687 4758 τῇ
2737 4683 2894 4764 φύσει
2939 4685 3141 4761 νόμους
3182 4692 3283 4744 τοῦ
3313 4688 3591 4763 Πλάστου,
3621 4693 3715 4746 καὶ

2062 4769 2138 4832 εἷς
2197 4769 2477 4846 ἀσέλγειαν
2536 4772 2629 4844 μὶν
2688 4770 3084 4844 ἒξοκείλαντας,
3144 4779 3224 4848 τῷ
3299 4774 3571 4850 θελήματι
3653 4775 3716 4834 δὶ

2060 4858 2342 4924 παντελῶς
2374 4859 2878 4925 καταδουλωθέντας
2909 4866 3005 4920 τοῦ
3036 4865 3268 4939 Ἐκθροῦ
3297 4866 3426 4940 πυρὶ
3457 4864 3709 4937 κολάζει.

2058 4948 2262 5018 καὶτὴν
2293 4954 2400 5005 τῶν
2413 4972 2472 5006 τε
2490 4949 2673 5025 τολμη
2686 4953 2862 5024 μένων
2884 4951 3040 5024 δίκην
3064 4953 3283 5010 ἀπαιτεῖ
3303 4974 3317 5024 ;
3337 4956 3429 5010 τὸν
3455 4958 3708 5032 [Ιονηρὸν

2057 5039 2160 5116 γὰρ
2193 5036 2349 5110 δίκην
2381 5040 2624 5096 ἀπαιτεῖν
2658 5043 2755 5110 τῆς
2786 5041 2944 5097 αὑτὸν
2963 5043 3267 5116 τερπούσης
3301 5045 3392 5099 καὶ
3441 5042 3500 5100 ἐκ
3548 5045 3714 5102 αὑτοῖ

2057 5127 2359 5205 προϊούσης
2401 5134 2639 5204 πονηρᾶς
2671 5129 3090 5206 ἐργασίας,πῶς
3130 5131 3228 5189 οὑκ
3267 5131 3330 5189 ἂν
3365 5133 3448 5206 εἴη
3481 5132 3632 5199 ὅλως
3671 5136 3710 5207 ἢ

2059 5218 2379 5290 έννοηθῆναι
2497 5217 2787 5294 λεχθῆναι]
2815 5221 2876 5278 οὑ
2913 5221 3174 5297 μανικόν;
3218 5227 3275 5279 Ὁ
3307 5220 3364 5278 δὲ
3393 5223 3715 5298 ἀποστάτης

2055 5311 2163 5365 τῶν
2214 5313 2470 5386 πονηρῶν
2524 5304 2698 5386 ἔργων
2751 5312 2882 5376 τοὺς
2940 5313 3215 5389 πονηροὺς
3278 5317 3509 5390 πονηρῷ
3565 5313 3720 5372 πλά-

1479 5586 1718 5644 νΑΡιικΕ
1758 5584 2150 5644 LECTIONES
2190 5587 2277 5645 ET
2315 5585 2548 5646 ΝΟΤιΕ.

377 5713 494 5788 (26)
525 5705 808 5788 Κραταιόν.
852 5706 1052 5766 Malim
1081 5705 1269 5781 legere
1297 5708 1570 5784 κραταιοῖ,
1605 5706 1744 5780 quia
1772 5707 1965 5780 alioqu

2079 5705 2258 5766 aiulca
2285 5708 2515 5766 videtur
2543 5709 2746 5768 oratio.
