4074 6208
256 389 378 448 I33

1343 380 1655 446 CONTRA
1701 378 2185 443 MANICHAEOS
2230 383 2467 445 LIBER
2510 386 2624 446 III.

3580 388 3697 455 I35

256 541 428 595 σματι
472 516 643 592 ἄλλῳ
692 518 774 589 τῷ
802 513 932 593 πυρῖ
990 515 1091 585 τήν
1164 512 1434 589 τιμωρίαν
1517 513 1930 589 εἰσπράττεσθαι

2048 513 2312 573 homines
2340 517 2627 575 malorum
2654 534 2896 592 operum
2941 524 3204 579 auctores
3234 537 3337 595 per
3363 526 3695 583 creaturam

260 610 418 688 λέγει
460 607 559 666 τὸν
620 606 853 683 Ἐχθρὸν
894 607 1012 680 (27)
1060 602 1192 661 ἐτῶν
1237 609 1361 667 τοῖς
1392 605 1589 679 σαρκὸς
1617 603 1807 660 πάθεσι
1835 623 1935 658 κα-

263 696 598 776 ταωρέντας
646 692 1024 767 κατακλυσμῷ
1071 691 1295 764 κολάζει
1337 696 1470 767 (28).
1538 692 1930 766 Μισοπονήρου

266 788 375 864 γὶρ
416 786 528 843 ἐστι
574 785 666 841 καὶ
701 784 908 861 ἀγαθοῦ
964 781 1054 837 καὶ
1099 779 1333 852 δικαίου,
1380 782 1444 837 τό
1501 802 1561 839 τε
1606 782 1769 838 κακὸν
1800 780 1931 836 ἀνα-

267 876 536 946 στέλλειν,
566 877 658 932 καὶ
716 871 847 936 τοὺς
899 873 1040 949 πρὸς
1104 872 1202 941 τὴν
1269 869 1561 946 ἁμαρτίαν,
1617 867 1934 926 ἀναιδευσα-

272 966 467 1043 μένους
504 965 608 1035 τήν
654 963 779 1035 ἷσην
830 961 1245 1037 εἰσπράττεσθαι
1290 959 1582 1037 τιμωρίαν,
1625 959 1754 1017 ἀλλ’
1801 958 1933 1034 οὐγὶ

262 1058 517 1131 πονηροῦ
546 1056 738 1123 ποθεν,
768 1049 901 1108 οὐδὲ
947 1050 1238 1132 φιλοῦντος
1278 1049 1367 1106 καὶ
1404 1051 1798 1124 νσμοθετοῦτος
1828 1049 1928 1118 τὴν

262 1144 564 1221 ἁμαρτίαν.

328 1234 430 1309 ς’.
460 1235 588 1291 Ἵνα
621 1229 678 1287 δὲ
722 1231 901 1305 μάθῃς
945 1224 1350 1307 ἀκριϐέστερον,
1381 1229 1457 1294 ὡς
1502 1230 1531 1285 6
1578 1228 1743 1292 αὐτός
1790 1227 1933 1285 ἐστιν

260 1321 466 1400 ἀγαθὸς
498 1320 595 1378 καὶ
628 1318 1015 1399 φιλάνθρωπος
1047 1318 1198 1389 Θεὸς,
1230 1317 1261 1373 6'
1287 1339 1347 1375 τε
1381 1323 1478 1374 τοῦ
1528 1315 1738 1374 δικαίου
1786 1315 1930 1374 ἔκδιο

254 1432 347 1475 κος
377 1410 435 1466 ἐν
480 1414 555 1486 τῇ
618 1409 836 1479 Παλαιᾷ
873 1409 964 1464 καὶ
995 1409 1025 1464 6
1076 1406 1129 1463 ἐν
1185 1412 1266 1481 τῷ
1310 1408 1521 1484 χάριτι,
1552 1407 1789 1484 ξηραίνει
1832 1408 1930 1482 μὲν

266 1504 367 1573 τήν
400 1508 587 1572 συκῆν
628 1500 835 1577 καρπὸν
883 1497 1035 1572 αὐτῷ
1080 1498 1157 1572 μὴ
1196 1501 1678 1575 προσενεγκοῦσαν,
1714 1496 1932 1574 μυρίαις

259 1590 315 1647 δὲ
356 1589 624 1653 ἀπειλαῖς
680 1584 988 1645 ὑποϐάλλει
1034 1587 1163 1650 τοὺς
1209 1585 1357 1661 αὒτῷ
1415 1589 1491 1662 μὴ
1550 1586 1927 1662 πειθομένους,

252 1681 343 1738 καὶ
375 1681 445 1737 τὸ
494 1676 860 1757 σφοδρότερόν
914 1699 975 1734 τε
1018 1676 1110 1733 καὶ
1158 1676 1437 1751 ἀμίμητον
1484 1684 1585 1748 τῆς
1625 1675 1925 1748 κολάσεως,

2041 604 2218 661 aliam
2252 606 2688 678 malam,ignem
2703 609 3024 680 scilicet,ad
3052 627 3280 682 pcenam
3313 628 3539 685 vocare,
3561 630 3698 672 eos-

2040 710 2154 765 que
2202 696 2302 767 qui
2360 697 2783 768 cupiditatibus
2830 700 3023 755 carnis
3053 701 3276 774 abrepti
3304 700 3445 774 sint,
3476 701 3696 762 diluvio

2041 784 2271 855 punire.
2302 785 2432 844 Jam
2464 792 2659 846 autem
2690 792 2746 845 et
2774 789 2910 845 boni
2940 794 2998 846 et
3016 790 3165 862 justi
3190 800 3244 848 et
3275 792 3444 850 malis
3482 793 3700 861 infensi

2041 889 2187 944 opus
2216 880 2325 943 est,
2356 877 2576 933 malum
2612 877 2941 950 prohibere,
2972 880 3461 954 impudenteeque
3490 899 3697 956 pecca-

2041 966 2198 1021 tores
2212 965 2283 1021 ad
2298 966 2544 1039 dignum
2560 984 2759 1039 rapere
2772 968 3428 1041 supplicium,quassane
3451 972 3697 1042 malum,

2041 1057 2143 1109 aut
2170 1060 2475 1127 peccatum
2497 1063 2816 1128 amantem,
2850 1059 2967 1116 imo
3008 1059 3232 1130 legibus
3262 1061 3695 1134 praecipientem

2043 1158 2157 1200 non
2191 1146 2415 1202 decent.

2112 1231 2207 1288 VI.
2242 1233 2315 1291 Ut
2343 1251 2475 1292 vero
2507 1236 2699 1293 adhuc
2738 1236 2924 1310 magis
2978 1235 3292 1311 intelligas,
3324 1239 3481 1310 quod
3540 1239 3696 1299 idem

2042 1321 2233 1380 bonus
2262 1327 2318 1380 et
2347 1324 2655 1381 hominum
2676 1340 2880 1381 amans
2903 1325 3060 1382 Deus
3089 1333 3197 1395 est,
3221 1327 3318 1398 qui
3347 1326 3491 1383 etin
3512 1329 3696 1387 veteri

2039 1415 2097 1467 et
2126 1411 2185 1467 in
2217 1428 2363 1469 novo
2397 1417 2746 1470 testamento
2767 1414 3002 1485 justum
3052 1419 3306 1485 tueatur,
3336 1414 3510 1472 ﬁcum
3552 1432 3694 1473 exa—

2040 1516 2263 1559 rescere
2281 1502 2474 1574 jubet,
2517 1519 2645 1574 qua;
2702 1502 2956 1559 fructum
3012 1503 3232 1575 petenti
3289 1520 3408 1561 non
3457 1505 3694 1562 exhibe-

2039 1588 2137 1646 bat
2164 1588 2231 1659 π,
2263 1589 2632 1664 inﬁnitisque
2663 1592 2841 1647 minis
2872 1591 2985 1648 sibi
3016 1609 3132 1648 non
3162 1593 3471 1651 audientes
3526 1609 3696 1667 expo-

2038 1678 2148 1747 nit,
2180 1679 2494 1753 legumque
2523 1696 2766 1736 suarum
2823 1684 3279 1754 transgressores
3308 1683 3558 1754 graviori
3589 1697 3697 1739 nec

256 1769 337 1833 εἷς
376 1770 445 1824 τὸ
504 1767 765 1843 ἐξώτερον
804 1770 910 1843 πῦρ
958 1766 1021 1821 τὸ
1077 1764 1487 1840 ἡτοιμασμένον
1542 1786 1622 1839 τῳ
1678 1760 1927 1840 διαϐόλῳ

2048 1767 2306 1825 imitabili
2335 1771 2637 1843 supplicio,
2672 1770 2793 1843 igni
2825 1771 3068 1837 scilicet,
3102 1773 3203 1843 qui
3247 1770 3480 1828 diabolo
3510 1776 3568 1827 et
3593 1789 3699 1829 an-

257 1858 356 1914 καὶ
401 1863 523 1921 τοῖς
577 1842 840 1933 ἀγγέλοις
887 1856 1076 1924 αὐτοῦ,
1117 1854 1247 1920 τοὺς
1309 1850 1758 1931 παραϐεϐηκότας

2048 1859 2184 1930 gelis
2205 1859 2332 1929 ejus
2391 1842 2634 1932 paratus
2682 1869 2787 1929 est,
2819 1861 3078 1931 subjicit.
3113 1842 3294 1935 Atque
3328 1861 3408 1918 ita
3438 1863 3696 1935 primum

266 1947 448 2003 αὐτοῦ
494 1948 619 2009 τοὺς
644 1947 852 2022 νόμους
901 1941 1265 2014 καταδικάζει.
1317 1944 1415 1999 Καὶ
1461 1944 1579 1999 κατ’
1630 1943 1805 2018 ἀρχὰς
1836 1944 1930 2017 μὶν

2048 1947 2278 2019 quidem
2309 1949 2442 2020 igne
2474 1955 2531 2004 et
2561 1966 2713 2018 aqua
2740 1949 3307 2020 temporali,tandem
3328 1967 3462 2007 vero
3483 1958 3697 2008 eterna

268 2036 599 2112 προσκαίρῳ
646 2036 775 2112 πυρὶ
824 2034 916 2091 καὶ
964 2031 1118 2090 ὕδατι
1166 2038 1515 2109 τιμωρεῖται,
1555 2031 1645 2088 ἐπὶ
1691 2032 1837 2088 τέλει
1870 2030 1928 2088 δὲ

2048 2039 2094 2092 et
2123 2052 2432 2107 nunquam
2464 2038 2721 2092 finiendo
2747 2039 2938 2109 punit.
2970 2039 3201 2109 Vident,
3220 2040 3374 2110 quod
3406 2046 3463 2096 et
3492 2041 3693 2097 odium

260 2125 638 2196 διαιωνίζοντι
668 2124 758 2181 καὶ
790 2123 1158 2197 ἀτελευτήτῳ.
1190 2124 1353 2198 Ὁρᾷς
1374 2127 1491 2185 πῶς
1526 2122 1590 2177 τὸ
1620 2122 1928 2195 μισοπόνη-

2048 2123 2322 2179 malorum
2351 2131 2409 2180 et
2442 2124 2774 2180 humanitas
2804 2141 3031 2195 semper
3074 2133 3487 2198 argumentum
3521 2134 3578 2184 et
3607 2130 3697 2185 si-

259 2237 353 2292 ρον
382 2219 677 2292 πανταχοῦ
725 2213 910 2289 ὥσπερ
955 2213 1044 2270 καὶ
1090 2214 1153 2268 τὸ
1203 2212 1589 2292 φιλάνθρωπον
1636 2212 1928 2288 γνώρισμά

2048 2229 2217 2286 gnum
2249 2212 2326 2268 sit
2382 2213 2661 2268 bonitatis
2718 2212 2866 2283 Dei)?
2894 2214 3005 2268 Nec
3059 2213 3184 2285 ipse
3215 2212 3407 2270 solum
3439 2216 3522 2271 ita
3550 2217 3689 2288 agit,

262 2304 373 2360 ἑστι
415 2306 512 2361 καὶ
566 2305 867 2382 μαρτύριον
906 2310 1008 2375 τῆς
1064 2301 1405 2378 ἆγαθότητος
1446 2305 1544 2356 τοῦ
1594 2305 1771 2370 Θεοῦ;
1827 2300 1924 2357 Καὶ

2048 2299 2470 2372 liscipulosque
2501 2301 2645 2357 forte
2675 2299 2747 2357 ab
2777 2300 3066 2371 ejusmodi
3114 2299 3442 2358 actionibus
3490 2302 3684 2373 probi-

260 2395 362 2449 οὖκ
404 2394 574 2456 αὐτὸς
644 2393 739 2468 μὲν
774 2395 944 2449 ταῦτα
996 2391 1243 2466 πράττει,
1272 2389 1400 2452 τοὺς
1440 2390 1687 2464 μαθητὰς
1734 2388 1792 2445 δὲ
1827 2395 1929 2459 τῆς

2048 2394 2153 2460 bet,
2182 2392 2283 2447 sed
2315 2395 2371 2448 et
2404 2389 2651 2447 illustris
2682 2390 2742 2445 in
2766 2406 2910 2446 novo
2935 2394 3283 2447 testamento
3306 2390 3690 2459 Petrus,Ana-

261 2480 527 2552 τοιαύτης
555 2481 805 2557 πράξεως
844 2477 1205 2550 ἆναστέλλεις
1246 2475 1393 2534 ἀλλὰ
1436 2482 1641 2554 Πέτρος
1684 2498 1779 2552 μεν
1812 2478 1841 2533 ὁ
1871 2475 1923 2534 ἐν

2048 2481 2195 2537 niam
2227 2485 2286 2538 et
2314 2479 2662 2553 Sapphiram
2696 2484 2882 2537 morte
2907 2479 2968 2536 in
2990 2479 3281 2537 mendacii
3311 2497 3540 2553 pinnam
3559 2480 3696 2538 atie-

260 2572 328 2645 τῇ
357 2569 555 2646 χάριτι
589 2568 847 2645 λαμπρὸς
886 2569 981 2625 τὸν
1033 2567 1278 2625 Ἀνανίαν
1326 2565 1417 2622 καὶ
1473 2568 1575 2637 τήν
1616 2568 1925 2643 Σάπφειραν

257 2658 635 2735 ψευδολογίας
694 2658 917 2714 θάνατον
965 2651 1130 2713 ἔλαϐε
1165 2657 1267 2726 τὴν
1316 2653 1471 2728 δίκην
1531 2659 1663 2729 (30).
1713 2655 1928 2720 Παῦλος

257 2744 339 2818 6‘s,
369 2749 399 2803 6
432 2747 642 2821 θερμὸς
695 2753 796 2817 τῆς
848 2746 1076 2823 χάριτος
1130 2746 1299 2820 κήρυξ
1340 2745 1429 2801 καὶ
1473 2742 1798 2808 διδάσκαλος
1826 2753 1927 2816 τῆς

262 2834 619 2911 οἰκουμένης,
689 2835 895 2916 τυφλὸν
958 2836 1053 2911 μὲν
1100 2834 1255 2897 εὐθὺς
1308 2839 1460 2889 ποιεῖ
1511 2834 1604 2890 τὸν
1662 2833 1929 2909 Έλύμαν,

264 2925 428 2988 αὐτὸς
484 2926 699 2999 μαθὼν,
738 2924 790 2999 ἐξ
850 2925 924 2980 ὧν
972 2920 1256 2992 πέπονθεν,
1288 2922 1415 2979 ὅσον
1548 2924 1711 2995 ποινή
1741 2922 1933 3001 κέρδος

263 3022 439 3096 φρει.
492 3016 596 3071 Τὸν
666 3012 724 3070 δὲ
780 3014 1181 3090 πεπορνευκὸτα
1240 3013 1523 3089 Κορίνθιον
1592 3011 1933 3089 παραδίδωσι

266 3111 347 3177 τῷ
375 3108 594 3177 Σατανᾷ
651 3104 727 3166 εἰς
780 3100 1008 3181 ὄλεθρον
1062 3111 1163 3175 τῆς
1230 3105 1449 3180 σαρκός.
1485 3102 1841 3180 Ἀλέξανδρον
1875 3102 1934 3161 δὲ
1964 3134 2005 3201 c

268 3195 347 3260 εἷς
405 3197 510 3265 τήν
560 3193 758 3251 ἐκεῖθεν
823 3194 1174 3271 παραπέμπει
1253 3194 1482 3270 βάσανον
1569 3194 1658 3249 καὶ
1730 3193 1930 3270 κρίσιν,

272 3285 372 3342 Καὶ
432 3285 481 3341 εἰ
548 3284 686 3362 ὀργὴ
718 3286 808 3340 καὶ
853 3284 1040 3359 θλίψις
1100 3284 1189 3340 καὶ
1235 3282 1581 3359 στενοχωρία
1639 3282 1725 3340 ἐπὶ
1757 3290 1932 3342 πᾶσαν

269 3376 465 3450 ψυχὴν
514 3374 802 3449 ανθρώπου
839 3377 938 3429 τοῦ
994 3369 1470 3450 κατεργαζομένου
1508 3373 1572 3429 τὸ
1606 3373 1770 3429 κακὸν
1794 3376 1931 3449 (31),

272 3460 488 3542 σφόδρα
548 3459 974 3540 διαμαρτύρεται
1032 3464 1061 3519 6
1121 3461 1359 3532 Παῦλος,
1416 3460 1598 3537 ὥσπερ
1659 3461 1786 3533 δόξα
1839 3465 1930 3519 καὶ

268 3557 408 3629 τιμή
453 3555 545 3610 καὶ
604 3555 796 3629 εἰρήνη
857 3553 1016 3610 παντὶ
1064 3558 1144 3626 τῷ
1201 3552 1553 3632 ἐργαζομένῳ
1590 3553 1654 3610 τὸ
1711 3555 1933 3632 ἀγαθὸν,

272 3649 394 3706 πῶς
465 3642 915 3721 προσωποληψία
972 3643 1074 3700 οὐκ
1127 3637 1241 3700 ἔστι
1288 3643 1433 3720 παρὰ
1489 3647 1569 3717 τῷ
1610 3648 1764 3717 Θεῷ;
1811 3648 1934 3709 πῶς

270 3735 325 3789 οἱ
371 3732 788 3810 κατακριθέντες
837 3731 890 3787 ἐν
942 3735 1012 3806 τῇ
1080 3730 1296 3804 Παλαιᾷ
1334 3733 1444 3811 οὐχ
1497 3732 1601 3787 ὑπὸ
1631 3736 1726 3787 τοῦ
1769 3731 1933 3788 αὐτοῦ

276 3822 675 3899 κατεκρίθησαν
713 3821 918 3900 ἀγαθοῦ
957 3825 1113 3895 Θεοῦ,
1165 3823 1225 3887 6';
1270 3822 1360 3877 καὶ
1398 3824 1497 3891 τήν
1543 3821 1705 3897 χάριν
1760 3843 1931 3896 νομο-

280 3914 450 3979 θετεῖ,
478 3913 573 3967 καὶ
619 3910 683 3965 τὸ
721 3908 1238 3981 ἂπροσωπόληπτον
1279 3909 1467 3977 αὐτοῦ,
1499 3911 1581 3973 οἷς
1614 3909 1932 3981 ὑπέστησεν,

279 3996 625 4070 ὲϐεϐαίωσε;
663 3999 763 4057 Καὶ
811 3998 993 4062 οόσοις
1042 3996 1104 4055 ἄν
1160 4020 1246 4063 τις
1290 3995 1613 4070 ἐπιδείξαιτο
1650 4000 1750 4069 τήν
1784 4018 1937 4073 μισο-

276 4090 526 4165 πόνηρον
555 4086 715 4161 δίκην
744 4087 798 4145 ἒν
832 4094 950 4153 τοῖς
988 4095 1091 4161 τῆς
1124 4089 1351 4166 χάριτος
1375 4089 1569 4164 νόμοις
1613 4090 1677 4144 τὸ
1733 4089 1934 4165 κράτος

276 4173 523 4255 ἔχουσαν
553 4179 776 4254 ἄμαχον
810 4196 825 4235 :

350 4271 433 4326 Ζ’.
474 4266 663 4339 Χωρὶς
693 4264 751 4322 δὲ
779 4268 890 4324 τῶν
924 4266 1256 4343 εἰρημένων,
1289 4265 1334 4322 εἷ
1364 4272 1610 4344 πονηρᾶς
1644 4267 1712 4338 ἦν
1749 4269 1931 4348 ἀρχῆς

276 4358 313 4427 ἡ
356 4355 608 4427 Παλαιὰ,
640 4361 759 4420 πῶς
791 4358 821 4412 6
859 4359 1151 4434 μετάρσιος
1187 4357 1280 4412 καὶ
1325 4356 1577 4433 οὐράνιος
1623 4354 1930 4433 ἅνθρωπος,

2036 2571 2133 2628 cit.
2169 2569 2389 2627 Paulus
2418 2586 2669 2643 quoque,
2712 2576 2987 2627 strenuus
3043 2568 3341 2643 Evangelii
3398 2586 3607 2643 praeco,
3639 2576 3696 2627 et

2038 2660 2241 2717 doctor
2269 2660 2453 2729 orbis,
2486 2660 2745 2732 Elymum
2776 2675 2843 2716 ex
2875 2657 3117 2732 vestigio
3171 2675 3389 2716 caecum
3439 2658 3564 2716 ﬁeri
3585 2659 3697 2732 ju-

2036 2749 2137 2806 bet
2157 2748 2225 2818 9',
2257 2749 2385 2823 ipse
2443 2748 2668 2805 scilicet
2723 2764 2795 2805 ex
2851 2749 2945 2816 iis,
2995 2764 3124 2821 qua
3182 2763 3491 2821 perpessus
3547 2751 3693 2817 erat,

2036 2839 2301 2905 edoctus,
2350 2847 2634 2911 quantum
2670 2838 3043 2894 commodum
3077 2855 3248 2911 pmna
3283 2839 3505 2896 atterat.
3530 2838 3691 2896 Idem

2038 2927 2334 2984 hominem
2368 2927 2756 2995 Corinthium,
2784 2927 3123 2984 scortationi
3145 2926 3430 2994 deditum,
3463 2927 3696 2985 Satanas

2042 3016 2099 3072 in
2134 3018 2447 3089 perniciem
2477 3018 2670 3074 carnis
2708 3018 2910 3083 tradit,
2932 3015 3323 3074 Alexandrum
3354 3032 3487 3074 vero
3507 3017 3694 3073 eidem

2044 3109 2327 3164 cruciatui
2357 3114 2414 3163 et
2449 3107 2674 3180 judicio
2721 3107 3022 3177 adiudicat
3068 3104 3135 3161 9'.
3168 3105 3291 3163 Imo
3349 3122 3482 3164 cum
3540 3107 3697 3163 idem

2043 3196 2258 3253 Paulus
2288 3201 2555 3265 testetur,
2587 3197 2743 3268 quod
2777 3196 2885 3265 ira,
2907 3195 3144 3252 afﬂictio
3175 3203 3230 3252 et
3268 3196 3539 3269 angustia
3567 3211 3702 3252 ven-

2043 3289 2175 3342 tura
2196 3287 2276 3341 sit
2307 3301 2487 3357 super
2515 3300 2752 3341 omnem
2782 3285 3039 3341 animam
3073 3285 3328 3342 hominis
3350 3285 3570 3342 malum
3601 3301 3701 3358 pa-

2042 3373 2253 3432 trantis
2281 3372 2350 3443 9°,
2383 3374 2539 3431 sicut
2566 3373 2821 3430 vicissim
2853 3373 3040 3447 gloria
3070 3379 3129 3431 et
3158 3373 3343 3431 honor
3370 3378 3427 3431 et
3477 3391 3588 3447 pax
3618 3374 3696 3430 sit

2044 3463 2298 3520 hominis
2351 3463 2571 3520 bonum
2629 3463 2945 3535 operantis,
3006 3479 3111 3520 nec
3167 3479 3480 3535 personam
3538 3464 3694 3521 Deus

2044 3553 2321 3626 respiciat
2344 3570 2358 3622 ;
2382 3551 2697 3625 quomodo,
2717 3552 2814 3624 qui
2835 3551 2895 3607 in
2916 3552 3107 3609 Veteri
3128 3551 3500 3610 Testamento
3531 3554 3697 3610 dam-

2051 3642 2171 3699 nati
2200 3647 2362 3712 sunt,
2395 3659 2510 3699 non
2543 3640 2615 3698 ab
2643 3642 2851 3698 eodem
2881 3643 3344 3699 condemnentur
3376 3642 3487 3700 Deo
3518 3642 3697 3711 bono,

2043 3732 2228 3804 quiet
2272 3730 2653 3804 Evangelium
2705 3729 3116 3803 promulgavit,
3154 3734 3234 3798 et,
3267 3748 3444 3803 quam
3499 3731 3700 3788 nullus

2044 3820 2199 3892 apud
2247 3836 2310 3877 se
2366 3821 2442 3876 sit
2497 3834 2879 3892 personarum
2936 3819 3219 3891 delectus,
3252 3819 3424 3876 factis
3453 3820 3700 3876 demon-

2044 3908 2252 3965 stravit
2284 3910 2309 3963 Ρ
2334 3909 2478 3976 Quis
2497 3924 2632 3965 vero
2664 3907 2961 3965 suliecerit
2987 3909 3331 3964 enarrandis
3359 3909 3561 3981 gratia:
3589 3925 3696 3966 seu

2044 4000 2176 4056 novi
2219 3999 2556 4055 testamenti
2607 3997 2852 4069 legibus,
2901 4013 3028 4070 quae
3076 3999 3363 4070 evincant,
3412 4000 3693 4070 justitiam

2044 4086 2216 4145 malis
2246 4087 2546 4143 inimicam
2574 4087 2653 4144 ibi
2686 4091 2965 4160 perpetuo
2988 4085 3225 4144 valere?

2113 4267 2530 4325 Vil.Prieterea
2556 4284 2711 4338 vero,
2727 4267 2777 4325 si
2804 4270 2971 4325 vetus
3003 4269 3417 4325 testamentum
3449 4266 3699 4327 maliest

2042 4360 2340 4434 principii,
2364 4360 2662 4433 quomodo
2709 4359 2942 4417 divinus
2971 4367 3026 4417 et
3056 4358 3308 4416 caelestis
3337 4360 3427 4416 vir
3454 4360 3698 4432 Paulus,

278 4443 533 4515 Παῦλος,
557 4445 711 4508 εὐθὺς
735 4445 1049 4522 ἀρχόμενος
1068 4450 1174 4502 τῶν
1196 4443 1539 4502 Ἐπιστολῶν
1564 4442 1653 4501 διὰ
1668 4451 1775 4501 τῶν
1797 4467 1931 4522 προ-

2048 4451 2236 4509 statim
2251 4451 2323 4507 ab
2337 4450 2503 4507 initio
2526 4450 2905 4524 epistolarum
2923 4466 3099 4508 suaru
3112 4450 3502 4523 m,protitetur
3520 4451 3696 4507 Deum

279 4540 473 4615 φητῶν
509 4536 682 4592 αὐτοῦ
721 4535 773 4591 ἐν
806 4542 1045 4618 Γραφαῖς
1074 4538 1257 4613 ἁγίαις
1297 4537 1388 4592 τὸν
1437 4537 1568 4592 Θεὸν
1617 4557 1933 4615 προσεπαγ-

274 4624 571 4700 γὲλλεσθαι
613 4623 784 4703 λέγει,
814 4626 937 4701 περὶ
988 4630 1086 4682 τοῦ
1114 4626 1243 4681 Υἱοῦ
1294 4626 1464 4682 αὐτοῦ
1512 4629 1610 4680 τοῦ
1641 4625 1935 4702 γενομένου

282 4713 345 4770 ἐκ
402 4713 720 4789 σπὲρματος
779 4710 947 4771 Δαϐὶδ
1014 4716 1155 4771 κατὰ
1212 4715 1432 4792 σάρκας
1500 4713 1564 4771 Ei
1627 4714 1729 4792 γὰρ
1800 4718 1935 4770 Θεοῦ

278 4811 564 4882 προφῆται
593 4805 685 4860 καὶ
726 4806 929 4885 Γραφαὶ
972 4800 1149 4882 ἅγιαι,
1189 4802 1261 4861 δι’
1288 4807 1363 4860 ὧν
1416 4805 1445 4861 ὁ
1485 4804 1617 4868 Θεὸς
1648 4824 1934 4882 προεπηγ-

281 4893 510 4969 γείλατο
539 4893 665 4969 περὶ
694 4898 794 4950 τοῦ
839 4896 970 4950 Υἶοῦ
1017 4894 1205 4966 αὐτοῦ,
1236 4898 1345 4951 ποῦ
1377 4895 1405 4950 6
1438 4893 1684 4970 Πονηρὸς
1716 4892 1934 4971 εὑρήσει

280 4984 381 5053 τὴν
413 4982 602 5062 ἆρχῆν
634 5003 651 5054 ;
686 4983 785 5039 Καὶ
839 4982 887 5040 εἶ
915 4984 983 5039 τὰ
1035 4984 1241 5059 ἀόρατα
1295 4984 1485 5054 αὐτοῦ,
1531 4982 1776 5041 τουτέστι
1835 4987 1934 5038 τοῦ

2044 4556 2149 4612 per
2178 4538 2491 4612 prophetas
2544 4555 2684 4596 suos
2713 4538 2772 4595 in
2814 4539 3116 4610 Scriptura
3162 4554 3328 4595 sacra
3366 4536 3570 4594 testari
3624 4539 3695 4592 de

2042 4628 2187 4685 Filio
2244 4645 2375 4699 suo,
2432 4645 2502 4686 ex
2568 4627 2790 4684 semine
2838 4626 3073 4683 Davidis
3104 4627 3428 4683 secundum
3462 4639 3694 4681 carnem

2043 4716 2300 4773 orituro‘
2335 4717 2364 4773 ?
2418 4717 2581 4782 Quod
2639 4716 2690 4772 si
2746 4714 2900 4771 enim
2954 4714 3057 4772 Dei
3105 4718 3247 4770 sunt
3286 4713 3607 4786 prophetas,
3639 4719 3696 4770 et

2043 4805 2354 4879 Scriptum
2385 4821 2583 4869 sacrae,
2619 4820 2721 4876 per
2757 4820 2906 4875 quas
2954 4802 3106 4859 Deus
3136 4802 3209 4858 de
3237 4801 3382 4857 Filio
3423 4818 3531 4859 suo
3561 4806 3701 4858 ante

2043 4893 2355 4964 nuntiavit,
2388 4893 2485 4949 ubi
2528 4891 2726 4947 Malus
2776 4890 3134 4964 principium
3177 4888 3508 4946 invenerit?
3535 4889 3608 4946 Et
3646 4889 3700 4946 si

2042 4981 2359 5040 invisibilia
2385 4983 2538 5054 ejus,
2566 4979 2678 5037 hoc
2706 4985 2796 5037 est
2825 4979 2929 5039 Dei
2957 4988 3013 5037 et
3032 4980 3223 5037 Patris
3254 4978 3487 5036 Domini
3509 4982 3704 5060 nostri

354 5110 406 5147 "
436 5111 643 5171 Hatth.
674 5128 794 5186 ιιι,
828 5111 916 5174 19.
992 5111 1042 5149 ⁸⁷
1069 5114 1199 5171 Aet.
1229 5128 1358 5184 xm,
1394 5113 1451 5171 8.
1526 5112 1573 5149 ⁹⁸
1601 5114 1749 5171 Tim.
1782 5129 1823 5184 1,
1854 5112 1927 5168 20

2048 5112 2068 5148 ³
2097 5111 2266 5170 Rom.
2297 5127 2359 5178 ιι,
2389 5110 2445 5169 9.
2524 5111 2543 5147 ι
2575 5108 2740 5167 Rom.
2772 5125 2814 5180 ι,
2842 5109 2879 5164 2
2908 5123 3071 5183 seqq.

1450 5248 1690 5310 VARIIE
1732 5248 2125 5309 LECTIONES
2165 5249 2257 5306 ET
2295 5247 2526 5306 NOTAE.

350 5379 441 5453 (27
496 5377 693 5450 Ἐτῶν,
724 5380 879 5508 Lego
905 5376 996 5434 καὶ
1023 5376 1178 5441 τοὺς.

494 5448 762 5521 Κολάζει.
843 5467 949 5526 ego
976 5449 1178 5521 κολάξε

374 5528 444 5581 .9
518 5517 1000 5597 Hapa6c6n3c65ac.
1062 5523 1178 5580 Hoc

374 5448 467 5526 28)
494 5448 775 5526 ιίολάζειἒ
797 5448 949 5526 Lego
976 5449 1253 5526 κολᾴξειν.

374 5517 469 5597 29)
518 5517 1000 5599 Παραϐεϐηκόῇας,
1062 5517 1182 5580 Hoc
1235 5522 1406 5599 m_od_o
1434 5538 1530 5599 res
1575 5522 1704 5595 ipsa
1739 5522 1933 5599 legere

276 5590 471 5667 jubet;
501 5590 617 5670 pro
668 5590 1112 5670 περιϐεϐηκότες,
1145 5594 1303 5669 quod
1330 5664 1343 5670 _
1364 5593 1538 5670 habet
1587 5590 1698 5670 ms.
1720 5590 1935 5670 .Sﬁpra

286 5662 419 5724 vero
586 5662 811 5725 tomum
842 5667 881 5737 l,
920 5662 987 5738 'p.
1040 5668 1094 5744 8.
1144 5662 1373 5735 monui,
1423 5662 1508 5735 τὸ,
1538 5665 1686 5743 παρὰ
1723 5670 1782 5725 et
1808 5662 1932 5744 περὶ

288 5754 445 5816 saepe
468 5741 624 5798 inter
652 5756 715 5798 se
744 5739 1094 5816 permutari.

2111 5376 2221 5448 (39)
2246 5369 2455 5448 Ἔλαϐε
2505 5373 2607 5448 τῂν
2665 5369 2841 5446 δίκην.
2899 5373 2985 5448 De
3038 5374 3348 5446 phrasibus
3397 5371 3608 5448 διδόναι
3635 5378 3698 5448 et

2041 5442 2342 5521 λαμϐἆνειν
2384 5447 2504 5521 τήν-
2540 5442 2706 5521 δίκην
2744 5442 2874 5521 vide
2921 5442 3211 5521 Thomam
3251 5447 3602 5521 Gatakerum
3631 5446 3695 5521 in

2044 5517 2268 5592 Dissert.
2300 5520 2368 5576 de
2393 5518 2537 5592 style
2564 5520 2631 5576 Ν.
2667 5518 2721 5575 Τ.
2736 5523 2802 5592 et
2838 5517 2931 5592 Jo.
2975 5517 3310 5592 “Vorstium,
3340 5520 3415 5577 De
3468 5519 3695 5576 Hebrai-

2040 5592 2174 5647 smz‘s
2203 5591 2268 5647 Ν.
2303 5592 2357 5648 Τ.
2390 5590 2536 5662 part.
2568 5607 2611 5659 ι,
2640 5604 2694 5662 ο.
2726 5590 2781 5659 7,
2812 5607 2867 5661 p.
2897 5590 3031 5648 215.

2113 5662 2228 5738 (31)
2258 5657 2557 5721 Excidisss
2588 5657 2685 5720 hic
2714 5657 2940 5721 videtur
2968 5661 3176 5721 vocula
3223 5660 3300 5724 ὡς
3345 5660 3432 5720 vel
3462 5657 3693 5719 similis.
