4074 6208
355 351 466 413 135

1545 345 1813 408 PHOTll
1857 344 2390 408 PATRIARCHJE
2433 346 2548 406 ΟΡ.

3635 345 3754 404 136

347 483 486 540 Jesu
519 481 754 549 Christi,
787 498 820 536 a
863 484 1057 536 creato
1097 479 1317 534 mundo
1347 493 1416 533 ex
1454 477 1730 549 operibus
1770 479 1996 549 cognita

2115 481 2248 532 Θεοῦ
2278 477 2368 531 καί
2400 477 2609 551 Πατρὸς
2637 480 2735 531 τοῦ
2779 477 2986 549 Κυρίου
3033 476 3196 547 ἡμῶν
3253 475 3439 544 Ἰησοῦ
3498 480 3758 552 Χριστοῦ,

349 571 812 642 conspiciuntur,
837 570 896 625 in
956 569 1169 640 quibus
1200 567 1433 622 tandem
1463 567 1655 638 cpifex
1695 567 1878 622 malus
1907 584 1998 623 co-

350 661 693 734 gnoscetur?
709 658 1024 716 [nvisibilia
1037 663 1096 713 et
1118 661 1306 712 mente
1323 657 1688 727 assequenda
1709 658 1800 712 Dei
1822 661 1992 712 sunt:

356 751 474 806 haec
494 767 626 806 vero
649 765 716 805 ex
743 748 1032 804 creatione
1051 745 1194 800 visui
1220 751 1276 799 et
1297 747 1566 800 sensibus
1589 745 1848 816 subjecta
1871 761 1998 816 per-

352 839 840 911 spiciuntur.Nisi
861 838 1011 893 enim
1037 852 1106 891 ex
1140 834 1468 890 visibilibus
1493 837 1777 891 creaturis
1799 834 2002 890 invisi—

349 929 489 985 bilia
509 929 604 984 Dei
627 927 1266 998 intelligerentur,certe
1298 924 1613 980 invisibilia
1635 924 1755 980 haec
1779 923 1850 979 ab
1871 923 2000 980 istis

347 1035 461 1074 non
499 1016 877 1082 distinxisset,
896 1029 1080 1086 neque
1101 1030 1170 1069 ex
1201 1014 1331 1069 istis
1351 1031 1414 1070 ea
1439 1013 1682 1084 perspici
1704 1013 1996 1083 jussisset.

349 1107 644 1171 Quomodo
667 1109 861 1160 autem
885 1103 944 1158 in
967 1104 1250 1159 creaturis
1275 1103 1789 1168 sensibilibus,hoc
1817 1103 1998 1168 esl,in

348 1196 631 1252 creaturis
672 1192 810 1249 mali
845 1193 1278 1265 perspiciuntur
1309 1192 1625 1249 invisibilia
1647 1191 1767 1259 Dei,
1793 1207 2001 1263 nempe

349 1288 562 1341 aeterna
592 1282 750 1339 illius
783 1283 1044 1353 potentia
1068 1285 1124 1336 et
1153 1281 1422 1338 divinitas
1444 1282 1472 1336 Ῥ
1492 1281 1704 1338 Malitia
1735 1298 1877 1338 sane
1908 1297 2002 1352 po-

349 1375 462 1431 tius
480 1380 538 1431 et
553 1373 853 1446 turpitudo
871 1372 1006 1428 Mali
1026 1373 1085 1426 in
1113 1371 1184 1427 iis
1208 1371 1999 1443 conspicerentur,siquidem

344 1466 404 1521 in
438 1465 770 1519 universum
795 1461 940 1518 tales
961 1463 1090 1532 ejus
1123 1465 1398 1516 creaturae
1439 1461 1802 1518 exsisterent.
1836 1459 2000 1525 Quod

343 1569 476 1609 vero
509 1553 598 1608 lex
627 1570 660 1608 a
702 1553 848 1607 bono
884 1552 994 1606 Deo
1017 1550 1114 1618 sit,
1156 1550 1332 1605 etiam
1367 1549 1500 1606 hinc
1537 1549 1702 1606 facile
1733 1551 1999 1605 demons-

348 1640 837 1698 traveris.Paulus
869 1640 1048 1708 enim,
1080 1656 1144 1695 os
1175 1639 1412 1704 Christi,
1435 1639 1534 1708 ait,
1553 1639 1702 1710 quod
1728 1655 1839 1694 non
1877 1656 2002 1695 aus-

347 1731 677 1797 cultatores,
716 1733 812 1786 sed
851 1731 1240 1787 observatores
1279 1729 1423 1802 legis
1464 1729 1757 1800 justitiam
1805 1745 2002 1785 conse-

2108 567 2213 620 ἀπὸ
2263 566 2490 628 κτίσεως
2530 565 2741 640 κόσμου
2786 570 2904 627 τοῖς
2963 565 3237 636 ποιήμασι
3292 564 3587 636 νοούμενα,
3629 567 3764 620 καθ-

2107 659 2317 730 ορᾶται,
2351 653 2401 710 ἐν
2451 653 2592 710 τίσιν
2642 653 2862 730 ὁραθείη
2924 650 3264 727 δημιουργὸς
3311 654 3340 708 6
3369 653 3647 729 Ἐχθρός;
3682 655 3767 711 Τὰ

2107 745 2308 817 ἀόρατα
2354 744 2443 799 καὶ
2501 743 2767 817 νοούμενα
2820 747 2916 798 τοῦ
2960 747 3098 798 Θεοῦ
3150 740 3303 797 ἐστι’
3337 747 3504 797 ταῦτα
3546 740 3604 798 δὲ
3632 746 3765 799 καθ-

2107 838 2299 906 ορᾶται
2328 830 2434 886 ἀπο
2485 837 2584 901 τῆς
2637 831 2900 902 αἰσθητνῖς
2947 830 3036 885 καὶ
3068 831 3290 904 ὁρατῆς.
3325 829 3390 885 Εἴ
3420 832 3525 906 γάρ
3558 832 3635 904 μὴ
3669 827 3762 886 διὰ

2105 923 2204 990 τῆς
2261 922 2461 994 ὁρατῆς
2519 921 2748 981 κτίσεως
2792 920 2858 976 τά
2906 919 3110 993 ἀόρατα
3140 923 3236 975 τοῦ
3273 923 3406 975 Θεοῦ
3435 921 3758 993 καθορᾶται,

2109 1011 2213 1066 οὐκ
2273 1011 2330 1065 ἂν
2396 1012 2490 1084 μὶν
2544 1008 2808 1066 διέστειλε
2862 1008 2930 1064 τὰ
2979 1008 3183 1084 ἀόρατα
3239 1008 3290 1082 ἐξ
3321 1008 3521 1079 αὐτῆς·
3552 1009 3649 1065 οὐκ
3692 1010 3757 1064 ἃν

2108 1097 2164 1154 δὲ
2221 1097 2310 1154 διὰ
2365 1098 2566 1169 ταύτης
2621 1097 2859 1170 ἐδίδαξεν
2948 1097 3122 1154 ἐκεῖνα
3197 1100 3554 1173 καθορᾶσθαι.
3629 1103 3758 1161 Πῶς

2109 1185 2197 1242 οῦν
2235 1186 2289 1242 ἐν
2347 1193 2464 1243 τοῖς
2533 1189 2806 1261 τιοιήμασι
2861 1192 2978 1250 τοῖς
3033 1186 3316 1258 αἲσθητυῖς
3362 1190 3661 1262 καθορᾶται
3691 1187 3760 1243 τὰ

2107 1275 2312 1350 ἀόρατα
2365 1280 2462 1332 τοῦ
2509 1281 2665 1344 Θεοῦ,
2723 1277 2813 1331 καὶ
2876 1277 2999 1331 τότε
3047 1278 3080 1346 ἡ
3114 1273 3288 1337 ἀίδιος
3321 1275 3488 1330 αὐτοῦ
3529 1273 3763 1350 δύναμις

2105 1365 2195 1419 καὶ
2228 1364 2443 1436 θειότης
2476 1365 2529 1420 ἐν
2559 1369 2677 1428 τοῖς
2723 1367 2995 1438 ποιήμασι
3027 1369 3123 1420 τοῦ
3178 1369 3430 1439 Πονηροῦ
3464 1384 3478 1435 ;
3511 1364 3754 1423 Τούναν-

2105 1453 2218 1508 τίον
2263 1455 2367 1529 γὰρ
2402 1453 2453 1508 ἐν
2483 1459 2605 1515 τοῖς
2636 1455 2909 1527 ποιήμασι
2939 1457 3039 1511 τοῦ
3061 1454 3319 1528 Ἐχθροῦ,
3347 1452 3493 1528 εἴπερ
3517 1453 3584 1523 ἦν
3610 1453 3764 1517 ὅλως

2105 1543 2247 1613 τινὰ,
2279 1544 2313 1612 ἠ
2372 1542 2610 1619 πονηρία
2666 1543 2756 1598 καὶ
2815 1543 3116 1618 αἰσχρότης
3165 1543 3332 1597 αὐτοῦ
3364 1545 3633 1618 καθορᾶτο
3667 1541 3753 1600 ἄν.

2106 1635 2229 1690 ’Ότι
2254 1628 2310 1686 δὲ
2352 1631 2379 1686 6
2407 1633 2578 1705 νόμος
2611 1630 2666 1686 ἐκ
2697 1636 2792 1686 τοῦ
2824 1631 3025 1706 ἀγαθοῦ
3057 1635 3213 1699 Θεοῦ,
3245 1633 3523 1687 κάντεῦθεν
3581 1629 3640 1687 ἄν
3671 1651 3758 1693 τις

2107 1716 2432 1793 ὲπιϐείξοιτο
2476 1721 2626 1796 ῥᾷον.
2658 1717 2815 1797 Λέγει
2849 1720 2954 1798 γὰρ
2981 1721 3022 1775 ’ὁ
3065 1719 3304 1791 Παῦλος,
3334 1721 3396 1775 τὸ
3437 1719 3612 1793 στόμα
3653 1725 3756 1776 τοῦ

349 1827 624 1893 quentur.
651 1819 948 1885 Quomodo
982 1820 1068 1874 lex
1093 1836 1125 1874 a
1155 1819 1304 1873 bono
1332 1824 1439 1874 Deo
1464 1819 1722 1890 profecta
1753 1835 1865 1873 non
1901 1817 1996 1878 sit,

2109 1811 2371 1885 Χριστοῦ,
2405 1808 2591 1884 ὅτιπερ
2629 1809 2735 1888 οὐχ
2775 1810 2825 1864 οἱ
2855 1808 3117 1884 ἀκροαταὶ
3176 1814 3271 1864 τοῦ
3309 1809 3480 1882 νόμου
3541 1805 3748 1864 δίκαιοι

347 1910 442 1980 qui
477 1926 578 1980 pro
612 1907 1353 1980 pmnairrogandaeos,qui
1376 1906 1558 1976 legem
1592 1906 2000 1977 impleverunt,

339 1999 538 2069 juslos
563 1998 939 2069 pronuntiat?
964 1997 1029 2051 Et
1049 1995 1875 2066 sitransgressor1egis,etiam
1895 1997 2002 2050 cir—

345 2088 643 2143 cumcisus
673 2101 1042 2155 carnem.pro
1061 2085 1405 2156 praeputiato
1429 2083 1774 2151 habetur,et
1803 2084 2000 2140 divina

344 2175 533 2247 gratia
559 2173 1243 2246 indignus,praaputiatus
1268 2173 1481 2242 vero,si
1516 2171 1662 2244 legis
1688 2175 1854 2243 jussa
1883 2191 1999 2230 sec-

342 2261 1030 2332 tetur,circumcisionem
1051 2261 1412 2318 sanctissimi
1436 2262 1690 2334 Spiritus
1723 2262 1780 2318 in
1805 2263 1999 2318 anima

346 2351 705 2419 circumfert,
740 2367 932 2406 nonne
955 2350 1042 2406 lex
1069 2368 1100 2405 a
1123 2351 1274 2406 bono
1298 2351 1412 2406 Deo
1444 2353 1624 2421 repeti
1645 2351 1922 2406 debebit?
1941 2350 1998 2406 Si

348 2457 482 2497 vero
515 2440 782 2497 Christus
801 2439 992 2505 Jesus,
1014 2446 1178 2506 prout
1208 2438 1418 2494 Paulus
1444 2439 1726 2494 exclamat
1752 2438 1998 2506 ',minis-

346 2540 430 2586 ter
461 2529 564 2585 fuit
595 2527 1081 2596 circumcisionis,
1114 2544 1215 2597 pro
1246 2527 1483 2583 veritate
1522 2527 1742 2584 scilicet
1775 2527 1893 2598 Dei,
1927 2528 1996 2583 ad

346 2635 450 2676 con
461 2618 778 2674 ﬁrmandas
801 2616 1212 2688 promissiones
1229 2615 1488 2688 patribus
1505 2617 1855 2689 factas,quas
1871 2634 1997 2688 pro-

345 2709 481 2764 inde
503 2707 769 2762 Christus
790 2705 1100 2773 stabilivit;
1123 2707 1276 2761 idem
1291 2723 1422 2762 vero
1449 2707 1596 2762 Deus
1611 2708 1876 2779 patribus
1893 2707 2000 2764 has

345 2795 759 2868 promissiones
782 2795 930 2862 fecit,
949 2793 1126 2866 quiet
1154 2794 1365 2850 caelum
1396 2795 1504 2851 hoc
1528 2797 1804 2851 sensibus
1819 2813 1997 2868 expo-

344 2885 522 2940 situm
556 2888 612 2939 et
641 2888 844 2939 terram
868 2882 1144 2949 condidit,
1175 2899 1470 2954 quemque
1500 2884 1689 2941 Moses
1723 2885 1780 2940 in
1812 2885 1998 2941 histo-

345 2973 431 3028 ria
461 2972 772 3028 creationis
802 2972 985 3026 Deum
1011 2971 1302 3043 praedicat,
1331 2973 1430 3044 qui
1463 2973 1702 3046 insuper
1750 2992 1782 3030 a
1819 2974 1999 3030 Paulo

345 3061 407 3116 in
432 3061 540 3116 hoc
569 3065 626 3116 et
648 3059 778 3116 aliis
811 3059 954 3114 locis
987 3059 1250 3132 pluribus
1275 3061 1591 3117 Servatoris
1624 3064 1806 3118 nostri
1835 3069 1998 3134 pater

350 3149 871 3222 appellatur,cujus
889 3149 1436 3221 promissionesipse
1456 3152 1824 3222 utgenuinus
1846 3153 2000 3208 ﬁlius

347 3257 451 3311 per
490 3256 567 3306 se,
602 3255 716 3294 non
750 3254 882 3294 vero
915 3238 1102 3294 aliena
1133 3254 1309 3310 opera
1331 3256 1490 3306 usus,
1508 3246 1660 3296 ratas
1681 3245 1737 3298 ct
1757 3242 1998 3299 stabiles

349 3345 478 3386 esse
509 3327 1123 3400 demonstraverit,qui
1152 3328 1274 3384 ﬁeri
1302 3334 1587 3400 potest,ut
1616 3330 2000 3402 impudentis-

343 3418 494 3473 sima
514 3420 908 3488 apOSIatarum
933 3415 1102 3471 factio
1127 3432 1236 3472 non
1266 3417 1686 3473 confundatur?
1699 3419 1844 3482 Quid
1865 3435 1997 3474 vero

343 3522 588 3577 provoco
610 3505 680 3560 ad
706 3503 1164 3568 Paulum,virum
1191 3504 1446 3575 alioquin
1481 3507 1815 3578 cognitione
1842 3507 2000 3563 Vete-

349 3595 427 3650 ris
443 3594 887 3660 Testamenti,et
909 3593 1197 3664 sapientia
1210 3593 1348 3648 Novi
1371 3594 1994 3666 tantopereillustrem,

343 3701 476 3740 cum
501 3698 875 3740 communem
899 3681 1205 3736 Dominum
1227 3683 1439 3738 audere
1460 3682 1631 3739 liceat
1655 3685 1996 3757 praecipien-

345 3781 454 3830 tem
481 3779 537 3828 et
568 3774 855 3829 dicentem
883 3790 894 3826 :
927 3772 1004 3826 Ne
1024 3771 1349 3828 existimetis
1370 3790 1454 3830 me
1473 3776 1679 3830 venisse
1697 3774 1767 3830 ad
1786 3777 1995 3832 solven-

339 3864 467 3920 dam
505 3864 676 3933 legem
722 3871 817 3918 aul
862 3860 1160 3931 Pr0phetas
1191 3879 1204 3918 :
1239 3879 1349 3918 non
1378 3863 1506 3919 veni
1536 3874 1596 3919 ut
1623 3865 1888 3921 solverem
1921 3869 1996 3922 le-

339 3969 480 4025 gem,
505 3953 596 4008 :ed
645 3960 702 4008 ut
741 3952 1025 4022 implerem
1054 3949 1098 4009 ³.
1134 3952 1198 4007 El
1229 3952 1361 4009 alibi
1392 3971 1403 4008 :
1439 3956 1631 4022 Amen,
1661 3972 1842 4023 amen,
1873 3955 1996 4013 dico

334 4044 489 4099 vobis
521 4060 533 4098 :
566 4044 689 4097 Non
736 4042 996 4098 transibit
1026 4045 1224 4100 emtum
1253 4053 1303 4099 et
1331 4047 1507 4109 terra,
1538 4049 1636 4120 aut
1665 4047 1774 4100 iota
1798 4062 1992 4114 unum,

340 4148 549 4189 unusve
569 4148 728 4203 apex,
748 4131 920 4187 donec
939 4135 1129 4190 omnia
1155 4133 1264 4189 ista
1295 4136 1574 4188 evenerint
1592 4133 1635 4189 ³.
1664 4134 1778 4205 Ego
1804 4139 1866 4188 ut
1887 4134 1994 4188 im-

343 4221 609 4292 pleturus
641 4221 826 4291 legem
859 4222 1010 4289 veni,
1043 4223 1123 4276 ait
1152 4221 1441 4286 Christus,
1471 4227 1530 4275 at
1561 4221 1724 4291 impii
1756 4221 1868 4276 oris
1906 4226 1997 4276 est

339 4312 529 4364 dicere
570 4325 663 4362 me
721 4309 949 4362 venisse
1009 4318 1064 4362 ut
1109 4307 1300 4362 Patris
1351 4309 1530 4379 legem
1592 4309 1991 4364 dissolverem.

2029 3098 2079 3163 Ο

2108 1899 2254 1972 παρά
2283 1903 2362 1970 τῷ
2391 1903 2526 1970 Θεῷ,
2559 1896 2686 1953 ἀλλ’
2717 1899 2768 1953 oi
2799 1898 3025 1970 ποιηταὶ
3078 1903 3174 1954 τοῦ
3225 1898 3397 1970 νόμου
3447 1895 3758 1968 δικαιωθή-

2109 2007 2312 2042 σονται.
2376 1984 2478 2042 Καὶ
2521 1991 2640 2048 πῶς
2697 1985 2796 2041 οῦκ
2843 1981 2982 2041 ἔστιν
3037 1988 3065 2042 6
3113 1987 3286 2060 νόμος
3323 1985 3383 2040 ἐκ
3411 1986 3506 2042 τοῦ
3545 1987 3756 2061 ἀγαθοῦ

2109 2081 2267 2144 Θεοῦ,
2297 2077 2356 2138 ὃς
2401 2077 2515 2131 ἀντὶ
2563 2079 2659 2132 τοῦ
2697 2075 2946 2147 κολάζειν
2999 2076 3242 2141 δικαίους
3301 2078 3584 2155 ἀποφαίνει
3623 2077 3757 2139 τοὺς

2106 2169 2397 2228 ποιοῦντας
2437 2165 2633 2235 αὐτόνς
2668 2166 2770 2222 Καὶ
2816 2165 2866 2220 εἴ
2931 2167 2958 2221 6
3025 2161 3343 2240 παραϐάτης
3400 2171 3497 2222 τοῦ
3553 2168 3749 2240 νόμου,

2106 2255 2203 2309 κᾶν
2249 2255 2718 2330 περιτετμημένος
2869 2257 2968 2325 τὴν
3037 2256 3227 2330 σάρκα,
3286 2256 3362 2318 ὡς
3425 2251 3760 2331 ἀκρόδυστος

2109 2343 2410 2418 λόγίζεται,
2459 2343 2548 2398 καὶ
2588 2343 2802 2414 ἀνάξιος
2847 2344 3086 2420 κρίνεται
3116 2349 3212 2400 τοῦ
3253 2350 3406 2400 Θεοῦ-
3433 2346 3460 2400 6
3493 2344 3550 2402 δὲ
3587 2344 3754 2421 ἀκρό-

2109 2426 2304 2495 ϐυστος
2331 2434 2398 2486 τά
2429 2428 2774 2505 δικαιώματα
2824 2432 3114 2510 φυλάσσων
3164 2431 3260 2488 τοῦ
3298 2434 3465 2506 νόμον
3515 2435 3614 2502 τήν
3658 2455 3761 2489 πε-

2110 2521 2340 2595 ριτομὴν
2371 2525 2470 2576 τοῦ
2500 2521 2765 2596 παναγίου
2802 2522 3114 2596 Πνεύματος
3164 2523 3313 2602 φέρει
3360 2521 3411 2578 ἒν
3449 2528 3529 2601 ,τῇ
3575 2525 3765 2598 ψυχῇ,

2106 2613 2225 2672 πῶς
2273 2607 2402 2687 οὐχὶ
2464 2610 2492 2664 6
2548 2610 2716 2683 νόμος
2749 2609 2808 2664 ἐκ
2856 2615 2952 2666 τοῦ
2973 2611 3176 2687 ἀγαθοῦ
3206 2615 3372 2682 Θεοῦ;
3407 2611 3467 2667 Εἶ
3500 2609 3579 2678 δὲ,
3616 2613 3764 2666 καθά

2109 2694 2452 2774 διακέκραγεν
2508 2701 2536 2754 6
2596 2697 2836 2770 Παῦλος,
2903 2702 3132 2775 Χριστὸς
3210 2700 3424 2773 Ἰησοὺς
3505 2698 3762 2765 διάκονος

2110 2785 2298 2863 γέγονε
2349 2796 2675 2863 περιτομῆς,
2744 2787 2936 2859 διατί;
2998 2790 3130 2865 ὑπὲρ
3180 2790 3440 2862 ἀληθείας
3491 2794 3647 2861 Θεοῦ,
3683 2791 3766 2854 εἰς

2108 2876 2169 2932 τὸ
2224 2872 2518 2952 βεϐαιῶσαι
2575 2879 2668 2939 τάς
2728 2877 3058 2955 ἐπαγγελίας
3111 2884 3220 2934 τῶν
3312 2880 3590 2955 πατέρων,
3673 2880 3766 2936 καί⁸

2107 2965 2304 3028 ταύτας
2362 2961 2682 3022 ἐϐεϐαίωσεν
2744 2968 2771 3022 ὁ
2828 2969 3111 3043 Χριστός;
3173 2967 3381 3032 ἐκεῖνος
3413 2967 3468 3025 δὲ
3497 2975 3616 3033 τοῖς
3657 2990 3769 3024 πα-

2108 3055 2261 3130 τράσι
2295 3053 2502 3111 διέθετο
2545 3056 2640 3119 τὰς
2689 3055 3040 3132 ἐπαγγελίας,
3090 3059 3118 3113 6
3149 3057 3238 3113 καί
3267 3059 3357 3114 τὸν
3386 3059 3642 3129 αἰσθητὸν
3664 3059 3766 3114 τὸν

2111 3144 2336 3220 οὐρανὸν
2399 3145 2489 3200 καὶ
2546 3146 2643 3214 τὴν
2703 3153 2804 3220 γῆν
2855 3143 3270 3222 δημιουργήσας
3333 3148 3482 3218 Θεὸς,
3541 3147 3596 3202 ὅν
3663 3147 3762 3202 καὶ

2113 3242 2315 3305 Μωσῆς
2362 3237 2416 3290 ἐν
2462 3239 2531 3309 τῇ
2590 3235 2950 3312 κοσμογενείᾳ
3023 3235 3308 3312 θεολογεῖ·
3374 3235 3638 3292 δείκνυται
3697 3235 3762 3292 δὲ

2111 3322 2181 3379 δι’
2212 3324 2286 3378 ὧν
2318 3327 2345 3379 6
2379 3322 2593 3388 Παῦλος
2626 3323 2850 3380 ἐνταῦθα
2899 3326 2987 3380 καὶ
3033 3325 3086 3381 ἐν
3145 3324 3383 3389 πολλοῖς
3425 3325 3619 3388 ἄλλοις
3667 3325 3767 3383 λέ-

2109 3433 2218 3488 γει,
2247 3418 2344 3468 τοῦ
2377 3419 2638 3488 Σωτῆρος
2669 3416 2828 3487 ἡμῶν
2862 3413 3020 3476 οὗτος
3068 3416 3272 3489 πατὴρ,
3315 3415 3376 3469 οὗ
3433 3413 3528 3477 τὰς
3585 3416 3762 3492 ἐπαγ-

2105 3499 2292 3576 γελίας
2351 3503 2425 3563 ὡς
2481 3505 2708 3576 γνήσιος
2740 3503 2854 3566 υἱὸς
2909 3497 3288 3578 ἀπαραϐάτους
3345 3524 3404 3558 τε
3463 3503 3553 3558 καί
3595 3505 3766 3578 ἀψευ-

2109 3589 2219 3655 δεῖς
2252 3591 2410 3654 αὐτὸς
2453 3589 2524 3647 δι’
2573 3594 2785 3663 ἑαυτοῦ,
2825 3593 2914 3648 καὶ
2963 3593 3025 3648 οὐ
3084 3591 3152 3647 δι’
3196 3592 3373 3650 ἄλλου
3430 3591 3764 3667 ἐπεδείξατο,

2109 3686 2227 3744 πῶς
2258 3688 2356 3751 τῆς
2389 3681 2714 3744 ἀποστασίας
2747 3683 2810 3738 ού
2851 3680 3172 3738 καταδύεται
3222 3684 3283 3738 τὸ
3341 3683 3708 3758 ἀναίσχυντον
3746 3703 3763 3754 ;

2107 3769 2290 3828 Ἀλλᾶ
2321 3771 2372 3827 τί
2411 3779 2502 3845 μοι
2546 3770 2724 3848 λέγειν
2777 3772 3014 3842 Παῦλον,
3045 3772 3220 3828 καίτοι
3264 3771 3592 3844 τηλικοῦτον
3628 3768 3766 3828 ὅντα

2106 3865 2175 3936 τῇ
2205 3883 2263 3916 τε
2291 3862 2484 3936 γνώσει
2515 3868 2616 3931 τῆς
2647 3859 2894 3924 Παλαιᾶς
2922 3861 3011 3916 καὶ
3059 3866 3127 3935 τῇ
3180 3862 3346 3936 σοφίᾳ
3390 3868 3488 3932 τῆς
3531 3865 3767 3936 χάριτος

2109 3949 2294 4020 αὑτοῦ,
2348 3949 2511 4005 πάλιν
2573 3949 2691 4020 ἐνῆν
2750 3947 2846 4005 τοῦ
2902 3953 3089 4005 κοινοῦ
3146 3950 3419 4006 Δεσπότου
3461 3947 3762 4020 διακούειν,

2108 4037 2512 4113 διατεινομένου
2593 4041 2678 4095 καὶ
2763 4037 3061 4114 λέγοντος·
3138 4041 3231 4109 Μή
3305 4039 3590 4114 νομίσητε,
3670 4037 3760 4094 ὅτι

2105 4128 2277 4198 ἦλθον
2337 4127 2639 4184 καταλύσαι
2704 4129 2795 4183 τὸν
2854 4131 3022 4203 νόμον
3081 4128 3116 4198 ἢ
3201 4129 3328 4191 τοὺς
3415 4130 3704 4206 προφήτας
3741 4149 3756 4162 ·

2107 4218 2205 4273 οὐκ
2261 4217 2428 4286 ἦλθον
2494 4217 2797 4273 καταλῦσαι
2848 4218 2942 4274 τὸν
3013 4217 3203 4292 νόμον,
3288 4215 3436 4273 ἀλλὰ
3515 4216 3758 4291 πληρῶ-

2103 4324 2230 4374 σαι;
2266 4305 2382 4360 Καὶ⁶
2418 4306 2612 4376 Ἀμήν,
2645 4306 2818 4380 ἀμὴν,
2857 4304 3004 4383 λέγω
3048 4307 3198 4380 ὑμῖν,
3249 4307 3311 4362 οὗ
3370 4307 3446 4380 μή
3500 4305 3751 4382 παρέλθῃ

345 4399 463 4470 Ego
495 4412 624 4452 vero
658 4395 802 4450 nihil
823 4396 949 4462 ejus
981 4411 1095 4450 non
1121 4393 1424 4465 impletum
1450 4395 1772 4466 relinquam
1804 4414 1819 4463 ;
1846 4395 1991 4452 nihil

2105 4394 2132 4448 6
2201 4394 2425 4469 οὐρανὸς
2482 4395 2572 4449 καὶ
2632 4397 2666 4464 ἡ
2737 4403 2830 4470 γῆ,
2899 4397 2934 4466 ἤ
3005 4395 3141 4451 ίῶτα
3193 4395 3247 4451 ’ἐν
3313 4396 3349 4467 ἢ
3413 4394 3510 4469 μία
3539 4394 3754 4470 κεραία,

341 4487 402 4542 in
433 4502 498 4542 ea
528 4503 561 4542 a
595 4481 751 4539 Malo
802 4481 1152 4554 inspiratum
1200 4485 1326 4549 est;
1357 4482 1499 4537 nihil
1547 4483 1759 4539 falsum
1791 4484 1995 4556 depre-

342 4575 668 4632 hendetur:
727 4571 927 4628 omnia
985 4570 1244 4628 veritatis
1301 4571 1473 4641 plena
1527 4577 1684 4629 sunt.
1716 4573 1830 4645 Ego
1862 4591 1995 4632 sum

343 4663 679 4735 praesidium
712 4676 1048 4718 sermonum
1086 4659 1576 4732 prephetioorum.
1611 4663 1720 4718 Mei
1751 4664 1906 4720 enim
1939 4669 1997 4722 et

339 4752 532 4808 Patris
561 4749 706 4807 servi
737 4766 803 4806 ac
825 4748 1079 4806 ministri
1105 4749 1398 4823 prophetas
1419 4753 1680 4824 sunt,qui
1713 4756 1770 4809 et
1785 4753 1996 4811 adven-

340 4847 469 4897 tum
527 4857 750 4906 meum,
783 4843 838 4896 et
893 4841 1111 4910 omnia,
1148 4857 1275 4912 qua
1299 4839 1413 4897 huc
1445 4841 1757 4914 pertinent,
1791 4845 1993 4916 praevi-

341 4932 550 4986 derunt
579 4933 635 4986 et
676 4931 1162 5001 prenuntiarunt.
1191 4929 1394 5002 Itaque
1421 4947 1524 4989 nec
1555 4948 1794 5003 parvum
1819 4933 1992 5004 quid-

342 5037 535 5093 quam,
568 5035 673 5075 nec
700 5035 979 5091 magnum
1017 5036 1238 5090 eorum,
1267 5037 1392 5092 quae
1434 5020 1517 5077 illi
1577 5022 1992 5094 praedixerunt,

343 5109 434 5166 vel
485 5126 610 5181 quae
664 5108 755 5165 lex
787 5109 1062 5176 continet,
1098 5110 1440 5180 praeterebit,
1467 5111 1619 5182 quod
1653 5129 1766 5168 non
1826 5130 1857 5168 a
1888 5129 1990 5170 ve-

343 5199 513 5256 ritate
531 5199 766 5254 tandem
784 5198 1206 5270 obsignetur.Si
1225 5199 1381 5254 enim
1403 5216 1507 5272 ego
1526 5200 1992 5258 circumcisionis

344 5288 615 5345 minister
643 5305 777 5344 sum
801 5288 872 5343 ad
921 5288 1348 5345 conﬁrmandae
1381 5290 1817 5360 promissiones,
1846 5308 1994 5364 quas

341 5379 514 5434 Pater
555 5378 692 5433 fecit
747 5375 1039 5449 patribus,
1071 5378 1362 5448 quomodo
1390 5378 1478 5435 vel
1509 5378 1628 5436 iota
1659 5396 1859 5451 unum,
1886 5381 1993 5438 hoc

341 5471 454 5538 est,
489 5465 799 5524 minimum
833 5482 1034 5523 eorum
1061 5482 1190 5538 quae
1211 5485 1241 5521 a
1261 5465 1384 5539 lege
1414 5467 1502 5523 vel
1523 5469 1821 5541 prophetis
1840 5469 1992 5528 dicta

413 5675 462 5715 ’θ
504 5675 670 5734 Rom.
703 5691 796 5745 xv,
822 5675 876 5730 8.
957 5679 973 5712 ι
1008 5674 1207 5733 Matth.
1238 5691 1292 5747 ν,
1324 5675 1410 5734 17.
1487 5673 1510 5710 ί
1539 5675 1682 5734 ibid.
1717 5679 1802 5735 18.

2099 4479 2204 4545 ἕως
2253 4480 2312 4537 ἂν
2371 4487 2548 4539 ταῦτα
2634 4485 2807 4539 πάντα
2890 4486 3134 4560 γενηται.
3221 4483 3364 4560 Ἐγὼ
3449 4482 3760 4558 πληρωτὴς

2100 4571 2268 4642 ἦλθον
2306 4573 2401 4628 τοῦ
2430 4573 2624 4646 νόμου·
2671 4575 2958 4648 στομάτων
2990 4573 3101 4629 ἐστὶ
3133 4578 3385 4649 πονηρῶν
3442 4573 3504 4628 τὸ
3555 4571 3759 4650 λέγειν,

2098 4661 2197 4737 ἐμὲ
2254 4663 2649 4737 παραγενέσθαι
2696 4661 2826 4727 τόὺς
2894 4662 3190 4736 πατρικοὺς
3267 4659 3575 4739 παραλῦσαι
3662 4662 3759 4718 νόο

2103 4771 2261 4824 μους.
2303 4748 2473 4806 Ούδὲν
2531 4748 2696 4806 αὐτοῦ
2753 4749 3079 4806 ἆτελείωτον
3137 4749 3302 4821 ἐάσω,
3387 4748 3545 4806 οὐδὲν
3632 4749 3754 4806 ἐπι-

2099 4840 2289 4903 πνοίας
2330 4838 2382 4895 ἐν
2434 4840 2582 4912 αὖτῷ
2641 4843 2904 4914 πονηρᾶς,
2964 4837 3116 4896 οὐδὲν
3180 4841 3257 4904 εἷς
3315 4837 3512 4916 ψεῦδος
3573 4840 3754 4912 λήξει·

2099 4931 2274 4986 πάντα
2331 4931 2500 5003 μεστά
2553 4937 2653 5000 τῆς
2711 4929 2991 5000 ἀληθείας.
3039 4930 3186 5006 Ἐγὼ
3233 4935 3337 4985 τῶν
3395 4933 3755 5010 προφητικῶν

2099 5023 2292 5096 φωνῶν
2331 5019 2364 5086 ἡ
2428 5013 2740 5091 βεϐαίωσις.
2796 5017 2959 5092 Ἐμοὶ
3014 5022 3114 5094 γαρ
3163 5017 3311 5082 ὄντες
3363 5018 3581 5074 καὶτοῦ
3613 5017 3754 5091 ἐμοῦ

2099 5107 2309 5182 Πατρὸς
2343 5106 2607 5181 ὑπηρέται
2635 5105 2726 5162 καὶ
2767 5104 3005 5162 διάκονοι
3048 5109 3150 5179 τήν
3194 5127 3253 5164 τε
3308 5108 3604 5183 παρουσίαν
3651 5107 3754 5176 τὴν

2099 5199 2264 5272 ἐμὴν,
2318 5198 2406 5252 καὶ
2466 5199 2642 5253 πάντα
2693 5198 2761 5253 τὰ
2807 5200 2906 5271 τῇς
2963 5197 3259 5273 παρουσίας
3317 5201 3504 5277 σαφῶς
3561 5202 3754 5271 προεῖ-

2100 5287 2191 5344 δόν
2223 5307 2280 5344 τε
2331 5289 2422 5343 καὶ
2470 5284 2863 5364 προηγγειλαν.
2899 5287 2993 5343 Διὸ
3023 5287 3074 5359 ἐξ
3106 5288 3181 5342 ὧν
3233 5308 3292 5343 τε
3322 5285 3520 5344 ἐκεῖνοι
3550 5291 3754 5364 προεῖ-

2100 5399 2200 5436 πον
2230 5377 2320 5433 καὶ
2352 5377 2380 5432 6
2410 5375 2578 5451 νόμος
2609 5377 2877 5452 περιέχει,
2921 5375 2982 5431 οῦ
3037 5377 3252 5452 μικρὸν,
3314 5377 3376 5434 οὐ
3431 5377 3567 5451 μὲγα
3611 5395 3755 5451 παρ-

2103 5466 2406 5538 ελεύσεται,
2441 5465 2472 5524 6'
2495 5467 2571 5544 μὴ
2600 5473 2700 5538 τῆς
2755 5464 3017 5539 ἀληθείας
3061 5470 3141 5541 τῷ
3170 5465 3360 5546 πέρατι
3421 5467 3751 5550 σφραγισθῇ.
