4074 6208
266 363 389 422 137

1346 363 1654 425 CONTRA
1703 364 2187 430 MANICHEOS
2237 371 2465 432 LIBER
2507 373 2612 434 IlI.
2659 355 2664 362 ’

3566 385 3679 450 138

267 497 327 551 Εἰ
355 496 466 573 γὰρ
516 492 632 570 ἐγώ
682 492 933 558 διάκονος
981 503 1287 572 περιτομῆς
1331 497 1407 560 εἷς
1439 500 1502 554 τὸ
1555 497 1901 574 βεϐαιωθῆνα

2039 509 2198 573 sunt,
2250 506 2484 563 omnino
2547 509 2838 580 praeterire
2895 516 2995 569 aut
3053 529 3167 570 non
3227 515 3456 588 impleri
3515 525 3680 591 pote-

264 586 361 646 τὰς
411 583 772 662 ἐπαγγελίας,
813 582 874 646 ἂς
923 586 952 640 6
997 588 1187 660 Πατὴρ
1235 587 1440 643 διέθετο
1500 595 1616 652 τοῖς
1663 594 1925 666 πατράσι,

2037 593 2112 648 rit
2133 593 2160 648 ἓ

265 680 385 736 πῶς
433 674 572 728 ἰῶτα
597 672 679 743 ἓν,
729 673 973 730 τουτέστι
1004 675 1066 731 τὸ
1126 673 1423 751 ἐλάχιστον
1450 683 1559 734 τῶν
1609 677 1660 733 ἐν
1693 685 1771 752 τῷ
1799 680 1957 754 νόμῳ
2004 681 2095 735 καὶ
2142 687 2260 744 τοῖς
2310 686 2614 763 προφήταις
2667 687 2955 760 ῥηθέντων,
3000 687 3200 748 δύναιτ’
3249 692 3311 748 ἂν
3361 693 3508 760 ὅλως
3543 716 3683 772 παρ-

270 763 449 818 ελθεῖν
478 762 515 831 ἢ
552 764 629 836 μή
664 760 936 838 γενέσθαι.

345 857 426 923 H',
459 853 620 911 Ἀλλ’
671 855 752 933 ἐφ’
806 853 990 929 ἕτερόν
1054 879 1147 929 μοι
1203 860 1304 928 τῆν
1363 858 1590 934 θεωρίαν
1644 882 1926 936 συμμετα-

267 945 423 1010 κίνει,
469 945 518 999 εἱ
567 941 735 1020 λόγια
793 950 926 1000 Θεοῦ
983 947 1048 1000 τά
1095 945 1146 1001 ἐν
1199 952 1279 1019 τῷ
1313 946 1488 1021 νόμῳ.
1537 948 1687 1025 Λέγει
1745 950 1844 1025 γὰρ
1895 953 1922 1006 ὁ

267 1033 535 1093 Παῦλοςο
592 1033 682 1094 Τίς
740 1035 774 1103 ἡ
850 1033 1088 1112 ὠφέλεια
1161 1043 1261 1106 τῆς
1339 1045 1683 1111 περιτομῆς;
1739 1040 1920 1094 Εἶταο

265 1122 455 1192 Πολλή
515 1124 656 1178 κατά
712 1123 888 1178 πάντα
942 1125 1169 1200 τρόπον.
1243 1131 1465 1199 Πρῶτον
1531 1128 1626 1194 μὲν
1688 1127 1788 1203 γάρ
1835 1127 1921 1184 ὅτι

261 1210 660 1282 ἐπιστεύθησαν
743 1213 812 1267 τά
901 1211 1064 1288 λόγια
1143 1217 1241 1268 τοῦ
1327 1220 1482 1272 Θεοῦ.
1555 1217 1612 1271 Τί
1697 1217 1798 1293 γὰρ
1872 1216 1921 1272 εἷ’

259 1298 576 1368 ἠπίστησάν
638 1320 800 1369 τινες,
859 1302 934 1373 μή
996 1303 1031 1370 ἡ
1105 1301 1328 1358 ἀπιστία
1395 1303 1570 1358 αὐτῶν
1657 1307 1756 1374 τήν
1827 1305 1919 1358 πί-

259 1410 367 1443 στιν
428 1393 538 1443 τοῦ
593 1393 729 1444 Θεοῦ
786 1395 1088 1467 καταργεῖ;
1146 1393 1234 1460 Μὴ
1292 1390 1522 1468 γένοιτο.
1587 1394 1822 1448 Γενέσθω
1863 1392 1920 1449 δὲ

258 1478 285 1532 6
337 1479 472 1539 Θεὸς
539 1477 776 1549 ἀληθὴς,
844 1483 948 1542 πᾶς
1023 1477 1080 1534 δὲ
1153 1478 1432 1555 ἄνθρωπος
1490 1481 1748 1556 ψεύστης.
1819 1484 1916 1538 Καὶ

2107 864 2253 920 VIII.
2289 871 2358 921 At
2388 873 2656 925 converte
2696 886 2850 926 nunc
2882 888 3111 928 mecum
3153 880 3409 933 mentem
3443 881 3509 934 ad
3545 879 3680 946 alia,

2035 960 2092 1008 ut
2125 959 2398 1026 appareat
2427 957 2660 1013 oracula
2689 959 2833 1031 legis
2867 961 3062 1016 divina
3101 978 3249 1020 esse.
3287 965 3496 1023 Paulus
3523 969 3678 1024 enim

2031 1042 2142 1097 ait:
2177 1065 2204 1093 «
2249 1045 2508 1111 Quaenam
2556 1057 2634 1102 est
2654 1053 3018 1120 praerogativa
3067 1053 3517 1112 circumcisorum
3549 1056 3617 1110 3?
3647 1077 3675 1107 »

2031 1130 2099 1185 Et
2163 1139 2418 1201 postea:
2476 1134 2668 1206 Magna
2726 1154 2826 1208 per
2891 1155 3104 1196 omnem
3171 1143 3404 1198 modum.
3473 1146 3676 1202 Prima

2030 1220 2267 1291 quidem,
2314 1223 2453 1293 quod
2495 1226 2628 1296 ipsis
2673 1227 2874 1282 credita
2923 1234 3048 1284 sunt
3093 1232 3317 1286 oracula
3367 1234 3484 1290 Dei.
3515 1235 3675 1290 Nun-

2029 1309 2160 1378 quid
2189 1312 2356 1375 enim,
2382 1310 2512 1382 quia
2533 1313 2758 1384 quidam
2786 1331 2893 1371 non
2915 1316 3286 1386 crediderunt,
3310 1321 3674 1378 incredulitas

2027 1413 2215 1453 eorum
2244 1400 2400 1469 ﬁdem
2437 1404 2527 1458 Dei
2567 1403 2712 1458 tollit
2734 1406 2762 1458 ?
2792 1404 2986 1462 Absit!
3015 1407 3154 1462 Deus
3200 1425 3323 1464 vero
3362 1412 3429 1464 sit
3477 1427 3671 1483 verax,

2026 1488 2203 1542 omnis
2234 1498 2414 1545 autem
2448 1491 2605 1548 homo
2636 1492 2875 1548 mendax
2901 1493 2943 1548 ⁴.
2978 1495 3173 1566 Neque
3206 1499 3426 1568 patitur
3453 1499 3573 1570 ille,
3608 1505 3672 1557 ut

257 1568 358 1622 οὐκ
392 1567 661 1647 ἀνέχεται
695 1570 790 1642 μὲν
824 1571 917 1638 τήν
951 1569 1128 1624 πίστιν
1160 1576 1257 1626 τοῦ
1300 1575 1432 1626 Θεοῦ
1462 1576 1903 1648 καταργηθῆναι⁴

2027 1573 2172 1631 ﬁdes
2203 1576 2302 1634 Dei
2337 1579 2655 1648 abolealur,
2690 1583 2790 1638 sed
2825 1583 2949 1638 vult
2983 1560 3175 1656 potius
3206 1560 3502 1644 hominem
3547 1560 3671 1646 6m-

255 1656 431 1712 πάντα
466 1654 529 1711 δὲ
573 1655 860 1732 ἄνθρωπον
905 1658 1136 1732 ψεύστην
1172 1660 1401 1732 αἱρεῖται
1445 1659 1797 1735 ἐλεγχθῆναι,
1831 1660 1918 1716 ἴνα

257 1746 284 1798 6
317 1747 476 1815 Θεὸς,
515 1747 543 1800 6
574 1748 674 1815 τήν
703 1749 1010 1820 περιτομὴν
1044 1745 1194 1819 δοὺς,
1225 1747 1643 1824 ἐπιγινώσκοιτο
1675 1749 1912 1822 ἀληθής.

261 1833 327 1888 Ei.
376 1836 472 1888 οῦν
520 1834 611 1889 καὶ
669 1833 837 1910 λόγια
891 1841 1024 1890 Θεοῦ
1066 1835 1220 1906 εἰσιν,
1269 1836 1302 1890 ἃ
1347 1836 1632 1908 ἐπιστεύθη
1668 1839 1913 1913 Ἰσραὴλ,

263 1925 359 1978 καὶ
390 1927 430 1994 ἡ
458 1924 674 1981 ἀπιστία
721 1926 899 1980 αὐτῶν
929 1928 1028 1995 τὴν
1077 1931 1173 1982 τοῦ
1201 1933 1334 1982 Θεοῦ
1383 1928 1557 1984 πίστιν
1607 1930 1667 1984 οὐ
1707 1951 1915 2004 καταρ-

266 2019 382 2088 γεῖ,
407 2015 500 2068 καὶ
541 2012 619 2070 δεῖ
657 2013 874 2090 μᾶλλον
909 2016 1140 2090 ψεύστας
1189 2018 1428 2090 νομίζειν
1471 2021 1595 2081 τοὺς
1636 2020 1917 2074 ἀπιστοῦν-

257 2124 358 2163 τας
418 2107 554 2175 Θεῷ,
625 2103 1100 2175 παναληθέστατον
1167 2103 1224 2160 δὲ
1290 2108 1382 2160 τὸν
1461 2103 1736 2162 δεδωκότα
1786 2109 1914 2169 τοὺς

257 2189 469 2265 νόμους
519 2197 600 2266 τῷ
633 2192 853 2268 Ἰσραήλ
903 2198 1020 2256 πῶς
1053 2193 1180 2270 οὗχῖ
1228 2200 1325 2250 τοῦ
1384 2197 1587 2270 ἀγαθοῦ
1629 2201 1763 2252 Θεοῦ
1802 2196 1914 2252 ἐστι

256 2282 560 2355 νομοθεσία
590 2285 626 2352 ἡ
677 2283 931 2355 Παλαιά;
982 2285 1070 2354 Μὴ
1103 2283 1206 2359 γὰρ
1245 2285 1336 2340 τὸν
1394 2287 1663 2360 [1ονηρὸν,
1711 2287 1771 2349 ὃς
1822 2286 1916 2342 ἀπ’

257 2375 436 2448 ἀρχῆς
472 2375 714 2448 ψεύστης
764 2375 902 2446 ἐστὶ,
933 2374 1022 2430 καὶ
1064 2374 1114 2430 ἐν
1160 2381 1229 2450 τῇ
1278 2375 1512 2449 ἀληθείᾳ
1561 2377 1670 2456 οὐχ
1697 2377 1914 2448 ἕστηκε,

254 2470 447 2520 τοῦτον
503 2467 600 2539 μὲν
653 2465 910 2538 ἀληθείας
963 2465 1110 2543 λέγει
1172 2469 1199 2522 6
1252 2468 1466 2530 Παῦλος
1515 2473 1722 2546 πηγήν.
1771 2477 1913 2547 Προ-

254 2555 424 2629 κρίνει
458 2554 520 2610 δὲ
565 2556 770 2618 πάντας
819 2554 1133 2633 ἀνθρώπους
1166 2557 1240 2619 εἰς
1292 2555 1486 2632 ψεῦδος
1529 2559 1911 2634 ἀπενεχθῆναι,

251 2642 338 2698 ’ἕνα
369 2646 398 2700 6
432 2648 534 2700 τοῦ
581 2643 814 2719 ψεύδους
863 2645 1202 2721 ἀρχιτέκτων
1252 2647 1342 2702 καὶ
1392 2645 1732 2725 δημιουργὸς
1773 2649 1914 2721 ἀλη-

257 2735 398 2796 θείας
448 2736 738 2812 κηρυχθῇ.
794 2734 893 2790 Καὶ
943 2735 988 2790 εί
1035 2737 1070 2804 ἡ
1123 2733 1439 2808 δικαιοσῦνη
1493 2742 1589 2791 τοῦ
1635 2744 1768 2794 Θεοῦ
1817 2761 1914 2794 πε-

256 2825 586 2900 ρανέρωται,
650 2823 1070 2898 μαρτυρουμένη
1117 2825 1220 2880 ὑπὸ
1276 2830 1373 2880 τοῦ
1429 2827 1603 2899 νόμου
1655 2829 1742 2882 καὶ
1801 2833 1908 2885 τῶν

253 2877 586 2987 προρητῶνζ
613 2877 737 2977 1:63.;
779 2877 968 2988 οὐΓχὶθ
1011 2913 1178 2987 νόμος
1207 2914 1297 2969 καὶ
1347 2917 1397 2970 οἱ
1440 2877 1739 2992 πρΓοφῆται,
1781 2918 1909 2994 οὐχὶ
1942 2877 1984 2944 c

251 3009 351 3072 τῆς
389 3000 454 3056 ἐκ
493 3005 592 3056 τοῦ
639 3001 850 3075 ἀγαθοῦ
895 3006 1028 3058 Θεοῦ
1067 3001 1347 3066 ἐπιπνοίας
1377 3007 1467 3060 καὶ
1515 3004 1774 3076 ἀληθείας
1813 3029 1906 3063 πεο

251 3090 624 3165 πληρωμένοι
653 3091 977 3164 νομίζοιντο
1009 3091 1068 3147 ἅν
1097 3114 1111 3163 ;
1143 3091 1300 3148 Ἀλλ’
1333 3094 1433 3167 δρα
1457 3094 1518 3148 τὸ
1550 3097 1771 3171 φρικτὸν
1805 3103 1904 3166 τῆς

250 3179 560 3254 θεομαχίας
594 3177 680 3234 ἐπὶ
733 3177 898 3234 πλέον
927 3181 1016 3235 καὶ
1061 3181 1447 3237 κατάπτυστον.
1487 3181 1546 3237 Ei
1592 3184 1618 3238 6
1650 3184 1778 3249 Θεὸς
1817 3183 1904 3240 διὰ

239 3273 340 3324 τοῦ
371 3267 619 3342 αἳματος
666 3268 831 3324 αὑτοῦ
889 3267 1232 3344 ἐλυτρώσατο
1285 3272 1378 3326 τὸν
1436 3271 1640 3344 κόσμον
1699 3273 1758 3329 ἐκ
1803 3281 1903 3344 τῆς

242 3356 506 3420 δουλείας
539 3362 636 3413 τοῦ
675 3359 934 3434 Ἐχθροῦ,
973 3359 1036 3413 τὸ
1085 3357 1142 3414 δὲ
1181 3362 1323 3432 αἷμα
1375 3361 1463 3414 καὶ
1565 3362 1691 3435 σὰρξ
1731 3361 1900 3435 (ἀλλὰ

243 3449 488 3523 φρίττων
535 3448 628 3502 καὶ
667 3449 793 3509 τοῦς
851 3445 1152 3522 λογισμοὺς
1200 3449 1290 3504 καὶ
1340 3451 1438 3518 τῆν
1486 3449 1739 3524 γλῶσσαν
1782 3457 1897 3513 τοῖς

239 3539 554 3612 θεομάχοις
605 3535 783 3612 λέγειν
838 3536 1043 3614 ἀφίημι
1089 3539 1151 3592 τὸ
1205 3538 1453 3610 ἑαυτῶν),
1504 3543 1622 3601 πῶς
1672 3537 1759 3594 διὰ
1788 3561 1898 3595 τοι·

240 3628 408 3681 οὖτου
443 3625 769 3697 πλάσματος
800 3625 860 3680 τὸ
893 3624 1044 3701 γένος
1077 3629 1238 3700 ἡμῶν
1265 3628 1501 3701 ἣρπασεν
1534 3626 1593 3681 ἐκ
1618 3635 1717 3698 τῆς
1770 3626 1894 3684 δου·

238 3715 391 3778 λείας
433 3721 534 3771 τοῦ
576 3717 848 3790 Ἐχθροῦς
886 3713 1112 3785 Πολλῆς
1148 3716 1240 3789 μὶν
1272 3718 1374 3792 γὰρ
1409 3717 1468 3771 ἂν
1513 3719 1624 3790 ἅμα
1669 3719 1898 3792 χάριτος

238 3808 332 3861 καὶ
374 3803 541 3876 δόξης
599 3806 692 3860 καὶ
750 3809 919 3878 τιμῆς
975 3805 1119 3878 ἄξιος
1179 3805 1244 3874 ἦν
1307 3807 1334 3860 ὁ
1384 3806 1577 3880 ἐχθρὸς
1625 3810 1806 3878 ἡμῶν,
1849 3805 1894 3860 εἰ

240 3897 517 3969 παρεσχεν
549 3892 689 3964 ὕλην
736 3893 918 3963 αὐτὸς,
967 3892 1036 3949 δι’
1076 3897 1141 3964 ἧς
1191 3892 1252 3948 ἃν
1299 3894 1746 3970 ἀπαλλαγείημεν
1795 3902 1894 3964 τῆς

237 3981 564 4058 τυραννίδος
593 3982 778 4040 αὐτοῦ.
817 3983 1041 4052 Πολλῆς
1077 3981 1132 4038 δὲ
1162 3984 1344 4047 ἀνοίας
1387 3987 1500 4056 ἅμα
1532 3985 1621 4038 καὶ
1651 3983 1893 4060 γέλωτος

239 4069 465 4152 ἔνοχος,
499 4071 548 4127 εί
579 4071 839 4128 πλάττειν
871 4070 1106 4147 ἐπήρθη,
1142 4069 1212 4128 δι’
1243 4074 1317 4127 ὧν
1359 4072 1710 4151 ἀφῃρημένος
1743 4071 1890 4128 ἔσται

2029 1680 2160 1720 nem
2214 1669 2501 1724 mendacii
2549 1670 2834 1738 convinci,
2877 1678 2941 1728 ut
2992 1679 3157 1744 Deus,
3211 1675 3672 1734 circumcisionis

2028 1759 2248 1824 auctor,
2278 1773 2446 1812 verax
2469 1765 2872 1830 cognoscatur.
2908 1765 3068 1827 Quod
3111 1765 3160 1819 si
3199 1764 3378 1834 igitur
3410 1768 3506 1822 Dei
3537 1771 3676 1824 sunt

2026 1845 2279 1909 oracula,
2313 1863 2436 1915 qua:
2486 1849 2705 1904 credita
2753 1855 2893 1907 sunt
2934 1852 3154 1920 Israeli,
3197 1858 3252 1908 et
3298 1855 3674 1912 incredulitas

2026 1948 2224 1988 eorum
2257 1934 2357 1989 Dei
2411 1936 2581 1991 (idem
2637 1954 2751 1993 non
2784 1939 2952 2007 tollit,
2986 1947 3337 2014 prestatque
3381 1943 3673 2012 homines,

2027 2021 2141 2075 Deo
2175 2037 2289 2077 non
2322 2025 2642 2092 credentes,
2669 2043 2771 2095 pro
2805 2029 3209 2098 mendacibus,
3233 2047 3366 2087 eum
3393 2049 3550 2100 vero,
3572 2033 3673 2104 qui

2026 2109 2207 2178 legem
2269 2113 2463 2167 Israeli
2525 2113 2768 2180 dederit,
2828 2131 2929 2185 pro
2987 2117 3364 2175 veraeissimo
3416 2121 3667 2188 habere;

2029 2215 2220 2254 nonne
2250 2197 2388 2255 hinc
2419 2201 2592 2256 etiam
2618 2200 2707 2255 lex
2736 2207 2902 2258 vetus
2925 2205 2996 2258 ad
3023 2204 3236 2260 bonum
3266 2207 3446 2261 Deum
3473 2208 3669 2264 referri

2025 2289 2308 2344 debebit?
2331 2289 2526 2361 Neque
2557 2291 2712 2346 enim
2744 2293 2963 2349 Paulus
2995 2295 3243 2364 malum,
3277 2296 3377 2366 qui
3404 2297 3476 2350 ab
3499 2296 3666 2353 initio

2026 2379 2278 2434 mendax
2327 2379 2456 2446 fuit,
2488 2383 2545 2436 et
2593 2381 2651 2436 in
2695 2381 2931 2438 veritate
2973 2400 3085 2438 non
3136 2384 3412 2456 perstitit,
3444 2385 3664 2442 fontem

2025 2467 2281 2524 veritatis
2314 2468 2581 2540 appellat.
2614 2471 2736 2526 Imo
2767 2487 2901 2527 vero
2932 2473 3118 2528 satius
3152 2473 3373 2544 judicat
3408 2474 3665 2532 homines

2025 2571 2229 2611 omnes
2262 2557 2546 2612 mendacii
2581 2557 2933 2624 insimulari,
2968 2567 3028 2614 ut
3060 2564 3118 2616 et
3162 2561 3450 2617 mendacii
3481 2562 3660 2632 faber,

2024 2648 2079 2700 et
2109 2646 2367 2702 veritatis
2391 2651 2591 2703 auctor
2614 2647 2844 2718 publice
2867 2651 3253 2706 renuntietur.
3277 2652 3347 2706 Et
3367 2651 3416 2707 si
3434 2652 3667 2722 justitia

2028 2735 2121 2790 Dei
2157 2735 2527 2792 manifestata
2556 2745 2662 2804 est,
2696 2755 2729 2792 a
2758 2737 2884 2810 lege
2915 2739 3044 2810 ipsa
3073 2744 3130 2795 et
3163 2741 3462 2813 prophetis
3496 2741 3664 2798 testi-

2025 2824 2286 2879 monium
2323 2825 2633 2896 accipiens,
2669 2827 2962 2898 quomodo
3005 2846 3122 2885 non
3155 2830 3241 2884 lex
3282 2835 3339 2886 et
3370 2832 3663 2902 propheta

2024 2928 2090 2967 ex
2122 2913 2257 2968 boni
2305 2913 2403 2968 Dei
2447 2913 2829 2986 inspiratione
2860 2917 3100 2986 profecti
3150 2923 3206 2974 et
3237 2919 3476 2976 veritate
3508 2920 3662 2992 pleni

2019 3002 2550 3060 existimabuntur?
2582 3005 2690 3060 Sed
2731 3005 2856 3061 vids
2909 3007 3164 3078 amplius
3215 3008 3566 3065 horrendam
3605 3013 3663 3066 et

2019 3091 2465 3148 abominandam
2515 3093 2773 3150 hostium
2830 3094 2925 3150 Dei
2976 3096 3363 3166 impietatem.
3399 3097 3458 3152 Si
3508 3102 3660 3154 Deus

2013 3198 2115 3254 per
2157 3184 2503 3254 sanguinem
2537 3200 2708 3239 suum
2740 3185 3028 3239 mundum
3077 3201 3110 3240 a
3140 3185 3418 3240 servitute
3469 3185 3657 3241 hostis

2010 3271 2278 3337 redemit,
2302 3273 2539 3342 sanguis
2562 3290 2696 3328 vero
2720 3277 2776 3328 et
2797 3291 2930 3329 caro
2951 3275 3074 3344 (sed
3110 3275 3347 3331 horrore
3377 3290 3445 3330 ex
3475 3274 3657 3332 ratio-

2007 3361 2178 3416 ciniis
2208 3366 2263 3416 et
2293 3363 2529 3417 vocibus
2575 3363 2674 3417 Dei
2728 3363 2982 3418 hostium
3031 3368 3333 3436 correptus
3363 3381 3468 3420 sua
3514 3364 3658 3435 ipsis

2007 3450 2350 3520 proferenda
2381 3449 2672 3520 relinquo)
2702 3451 2994 3521 quomodo
3036 3451 3318 3507 beneticio
3359 3452 3653 3522 ejusmodi

2005 3545 2278 3595 creaturas
2309 3555 2495 3611 genus
2528 3544 2790 3594 nostrum
2824 3557 2890 3596 ex
2921 3541 3196 3597 servitute
3237 3541 3422 3597 hostis
3455 3546 3650 3598 retra-

2004 3628 2085 3682 xit
2107 3629 2134 3683 ἲ
2166 3628 2267 3684 Ille
2301 3629 2456 3684 enim
2503 3629 2871 3685 adversarius
2922 3636 3118 3685 noster
3167 3631 3350 3686 multa
3379 3635 3433 3686 et
3465 3633 3650 3702 gratia

2003 3723 2059 3772 et
2087 3719 2268 3788 gloria
2296 3721 2352 3772 et
2383 3718 2601 3773 honore
2635 3720 2847 3789 dignus
2875 3725 3019 3790 erat,
3052 3719 3342 3792 siquidem
3369 3721 3494 3792 ipse
3525 3737 3646 3776 ma-

2003 3809 2210 3862 teriam
2243 3808 2654 3878 suggessisset,
2691 3824 2793 3876 per
2821 3826 2991 3878 quam
3029 3827 3061 3864 a
3085 3810 3390 3879 tyrannide
3417 3811 3546 3881 ejus
3578 3811 3647 3864 li-

1999 3895 2120 3950 beri
2171 3896 2571 3951 evaderemus.
2614 3896 2882 3951 Vicissim
2935 3899 3088 3952 idem
3137 3906 3190 3954 et
3234 3899 3646 3970 imprudentia

2000 3984 2210 4055 probro
2269 3991 2321 4038 et
2381 3984 2521 4038 risui
2576 3983 2760 4039 multo
2821 4002 2882 4040 se
2939 3993 3269 4056 exponeret,
3310 3987 3357 4042 si
3403 4004 3469 4042 ea
3519 3987 3646 4058 ipse

1999 4073 2284 4140 ﬁnxisset,
2319 4089 2420 4143 per
2451 4090 2578 4143 quae
2628 4077 2912 4144 potestate
2944 4074 3002 4129 in
3053 4092 3289 4146 corpora
3319 4078 3376 4130 et
3418 4077 3645 4131 animas

237 4164 298 4218 τὸ
327 4160 561 4237 κράτος,
590 4161 678 4215 καὶ
729 4165 836 4216 τῶν
874 4163 1144 4235 σωμάτων
1195 4165 1355 4235 ἡμῶν
1390 4162 1477 4216 καὶ
1525 4165 1632 4216 τῶν
1671 4165 1888 4237 ψυχῶν.

2018 4167 2228 4218 tostras
2277 4160 2580 4217 excideret.
2632 4161 2779 4224 Quid
2831 4177 2961 4218 vero
3007 4162 3161 4218 aliud
3193 4181 3262 4219 ex
3300 4163 3408 4220 hoc
3447 4179 3644 4220 errore

237 4253 293 4306 Τί
325 4250 384 4306 δῖε
419 4250 566 4306 ἄλλο
596 4248 785 4327 φύεται
815 4256 915 4319 τῆς
955 4249 1321 4319 ἀποστασίας;
1356 4247 1518 4305 Οὐδὲν
1555 4250 1712 4325 μέγα,
1764 4248 1890 4305 οὐδὲ

236 4344 296 4397 τὸ
337 4341 474 4396 ὅλον
509 4341 844 4414 κατόρθωμα
872 4346 972 4408 τῆς
1007 4339 1278 4414 σωτηρίας
1309 4343 1470 4413 ἡμῶν
1515 4339 1722 4395 οἷ’κοθεν
1755 4361 1886 4394 κατ-

237 4432 497 4506 ὤρθωσεν
543 4430 571 4482 ὁ
634 4429 852 4502 Σωτὴρ,
895 4427 1040 4484 ἀλλά
1076 4430 1138 4484 τὸ
1197 4429 1361 4485 πλέον
1418 4427 1546 4493 δοὺς
1605 4427 1749 4504 ἔχειν
1809 4430 1886 4502 τῷ

235 4522 483 4595 Ἐχθρῷ.
508 4519 576 4572 Ὠ
606 4519 797 4592 φρενὸς
830 4517 1152 4596 ὑποχειρίου
1175 4517 1254 4591 τῷ
1277 4521 1388 4592 (32)
1422 4525 1629 4589 Σατανᾷ
1654 4523 1664 4576 !
1693 4513 1888 4573 Λαϐὼν

235 4607 290 4664 ὂὶ
329 4611 465 4684 παρ’
505 4609 679 4664 αὐτοῦ
710 4609 772 4663 οὗ
811 4610 885 4681 μὴ
918 4608 1167 4679 πλάστης
1199 4609 1266 4678 ἦν
1294 4609 1476 4679 αὐτὸς,
1508 4609 1635 4665 αὐτό
1667 4630 1724 4664 τε
1770 4630 1883 4665 πα-

232 4701 337 4756 θὼν
402 4701 526 4772 (33)
579 4696 909 4766 ἀπαλλάτει,
966 4697 1096 4772 ὅπερ
1165 4698 1264 4754 οὐκ
1321 4698 1491 4774 ἐχρῆν
1549 4697 1725 4774 (ἔργον
1780 4700 1882 4773 γὰρ

228 4791 356 4846 αὐτὸ
399 4793 555 4844 ποιεῖ
583 4790 619 4858 ἡ
653 4787 953 4843 ἀποστασία
989 4792 1086 4843 τοῦ
1119 4793 1414 4865 Πονηροῦ),
1447 4790 1535 4844 καὶ
1569 4788 1643 4850 εἰς
1679 4787 1884 4864 ἀφθαρ-

231 4880 344 4934 σίαν
399 4881 720 4951 μεταποιεῖν
766 4875 857 4931 καὶ
903 4877 965 4931 τὸ
1012 4879 1175 4932 κακὸν
1229 4875 1401 4951 μένειν
1457 4877 1712 4932 ἀθάνατον
1765 4874 1881 4931 δια-

229 4966 507 5041 πρᾶττετα
517 4988 556 5022 ι.

294 5058 372 5111 0‘.
409 5054 522 5112 Καὶ
565 5057 684 5114 πῶς
733 5051 792 5108 ἂν
833 5051 920 5126 εἴη
963 5057 1061 5109 τοῦ
1119 5054 1303 5128 γένους
1360 5056 1520 5128 ἡμῶν
1578 5053 1799 5130 ἐχθρὸς,
1850 5055 1878 5110 6

227 5145 499 5214 τοσαῦτην
533 5141 885 5222 συνιισφοράν
916 5141 994 5207 εἷς
1037 5143 1138 5212 τήν
1179 5144 1364 5212 κοινὴν
1411 5142 1571 5218 ήμῶν
1601 5143 1877 5217 σωτηρίαν

231 5231 318 5289 ὂιιὶ
344 5237 446 5290 τοῦ
477 5230 686 5288 οἷκείου
716 5233 833 5305 (34)
881 5227 1374 5308 δημιουργήματος
1421 5233 1836 5308 συνεισενεγκὼν
1861 5249 1874 5300 ;

303 5343 324 5376 ³
359 5342 531 5398 Rom.
564 5356 655 5409 in,
683 5339 733 5395 l.
809 5339 832 5373 ‘
861 5339 1005 5396 ibid.
1033 5339 1157 5396 2-5.

2000 4251 2424 4323 consequitur?
2455 4250 2513 4306 Id
2560 4251 2820 4320 omnino,
2862 4253 3017 4323 quod
3067 4253 3337 4310 Servator
3383 4269 3488 4310 nec
3527 4270 3620 4310 ma

2000 4358 2178 4414 gnam
2215 4359 2316 4398 nec
2344 4357 2576 4398 omnem
2621 4345 2840 4412 partem
2875 4346 3151 4413 reparatae
3192 4342 3400 4399 salutis
3432 4347 3642 4398 nostra)

2002 4431 2071 4487 de
2102 4447 2206 4487 suo
2240 4431 2499 4502 perfecit,
2533 4430 2632 4486 sed
2667 4430 2765 4495 ita,
2800 4435 2863 4486 ut
2896 4431 3206 4486 maximam
3243 4437 3462 4503 partem
3487 4432 3643 4488 hosti

2000 4522 2228 4577 debeat.
2262 4521 2305 4577 Ο
2338 4525 2566 4578 mentes
2597 4522 2826 4576 Satanae
2857 4520 3172 4578 obnoxias!
3210 4522 3508 4578 Mutuatus
3528 4522 3641 4577 sci-

1999 4609 2129 4667 licet
2159 4613 2230 4668 ab
2261 4629 2327 4668 eo
2368 4613 2448 4679 id,
2480 4612 2652 4682 cujus
2687 4628 2800 4667 non
2832 4617 2954 4667 erat
2993 4611 3116 4682 ipse
3163 4613 3448 4679 conditor,
3482 4613 3636 4668 idem

2003 4700 2372 4772 perpessione
2413 4717 2535 4767 sua,
2597 4701 2754 4770 quod
2811 4705 2963 4756 certe
3021 4701 3145 4755 ﬁeri
3204 4718 3319 4757 non
3368 4701 3634 4769 debebat,

2001 4789 2238 4844 redimit
2262 4790 2418 4861 (nam
2441 4789 2666 4845 erronei
2686 4788 2952 4845 homines
2973 4789 3029 4845 id
3056 4789 3193 4845 mali
3216 4795 3423 4848 vocant
3443 4793 3634 4864 opus),

1998 4882 2057 4934 et
2085 4877 2159 4933 ad
2195 4876 2695 4934 immortalitatem
2736 4879 3030 4947 transfert,
3062 4881 3119 4935 et
3157 4883 3219 4935 ut
3249 4880 3472 4937 malum
3503 4898 3637 4954 per-

1998 4970 2240 5039 petuum
2273 4967 2369 5034 sit,
2402 4965 2599 5022 efﬁcit.

2068 5053 2160 5111 IX.
2198 5055 2263 5110 Et
2292 5054 2586 5126 quomodo
2624 5055 2856 5128 generis
2894 5057 3078 5113 nostri
3112 5056 3298 5114 hostis
3335 5057 3636 5117 habendus

1997 5142 2130 5212 erit,
2161 5144 2261 5215 qui
2296 5159 2396 5214 per
2425 5159 2592 5201 suam
2626 5148 2950 5200 creaturam
2983 5145 3041 5200 in
3073 5161 3445 5204 communem
3478 5147 3637 5205 salu-

1999 5241 2113 5289 tem
2147 5237 2407 5290 nostram
2438 5237 2556 5290 tam
2609 5233 2859 5290 multum
2908 5235 3201 5292 contulit?
3246 5238 3548 5303 Quomodo
3578 5238 3638 5294 in

1409 5439 1641 5496 VARIZE
1683 5438 2077 5496 LECTIONES
2117 5439 2209 5496 ET
2247 5438 2477 5495 NOTAE.

326 5567 413 5636 3'2)
441 5569 550 5624 Τῶ.
588 5565 684 5621 Sic
715 5564 984 5637 rescripsi
1022 5580 1124 5637 pro
1152 5566 1269 5627 τοῦ,
1305 5565 1458 5636 quod
1491 5570 1575 5620 est
1606 5565 1661 5620 in
1698 5582 1802 5620 ms.

304 5569 413 5707 £33)
445 5621 664 5692 Παθών.
698 5636 894 5707 malim
926 5637 1117 5707 legere
1146 5635 1340 5707 παθόν,
1377 5645 1432 5693 ut
1466 5639 1744 5694 referatur
1771 5656 1802 5694 a

327 5635 413 5717 33)
445 5635 664 5717 Παθῴν.
698 5635 1117 5717 galim‘legere
1146 5635 1340 5717 ποιθεξν,
1377 5645 1432 5693 ut
1466 5639 1744 5694 referatur
1771 5639 1842 5695 ad
1876 5655 2088 5712 corpus
2111 5639 2264 5711 quod
2297 5638 2564 5696 Christus
2596 5641 2944 5714 assumpsit,
2966 5642 3241 5715 quodque
3273 5661 3514 5717 passum
3538 5649 3640 5701 est.

305 5706 412 5783 (34)
441 5707 687 5764 Οἶκείου.
722 5706 830 5763 Ms.
868 5706 1143 5764 mendose
1175 5706 1375 5763 οίκίου.

557 5811 828 5871 ΡΑτειοι..
875 5812 987 5868 Gn.
1035 5811 1159 5870 CII.

3287 5817 3324 5874 5
