2037 3104
7 2485 16 2511 '.
80 2442 82 2444 Υ
170 2431 288 2514 ,ἀξὗᾶ

32 2461 60 2482 ι,
297 2447 320 2474 ll
339 2445 369 2476 ὂς
396 2444 443 2473 τὸν
474 2447 505 2472 Bu

7 2485 16 2511 '.
30 2513 39 2521 ν,
170 2479 238 2514 ,ἣν
244 2455 412 2521 βαῖῆὖρείιιιι
421 2481 505 2510 uouit

4 2510 106 2556 #3.”..-
128 2528 130 2530 ν
152 2526 159 2534 ρ
178 2517 329 2555 ἡμῖν
352 2517 505 2547 habebant

6 2575 18 2593 ι·
37 2563 99 2587 ⁴-’-.
119 2565 131 2578 ‹”
159 2559 178 2586 ἰ
197 2555 199 2558 ’
378 2566 381 2574 ’
397 2566 412 2577 λ’
439 2553 505 2590 ἣν

4 2512 505 2668 ε

6 2734 7 2737 η
477 2708 506 2741 ςτί
543 2725 563 2739 --

92 2745 884 3060 ὛΪ

703 2806 705 2808 ’
728 2794 851 2839 Neurry,
863 2801 886 2830 ir

203 129 263 159 139

821 124 954 155 ΡΗΟΤΙΙ
976 124 1237 157 PATRIARCHIE
1258 126 1317 157 GP.

1838 125 1898 156 MO

201 194 369 223 universum
387 194 498 222 malum
510 192 639 229 perfecit,
649 192 786 228 suscepta
801 190 929 226 corporis
939 199 1005 219 crea

1078 191 1126 218 Καὶ
1143 193 1202 222 πῶς
1224 190 1297 222 ὅλως
1318 188 1414 228 ἔπραξε
1438 191 1570 228 πονηρὸν,
1591 189 1697 222 πλάσας
1719 190 1751 217 τὸ
1776 192 1865 227 σῶμα,
1881 191 1896 217 ὁ

199 240 289 272 tione,
306 239 383 276 quod
407 247 464 266 non
480 238 575 266 solum
592 239 697 271 servat,
713 239 742 264 et
766 238 866 272 postea
881 244 898 263 a
919 244 1018 263 corru-

199 285 299 320 ptione
314 286 444 312 immune
460 285 587 319 praestat,
600 283 650 310 sed
666 284 694 310 et
709 289 760 317 per
775 281 846 309 illud
864 281 1019 309 animabus

199 329 424 365 insequentibus
440 328 593 360 benefacit,
609 334 730 362 corpora
752 325 864 353 scilicet
876 333 942 353 cum
960 325 1019 352 illis

199 376 354 410 conjuncta
369 373 398 401 in
414 373 544 401 eamdem
557 370 804 399 immortalitatem
821 369 1020 398 transferens?

198 419 278 447 Adeo
293 419 323 446 in
338 419 484 451 tenebras,
501 416 590 444 chaos
605 418 634 443 et
650 415 870 444 occaecationem
888 415 1018 448 rationis,

199 463 323 491 furorem
333 462 402 490 item
414 464 443 489 et
454 460 629 497 profundam
642 460 856 491 temulentiam,
865 459 925 487 abit
933 467 1019 487 omne

198 507 304 535 horum
315 506 465 534 hominum
477 506 621 540 studium,
631 505 681 541 qui
690 505 853 534 solitarium
863 503 1017 541 imperium

196 551 228 579 in
244 552 301 579 duo
316 550 464 585 scindunt,
480 552 509 578 et
524 557 613 578 unum
632 549 799 583 Dominum,
819 550 918 577 Jesum
934 547 1017 576 Chri-

197 598 287 629 stum,
307 595 488 624 conditorem
505 594 648 628 omnium,
666 594 695 622 in
711 595 769 622 duo
785 593 929 630 principia
943 592 1016 620 divi-

196 640 281 675 dunt,
298 645 326 668 et
341 639 418 668 aliud
431 640 550 676 quidem
567 638 814 674 intelligibilibus,
831 637 908 666 aliud
922 637 1016 665 sensi-

195 684 306 713 bilibus
322 685 410 713 rebus
424 684 645 720 praeﬁciunt.At
660 683 817 719 quomodo,
829 690 879 718 per
889 681 1015 718 Bythum

194 732 224 757 et
238 730 338 765 Sigeo,
360 728 523 757 Conditoris
546 727 594 756 sui
618 728 763 755 cruciatus
788 735 845 754 non
868 732 1014 762 verentur,

195 774 242 810 qui
256 782 362 810 corpus
375 776 507 802 nostrum
522 773 592 801 mali
606 773 687 801 aiunt
697 780 762 800 esse
773 771 931 808 principii?
942 772 1016 799 Pau-

194 818 242 847 lus
262 819 338 847 enim
360 827 394 847 ex
419 819 540 847 adverso
565 818 671 846 diserte
692 818 810 850 clamat,
836 817 937 852 Corpus
958 823 1014 844 non

1075 237 1113 272 μὴ
1139 235 1221 273 μόνον
1248 236 1339 271 σώζει,
1363 235 1408 264 καὶ
1431 234 1565 276 ἄφθαρτον
1589 234 1699 273 ὕστερον
1723 238 1808 269 ποιεῖ,
1824 234 1899 262 ἀλλά

1075 279 1109 307 δι’
1129 281 1212 308 αὐτοῦ
1227 281 1331 311 καὶτὰς
1357 280 1490 316 ἑπομένας
1506 278 1596 317 ψύχάς
1622 279 1765 316 εὐεργετεῖ,
1782 279 1820 311 εἷς
1844 280 1898 314 τήν

1075 325 1173 360 ὁμοίαν
1194 325 1337 352 ἀθανασίαν
1360 324 1393 352 τὰ
1417 324 1549 352 ἒνωθέντα
1569 323 1662 355 αὐταῖς
1687 323 1802 360 σώματα
1830 324 1898 350 καθ-

1076 372 1177 403 ιστῶν;
1193 369 1285 401 Οὕτως
1311 369 1367 397 ἐστὶ
1395 369 1492 400 σκότος
1524 368 1569 396 καὶ
1599 368 1668 406 χάος
1696 368 1739 395 καὶ
1756 367 1898 407 τύφλωσις

1074 414 1228 453 λογισμῶν,
1261 414 1306 442 καὶ
1337 413 1420 450 μανία
1443 413 1488 441 καὶ
1519 413 1588 450 μέθη
1621 413 1714 450 βαθεῖα
1742 413 1760 447 ἡ
1788 411 1896 447 σπουδή

1073 462 1126 486 τῶν
1152 460 1190 490 εἰς
1209 458 1257 486 δύο
1279 459 1367 496 ἀρχὰς
1391 459 1440 494 τήν
1469 458 1530 495 μίαν
1553 458 1705 495 σχιζόντων
1727 457 1829 495 ἀρχὴν,
1849 457 1897 484 καί

1072 504 1118 532 τὸν
1151 502 1197 532 ἕνα
1227 504 1328 541 Κύριον
1357 504 1463 539 Ἰησοῦν
1491 503 1609 541 Χριστὸν
1645 502 1691 530 τὸν
1721 500 1894 540 δημιουργὸν

1074 548 1210 585 ἁπάντων,
1227 549 1265 581 εἷς
1280 548 1328 576 δύο
1347 548 1571 585 κατατεμνόντων
1585 547 1674 586 ἀρχὰς
1688 558 1694 564 ·
1710 548 1754 575 καὶ
1778 548 1827 582 τὴν
1846 547 1896 584 μὲν

1071 596 1129 625 τοῖς
1157 596 1266 629 νοητοῖς
1293 592 1470 631 ἐφιστάντων,
1498 592 1547 627 τὴν
1578 591 1607 620 δὲ
1643 594 1701 623 τοῖς
1731 591 1898 629 ὁρωμένοις.

1071 638 1160 667 Ἀλλά
1174 641 1233 670 πῶς
1254 638 1321 676 πρὸς
1347 637 1393 666 τᾶν
1409 637 1492 665 Βυθὸν
1517 637 1562 664 καὶ
1585 637 1635 671 τὴν
1658 638 1746 674 Σιγήν
1767 637 1823 673 (35)
1845 641 1898 666 τοῦ

1071 683 1198 711 Πλάστου
1218 683 1307 711 αὐτῶν
1340 682 1388 714 τὰς
1416 680 1517 713 ὠδῖνας
1546 681 1577 709 οὐ
1606 680 1798 716 καταδύονται,
1817 682 1846 709 οἱ
1879 691 1896 708 τ

1070 732 1150 766 σῶμα.
1173 730 1255 765 ἡμῶν
1282 727 1408 766 λέγοντες
1435 728 1504 755 εἶναι
1533 729 1582 755 τοῦ
1611 728 1757 764 Πονηροῦ;
1784 728 1897 764 Τρανῶς

1069 775 1121 812 γάρ
1138 774 1251 805 ἐκείνοις
1281 774 1326 801 ἀπ’
1354 773 1505 804 ἐναντίαςό
1535 771 1645 805 Παῦλος
1674 772 1749 810 βοᾷο
1778 772 1813 800 Τὸ
1844 773 1894 809 μὲν

1070 821 1149 856 σῶμα
1169 819 1200 846 οὐ
1224 821 1259 856 τῇ
1289 818 1408 856 πορνείᾳ,
1432 819 1494 853 ἣτις
1523 816 1594 846 ἐστὶν
1623 816 1702 856 ἔργον
1721 819 1771 845 τοῦ
1798 820 1895 853 Πονη-

193 863 365 897 scortationi,
382 871 446 898 quat
463 862 534 890 mali
550 870 622 898 opus
637 863 691 896 est,
711 860 757 889 sed
777 861 902 894 Domino,
917 862 942 888 et
965 860 1008 888 Do

1071 865 1130 901 ροῦ,
1159 862 1233 891 ἀλλά
1260 865 1300 899 τῷ
1330 862 1431 900 Κυρίῳ,
1457 863 1502 890 καὶ
1531 862 1546 889 ὁ
1577 862 1675 899 Κύριος
1702 863 1743 898 τῷ
1771 862 1894 899 σώματι.

193 908 287 936 minus
309 908 416 943 corpori
428 907 448 935 ⁸.
478 907 627 939 Quomodo
656 906 734 933 enim
762 907 896 933 creatura
923 904 1015 932 hostis

193 952 311 980 omnino
328 954 423 987 potest
437 959 499 979 esse
519 950 658 979 Domini?
672 950 744 983 Quid
766 958 833 978 vero
848 950 935 977 refert
951 957 1014 976 mo-

172 1007 174 1013 π
193 1004 270 1029 nere,
286 996 361 1024 illud
384 995 552 1024 seortationi
576 1003 634 1023 non
659 994 834 1022 tradendum
856 1001 929 1028 esse,
945 1001 1013 1022 cum

192 1047 242 1076 per
257 1048 289 1068 se
304 1040 414 1067 malum
430 1039 479 1073 sit,
494 1041 522 1067 et
541 1039 610 1067 mali
633 1038 768 1074 principii
787 1046 871 1073 opus,
888 1039 917 1066 et
932 1046 1012 1073 pror-

192 1092 243 1113 sus
259 1092 276 1112 a
301 1084 451 1112 voluntate
465 1091 498 1111 ac
523 1082 667 1111 creatione
691 1082 741 1110 Dei
763 1082 915 1111 alienum?
941 1082 1012 1110 Cum

191 1129 282 1163 enim,
298 1129 375 1165 quod
392 1130 530 1163 apostata:
547 1127 588 1155 illi
607 1127 720 1160 volunt,
737 1134 841 1162 corpus
862 1128 891 1154 et
906 1126 1012 1154 forma-

189 1173 280 1207 tione,
305 1175 334 1200 et
358 1176 461 1200 natura
475 1176 502 1199 et
517 1172 630 1208 legibus
654 1172 761 1199 malum
787 1172 835 1205 sit,
862 1178 1012 1206 nunquam

191 1218 311 1247 omnino
326 1218 442 1246 Domini
459 1217 588 1250 exsistet,
606 1224 699 1252 neque
720 1216 880 1252 quidquam
897 1217 1010 1251 referet,

191 1266 289 1290 utrum
314 1261 481 1290 scortationi
496 1270 525 1289 se
550 1262 646 1295 dedat,
662 1270 698 1288 an
716 1261 826 1288 minus.
842 1261 907 1288 Sive
932 1260 1008 1288 enim

190 1306 233 1334 illi
257 1305 419 1340 indulserit,
443 1306 503 1333 sive
528 1306 636 1340 minus,
654 1305 792 1341 utrinque
818 1313 874 1333 non
899 1304 1011 1333 desinet

190 1358 255 1380 esse
275 1350 450 1386 improbum,
465 1352 494 1378 et
510 1349 579 1377 mali
604 1349 740 1386 principii
760 1357 845 1383 opus.
861 1349 1010 1384 Perpende

189 1403 255 1424 vero
275 1397 303 1423 et
319 1395 372 1423 hoc
385 1403 392 1422 :
408 1395 438 1423 Si
451 1403 557 1431 corpus
571 1396 616 1423 est
629 1397 762 1422 creatura
772 1394 853 1428 mali,
864 1394 1010 1430 quomodo

190 1440 226 1473 is,
247 1440 299 1476 qui
321 1439 397 1468 malo
422 1442 540 1468 strenue
561 1447 591 1467 se
610 1439 739 1475 opponit,
766 1441 794 1466 et
817 1447 869 1475 pro
892 1439 1011 1466 veritate

190 1484 320 1518 dimicat,
336 1486 470 1513 sanctum
487 1483 558 1511 illud
574 1483 724 1520 appellat?
738 1484 795 1511 Non
815 1485 901 1517 nupta
922 1491 1007 1518 enim,

189 1530 297 1566 inquit,
312 1532 390 1558 curat
404 1537 464 1566 quae
478 1533 542 1557 sunt
558 1529 679 1564 Domini,
694 1531 723 1556 ut
738 1529 773 1557 sit
787 1533 883 1557 sancta
897 1536 1009 1564 corpore

189 1578 216 1603 et
235 1575 338 1612 spiritu
352 1574 373 1602 ⁸.
391 1575 420 1603 Si
436 1583 502 1603 vero
519 1582 624 1611 corpus
640 1577 772 1602 sanctum
789 1576 843 1607 est,
867 1574 945 1602 unde
967 1575 1011 1601 est

190 1620 300 1649 malum
311 1619 325 1647 (δ’
339 1623 366 1648 et
382 1620 459 1648 unde
475 1621 519 1647 est
533 1627 607 1655 opus
631 1619 790 1647 conditoris
813 1618 882 1646 mali
894 1619 908 1646 ‘2
928 1618 1010 1646 Mala;

190 1665 309 1701 quidem
325 1664 461 1699 actiones,
479 1672 543 1700 qua:
560 1666 723 1692 creaturam
745 1663 813 1692 boni
830 1663 880 1690 Dei
900 1662 1010 1690 adulte-

190 1711 268 1744 rant,
283 1708 432 1737 vindicant
456 1708 527 1736 illud
553 1710 582 1736 et
607 1708 763 1735 obnoxium
789 1707 900 1735 faciunt
922 1706 1009 1734 malo.

190 1754 289 1786 Quoad
306 1761 371 1781 vero
387 1753 463 1781 intra
478 1753 555 1788 leges
571 1752 729 1780 conditoris
744 1759 774 1779 se
794 1751 931 1785 continet,
949 1759 1011 1779 ma-

190 1799 236 1835 gis
250 1799 280 1826 id
305 1798 422 1834 quidem
446 1797 522 1825 valet
546 1797 582 1825 ad
609 1797 860 1824 averruncandum
887 1795 1009 1829 malum,

190 1851 280 1879 quam
296 1842 393 1870 malus
409 1842 443 1870 ad
460 1841 532 1869 illud
548 1840 604 1869 sibi
618 1841 844 1876 subjiciendum.

225 1888 262 1916 Χ.
279 1888 359 1921 Quod
385 1889 481 1922 itaque
505 1894 556 1914 nec
573 1886 669 1914 dicere
692 1894 744 1914 nec
769 1885 881 1921 opinari
897 1885 940 1913 fas
960 1885 1008 1919 sit,

190 1934 247 1961 duo
263 1940 355 1969 eaque
369 1931 426 1960 sibi
446 1931 569 1959 invicem
589 1931 722 1967 opposita
742 1930 885 1967 principia
899 1930 962 1958 dari
978 1930 1009 1957 in

189 1978 235 2014 iis,
250 1986 372 2015 quorum
397 1976 530 2006 voluntas
550 1976 580 2004 in
604 1984 635 2004 se
659 1976 751 2004 libera
774 1975 918 2003 illecebris
942 1973 1008 2003 mali

188 2032 245 2052 non
262 2023 395 2058 subjecta
408 2024 463 2056 est,
480 2022 594 2050 abunde
611 2023 681 2057 puto
696 2022 887 2056 disputatum.
901 2021 1009 2056 Expen-

187 2069 293 2096 damus
304 2076 369 2096 vero
385 2075 461 2095 nunc
477 2066 600 2094 alterum
618 2066 783 2101 apostaticm
805 2065 941 2093 doctrinae
957 2074 1005 2094 ca-

186 2114 248 2147 put,
261 2112 335 2147 quod
350 2111 468 2146 quidem
479 2111 509 2138 in
524 2110 725 2145 superioribus
735 2112 821 2138 etiam
836 2118 892 2138 non
905 2110 1005 2138 leviter

185 2165 237 2185 nec
252 2156 446 2192 perfunctorie
465 2155 519 2182 sub
534 2162 653 2182 examen
674 2157 805 2182 vocatum
820 2160 846 2181 et
867 2155 1004 2182 condcm-
1019 2168 1042 2199 D

183 2203 285 2230 natum
301 2203 356 2229 est.
382 2200 437 2228 Sed
454 2199 496 2226 vel
513 2199 554 2227 sic
574 2207 608 2226 ex
629 2199 730 2226 eadem
756 2199 903 2233 Scriptura
921 2207 1003 2226 sacra

182 2246 276 2275 eidem
301 2245 425 2273 ulterius
446 2244 628 2278 subjiciatur.
655 2243 771 2278 Paulus,
796 2244 844 2279 qui
874 2244 1001 2279 seipsum

180 2291 237 2320 Deo
255 2291 371 2327 penitus
388 2288 577 2323 consecravit,
594 2288 672 2316 clara
695 2296 762 2316 voce
779 2289 884 2316 clamat
903 2297 908 2315 ι
933 2290 1003 2316 Num

213 2346 226 2364 ⁵
239 2347 252 2375 Ι
266 2347 329 2376 Cor.
346 2354 389 2381 ιιι,
405 2345 449 2374 13.
487 2346 498 2363 ⁶
514 2344 523 2372 l
540 2346 602 2373 Cor.
619 2353 669 2378 vn,
685 2345 729 2372 34.

1070 908 1132 939 ΙΙῶς
1149 907 1201 946 γὰρ
1225 909 1273 935 τοῦ
1296 907 1413 944 Ἐχθροῦ
1432 907 1464 934 τὸ
1486 905 1599 942 πλάσμα
1624 904 1733 933 δύναται
1755 905 1829 937 ὅλως
1844 909 1895 934 τοῦ

1070 952 1169 990 Κυρίου
1186 951 1272 986 sint;
1297 951 1327 978 Τί
1348 949 1377 978 δὲ
1399 949 1440 978 δεῖ
1462 950 1551 988 λέγειν
1580 950 1618 987 μὴ
1640 948 1791 978 ἀνατιθέναι
1810 953 1894 978 τοῦτο

1067 998 1102 1033 τῇ
1118 996 1240 1034 πορνείᾳ,
1264 995 1329 1023 αὖτὸ
1344 996 1403 1023 καθ’
1427 995 1507 1023 ἑαυτὸ
1530 995 1650 1032 πονηρὸν
1676 994 1717 1030 ὃν,
1741 996 1785 1023 καὶ
1810 1006 1896 1031 πονη-

1069 1042 1116 1078 ρᾶς
1139 1040 1229 1079 ἀρχῆς
1256 1038 1466 1078 δημιούργημα,
1496 1038 1541 1066 καὶ
1563 1038 1702 1070 παντελῶς
1732 1039 1889 1077 ἀλλότριον¹

1066 1085 1112 1113 καὶ
1126 1087 1175 1112 τοῦ
1191 1084 1347 1121 θελήματος
1361 1085 1406 1111 καὶ
1421 1087 1471 1119 τῆς
1486 1082 1613 1115 πλάσεως
1636 1085 1684 1112 τοῦ
1701 1086 1787 1119 Θεοῦ;
1812 1084 1892 1112 Πλά-

1067 1140 1107 1157 σει
1121 1129 1173 1167 γὰρ
1188 1129 1233 1156 καὶ
1248 1129 1346 1166 νόμοις
1361 1129 1392 1156 τὸ
1415 1131 1506 1165 σῶμα,
1522 1129 1559 1161 ὡς
1582 1130 1600 1163 ἡ
1625 1128 1775 1157 ἀποστασία
1790 1129 1893 1166 βούλε-

1066 1185 1121 1208 ται,
1141 1174 1260 1212 πονηρὸν
1285 1173 1410 1211 ὑπάρχον
1427 1174 1478 1201 οὐκ
1500 1172 1531 1200 ἂν
1557 1172 1604 1210 μέν
1625 1184 1693 1202 ποτε
1718 1174 1826 1211 γένοιτο
1840 1176 1892 1202 τοῦ

1066 1218 1165 1255 Κυρίου
1181 1229 1188 1236 ·
1213 1218 1340 1256 πορνείας
1357 1217 1385 1245 δὲ
1410 1217 1542 1255 γενέσθαι,
1562 1218 1576 1253 ἢ
1599 1218 1637 1255 μή
1661 1218 1785 1256 γενέσθαι
1808 1217 1891 1246 οὐδὲν

1066 1262 1174 1299 διοίσει,
1199 1262 1260 1291 Εἴτε
1284 1263 1336 1300 γὰρ
1361 1262 1557 1300 ἐξεπόρνευσεν,
1581 1262 1635 1289 εἴτε
1655 1264 1710 1299 (36)
1736 1263 1785 1299 μή,
1811 1262 1892 1291 οὐδὲν

1064 1309 1145 1343 ἦττον
1161 1308 1213 1335 οὐκ
1231 1308 1375 1348 ἀφίσταται
1391 1309 1440 1335 τοῦ
1460 1308 1578 1345 πονηρὸν
1602 1306 1683 1344 εἶναι,
1698 1308 1741 1335 καὶ
1765 1310 1890 1346 πονηρᾶς

1065 1352 1267 1391 δημιούργημα
1290 1353 1391 1390 ἀρχῆς.
1414 1352 1570 1380 Ἐπισκόπει
1593 1351 1621 1379 δὲ
1641 1352 1686 1380 καὶ
1711 1351 1773 1380 ὧδε.
1799 1352 1834 1380 Εἴ
1856 1354 1890 1381 τὸ

1067 1400 1147 1434 σῶμα
1162 1397 1275 1434 πλάσμα
1289 1399 1337 1424 τοῦ
1352 1395 1487 1434 Πονηροὺ,
1503 1398 1561 1428 πῶς
1582 1397 1595 1424 ὁ
1687 1398 1738 1424 τοῦ
1759 1399 1889 1434 Πονηροῦ

1067 1441 1200 1480 λαμπρῶς
1219 1444 1457 1480 καταστρατηγῶν,
1476 1441 1521 1469 καὶ
1544 1444 1594 1476 τῆς
1618 1440 1745 1477 ἀληθείας
1767 1441 1890 1479 ὕπερμα-

1065 1489 1123 1524 χῶν
1139 1487 1215 1525 ἅγιον
1241 1486 1306 1514 αὐτὸ
1330 1485 1429 1520 καλεῖς
1448 1486 1480 1514 Ἡ
1505 1485 1611 1524 ἄγαμος
1633 1486 1694 1524 γάρ,
1719 1487 1813 1523 φησὶν,
1836 1497 1889 1524 με-

1065 1534 1149 1569 ριμνᾷ
1176 1533 1210 1560 τά
1241 1533 1290 1559 τοῦ
1321 1530 1430 1568 Κυρίου,
1466 1529 1512 1558 ’ίνα
1539 1530 1557 1568 ᾗ
1594 1530 1655 1569 ἁγία
1692 1531 1736 1559 καὶ
1777 1532 1888 1568 σώματι

1064 1576 1109 1603 καὶ
1124 1576 1268 1612 πνεύματι.
1290 1574 1321 1603 Εἴ
1338 1573 1366 1602 δὲ
1381 1575 1458 1613 ἅγιον
1476 1575 1508 1602 τὸ
1532 1576 1623 1611 σῶμα,
1639 1575 1720 1602 πόθεν
1744 1576 1886 1613 πονηρόν;

1064 1621 1110 1648 καὶ
1130 1620 1210 1648 πόθεν
1225 1618 1302 1658 ἔργον
1327 1618 1510 1657 δημιουργίας
1536 1622 1676 1657 πονηρᾶς;
1704 1620 1815 1657 Πράξεις
1841 1621 1892 1657 μὲν

1064 1666 1116 1703 γὰρ
1132 1665 1261 1703 πονηραὶ,
1284 1662 1497 1699 κιϐδηλεύουσαι
1519 1664 1551 1692 τὸ
1575 1663 1690 1701 πλάσμα
1712 1667 1759 1692 τοῦ
1782 1665 1891 1704 ἀγαθοῦ

1065 1712 1143 1745 Θεοῦ,
1164 1709 1310 1737 οἰκειοῦσιν
1334 1708 1399 1736 αὐτὸ
1415 1709 1458 1737 καὶ
1486 1709 1666 1736 ὑποτάττουσι
1690 1711 1730 1745 τῷ
1756 1712 1890 1747 Πονηρῷ.

1066 1754 1107 1781 Ἐν
1123 1752 1151 1781 δὲ
1166 1756 1224 1784 τοῖς
1238 1754 1333 1790 νόμοις
1356 1755 1404 1780 τοῦ
1420 1752 1544 1781 πλάστου
1568 1752 1783 1791 διατηρούμενον
1806 1754 1891 1792 ἶσχῦν

1064 1796 1123 1836 ἔχει
1147 1798 1254 1835 μᾶλλον
1279 1796 1387 1826 διώκειν
1407 1798 1452 1826 τὸν
1476 1798 1610 1836 Πονηρὸν,
1635 1797 1698 1826 ἀλλ’
1728 1799 1778 1826 οὐκ
1804 1799 1890 1831 αὐτὸς

1065 1843 1150 1871 ἐκεῖνο
1166 1842 1363 1880 δουλαγωγεῖν.

1100 1889 1127 1917 l'.
1144 1887 1232 1917 Ἀλλά
1246 1887 1298 1925 γὰρ
1314 1887 1356 1915 ὅτι
1383 1887 1430 1924 μὶν
1445 1886 1498 1925 οὐχ
1514 1887 1573 1915 οἷόν
1591 1888 1621 1915 τὲ
1641 1887 1698 1916 ἐστι
1717 1886 1779 1916 οὔτε
1800 1888 1892 1927 λέγειν

1064 1932 1125 1961 οὔτε
1153 1935 1261 1972 φρονεῖν
1289 1931 1337 1959 δύο
1366 1931 1411 1959 καὶ
1438 1934 1535 1963 ταῦτας
1570 1933 1758 1969 ἀντικειμένας
1787 1932 1888 1972 ἀρχὰς,

1064 1979 1104 2009 οἷς
1121 1979 1152 2005 τὸ
1175 1977 1343 2012 αὐτεξούσιον
1370 1975 1528 2004 ἀδούλωτον
1545 1976 1619 2014 μένει
1640 1981 1698 2009 τοῖς
1721 1979 1815 2006 πάθεσι
1836 1982 1889 2007 τοῦ

1062 2023 1193 2060 Ἐχθροῦ,
1210 2022 1396 2059 ἀποχρώντως
1426 2023 1504 2058 οἶμαι
1532 2022 1578 2049 τὸν
1612 2021 1699 2060 λόγον
1727 2021 1886 2058 διεξελθεῖν.

1063 2066 1289 2102 Ἐπισκεψώμεθα
1317 2064 1346 2093 δὲ
1374 2065 1418 2093 καὶ
1446 2066 1477 2093 τὸ
1511 2064 1601 2104 ἕτερον
1628 2068 1679 2103 τῆς
1715 2068 1887 2100 ἀποστασίας

1061 2110 1153 2147 μέρος,
1170 2110 1184 2137 ὃ
1201 2108 1301 2137 δέδωκε
1318 2110 1365 2147 μὲν
1391 2110 1437 2138 καὶ
1452 2110 1518 2138 αὐτὸ
1539 2109 1590 2140 διὰ,
1602 2114 1656 2139 τῶν
1672 2113 1885 2150 προειρημένων

1059 2154 1089 2181 οὐ
1113 2154 1238 2191 μεμπτὰς
1264 2154 1340 2190 οἶμαι
1361 2153 1423 2182 οὐδὲ
1444 2154 1577 2192 βραχείας
1600 2155 1646 2187 τάς
1666 2155 1786 2187 εὐθύνας.
1803 2156 1886 2192 Πλὴν

1057 2198 1102 2226 καὶ
1126 2200 1171 2226 νῦν
1202 2197 1247 2226 διά
1276 2202 1325 2234 τῆς
1350 2198 1435 2234 αὐτῆς
1463 2198 1618 2237 ἱερολογίας
1645 2200 1809 2228 ἀπαιτείσθω
1836 2203 1886 2230 καὶ

1056 2243 1104 2275 τὰς
1118 2242 1295 2281 λειπομένας.
1322 2242 1431 2275 Παῦλος
1451 2244 1465 2271 ὁ
1490 2245 1550 2271 καθ’
1566 2245 1681 2280 ἑκάστην
1702 2245 1796 2273 ἑαυτὸν
1821 2246 1883 2284 ἱερ-

1058 2298 1164 2325 ουργων
1180 2290 1220 2325 τῷ
1240 2290 1298 2324 Θεῷ
1324 2286 1471 2326 διαπρυσίᾳ
1495 2288 1546 2327 βοᾷ
1569 2291 1603 2326 τῇ
1628 2291 1715 2328 φωνῇ.
1741 2291 1786 2326 Μή
1811 2292 1886 2319 κατὰ

762 2389 878 2418 VARI/ii
899 2390 1089 2419 LECTIONES
1108 2390 1152 2418 ET
1172 2389 1289 2419 NOT/E.

297 2445 369 2480 Πρὸς
396 2444 443 2473 τὸν
474 2444 556 2472 Βυθὸν
584 2443 628 2471 καὶ
654 2444 703 2478 τήν
733 2443 826 2480 Σιγήν.
852 2444 939 2471 Erunt
969 2444 997 2471 lii

297 2455 320 2474 ll
339 2455 369 2476 ος
396 2455 443 2473 τον
474 2455 556 2472 υυυον
584 2455 628 2471 και
654 2455 703 2478 την
733 2455 826 2480 ιιγην.
853 2455 939 2471 mrum
970 2455 995 2471 ιιι

421 2481 632 2519 qonibuqquos
643 2480 792 2519 fingebant
801 2479 995 2519 Valentiniani

233 2515 509 2551 liﬂihahebaat
523 2524 531 2545 :
546 2515 622 2545 inter
637 2515 780 2545 eos’enim
802 2516 927 2551 primum
945 2516 994 2542 ob-

397 2553 489 2590 :ptjtta
502 2554 536 2590 ut
555 2552 652 2590 prima
666 2551 788 2590 autgth
801 2551 837 2578 ab
858 2551 930 2590 ipsis
945 2559 995 2578 vo—

396 2586 479 2623 Ιιιδιῖῄ
488 2586 806 2623 siveProfundo,Patris
816 2597 823 2621 ;
836 2589 855 2613 Σ
862 2588 904 2623 ιγῇ
918 2595 992 2618 vero,

508 2622 616 2653 nomen
641 2624 759 2652 ferente.
783 2622 854 2650 Vide
875 2622 948 2650 banc
964 2623 993 2649 in

505 2661 532 2697 ρ.
547 2659 631 2697 tam
641 2667 655 2697 ;_
664 2658 778 2697 st‘alios
789 2666 825 2697 ex
834 2658 992 2697 veteribus,

503 2693 781 2730 mwteleriusﬁn
789 2694 871 2722 Notis
878 2695 911 2722 ad
920 2696 990 2721 tom.

517 2729 715 2767 meum
734 2738 763 2767 p.
779 2730 851 2767 267;
869 2739 900 2757 ac
924 2730 991 2757 Gui-

578 2765 989 2803 WCehum,p.78;

659 2794 791 2839 ﬂium:
795 2809 851 2839 fry,
863 2794 894 2830 in
898 2794 989 2838 Ἀρραί

1052 2446 1115 2471 ratu
1126 2443 1160 2472 ad
1169 2443 1365 2472 Bibliotheca»:
1375 2444 1528 2472 maximam
1534 2445 1659 2479 Patrum,
1669 2447 1741 2473 tom.
1756 2445 1878 2480 It,diss.

1052 2488 1072 2513 1,
1087 2488 1116 2516 p.
1133 2480 1167 2506 77
1183 2488 1263 2515 seqq.
1280 2481 1335 2507 Per
1350 2480 1456 2508 borum
1472 2489 1539 2508 vero
1564 2481 1875 2512 commemorationem

1051 2515 1114 2556 hoc.
1130 2515 1192 2543 loco
1221 2518 1325 2556 tactam
1345 2515 1453 2556 _inn_uit
1481 2514 1594 2556 Noster,
1610 2516 1877 2556 vel__Paulicianos,

1051 2553 1152 2579 contra
1167 2559 1239 2586 quos
1255 2551 1395 2586 disputat,
1410 2551 1471 2579 haec
1490 2552 1611 2580 nomine.
1626 2561 1643 2581 a
1658 2551 1876 2583 Valentinianis

1050 2587 1213 2628 adoptasse,
1222 2586 1266 2614 vel
1273 2587 1435 2628 comparari
1443 2587 1501 2615 duo
1509 2588 1793 2628 ipsorum_prin_cipia
1803 2597 1875 2618 cum

1048 2622 1095 2664 his
1111 2622 1225 2664 illorum
1251 2623 1498 2664 monibusposse,
1521 2622 1817 2664 quemadmodumet
1841 2626 1877 2664 in

1048 2658 1112 2686 aliis
1127 2658 1271 2694 capitibus
1293 2658 1358 2687 illos
1384 2658 1544 2687 imitentur.
1560 2660 1665 2688 Confer
1689 2660 1764 2688 Petri
1781 2660 1878 2690 Siculi

1046 2693 1243 2730 Narratione»:
1256 2693 1290 2721 de
1299 2694 1469 2730 Mauichazis,
1481 2695 1570 2730 p.7q42.

1083 2730 1139 2771 (36)
1155 2728 1228 2758 Εἴτε.
1252 2730 1296 2771 ita
1311 2730 1415 2766 scripsi
1431 2728 1489 2767 pro‘
1504 2728 1564 2766 ἥτε,
1585 2732 1662 2768 quod
1683 2739 1733 2768 per
1756 2731 1875 2763 librarii

1046 2767 1184 2793 mendum
1201 2767 1262 2793 erat
1277 2767 1306 2793 in
1321 2774 1377 2794 ms.

1079 2801 1135 2837 (37)
1151 2803 1189 2829 '0.
1207 2802 1254 2830 Sic
1269 2801 1332 2838 lego
1348 2810 1400 2839 pro
1416 2802 1458 2836 τό,
1475 2803 1551 2840 quod
1566 2802 1695 2833 habebat
1710 2812 1764 2833 ms.
