4074 6208
273 373 387 432 141
1357 373 1667 435 CONTRA
1714 377 2176 440 MANICH/EOS
2224 381 2448 442 LIBER
2494 384 2601 445 III.
3564 401 3680 461 142

269 500 558 576 ἄνθρωπον
590 507 761 559 ταῦτα
809 503 1012 574 λαλῶ;
1063 503 1098 574 ἢ
1141 503 1274 580 οὐχὶ
1330 507 1419 561 καὶ
1467 506 1494 560 ὁ
1543 507 1715 580 νόμος
1752 513 1880 564 ταῦτ

1992 553 2006 580 ι
2034 515 2331 570 secundum
2361 516 2636 574 hominem
2663 520 2782 578 hac
2812 523 3046 595 loquor?
3083 527 3162 582 vel
3189 543 3374 586 nonne
3397 531 3582 603 potius
3627 539 3681 590 et

267 591 458 668 λέγει;
489 597 556 650 Ὅ
584 593 711 650 ’ἶσον
753 591 892 652 ἐστί.
939 596 1028 664 Μὴ
1081 593 1373 669 λογισμοῖς
1417 596 1704 670 ἄνθρωπον
1751 599 1880 676 ἆσφσ

2034 601 2123 657 (ex
2179 605 2285 661 ista
2329 609 2540 676 profert
2571 607 2638 662 7‘?
2685 611 2846 674 Quod
2874 591 3046 669 tidem
3089 619 3179 672 est
3219 633 3285 672 ac
3327 591 3676 678 si.diceret:

267 680 497 756 λὶζομεν
527 685 592 739 τὸ
637 682 822 760 ῥηθὲν,
876 683 911 753 ἢ
959 683 1087 758 οὐχὶ
1135 683 1225 738 καὶ
1283 685 1432 748 θείας
1481 682 1594 740 ἐστὶ
1643 686 1730 741 καὶ
1788 688 1880 742 ὑπέ

2031 691 2183 746 Num
2215 694 2534 751 ratiociniis
2564 696 2870 754 hominum
2903 701 3061 758 dicta
3101 705 3543 776 conﬁrmamus,
3577 727 3681 768 nec

272 774 554 850 ἄνθρωπον
615 773 941 847 νομοθεσίας
1021 774 1082 828 τὸ
1154 773 1618 847 προτεινόμενονς
1680 776 1780 830 Καὶ
1839 798 1880 832 τι

2037 781 2224 871 potius
2241 784 2604 855 pr0positum
2621 794 3029 859 argumentum
3056 793 3264 850 divinae
3285 801 3341 852 et
3364 773 3679 871 plusquam

274 867 444 918 ταῦτα
497 864 860 937 τεθεώρηκεν,
920 862 1077 926 αὐτὸς
1155 863 1460 941 σαφηνίζει*
1543 865 1626 920 Ἐν
1682 866 1783 939 γὰρ
1844 887 1880 920 τη

2036 868 2302 927 humanae
2334 872 2478 946 legis
2510 875 2644 932 est?
2675 878 2814 942 Quis
2846 895 2977 935 vero
3008 881 3109 938 illa
3139 862 3536 958 constituerit,
3559 889 3683 960 ipse

275 951 514 1015 Μωσέως
570 954 730 1026 νόμῳ
779 951 1098 1029 γέγραπται,
1140 952 1295 1029 φησὶ,
1357 953 1433 1010 Οὐ
1481 954 1746 1026 φιμώσεις
1796 957 1880 1030 βοῐ

2035 961 2289 1028 exponit,
2357 963 2418 1017 In
2465 965 2622 1020 Mosis
2667 969 2815 1022 enim
2871 969 3008 1040 lege,
3054 970 3352 1042 inquiens,
3412 951 3681 1049 scriptum

269 1040 547 1098 ἀλοῶντα.
615 1040 715 1097 Καὶ
779 1044 950 1097 ταῦτα
1033 1041 1200 1097 εἰπὼν
1296 1040 1559 1119 ἐπιφέρειο
1657 1044 1746 1111 Μή
1812 1050 1880 1098 τιῖ

2032 1056 2110 1103 est
2140 1066 2158 1102 :
2190 1051 2306 1105 Non
2337 1052 2622 1109 obturabis
2661 1071 2718 1110 os
2772 1056 2900 1112 bovi
2953 1040 3246 1116 trituranti
3273 1061 3316 1118 8.
3341 1040 3498 1122 illaec
3523 1040 3682 1124 ’νει-ο

269 1132 414 1205 βοῶν
450 1131 609 1205 μέλει
638 1136 717 1204 τῷ
746 1136 907 1204 Θεῷ;
938 1132 1107 1187 Τίνων
1139 1129 1196 1187 δὲ
1229 1130 1444 1204 μᾶλλον
1492 1131 1668 1204 μὲλει,
1709 1131 1880 1188 δεικνὺ

2032 1138 2281 1196 offerens
2329 1142 2682 1214 subjungit:
2731 1146 2873 1202 Num
2921 1147 3079 1202 boves
3139 1166 3296 1208 cura:
3343 1159 3473 1209 sunt
3523 1157 3626 1212 Deo
3655 1158 3684 1211 ?

263 1220 479 1298 ἐπάγει.
523 1224 602 1276 Δι’
653 1223 801 1294 ἡμᾶς
841 1221 942 1295 γὰρ
990 1222 1207 1284 πάντως
1259 1220 1430 1296 λέγει,
1506 1223 1592 1277 καὶ
1655 1219 1724 1276 δι’
1771 1225 1880 1296 ἡμᾶ

2030 1224 2282 1287 Quorum
2347 1245 2479 1285 vero
2537 1231 2821 1302 potiorem
2881 1251 3080 1291 curam
3136 1243 3287 1308 agat,
3337 1245 3680 1301 ostensurus

256 1311 498 1386 ἐγράφη.
570 1313 733 1366 Ὥστε
784 1311 964 1365 κοινὸν
1011 1312 1072 1364 τὸ
1125 1307 1303 1386 δόγμα
1348 1311 1410 1365 τὸ
1459 1308 1510 1364 ἐν
1576 1314 1645 1384 τῇ
1705 1309 1880 1366 ΙΙαλαι

2029 1314 2192 1369 addit
2225 1331 2238 1371 :
2286 1320 2523 1388 Propter
2550 1337 2646 1376 nos
2675 1322 2900 1378 omnino
2931 1325 2990 1380 id
3017 1307 3187 1396 dicit,
3213 1307 3281 1383 et
3314 1339 3537 1402 propter
3579 1350 3680 1390 nos

255 1395 542 1454 διαϐαῖνον
575 1401 670 1454 καὶ
698 1399 1125 1474 πολιτευόμενον
1177 1401 1267 1455 καὶ
1317 1399 1371 1455 ἐν
1414 1403 1482 1475 τῇ
1535 1401 1744 1475 χάριτι.
1790 1401 1879 1457 Εἷτ

2025 1402 2294 1474 scriptum
2322 1409 2418 1462 est.
2454 1410 2654 1480 Itaque
2691 1411 3023 1467 communis
3046 1395 3437 1486 doctrinatest',
3470 1434 3596 1490 quis
3625 1429 3679 1478 et

250 1491 348 1558 τήν
405 1490 649 1567 φύσικήν
703 1489 1011 1563 ὁμοιότητα
1057 1491 1195 1565 πρὸς
1240 1490 1331 1545 τὸν
1383 1492 1595 1566 Πατέρα
1642 1495 1738 1546 τοῦ
1789 1492 1915 1546 Υἱοὖ

249 1578 339 1632 καὶ
369 1579 436 1632 τὸ
468 1576 898 1652 ἀπαράλλακτον
943 1576 1237 1650 ὑποδηλῶν
1284 1578 1344 1636 ἐκ
1379 1587 1483 1650 τῆς
1519 1584 1630 1636 τῶν
1679 1583 1913 1654 νομοθε-

246 1669 529 1738 τηθέντων
597 1669 956 1740 ὁμοιότητος,
1057 1671 1280 1742 Ὥσπερ,
1367 1671 1522 1749 φησί,
1600 1670 1910 1747 προσετάγη

247 1757 382 1820 τοὺς

251 1848 570 1922 σιαστηρίῳ
661 1847 1106 1922 συμμερίζεσςαι·

255 1938 586 2009 προσέταξεν
660 1937 788 1998 τοὺς
884 1938 948 1992 τὸ
1044 1936 1374 2015 Εὗαγγέλιον
1439 1937 1910 2014 καταγγέλλοντας

249 2024 318 2080 ἐκ
388 2030 484 2080 τοῦ
541 2024 873 2102 Εὖαγγελίου
934 2030 1054 2101 ζῇν,
1102 2031 1364 2082 τοσοῦτον
1423 2025 1624 2103 ἐπάρας
1681 2029 1772 2084 τὸν
1816 2030 1908 2083 νό-

245 2135 376 2188 μον,
415 2110 507 2170 ἅτε
539 2112 605 2183 δὴ
635 2121 732 2171 τοῦ
765 2116 976 2191 Πατρὸς
1017 2111 1164 2186 ὄντα,
1208 2117 1281 2174 ὡς
1331 2115 1424 2170 καὶ
1462 2117 1556 2172 τὸν
1607 2118 1729 2172 Υἱὸν
1772 2119 1907 2172 κατὰ

237 2205 487 2277 μίμησιν
572 2203 778 2259 ἐκείνου
841 2204 911 2260 τὰ
963 2206 1355 2282 προστάγματα
1447 2207 1730 2282 προάγειν.
1800 2207 1905 2276 Τὴν

231 2292 531 2368 συνάφειαν
593 2291 652 2348 δὲ
687 2292 855 2349 πάλιν
907 2295 996 2349 καὶ
1052 2293 1364 2370 συγγένειαν
1416 2299 1514 2350 τοῦ
1570 2294 1744 2367 νόμου
1800 2295 1890 2350 καὶ

225 2389 331 2452 τῆς
393 2384 634 2458 χάριτος
679 2380 770 2438 ἐπὶ
817 2380 986 2438 πλέον
1031 2383 1408 2458 τρανολογῶν,
1451 2384 1524 2440 Οὐ
1570 2383 1713 2440 θὲλω
1760 2385 1900 2458 ὑμᾶς

225 2472 474 2547 ἀγνοεῖν,
558 2473 743 2550 φησὶν,
808 2470 1061 2551 ἀδελφοὶ,
1147 2472 1232 2528 ὅτι
1311 2473 1362 2528 o't
1428 2473 1653 2548 πατὲρες
1737 2477 1901 2547 ἡμῶν

225 2564 434 2624 πάντες
507 2561 616 2616 ὑπὸ
694 2563 794 2630 τήν
881 2561 1114 2636 νεφέλην
1192 2563 1348 2632 ἦσαν,
1408 2564 1494 2618 καὶ
1562 2567 1752 2626 παντες
1809 2561 1898 2618 διὰ

223 2658 330 2721 τῆς
393 2648 684 2720 Θαλάσσης
743 2647 992 2721 διῆλθον,
1047 2651 1139 2706 καὶ
1205 2653 1404 2715 πάντες
1458 2651 1535 2716 εἷς
1583 2653 1674 2708 τὸν
1736 2659 1898 2711 Maii)-

229 2749 328 2812 σῆν
387 2738 830 2811 ἐϐαπτίσθησαν,
895 2740 946 2796 ἐν
1003 2746 1074 2816 τῇ
1125 2740 1320 2820 νεφέλῃ
1389 2742 1480 2798 καὶ
1559 2743 1610 2796 ἐν
1683 2745 1751 2815 τῇ
1806 2744 1897 2799 θα-

225 2831 441 2907 λάσσῃ,
507 2832 602 2887 καὶ
671 2832 867 2892 πάντες
923 2831 986 2885 τὸ
1050 2830 1180 2886 αὐτὸ
1271 2831 1466 2906 βρῶμα
1530 2831 1892 2904 πνευματικὸν

211 2920 454 2998 ἔφαγον,
531 2922 623 2976 καὶ
696 2921 886 2981 πάντες
957 2921 1020 2974 τὸ
1085 2919 1220 2974 αὐτὸ
1302 2919 1454 2992 πόμα
1520 2921 1884 2994 πνευματικὸν

203 3007 385 3067 ἔπιον.
435 3012 542 3072 Δός
585 3031 680 3084 μοι
737 3006 932 3064 λοιπὸν
964 3007 1188 3064 ἐνταῦθα
1215 3009 1278 3063 τὸ
1311 3009 1409 3064 οὐκ
1455 3008 1734 3084 ἐλεύθερον
1780 3017 1879 3080 τῆς

203 3099 491 3176 βακχείας
551 3103 648 3154 τοῦ
706 3100 964 3173 Ἐχθροῦ·
1048 3099 1274 3152 Ἔπινον
1356 3099 1479 3173 γὰρ,
1571 3098 1758 3175 φησὶν,
1819 3099 1879 3154 ἐκ

196 3191 595 3262 πνευματικῆς
663 3186 1074 3256 ἀκολουθούσης
1157 3187 1376 3261 πέτρας.
1465 3188 1527 3244 Ἡ
1595 3184 1653 3242 δὲ
1707 3187 1875 3262 πέτρα

193 3279 260 3347 ἧν
323 3281 356 3333 6
419 3276 682 3351 Χριστός.
728 3275 994 3346 Ἀκούεις,
1049 3275 1199 3337 ὅπως
1259 3277 1286 3330 ὁ
1333 3275 1568 3350 Χριστὸς
1615 3277 1706 3330 τὸν
1770 3297 1873 3331 πα-

189 3371 392 3444 τρικὸν
455 3361 678 3434 ἐπὸτιζε
721 3364 878 3436 λαὸν,
923 3364 1012 3419 καὶ
1062 3368 1182 3426 πῶς
1215 3365 1243 3419 6
1289 3365 1475 3437 Πατὴρ
1527 3362 1733 3440 ὼδήγει
1781 3366 1872 3420 τὸν

192 3451 460 3534 Ἱσραήλ’
489 3455 569 3517 εἰς
605 3456 706 3524 τήν
743 3459 840 3510 τοῦ
889 3455 1016 3508 Υἱοῦ
1070 3453 1318 3528 λατρείαν
1359 3454 1450 3508 καὶ
1497 3452 1872 3532 ἐπιστροφην;

192 3549 292 3603 Διὰ
321 3547 529 3614 τίνων,
561 3546 598 3615 ἢ
634 3541 804 3615 δῆλον
838 3545 918 3598 ὅτι
954 3541 1042 3598 διὰ
1092 3542 1336 3604 Μωσέως
1365 3542 1454 3597 καὶ
1495 3547 1601 3597 τῶν
1652 3564 1875 3621 προφη-

191 3643 346 3706 τῶν,
385 3639 508 3691 Ποῦ
537 3632 631 3689 οὗν
676 3633 898 3689 ἐνταῦθα
939 3633 970 3690 6
1017 3632 1265 3705 Πονηρὸς
1299 3651 1312 3700 ;
1358 3636 1463 3686 ποῦ
1498 3635 1597 3696 τῆς
1628 3639 1873 3708 πονηρᾶς

197 3729 395 3804 ἀργῆς
425 3727 492 3780 τὸ
541 3719 698 3798 ἔργον
729 3741 743 3792 ;
775 3727 881 3778 ποῖ)
908 3723 960 3776 οἱ
989 3721 1150 3795 νόμοι
1179 3728 1278 3790 τῆς
1327 3721 1701 3794 ἀντικειμένης
1749 3720 1874 3794 μοί-

198 3835 339 3891 ραςς
379 3817 482 3870 τοῦ
537 3815 840 3870 Μωσαϊκοῦ
883 3809 1042 3882 λαοῦ,
1083 3811 1169 3866 καὶ
1215 3815 1567 3884 πνευματικῷ
1619 3811 1873 3885 βρώματι

193 3906 568 3984 τρεφομένων
621 3903 714 3956 καὶ
769 3903 1137 3974 πνευματικοῦ
1193 3898 1442 3973 πόματος
1491 3899 1755 3954 πινόντων
1817 3897 1874 3952 ἐκ

194 4005 298 4067 τῆς
367 3991 647 4062 συνούσης
697 4010 756 4046 τε
807 3990 898 4046 καὶ
955 3988 1227 4060 ἑπομένης
1279 3988 1499 4065 πέτρας,
1557 3987 1678 4058 ἥτις
1730 3987 1794 4055 ἦν
1844 3987 1872 4041 ὁ

191 4081 495 4152 Χριστόςς
550 4079 685 4135 Εἶτα
714 4076 882 4134 πᾶλιν
933 4080 960 4132 6
1014 4078 1342 4152 νομομαθὴς
1394 4077 1551 4140 οὗτος
1610 4076 1742 4149 ἀνὴρ
1783 4075 1872 4130 καὶ

191 4147 258 4227 τὲ
295 4167 484 4244 κέρδη
545 4168 742 4236 πάντα,
789 4168 876 4229 οἷς
923 4164 1238 4240 ἐσεμνύνετο
1285 4164 1572 4239 πρότερον,
1627 4158 1874 4218 σκύϐαλα

187 4262 524 4337 ἡγοῦμενος
584 4255 675 4312 διὰ
734 4258 826 4311 τὸν
903 4257 1160 4330 Χριστὸν,
1236 4252 1392 4326 Μηδὲ
1468 4255 1870 4326 ἐκπειράζωμεν

185 4354 278 4408 τὸν
358 4346 628 4422 Χριστὸν,
685 4347 841 4426 φησὶ,
901 4346 1078 4407 καθὼς
1137 4343 1225 4399 καί
1279 4365 1419 4405 τινες
1481 4343 1656 4399 αὐτῶν
1713 4342 1866 4398 ἐπεί-

1205 1848 1349 1903 οὕτω

478 1763 564 1831 τῷ
630 1758 1000 1833 θυσίαστηρίῳ
1093 1757 1554 1836 προσεδρεύοντας
1645 1764 1724 1833 τῷ
1817 1762 1914 1815 θυ-

1450 1848 1541 1904 καὶ
1622 1850 1650 1903 ὁ
1719 1849 1917 1925 Κύριος
1947 1832 1992 1896 Β
2019 1855 2352 1922 praceptum
2380 1858 2477 1922 est,
2511 1859 2588 1923 ut,
2623 1856 2724 1926 qui
2753 1858 2926 1913 altari
2961 1861 3227 1929 serviunt,
3271 1863 3468 1920 altaris
3507 1832 3674 1922 etiarn

2026 1491 2083 1546 in
2118 1495 2322 1552 Vetere
2351 1497 2553 1568 valuit,
2585 1507 2638 1554 et
2669 1499 2726 1554 in
2775 1500 2931 1556 Novo
2981 1502 3237 1560 obtinuit
3278 1507 3671 1566 Testamento.

2026 1580 2250 1652 Postea,
2288 1585 2641 1656 naturalem,
2664 1605 2788 1660 qua:
2813 1589 2964 1646 inter
2986 1591 3214 1650 Patrem
3246 1600 3302 1650 et
3325 1596 3534 1654 Filium
3566 1604 3676 1669 est,

2025 1669 2472 1732 similitudinem
2505 1681 2561 1732 et
2592 1677 3130 1737 immutabilitatem
3173 1699 3241 1739 ex
3284 1685 3676 1746 similitudine

2025 1759 2214 1833 legum
2249 1763 2523 1836 utrinque
2555 1765 2811 1823 latarum
2843 1769 3249 1828 subindicans.
3271 1773 3440 1843 Sicut,
3462 1777 3672 1864 inquit,

2019 1940 2158 2009 ﬁant
2200 1943 2543 2014 participes;
2586 1944 2662 1999 ita
2712 1951 2763 2000 et
2810 1947 3073 2004 Dominus
3124 1953 3401 2022 prmeepit,
3450 1957 3527 2024 ut,
3575 1957 3676 2026 qui

2018 2033 2377 2102 Evangetium
2417 2035 2751 2106 prwdicant,
2805 2055 2874 2094 ea:
2920 2041 3214 2110 Evangelia
3263 2043 3451 2099 vivant
3480 2047 3537 2113 9;
3592 2047 3664 2103 le-

2015 2133 2171 2188 gem,
2205 2123 2482 2190 tanquam
2516 2139 2549 2176 a
2581 2122 2746 2177 Patre
2788 2125 3123 2193 profectam,
3172 2128 3314 2184 adeo
3357 2129 3663 2198 extollens,

2016 2211 2078 2261 ut
2101 2207 2310 2264 Filium
2337 2211 2406 2264 ad
2435 2210 2764 2282 exemplum
2797 2214 2922 2283 ejus
2953 2223 3238 2286 praecepta
3260 2233 3368 2271 sua
3385 2219 3665 2276 statuisse

2011 2294 2240 2353 innuat.
2283 2298 2443 2354 Idem
2501 2316 2632 2356 vero
2686 2301 3102 2358 connexionem
3149 2308 3206 2359 et
3249 2306 3657 2377 cognationem

2009 2383 2156 2457 legis
2187 2393 2240 2442 et
2270 2387 2466 2459 gratiae
2497 2388 2686 2444 adhuc
2713 2391 2898 2461 magis
2929 2391 3298 2460 expositurus
3327 2411 3339 2448 :
3385 2395 3517 2450 Nolo
3541 2413 3652 2466 vos,

2008 2474 2222 2546 inquit,
2253 2476 2531 2546 ignorare,
2575 2480 2797 2548 fratres,
2839 2479 2978 2550 quod
3025 2487 3207 2550 patres
3259 2485 3435 2538 nostri
3463 2500 3649 2542 omnes

2003 2565 2102 2620 sub
2131 2567 2274 2622 nube
2332 2571 2508 2637 erant,
2543 2578 2596 2624 et
2641 2584 2824 2625 omnes
2867 2586 2964 2641 per
2997 2587 3148 2626 mare
3196 2575 3554 2642 transierunt,
3599 2584 3654 2632 et

2003 2670 2186 2712 omnes
2214 2659 2275 2712 in
2305 2657 2481 2715 Mosen
2512 2658 2777 2730 baptizati
2829 2669 2978 2728 sunt,
3009 2663 3069 2715 in
3099 2662 3242 2718 nube
3292 2671 3343 2719 et
3380 2666 3547 2734 mari,
3600 2675 3652 2722 et

2001 2759 2188 2802 omnes
2217 2748 2468 2803 eumdem
2499 2749 2685 2804 cibum
2710 2749 3064 2821 spiritualem
3092 2751 3344 2820 ederunt,
3381 2759 3432 2809 et
3458 2769 3648 2810 omnes

1999 2834 2246 2892 eumdem
2301 2846 2492 2907 potum
2547 2838 2898 2907 spirituatem
2959 2839 3212 2895 biberunt
3274 2840 3338 2898 1°.
3398 2841 3650 2900 Ostende

1999 2924 2142 2979 mihi
2184 2924 2277 2980 hic
2327 2931 2689 2982 momentum
2743 2927 2828 2984 vel
2875 2929 3117 2984 unicum
3170 2931 3324 3001 quod
3376 2948 3491 2987 non
3540 2931 3644 2987 im-

1995 3030 2172 3070 mune
2193 3015 2268 3071 sit
2299 3033 2332 3070 a
2362 3017 2591 3072 furente
2613 3016 2799 3072 hostis
2823 3021 3107 3087 potestate
3132 3036 3144 3074 :
3179 3019 3447 3075 Biberunt
3467 3022 3640 3089 enim,

1992 3103 2206 3175 inquit,
2237 3121 2310 3160 ex
2335 3104 2648 3175 spirituali,
2681 3123 2798 3178 quae
2846 3107 3194 3177 sequebatur,
3241 3115 3437 3179 petra:
3483 3119 3642 3180 petra

1988 3196 2173 3246 autem
2193 3198 2312 3248 erat
2335 3192 2581 3249 Christus
2605 3193 2672 3249 ‘1.
2687 3195 2941 3251 Audisne
2961 3196 3250 3266 quomodo
3274 3197 3442 3251 Pater
3459 3198 3636 3254 Israel

1987 3281 2216 3336 duxerit
2245 3282 2316 3338 ad
2350 3281 2575 3337 cultum
2618 3282 2747 3338 Filii
2788 3282 2881 3337 sui
2922 3287 2979 3339 et
3017 3285 3500 3340 conversionem?
3529 3287 3640 3341 Per

1986 3385 2134 3440 quos
2166 3374 2356 3425 autem
2385 3370 2532 3426 alios
2564 3370 2674 3426 nisi
2710 3387 2808 3442 per
2839 3373 3032 3428 Mosen
3057 3378 3111 3428 et
3147 3373 3501 3444 prophetas?
3524 3373 3637 3430 Ubi

1985 3457 2164 3528 igitur
2220 3458 2313 3512 hic
2370 3462 2458 3514 est
2513 3459 2727 3528 malus,
2790 3459 2889 3513 ubi
2923 3459 3060 3514 mali
3119 3459 3392 3532 principii
3443 3461 3634 3532 opus?

1985 3546 2084 3600 ubi
2115 3546 2270 3619 leges
2302 3548 2582 3619 oppositae
2613 3549 2843 3620 partis?
2881 3563 3012 3603 cum
3049 3549 3296 3620 populus
3343 3549 3636 3607 Mosaicus

1985 3644 2037 3690 et
2068 3636 2356 3706 spirituali
2389 3636 2519 3693 cibo
2554 3639 2812 3693 nutritus
2842 3638 2939 3705 sit,
2964 3643 3021 3694 et
3044 3638 3406 3708 spiritualem
3432 3645 3634 3712 potum

1985 3724 2196 3779 biberit
2229 3743 2297 3780 ex
2327 3727 2640 3782 comitante
2667 3731 2726 3782 et
2753 3726 3100 3798 insequente
3131 3733 3314 3800 petra,
3354 3746 3481 3800 quas
3513 3735 3637 3786 erat

1984 3812 2298 3868 Christus?
2332 3813 2548 3868 Deinde
2588 3829 2792 3870 rursus
2843 3815 2996 3869 idem
3044 3816 3128 3871 vir
3173 3815 3359 3888 legem
3409 3818 3636 3888 doctus,

1984 3905 2158 3971 atque
2189 3903 2386 3956 omnia
2418 3901 2540 3969 illa,
2573 3902 2785 3973 quibus
2815 3903 2952 3958 olim
2987 3903 3469 3976 eli'erebatur,pro
3492 3907 3636 3977 reje-

1984 3987 2159 4043 ctitiis
2216 3989 2517 4045 declarans
2569 3994 2804 4060 propter
2849 3990 3164 4058 Christum,
3214 3998 3295 4049 Ne
3341 3997 3630 4061 tentemus,

1985 4077 2198 4148 inquit,
2235 4077 2534 4146 Christum,
2565 4077 2708 4134 sicut
2737 4079 2998 4134 nonnulli
3027 4095 3220 4135 eorum
3246 4085 3534 4137 tentarunt
3568 4083 3634 4138 ⁸³.

1984 4166 2228 4232 Quinam
2260 4166 2395 4221 illi?
2440 4183 2632 4223 nonne
2683 4167 2953 4224 Israelilae
2982 4167 3009 4222 ‘l
3057 4170 3191 4234 Qum
3240 4185 3374 4225 vero
3432 4185 3633 4226 eorum

1986 4265 2144 4312 erant
2206 4255 2492 4327 praemia?
2541 4255 2619 4311 Ex
2667 4256 3038 4328 serpentibus
3092 4257 3380 4329 peribant.
3433 4261 3632 4330 Itaque

1974 4345 2082 4412 illi,
2116 4347 2218 4418 qui
2257 4345 2436 4402 Deum
2485 4345 2544 4401 in
2592 4343 2715 4418 lege
2755 4351 3102 4418 presentem
3157 4349 3485 4418 tentabant,
3532 4365 3634 4420 per

189 4462 394 4515 ραααν.
425 4435 606 4506 Τίνες,
635 4437 671 4504 ἢ
714 4433 883 4504 δῆλον
934 4434 1018 4490 ὅτι
1049 4436 1077 4490 6
1113 4432 1509 4507 Ἰσραηλιτικὸς
1559 4433 1728 4504 λαὸς;
1765 4433 1862 4489 Καὶ

1992 4438 2203 4492 ?atrem
2239 4436 2414 4491 etiam
2452 4435 2661 4490 Filium
2695 4438 2821 4507 ejus
2850 4436 3163 4494 Dominum
3198 4445 3460 4494 nostrum
3491 4442 3627 4494 ten-

187 4530 315 4584 τένα
347 4527 420 4582 τὰ
449 4527 746 4601 ἐπίχειρά;
782 4525 909 4579 Ὑπὸ
957 4529 1067 4579 τῶν
1118 4523 1291 4595 ὄφεων
1345 4521 1660 4580 ἀπώλοντο.
1705 4525 1865 4579 Ὥστε

187 4617 622 4692 ἐστ-πειράζοντες
651 4614 740 4670 τὸν
779 4612 830 4668 ἐν
866 4618 944 4685 τῷ
981 4613 1137 4685 νόμῳ
1185 4612 1336 4679 Θεὸν,
1381 4609 1471 4666 διὰ
1511 4615 1608 4666 τοῦ
1659 4613 1868 4686 Πατρὸς

189 4708 492 4784 ἐπείραζον
519 4703 613 4759 καὶ
655 4703 748 4759 τὸν
796 4703 919 4758 Υἱὸν
961 4702 1126 4758 αὐτοῦ
1173 4702 1265 4757 τὸν
1316 4699 1519 4775 Κύριον
1551 4703 1710 4774 ἡμῶν
1757 4702 1867 4772 Ἰη-

193 4803 326 4854 σοῦν
389 4791 655 4869 Χριστὸν.
729 4791 1010 4866 Ἐπείραζε
1089 4793 1180 4864 μὲν
1265 4791 1367 4866 γὰρ
1427 4791 1454 4844 ὁ
1518 4787 1865 4864 Ἰσραηλίτης

193 4887 336 4949 λαὸς
367 4886 468 4940 τὸν
499 4881 801 4956 νομοθέτην
830 4882 1016 4950 αὐτοῦ,
1051 4879 1296 4956 ἄτμητον
1351 4879 1408 4936 δὲ
1445 4883 1546 4950 τήν
1589 4879 1867 4955 βασιλείαν

191 4980 286 5033 καὶ
325 4975 610 5050 ἇῤῥηκτον
658 4976 756 5027 τοῦ
815 4972 1028 5046 Πατρὸς
1073 4973 1163 5026 καὶ
1216 4976 1313 5027 τοῦ
1379 4971 1507 5026 Υἱοῦ
1567 4973 1594 5026 ὁ
1657 4970 1864 5043 μύστης

194 5068 288 5122 καὶ
356 5063 716 5139 μυσταγωγὸς
767 5063 874 5116 τῶν
925 5058 1275 5136 ἀποῤῥήτων,
1319 5057 1478 5123 εἰδὼς
1531 5060 1582 5115 ἐν
1629 5065 1708 5132 τῷ
1750 5079 1865 5116 πει·

195 5155 460 5229 ρᾶζεςθαι
510 5153 604 5206 τὸν
653 5153 751 5204 τοῦ
800 5149 1003 5224 ἀγαθοῦ
1053 5145 1256 5212 Παιδὸς
1307 5147 1518 5223 ΙΙατὲρα
1574 5149 1724 5217 Θεὸν,
1772 5169 1861 5236 καὶ

189 5245 286 5300 τὸν
356 5241 597 5318 Χριστὸν
657 5239 1005 5313 πειράζεσθαι
1092 5235 1428 5294 διατείνεται.
1495 5241 1584 5300 Ὡς
1652 5238 1704 5291 ἐν
1764 5235 1862 5295 ποέ

191 5336 462 5410 ρέσματος
494 5329 554 5386 δὲ
600 5328 768 5402 μοίρᾳ
825 5327 1130 5396 ἐπισκόπει,
1187 5326 1271 5382 ὅτι
1319 5328 1409 5381 καὶ
1448 5324 1670 5401 πληγὴν
1706 5327 1861 5390 εὐθὺς

190 5425 397 5500 ἀφῆκεν
459 5422 486 5476 ὁ
540 5419 773 5493 Χριστὸς
830 5419 966 5473 κατὰ
1021 5420 1130 5473 τῶν
1209 5415 1642 5491 ἐκπειρασάντων
1695 5416 1858 5471 αὐτὸν

189 5515 288 5571 τὸν
321 5511 412 5569 διὰ
443 5516 556 5569 τῶν
593 5505 771 5590 ὄφεων
807 5507 1056 5584 ὄλεθρον.
1111 5506 1210 5562 Καὶ
1261 5503 1462 5578 ταύτην
1505 5503 1716 5579 ἐπάγων
1759 5506 1862 5560 οὐκ

1142 5736 1164 5772 ⁹
1191 5735 1338 5792 ibid.
1371 5734 1457 5792 13.

273 5741 300 5776 ⁷
333 5744 353 5800 I
381 5743 510 5803 Cor.
562 5757 621 5811 ι,
653 5738 708 5795 8.
787 5735 808 5773 ⁸
837 5736 978 5794 ibid.
1009 5736 1063 5791 9.

1539 5733 1585 5772 ιο
1616 5733 1639 5790 1
1671 5735 1798 5792 Cor.
1831 5749 1888 5804 χ,
1917 5734 1971 5791 5.

1974 4531 2192 4580 tarunt.
2225 4525 2486 4580 Tentavit
2514 4525 2670 4582 enim
2702 4525 2956 4597 populus
3007 4526 3359 4582 Israeliticae
3389 4526 3628 4598 legisla-

1979 4619 2162 4669 torem
2217 4629 2428 4681 suum;
2479 4617 2538 4669 et
2593 4613 2827 4680 Paulus,
2887 4630 3107 4685 gnarus
3164 4616 3290 4686 ipse
3324 4619 3381 4670 et
3429 4616 3626 4672 doctor

1980 4702 2413 4771 mysteriorum,
2447 4701 2757 4774 imperium
2791 4703 2975 4758 Patris
3007 4707 3064 4758 et
3093 4703 3221 4758 Filii
3269 4702 3622 4760 indivisibile

1977 4795 2034 4846 et
2065 4791 2395 4847 inviolabile
2427 4807 2555 4847 esse
2605 4806 2946 4862 persuasus,
2993 4792 3314 4858 contendit,
3360 4808 3428 4849 eo
3475 4792 3622 4864 ipso,

1977 4896 2090 4950 quo
2123 4879 2260 4934 boni
2291 4879 2422 4935 Filii
2454 4881 2624 4934 Pater
2656 4880 2804 4935 Deus
2833 4883 3094 4936 tentatus
3126 4880 3222 4947 sit,
3249 4879 3425 4936 etiam
3455 4880 3624 4936 Chri-

1976 4975 2130 5026 stum
2162 4984 2290 5024 esse
2321 4973 2626 5025 tentatum.
2661 4969 3012 5025 Consectarii
3040 4985 3174 5025 vero
3204 4968 3392 5026 instar
3412 4974 3468 5027 et
3515 4971 3624 5028 hoc

1975 5074 2139 5130 cape,
2174 5059 2329 5130 quod
2353 5057 2621 5114 Christus
2654 5058 2852 5114 statim
2886 5058 3067 5132 plagae
3100 5058 3226 5115 loco
3256 5057 3394 5128 illis,
3427 5061 3529 5130 qui
3558 5077 3622 5116 se

1973 5151 2360 5214 tentaverant,
2396 5146 2708 5203 immiserit
2753 5148 3064 5220 perniciem
3121 5165 3187 5204 ex
3229 5149 3616 5219 serpentibus.

1951 5237 2133 5293 'Ilanc
2162 5253 2292 5292 vero
2337 5236 2451 5291 illis
2481 5237 2743 5309 irrogans
2783 5255 3040 5295 amorem
3081 5239 3140 5295 in
3171 5241 3453 5298 ’homlnes
3501 5259 3617 5300 non

1973 5327 2210 5382 dimisit.
2240 5325 2390 5382 Alibi
2423 5325 2597 5394 (idem
2631 5327 2969 5398 Apostolus)
3003 5332 3267 5397 testatur,
3300 5331 3616 5403 prophetas

1971 5431 2039 5472 ex
2071 5416 2342 5470 mandato
2389 5415 2586 5470 aeterni
2637 5415 2737 5470 Dei
2791 5417 3011 5474 locutos
3059 5433 3209 5487 esse,
3267 5424 3326 5475 et
3372 5437 3440 5476 ex
3482 5437 3615 5478 vero

1973 5505 2393 5578 praenuntiasse
2424 5503 2769 5575 mysterium
2804 5509 2936 5563 ante
2963 5507 3175 5565 szecula
3205 5509 3612 5584 constitutum,

2054 5733 2095 5771 ¹¹
2129 5731 2269 5790 ibid.
2306 5734 2358 5788 6.
2431 5731 2486 5782 .¹²
2512 5731 2654 5793 ibid.
2688 5731 2742 5792 9.
