4074 6208
401 358 517 419 143

396 589 537 646 adeo
578 587 782 642 mundi
839 584 1149 640 Dominum
1199 581 1448 637 latuerit.
1496 580 1795 644 Quomodo
1843 579 2035 651 itaque

395 680 692 752 prophetae
744 684 841 731 aut
888 675 978 730 lex
1022 692 1054 727 a
1103 671 1254 728 malo
1289 670 1551 741 inspirati
1601 685 1727 725 esse
1773 674 2033 738 possunt,

394 765 870 840 quandoquidem
903 764 987 818 illi
1019 761 1479 832 praenuntiarunt
1512 757 2033 831 mysterium,quod

395 857 714 914 artiﬁcibus
735 853 924 910 omnis
947 850 1262 922 impietatis
1287 849 1395 905 fuit
1413 849 1816 904 absconditum
1836 847 1864 901 ?
1883 847 2034 902 Rur-

393 962 495 1002 sus
526 945 656 1001 aliis
686 945 744 998 in
776 940 918 996 locis
957 939 1226 994 eumdem
1267 937 1472 1003 Deum,
1517 952 1630 991 non
1675 952 1808 991 vero
1851 934 2030 990 alium

392 1040 562 1106 atque
591 1033 792 1095 alium,
826 1029 965 1084 olim
998 1044 1099 1100 per
1131 1026 1466 1099 prophetas,
1498 1027 1733 1081 tandem
1764 1041 1899 1080 vero
1934 1040 2032 1096 per

390 1124 598 1180 Filium
626 1124 871 1177 testatur
902 1117 1160 1174 locutum
1192 1133 1206 1170 :
1241 1115 1611 1186 Mulli/ariam
1646 1114 1825 1182 enim,
1859 1115 1958 1181 ait,
1981 1121 2032 1168 et

386 1213 576 1269 multis
605 1210 775 1267 modis
805 1209 936 1265 olim
971 1209 1111 1264 Deus
1138 1205 1394 1278 patribus
1433 1205 1634 1261 nostris
1667 1219 1767 1276 per
1793 1202 2034 1276 prop/ze-

383 1304 471 1357 tas
504 1302 736 1366 locutus,
771 1295 986 1353 ultimis
1015 1296 1205 1350 diebus
1231 1295 1316 1350 his
1344 1310 1440 1365 per
1472 1293 1674 1348 Filium
1714 1293 1928 1347 locutus
1956 1296 2033 1346 est

382 1392 539 1446 nobis
567 1392 631 1444 ¹³.
667 1390 844 1454 Idem,
879 1387 1143 1458 inquam,
1175 1402 1289 1440 non
1322 1385 1470 1440 alius
1511 1389 1686 1455 atque
1718 1383 1889 1438 alius.
1922 1381 2032 1448 Qui

381 1479 565 1551 igitur
595 1478 813 1534 Novum
848 1476 1285 1531 Testamentum
1319 1489 1420 1545 per
1442 1472 1648 1528 Filium
1674 1472 1891 1528 mundo
1914 1471 2028 1526 lar-

383 1569 538 1640 gitus
569 1573 674 1635 est,
709 1568 884 1634 idem,
915 1566 1075 1636 juxta
1107 1563 1368 1626 Paulum,
1421 1563 1544 1634 qui,
1581 1564 1629 1619 si
1675 1563 1807 1634 quis
1857 1561 2028 1629 alius,

382 1659 580 1714 divina
597 1657 863 1725 callebat,
886 1661 942 1711 et
975 1654 1160 1710 Vetus
1193 1671 1294 1725 per
1325 1653 1635 1724 prophetas
1657 1652 2029 1718 sanxit.Quo-

383 1748 556 1804 modo
588 1747 783 1816 itaque
815 1745 1138 1800 errantium
1172 1743 1348 1798 factio
1380 1741 1557 1796 alium
1581 1741 1816 1813 quidem
1846 1739 2028 1810 illius,

1604 351 1870 412 ΡΗΟΤΙΙ
1912 349 2436 412 PATRIARCHJE
2478 355 2594 416 ΟΡ.

397 497 550 570 quod
582 495 942 568 principatus
991 495 1048 548 et
1097 494 1408 562 potestates
1457 487 1678 554 mundi,
1733 488 2022 560 ipsumque

2151 487 2424 563 ἀφῄρηται
2457 489 2518 543 τὸ
2561 486 2965 565 φιλάνθρωπον.
3015 484 3305 560 Ἀλλαχοῦ
3356 485 3413 542 δὲ
3462 486 3628 543 πάλιν
3675 508 3774 542 κατ

3673 358 3794 416 144

2147 576 2410 651 ἐπιταγήν
2441 581 2537 632 τοῦ
2577 575 2794 630 αἰωνίου
2845 579 2999 644 Θεοῦ,
3040 575 3128 629 καὶ
3172 575 3340 630 εἰπεῖν
3394 579 3525 639 τοὺς
3575 579 3796 654 προφή-

2144 686 2237 727 τας
2277 663 2717 741 διαμαρτύρεται,
2767 665 2856 720 καὶ
2905 662 3150 738 ἀψευδῶς
3201 666 3537 740 προκηρύξαι
3583 667 3646 722 τὸ
3687 667 3796 741 πρὸ

2142 754 2352 808 αἰώνων
2404 758 2721 830 μυστήριον,
2781 755 2809 808 ὃ
2859 754 2951 815 τὰς
3003 753 3244 822 ἐξουσίας
3297 759 3395 808 τοῦ
3440 756 3653 828 κόσμου
3697 755 3789 809 καὶ

2141 843 2299 899 αὐτὸν
2331 841 2545 899 διέλαθε
2575 846 2665 899 τὸν
2699 845 3152 916 Κοσμοκράτορα.
3199 845 3296 898 Καὶ
3328 849 3442 906 πῶς
3487 843 3545 898 ἂν
3603 843 3790 914 εἶήσαν

2142 934 2192 987 οἱ
2233 941 2508 1011 προφῆται
2550 935 2583 1003 ἢ
2638 935 2665 988 6
2714 933 2880 1006 νόμος
2929 931 3212 994 ἐπιπνοίας
3263 938 3524 1007 πονηρᾶς,
3583 933 3788 989 ὁπόταν

2141 1023 2291 1077 οὗτοι
2335 1024 2428 1096 μὲν
2457 1025 2859 1098 προεκήρυττον
2896 1021 2958 1077 τὸ
3002 1024 3324 1095 μυστήριον,
3357 1029 3458 1092 τῆς
3508 1021 3563 1076 δὲ
3609 1043 3789 1092 πονη-

2143 1113 2259 1186 ρίας
2291 1114 2467 1183 πάσης
2517 1114 2614 1182 τὴν
2669 1113 3074 1188 μηχανουργίαν
3125 1108 3474 1180 διέλάνθανες
3518 1111 3686 1167 Πάλιν
3729 1109 3794 1166 δὲ

2140 1203 2227 1256 καὶ
2262 1200 2312 1256 ἐν
2348 1200 2543 1265 ἄλλοις
2586 1201 2746 1256 αὐτὸν
2789 1201 2915 1256 Θεὸν
2963 1201 3052 1255 καὶ
3098 1201 3196 1256 οὐκ
3230 1199 3402 1256 ἄλλον
3457 1202 3545 1256 καὶ
3589 1200 3786 1271 ἄλλον,

2139 1291 2309 1347 πάλαι
2337 1294 2429 1365 μὲν
2474 1292 2524 1346 ἐν
2556 1297 2674 1354 τοῖς
2714 1294 3019 1370 προφήταις
3062 1289 3483 1368 διαμαρτύρεται
3521 1290 3790 1360 λαλῆσαι,

2140 1378 2358 1455 ὕστερον
2394 1378 2450 1434 δὲ
2499 1379 2550 1435 ἐν
2597 1385 2675 1452 τῷ
2726 1383 2855 1452 Υἱῷ,
2919 1378 3257 1454 Πολυμερῶς
3313 1381 3437 1456 γάρ,
3499 1380 3652 1458 φησὶ,
3694 1381 3792 1436 καί

2139 1469 2501 1545 πολυτρόπως
2568 1470 2740 1525 πάλαι
2808 1471 2836 1524 6
2895 1471 3024 1531 Θεὸς
3110 1469 3354 1540 λαλήσας
3408 1476 3526 1534 τοῖς
3579 1473 3790 1546 πατρᾶο

2139 1579 2222 1612 σιν
2288 1559 2339 1613 ἐν
2393 1564 2509 1620 τοὶς
2570 1561 2900 1634 προφήταις,
2959 1557 3042 1615 ἐπ’
3102 1559 3336 1634 ἐσχάτου
3392 1564 3501 1614 τῶν
3559 1563 3789 1634 ἡμερῶν

2135 1648 2342 1703 τούτων
2398 1647 2662 1719 ἐλάλησεν
2709 1652 2844 1720 ἡμῖν
2904 1649 2956 1704 ἐν
3001 1650 3132 1720 Υἱῷ·
3185 1650 3212 1703 ὁ
3265 1648 3450 1720 αὐτὸς,
3496 1648 3625 1704 ἀλλ’
3684 1649 3792 1704 οὐκ

2138 1733 2308 1799 ἄλλος
2339 1737 2428 1792 καὶ
2470 1735 2660 1799 ἄλλος.
2695 1742 2752 1792 Ὀ
2785 1736 2878 1792 οῦν
2927 1739 3027 1806 τῆν
3077 1739 3277 1807 Καινήν
3322 1739 3595 1808 Διαθήκην
3625 1737 3677 1793 ἐν
3705 1743 3787 1811 τῷ

383 1836 562 1892 alium
605 1811 736 1893 vero
769 1833 932 1903 Novi,
965 1831 1352 1904 legislatorem
1391 1835 1448 1886 et
1488 1811 1672 1887 Deum
1723 1829 1936 1900 ﬁngit?
1967 1828 2022 1883 Si

2139 1827 2248 1897 1⁸ἱῷ
2300 1827 2665 1901 χαρισάμενος
2719 1831 2797 1899 τῷ
2845 1826 3058 1900 κόσμῳ,
3109 1828 3137 1882 6
3187 1826 3346 1890 αὐτὸς
3395 1827 3531 1883 κατὰ
3577 1828 3669 1882 τὸν
3719 1829 3789 1882 τὰ

381 1942 514 1982 vero
546 1927 722 1980 etiam
757 1924 826 1979 ab
860 1922 1024 1979 initio
1075 1930 1284 1977 terram
1337 1919 1601 1975 fundavit
1648 1919 1823 1985 Deus,
1877 1918 2030 1974 sicut

381 2017 536 2071 idem
570 2014 977 2086 mysteriorum
1029 2028 1243 2083 gnarus
1293 2015 1350 2064 et
1408 2010 1608 2066 doctor
1655 2007 2028 2080 scriptionem

381 2104 532 2159 hanc
561 2118 785 2158 sacram
819 2101 1114 2172 obsignat,
1145 2103 1202 2155 et
1231 2099 1359 2154 coeli
1393 2114 1568 2170 opera
1591 2113 1870 2153 manuum
1904 2097 2031 2168 eius

381 2197 522 2248 sunt
551 2193 707 2260 (nam
752 2189 1008 2258 Davidis,
1059 2189 1160 2260 qui
1227 2188 1327 2243 Dei
1379 2193 1541 2259 pater
1587 2191 1695 2256 est,
1737 2187 2029 2243 canticum

381 2280 668 2337 adhibens
709 2279 943 2350 suisque
971 2277 1240 2350 cogitatis
1272 2281 1532 2332 attexens
1560 2277 1700 2331 illud
1733 2292 1766 2331 a
1796 2277 1910 2332 Deo
1941 2276 2033 2330 in-

380 2370 672 2443 spiratum
689 2386 808 2425 esse
827 2368 1067 2435 innuit);
1084 2368 1372 2436 quomodo
1398 2367 1742 2421 defectorum
1761 2364 2032 2420 colluvies

379 2460 527 2514 falso
588 2458 849 2529 quidem,
911 2456 1009 2510 sed
1070 2460 1254 2509 tamen
1329 2459 1567 2508 externa
1638 2453 1849 2524 specie,
1911 2453 2031 2508 haec

381 2549 790 2618 praedicantem
828 2546 1121 2600 doctorem
1166 2558 1338 2598 suum
1386 2541 1677 2614 appellare
1723 2559 1837 2598 non
1883 2557 2034 2599 vere-

381 2636 527 2690 tur?
556 2634 819 2705 Namque
850 2633 920 2688 ab
951 2648 1017 2688 eo
1048 2631 1232 2688 vocari
1259 2649 1320 2687 se
1350 2632 1574 2699 volunt,
1603 2633 1700 2702 qui
1723 2637 1779 2687 et
1808 2648 1873 2687 eo
1905 2631 2030 2702 ipso

383 2741 417 2778 a
446 2721 568 2793 lege
601 2724 725 2792 ejus
757 2722 1055 2777 recedunt.
1089 2726 1234 2776 Num
1267 2722 1418 2776 enim
1461 2720 1672 2776 Paulus
1720 2721 2029 2776 cruciﬁxus

386 2813 476 2866 est
508 2826 606 2881 pro
634 2809 824 2875 nobis,
858 2818 952 2864 aut
993 2824 1131 2864 num
1178 2809 1234 2863 in
1278 2809 1440 2864 Pauli
1493 2825 1703 2864 nomen
1761 2807 2030 2880 baptizati

387 2915 594 2956 sumus
617 2900 646 2954 ?
673 2899 799 2969 Aul,
834 2899 999 2970 (num
1028 2898 1217 2954 dicere
1257 2897 1458 2966 licet?)
1494 2899 1598 2969 Ego
1641 2897 1859 2970 quidem
1908 2914 2030 2952 sum

386 2989 574 3055 Pauli,
623 3005 719 3058 ego
766 2989 971 3059 Apollo,
1022 3003 1119 3058 ego
1156 3003 1283 3042 vero
1335 2988 1524 3060 Cephea
1552 3005 1573 3049 ;
1628 2987 1908 3042 divisusne
1955 2994 2030 3043 est

2137 1919 2277 1984 θεῖα,
2310 1917 2457 1990 εἷ’περ
2489 1939 2570 1979 τις
2605 1917 2798 1988 ἄλλος,
2847 1917 3032 1996 σοφὸν,
3082 1917 3173 1972 καὶ
3219 1918 3271 1972 ἐν
3309 1923 3424 1980 τοῖς
3475 1921 3788 1996 προφήταις

2138 2004 2342 2060 διέθετο
2372 2009 2469 2076 τήν
2525 2005 2788 2064 Παλαιάν.
2843 2007 2940 2062 Καὶ
2990 2011 3107 2070 πῶς
3157 2009 3191 2076 ἡ
3242 2007 3422 2078 πλάνη
3473 2005 3645 2062 ἄλλον
3687 2009 3787 2080 μὶν

2137 2094 2362 2166 ἐκείνης,
2392 2092 2574 2169 ἕτερον
2610 2095 2664 2151 δὲ
2694 2104 2794 2166 τῆς
2829 2103 3052 2166 Καινῆς,
3098 2096 3423 2153 ἀναπλάττει
3475 2099 3785 2172 νομοθέτην

2138 2183 2227 2238 καὶ
2264 2184 2432 2255 Θεόν;
2467 2185 2529 2240 Εἰ
2563 2182 2618 2240 δὲ
2666 2186 2757 2240 καὶ
2806 2188 2921 2241 κατ’
2965 2185 3142 2261 ἀρχὰς
3200 2187 3294 2260 μὲν
3344 2188 3441 2257 τὴν
3485 2193 3582 2260 γῆν
3611 2188 3638 2241 ὁ
3672 2187 3784 2241 Κύ-

2141 2294 2253 2348 ριος
2284 2273 2668 2347 ἐθεμελίωσεν,
2702 2276 2774 2336 ὡς
2806 2276 2833 2329 6
2861 2273 3018 2336 αὐτὸς
3053 2275 3262 2348 μύστης
3303 2280 3410 2331 τῶν
3460 2273 3788 2351 ἀπορρήτων

2134 2366 2222 2419 καὶ
2288 2365 2645 2440 μυσταγωγὸς
2701 2367 2902 2437 ταύτην
2959 2373 3058 2436 τήν
3119 2367 3268 2441 ἱεράν
3345 2365 3790 2443 ἐπισφραγίζεται

2137 2455 2374 2532 Γραφῆν,
2415 2455 2504 2508 καὶ
2545 2451 2678 2529 ἔργα
2718 2459 2824 2509 τῶν
2869 2459 3074 2530 χειρῶν
3125 2455 3288 2509 αὐτοῦ
3337 2455 3468 2510 εἰσιν
3518 2456 3569 2509 οἱ
3610 2456 3788 2529 οὖρα-

2135 2543 2215 2596 νοὶ
2248 2543 2355 2614 (καὶ
2391 2543 2495 2620 γὰρ
2526 2545 2625 2612 τῆν
2672 2547 2771 2598 τοῦ
2819 2543 3151 2618 θεοπάτορος
3201 2545 3313 2617 (38)
3361 2541 3637 2617 μελῳδίαν
3685 2543 3787 2600 λα-

2138 2626 2270 2702 ϐὼν,
2298 2633 2385 2685 καὶ
2420 2636 2534 2692 τοῖς
2567 2631 2791 2694 οἰκείοις
2821 2632 3116 2709 ἐνυφαίνων
3155 2635 3396 2706 νοήμασι
3426 2635 3489 2688 τὸ
3527 2634 3788 2689 θεόπνευ-

2137 2740 2258 2774 στον
2315 2718 2526 2791 ἐκείνης
2587 2717 2841 2796 βεϐαιοῖ),
2928 2725 3044 2782 πῶς
3100 2721 3198 2776 οὐκ
3272 2721 3625 2798 αἰσχύνονται
3681 2729 3787 2792 τῆς

2135 2809 2462 2872 ἀποστασίας
2518 2811 2580 2864 τὸ
2638 2809 2930 2883 σύνταγμα,
2990 2809 3165 2865 καίτοι
3227 2807 3438 2884 ψευδῶς
3500 2812 3616 2885 μὲν,
3707 2810 3791 2867 δι-

2141 2896 2410 2953 δάσκαλον
2470 2896 2526 2953 δὲ
2567 2901 2742 2973 ὅμως,
2782 2901 2874 2954 τὸν
2925 2902 3090 2953 ταῦτα
3153 2900 3492 2974 κηρύσσοντα
3551 2901 3786 2975 ὑποκρι-

2137 2989 2357 3060 νόμενοι
2387 2987 2616 3058 καλεῖν;
2659 2990 2756 3042 Καὶ
2804 2989 2908 3064 γὰρ
2962 2989 3349 3066 ἐπιγράφονται
3393 2994 3590 3045 τοῦτον
3640 2993 3785 3064 (39),

388 3077 637 3134 Christus
670 3077 760 3132 M‘I
792 3079 864 3132 At
905 3080 1192 3133 enimvero
1225 3078 1509 3145 homines,
1542 3077 1641 3147 qui
1673 3077 1844 3132 etiam
1877 3081 2022 3146 tum,

2139 3078 2468 3151 πράττοντες
2506 3079 2598 3151 μὶν
2630 3077 2719 3132 καὶ
2747 3082 2909 3134 τοῦτο
2935 3079 3081 3153 ποιρᾶ
3108 3079 3198 3134 τὸν
3236 3079 3401 3152 νόμον
3451 3078 3637 3135 αὐτοῦ.
3690 3081 3786 3148 Μὴ

391 3167 486 3222 ubi
521 3168 775 3238 speciose
805 3166 1146 3237 loquuntur,
1179 3182 1475 3222 sermones
1497 3183 1656 3235 suos,
1690 3167 1757 3222 ad
1785 3167 2029 3236 gravita-

383 3265 494 3312 tem
529 3255 902 3327 compositos,
953 3256 1278 3312 actionibus
1318 3256 1650 3328 deturpant,
1702 3256 1771 3310 ad
1817 3271 2028 3310 nomen

381 3347 748 3419 confugiunt,
780 3349 844 3400 ut
873 3346 1126 3402 dedecus
1147 3346 1381 3413 evitent,
1413 3346 1469 3400 in
1499 3346 1650 3418 quod
1675 3362 1770 3401 eos
1795 3345 2030 3415 conjicit

378 3435 463 3491 vel
489 3436 678 3492 solum
711 3435 872 3490 illius
894 3451 1125 3499 nomen,
1150 3451 1319 3506 quem
1345 3435 1556 3490 erroris
1579 3435 1795 3489 habent
1826 3442 2023 3489 aucto-

382 3541 518 3581 rem.
561 3525 946 3596 Atquomodo
971 3541 1084 3580 non
1120 3525 1560 3580 confunduntur
1584 3523 1867 3592 homines,
1903 3524 2019 3594 qui,

375 3613 552 3669 Paulo
583 3629 717 3668 voce
749 3612 1019 3669 Davidica
1051 3613 1174 3668 coeli
1216 3617 1272 3668 et
1304 3617 1467 3668 terrae
1513 3611 1881 3668 Conditorem
1918 3628 2019 3667 ve-

376 3719 504 3758 rum
537 3707 592 3759 et
623 3704 836 3760 bonum
870 3702 1048 3758 Deum
1083 3719 1211 3758 esse
1253 3702 1617 3774 prmdicante,
1665 3701 1843 3757 alium
1887 3701 2017 3773 qui-

377 3794 506 3848 dem
538 3793 686 3860 ccsli,
736 3792 914 3848 alium
964 3796 1128 3848 terra;
1173 3792 1532 3848 conditorem
1581 3807 1704 3848 esse
1754 3793 2016 3857 tradunt,

374 3897 564 3954 neque
597 3882 845 3936 audiunt
876 3881 994 3936 haec
1022 3881 1404 3938 clamantem:
1443 3883 1633 3938 Decuil
1657 3899 1802 3949 eum,
1829 3883 1886 3938 id
1909 3891 2014 3946 est,

375 3969 621 4037 Patrem,
663 3977 888 4042 propter
925 3986 1080 4042 quem
1123 3973 1330 4039 omnia,
1376 3976 1425 4026 et
1469 3988 1568 4043 per
1613 3987 1771 4043 quem
1811 3974 2014 4043 omnia,

371 4069 544 4132 atque
565 4061 674 4117 hoc
702 4062 828 4134 ipso
851 4077 963 4117 non
989 4061 1227 4133 quidem
1249 4063 1657 4134 quorumdam,
1685 4061 2011 4132 aliquorum

368 4167 501 4207 vero
533 4167 645 4207 non
682 4151 841 4217 item,
874 4150 976 4206 sed
1007 4153 1272 4206 omnium
1306 4149 1481 4205 simul
1513 4151 1880 4206 Conditorem
1935 4167 2017 4206 re-

366 4238 732 4294 nuntiantem
751 4240 780 4291 ?
808 4237 969 4292 Unde
987 4254 1118 4292 vero
1142 4241 1395 4307 apparet,
1417 4238 1572 4307 quod
1606 4238 1674 4291 de
1706 4238 1868 4292 Patre
1898 4238 2020 4295 hanc

365 4325 690 4396 loquatur?
745 4328 903 4380 Certe
970 4324 1272 4379 verborum
1335 4325 1514 4378 series
1587 4324 1817 4378 exhibet
1871 4342 2015 4393 eum,

2137 3169 2239 3242 γὰρ
2279 3165 2494 3228 Παῦλος
2544 3166 2854 3241 ἐσταυρώθη
2909 3168 3041 3236 ὑπὲρ
3089 3170 3269 3240 ἡμῶν,
3303 3167 3337 3236 ἢ
3373 3167 3448 3232 εἷς
3492 3167 3554 3222 τὸ
3605 3168 3789 3241 ὄνομα

2133 3255 2355 3312 Παύλου
2388 3252 2829 3332 ἐϐαπτίσθημεν;
2874 3258 2986 3326 καὶ,
3037 3259 3176 3332 Ἐγὼ
3225 3257 3321 3331 μὲν
3375 3259 3488 3332 εἰμι
3535 3257 3785 3330 Παύλου,

2132 3349 2241 3423 ἐγὼ
2301 3345 2357 3404 δὲ
2416 3353 2590 3425 Κηφᾶ·
2659 3349 2974 3422 μεμέρισται
3037 3350 3064 3403 ὁ
3119 3349 3385 3423 Χριστός;
3430 3349 3581 3418 Πλῆν
3635 3349 3787 3406 ἀλλά

2128 3439 2217 3493 καὶ
2252 3437 2305 3493 ἐν
2333 3439 2378 3510 ᾧ
2413 3438 2875 3513 σεμνολογοῦνται
2917 3437 3005 3493 διὰ
3043 3446 3143 3508 τῆς
3189 3435 3574 3514 παραϐάσεως’
3599 3439 3784 3494 αὐτῶν

2130 3523 2439 3599 ὑϐρίζοντες
2469 3531 2530 3583 τὸ
2576 3528 2996 3604 σεμνολόγημα,
3051 3530 3449 3608 καταφεύγουσι
3497 3528 3632 3604 πρὸς
3676 3531 3785 3598 τήν

2127 3616 2346 3686 κλῆσιν,
2370 3615 2463 3671 ’ἶνα
2492 3616 2700 3695 φύγωσι
2745 3619 2846 3686 τήν
2896 3617 3184 3692 αἰσχύνην,
3216 3617 3292 3678 εἰς
3336 3619 3402 3688 ἢν
3432 3615 3626 3680 αὐτοὺς
3679 3619 3781 3690 ἐμ·

2127 3701 2347 3776 ϐάλλει,
2380 3706 2470 3761 καὶ
2505 3706 2670 3780 μόνον
2721 3706 2904 3780 ῥηθεὶς
2937 3707 2963 3762 6
2992 3715 3093 3776 τῆς
3143 3707 3471 3769 ἀποστασίας
3525 3703 3779 3762 διδάσκα-

2128 3796 2244 3857 λος.
2278 3794 2454 3851 Ἀλλά
2481 3796 2581 3871 γάρ
2611 3801 2727 3857 πῶς
2760 3794 2820 3850 ού
2852 3794 3244 3865 καταδύονται;
3276 3800 3374 3851 τοῦ
3420 3797 3513 3870 μὲν
3547 3795 3778 3852 Παύλου

2127 3882 2214 3939 διά
2255 3888 2353 3954 τῆς
2404 3883 2693 3955 Δαυϊδικῆς
2737 3892 2945 3964 φωνῆς,
2994 3886 3225 3958 ούρανοῦ
3256 3887 3346 3940 καὶ
3387 3892 3486 3960 γῆς
3531 3887 3776 3956 ποιητὴν

2121 3975 2212 4030 τὸν
2271 3974 2531 4045 ἀληθινὸν
2577 3977 2663 4030 καὶ
2717 3973 2913 4048 ἀγαθὸν
2967 3975 3094 4030 Θεὸν
3139 3971 3569 4042 ἐκδιδάσκοντος,
3613 3975 3778 4031 αύτοὶ

2122 4062 2371 4138 λέγοντες
2412 4062 2582 4119 ἄλλον
2620 4064 2714 4136 μὲν
2766 4065 2895 4118 εἶναι
2938 4063 3028 4118 τὸν
3082 4064 3313 4138 ούρανοῦ
3359 4066 3619 4135 ποιητήν,
3669 4063 3780 4133 δη-

2124 4154 2382 4227 μιουργὸν
2418 4150 2474 4207 δὲ
2511 4161 2612 4221 τῆς
2642 4160 2743 4228 γῆς
2769 4149 2970 4228 ἕτερον,
3004 4150 3128 4208 οὐδὲ
3153 4157 3313 4208 τοῦτο
3338 4151 3394 4208 δὲ
3432 4148 3780 4217 ἀναϐοῶντος

2127 4240 2382 4310 ἤκουσαν,
2442 4240 2525 4296 ὅτι
2581 4244 2846 4317 Ἔπρεπεν
2905 4243 3072 4315 αὐτῷ,
3131 4245 3374 4298 τουτέστι
3431 4248 3511 4316 τῷ
3575 4245 3777 4318 Πατρὶ,

2129 4325 2197 4382 δι’
2233 4327 2288 4382 ὃν
2318 4330 2383 4383 τά
2411 4331 2606 4399 πάντα,
2657 4330 2744 4386 καὶ
2795 4329 2863 4386 δι’
2909 4332 2970 4386 οὗ
3017 4332 3086 4386 τά
3132 4332 3327 4404 πάντα,
3377 4333 3528 4394 ὅπως
3574 4331 3640 4387 οὐ
3690 4353 3778 4387 τι·

366 4415 464 4487 qui
492 4413 637 4484 ﬁlios
687 4413 884 4467 multos
935 4414 991 4466 in
1039 4412 1272 4481 gloriam
1327 4410 1546 4465 duxerit
1593 4410 1782 4465 ducem
1826 4414 2020 4471 salutis

2133 4421 2229 4470 νῶν
2263 4419 2382 4490 μὲν,
2411 4423 2574 4472 τινῶν
2607 4417 2663 4474 δὲ
2695 4419 2778 4489 ού,
2810 4419 2956 4475 ἀλλὰ
2985 4423 3193 4476 πάντων
3229 4421 3442 4493 ὁμοίως
3486 4428 3779 4496 Δημιουρ-

365 4521 578 4576 eorum,
609 4521 710 4576 per
738 4503 1015 4573 passiones
1037 4515 1439 4555 consummasse
1461 4501 1522 4554 η.
1551 4501 1684 4566 Quis
1704 4501 1856 4556 enim
1879 4521 2016 4574 prm-

368 4598 456 4650 ter
509 4609 706 4650 verum
759 4593 938 4647 Deum
990 4595 1046 4644 et
1096 4590 1320 4644 Patrem
1373 4589 1597 4644 Domini
1648 4591 1828 4647 nostri
1877 4596 2010 4648 Jesu

367 4683 704 4752 Christi,vel
733 4680 949 4736 multos
969 4679 1117 4735 tilios
1138 4678 1572 4743 introduxit,vel
1590 4681 1790 4736 ducem
1808 4698 2008 4739 eorum

365 4788 469 4842 per
495 4771 797 4844 passiones
852 4769 1135 4841 perfecit?
1177 4771 1332 4825 Idem
1378 4786 1509 4825 vero
1545 4771 1633 4826 vir
1679 4771 1905 4829 divinus
1955 4778 2012 4830 et

363 4867 628 4929 sanctus,
666 4877 799 4916 cum
835 4860 1142 4916 Dominum
1178 4863 1436 4915 nostrum
1474 4863 1666 4916 Jesum
1717 4863 2006 4919 Christum

362 4957 558 5006 nosset
586 4949 798 5006 habere
824 4954 1165 5021 potestatem
1188 4953 1244 5005 et
1274 4950 1585 5021 imperium
1617 4968 1648 5005 a
1670 4950 1834 5006 Patre
1857 4953 2007 5007 indi-

358 5042 574 5110 visum,
608 5041 746 5096 alibi
779 5041 848 5097 de
879 5057 944 5096 eo
977 5041 1096 5095 ait:
1131 5041 1285 5111 Quod
1313 5057 1383 5096 ea:
1412 5042 1551 5112 ipso,
1579 5050 1629 5097 et
1662 5058 1769 5114 per
1803 5043 2002 5114 ipsum,

430 5169 478 5206 ‘3
509 5170 678 5228 Hebr.
710 5187 748 5239 ι,
784 5171 837 5226 1.
943 5171 989 5208 1⁸
1018 5173 1039 5226 Ι
1071 5169 1196 5227 Cor.
1231 5187 1273 5238 ι,
1308 5171 1392 5236 12,
1427 5171 1514 5227 13.

1594 5169 1637 5205 ³⁵
1663 5171 1836 5227 Hebr.
1873 5188 1936 5238 ιι,
1971 5174 2056 5228 10.

2122 4507 2213 4582 γὸν
2246 4507 2624 4585 καταγγελλη.
2659 4509 2761 4565 Καὶ
2793 4510 2954 4564 πόθεν
2989 4507 3182 4580 δῆλον,
3215 4509 3298 4564 ὅτι
3339 4511 3463 4586 περὶ
3510 4515 3607 4565 τοῦ
3657 4519 3774 4567 Πα-

2120 4597 2247 4669 τρὸς
2314 4597 2474 4651 τοῦτό
2549 4620 2762 4675 φησιν;
2831 4599 2890 4653 '11
2957 4603 3064 4654 τῶν
3168 4598 3426 4674 ῥημάτων
3517 4600 3776 4675 συνέχεια

2120 4691 2372 4762 παριστᾷ,
2433 4686 2676 4750 πολλοὺς
2747 4687 2894 4749 υἱοὺς
2981 4688 3055 4750 εἰς
3133 4687 3285 4758 δόξαν
3353 4688 3626 4766 ἀγαγόντα
3680 4692 3776 4745 τὸν

2121 4776 2367 4851 ἀρχηγὸν
2440 4783 2538 4845 τῆς
2608 4779 2880 4852 σωτηρίας
2975 4777 3149 4832 αὐτῶν
3244 4775 3332 4832 διὰ
3425 4779 3772 4850 παθημάτων

2116 4862 2423 4922 τελειῶσαι.
2473 4864 2564 4928 Τίς
2622 4866 2725 4943 γὰρ
2783 4866 2928 4941 παρὰ
2996 4867 3090 4920 τὸν
3147 4864 3405 4937 ἀληθινὸν
3485 4867 3614 4922 Θεὸν
3674 4868 3769 4922 καὶ

2121 4955 2330 5028 ΙΙατέρα
2359 4959 2455 5010 τοῦ
2499 4955 2694 5027 Κυρίου
2727 4958 2888 5029 ἡμῶν
2916 4957 3098 5026 Ἰησοῦ
3129 4958 3394 5031 Χριστοῦ,
3443 4957 3478 5026 ἢ
3509 4957 3770 5022 πολλοὺς

2117 5044 2395 5120 εἰσήγαγεν
2426 5045 2596 5117 υἱοὺς,
2629 5047 2664 5116 ἢ
2704 5045 2795 5100 τὸν
2843 5046 3088 5121 ἀρχηγὸν
3128 5046 3304 5102 αὐτῶν
3351 5044 3632 5103 ἐτελείωσε
3676 5043 3777 5105 διὰ

1530 5303 1770 5361 νΑιιιΑι
1808 5305 2198 5364 LECTIONES
2239 5308 2328 5363 ET
2365 5309 2591 5367 ΝΟΤΛΞ.

429 5411 952 5487 (3_8)_eeoj:rai-copoc._
1001 5411 1084 5467 Ita
1134 5411 1462 5487 appellatur
1506 5413 1683 5469 David
1737 5419 2002 5487 respectu

357 5483 789 5556 Christi,quiex
809 5483 1032 5556 semine
1053 5483 1294 5556 ejus,ut
1318 5484 1508 5553 homo,
1545 5491 1717 5541 natus
1750 5483 1859 5543 est'.
1897 5488 2003 5542 Eo-

358 5558 486 5612 dem
517 5555 750 5612 nomine
780 5555 1280 5626 isvenitDionysio
1299 5557 2000 5628 AreopagitaaepistNlll,

351 5636 406 5703 et
439 5628 587 5684 aliis.
618 5628 896 5703 Similiter
941 5629 1121 5703 Maria
1176 5627 1477 5703 θεομχςτωρ
1514 5631 1676 5703 audit
1701 5627 2000 5703 ’Gregorio

355 5699 616 5774 Nysseno
647 5699 706 5754 in
739 5699 895 5756 Orat.
930 5701 998 5756 de
1031 5714 1271 5756 occursu
1314 5698 1569 5756 Domini.

2184 5416 2296 5488 (39)
2330 5416 2750 5500 ’ξξπιγράφονται
2779 5421 2999 5500 τοῦτον.
3035 5419 3180 5476 Hinc
3223 5422 3370 5477 forte
3402 5439 3514 5478 non
3555 5428 3774 5500 praeter

2113 5504 2233 5543 rem
2287 5489 2547 5560 colligas,
2577 5489 2956 5549 'Paulicianos
3007 5509 3217 5548 nomen
3269 5510 3445 5549 suum
3495 5489 3770 5554 a'Paqu

2112 5561 2374 5630 apostolo
2407 5561 2726 5631 repetiisse,
2759 5563 2854 5645 qui
2887 5580 3035 5633 vere,
3060 5569 3124 5619 ut
3145 5581 3322 5636 supra
3353 5566 3627 5621 traditum
3650 5575 3764 5634 est,

2110 5646 2142 5684 a
2172 5631 2347 5688 Paulo
2380 5633 2546 5706 longe
2581 5639 2897 5690 recentiore
2927 5637 3005 5692 ita
3035 5637 3500 5708 appellabantur.
