4074 6208
253 411 344 474 145
1282 408 1594 471 CONTRA
1639 412 2114 474 MANICHxEOS
2161 413 2388 473 LIBER
2436 415 2541 474 llI.

3497 433 3610 492 HG

249 542 594 616 παθημάτων;
655 544 712 596 Ὃ
761 541 924 604 αὐτὸς
975 537 1034 595 δὲ
1092 540 1379 614 μετάρσιος
1428 541 1517 594 καὶ
1566 541 1711 618 ἱερὸς
1759 542 1845 597 ἄν·

1971 552 2022 601 et
2057 547 2114 602 in
2146 545 2266 614 ipso
2319 547 2507 602 omnia
2557 551 2728 606 sunt:
2761 553 2812 606 ei
2863 553 2936 608 sit
2990 553 3169 625 gloria
3218 556 3279 613 in
3316 567 3604 622 aeternum.

248 637 427 709 Θρωπος
454 632 663 687 καὶτὸν
701 631 900 705 Κύριον
933 631 1091 702 ἡμῶν
1136 632 1344 700 Ἰησοῦν
1390 632 1619 704 Χριστὸν
1671 629 1849 686 ἀδιαί-

250 745 373 798 ρετον
421 719 574 784 εἰδὼς
631 719 841 795 ἔχοντα
885 721 949 774 τὸ
1005 718 1203 793 κράτος
1258 721 1348 774 καὶ
1405 721 1504 787 τὴν
1569 719 1845 794 βασιλείαν

249 813 360 886 πρὸς
383 810 458 866 τὸν
503 808 738 884 Πατέρα,
795 807 846 863 ἐν
896 807 1102 880 ἑτέροις
1152 806 1273 879 περὶ
1313 807 1480 862 αὐτοῦ
1528 805 1695 881 λέγει,
1729 810 1846 863 ’Ότι

250 901 292 971 ἐξ
336 899 472 954 αὐτοῦ
525 898 617 953 καὶ
668 895 738 953 δι’
795 897 960 952 αὐτοῦ
1017 896 1108 951 καὶ
1168 895 1242 957 εἷς
1301 895 1460 950 αὐτὸν
1507 897 1575 950 τὰ
1630 896 1798 951 πάντα
1833 915 1844 928 ⁶

248 991 430 1060 αὖτῷἡ
487 987 614 1060 δόξα
675 990 752 1051 εἰς
805 989 930 1050 τοὺς
989 986 1204 1048 αἰῶνας.
1271 988 1469 1059 Ἀμήν.
1529 987 1601 1042 Τᾶ
1649 989 1846 1056 πάντα,

247 1081 392 1154 φησίν,
422 1079 548 1154 οὖχί
589 1078 656 1132 τὰ
684 1079 859 1148 νοητά
905 1077 1092 1150 μόνον,
1124 1076 1198 1138 ὡς
1239 1077 1294 1130 οἱ
1337 1076 1659 1149 μεμηνότες,
1701 1076 1846 1132 ἀλλὰ

243 1167 310 1222 καί
336 1169 394 1222 τὰ
417 1167 618 1242 ἀόρατα
660 1167 832 1221 πάντα
877 1172 977 1235 τῆς
1027 1162 1427 1239 δημιουργικῆς
1468 1163 1631 1219 αὐτοῦ
1671 1164 1846 1219 παλά-

244 1277 326 1329 μῃς
353 1251 496 1331 ἔργον
548 1256 678 1314 εἶσί.
731 1254 834 1312 Καὶ
867 1257 900 1324 ἠ
951 1254 1157 1308 τούτων
1191 1253 1404 1307 πάντων
1454 1251 1724 1327 βασιλεία,
1757 1253 1845 1308 καὶ

240 1347 476 1420 ήὲξουσία
523 1348 612 1402 καὶ
659 1347 723 1401 τὸ
773 1345 967 1419 κράτος
998 1343 1088 1398 καὶ
1136 1345 1172 1413 ἡ
1204 1343 1436 1416 πρόνοια
1483 1346 1580 1397 τοῦ
1633 1344 1846 1417 [ἰατρὸς

236 1436 428 1491 ἐστικαὶ
475 1439 574 1491 τοῦ
610 1436 738 1488 Υἱοῦ
787 1435 1012 1488 καὶτοῦ
1062 1433 1220 1507 ἁγίου
1273 1432 1610 1505 Πνεόματος.
1662 1432 1740 1486 Σὺ
1790 1429 1847 1486 δέ

240 1546 311 1596 μοι
338 1527 427 1593 τήν
459 1523 692 1599 Θεωρίαν
739 1523 1072 1598 παράπεμπε
1109 1521 1196 1576 καὶ
1247 1520 1327 1598 ἐφ’
1376 1521 1558 1594 ἑτέρας
1607 1520 1842 1576 ἀποστο-

236 1611 367 1674 λικὰς
415 1613 620 1688 φωνὰς,
677 1613 734 1666 αἳ
795 1610 923 1673 τοὺς
977 1611 1403 1671 πεπιστευκότας
1462 1606 1731 1686 ἀδελφοὺς
1789 1630 1846 1666 τε

234 1701 586 1774 ὀνομάζουσιν,
618 1700 802 1774 ἁγίους
833 1698 923 1754 καὶ
967 1697 1237 1772 μετόχους
1268 1704 1366 1766 τῆς
1417 1697 1672 1772 οὐρανίου
1711 1697 1848 1767 κλή-

233 1811 371 1860 σεως,
446 1791 598 1855 ὅπως
662 1789 1012 1864 παρατιθέασι
1095 1787 1329 1862 Χριστὸν
1409 1788 1498 1842 τὸν
1585 1787 1842 1859 ἀληθινὸν

1960 635 2132 689 Amen
2166 633 2230 688 ‘6.
2263 635 2492 702 Omnia,
2528 636 2737 708 inquit,
2773 657 2886 695 non
2920 641 3313 716 intelligibilia
3365 653 3607 723 tantum,

1961 729 2023 778 ut
2051 723 2130 780 illi
2163 723 2478 792 insaniunt,
2503 727 2601 782 sed
2627 732 2682 782 et
2704 727 2954 785 visibilia
2977 736 3032 788 et
3055 733 3392 805 invisibilia,
3410 741 3608 797 omnia

1955 830 1987 868 a
2008 830 2180 868 manu
2206 814 2332 884 ejus
2358 819 2588 871 creante
2610 817 2867 887 profecta
2898 826 3056 879 sunt.
3082 825 3268 895 Atque
3289 827 3604 899 imperium

1957 901 2014 956 in
2049 901 2169 956 haec
2219 904 2442 970 omnia,
2477 909 2531 959 et
2555 909 2838 975 potestas,
2871 913 2927 962 et
2957 911 3065 978 vis,
3099 917 3158 967 et
3187 929 3325 970 cura
3360 918 3606 986 provida

1957 991 2144 1047 Patris
2174 999 2330 1058 sunt,
2356 996 2412 1047 et
2443 993 2592 1061 Filii,
2620 999 2676 1050 et
2702 995 2955 1066 Spiritus
2975 1002 3184 1056 sancti.
3212 1003 3296 1058 Tu
3320 1021 3456 1062 vero
3482 1009 3611 1064 ani-

1958 1097 2118 1136 mum
2151 1081 2325 1137 etiam
2351 1081 2420 1136 ad
2456 1083 2570 1138 alia
2597 1084 2860 1154 Apostoli
2893 1087 3048 1141 dicta
3079 1096 3603 1166 convertc,quibus

1956 1171 2256 1226 credentes
2292 1171 2496 1227 fratres
2527 1173 2800 1244 appellat,
2834 1181 2891 1230 et
2922 1183 3156 1234 sanctos
3203 1185 3259 1236 et
3290 1185 3604 1256 participes

1955 1260 2269 1315 vocationis
2316 1259 2585 1328 ccelestis,
2620 1279 2745 1332 quae
2779 1268 2836 1318 et
2881 1263 3008 1334 ipsa
3046 1266 3341 1324 Christum
3396 1287 3602 1330 verum

1954 1349 2135 1403 Deum
2168 1354 2430 1404 nostrum
2459 1349 2625 1418 Mosi,
2662 1349 2759 1405 Dei
2791 1369 2976 1419 servo,
3002 1356 3068 1409 ad
3095 1355 3249 1412 latus
3273 1357 3598 1430 collocant;

1956 1437 2185 1492 ﬁdelem
2219 1438 2372 1493 enim
2408 1445 2821 1508 repraesentant
2848 1446 3166 1514 utrumque
3198 1446 3312 1502 Deo
3345 1453 3401 1502 et
3421 1449 3595 1504 Patri.

1953 1526 2170 1582 Paulus
2201 1527 2356 1581 enim
2391 1527 2595 1582 iisdem
2630 1528 2820 1585 verbis
2853 1530 2994 1585 dicit
3028 1549 3039 1585 :
3077 1533 3426 1592 Considerate
3471 1554 3602 1608 apo-

1951 1616 2153 1670 stolum
2182 1624 2232 1671 et
2269 1617 2600 1671 sacerdotem
2649 1618 2960 1689 principem
3001 1623 3360 1690 confessionis
3389 1631 3607 1697 nostra,

1951 1709 2142 1762 Jesum
2172 1704 2468 1771 Christum,
2502 1707 2598 1777 qui
2625 1707 2806 1775 ﬁdelis
2838 1709 2954 1778 fuit
2983 1710 3037 1763 ei
3065 1712 3162 1780 qui
3194 1713 3372 1782 ipsum
3401 1717 3606 1770 consti-

1954 1795 2064 1849 tuit
2093 1794 2158 1860 1⁷,
2192 1794 2414 1850 scilicet
2447 1795 2824 1852 sacerdotem.
2857 1797 3062 1854 Postea
3092 1799 3270 1866 idem,
3309 1805 3602 1873 quomodo

233 1881 376 1950 ἡμῶν
401 1881 516 1936 Θεὸν
542 1885 625 1953 τῷ
655 1877 950 1954 θεράποντι
997 1899 1094 1932 σου
1124 1881 1236 1950 (40)
1274 1881 1354 1949 τῷ
1384 1882 1570 1932 Μωσεῐ
1597 1898 1607 1909 ·
1651 1881 1839 1933 πιστὸν

1960 1881 2142 1937 ﬁdelis
2166 1883 2352 1950 fuerit,
2387 1882 2782 1952 explicaturus
2815 1901 2918 1956 per
2951 1888 3146 1943 Mosen
3181 1889 3238 1944 id
3273 1870 3445 1946 facit:
3483 1891 3603 1948 Sic-

241 1969 326 2042 μὶν
377 1971 468 2044 γὰρ
518 1969 770 2044 ἑκάτερον
833 1967 1136 2044 εἰσάγουσιν
1195 1970 1274 2038 τῷ
1333 1971 1448 2038 Θεῷ
1501 1968 1590 2021 καὶ
1653 1969 1844 2042 Πατρί.

235 2057 374 2132 Λέγει
418 2059 512 2134 γὰρ
559 2061 588 2113 ὁ
632 2057 854 2120 Παῦλος
903 2057 1094 2119 αὐτοῖς
1154 2057 1363 2130 ῥήμασι
1399 2075 1410 2088 '
1473 2058 1848 2126 Κατανοήσατε

230 2146 309 2200 τὸν
383 2146 680 2203 ἀπόστολον
791 2146 882 2202 καὶ
981 2145 1240 2220 ἀρχιερέα
1332 2151 1433 2214 τῆς
1539 2143 1844 2222 ὁμολογίας

227 2239 363 2307 ἡμῶν
424 2238 636 2308 Ἰησοῦν
716 2237 968 2310 Χριστὸν,
1046 2235 1234 2290 πιστὸν
1311 2229 1436 2289 ὄντα
1514 2239 1593 2307 τῷ
1675 2238 1844 2305 ποιήε-

228 2345 350 2378 σαντι
395 2325 581 2397 αὐτὸν,
631 2323 894 2396 δηλονότι
939 2324 1198 2399 ἀρχιερέα
1245 2324 1380 2396 (41).
1443 2323 1572 2378 Εἶτα
1610 2328 1727 2386 πῶς
1775 2325 1840 2394 ἦν

224 2415 403 2478 πιστὸς,
460 2413 930 2491 ἐπεξηγούμενος,
991 2411 1082 2468 διὰ
1137 2417 1234 2468 τοῦ
1292 2414 1533 2474 Μωσέως
1592 2411 1840 2485 δεικνύει,

225 2502 284 2556 ὡς
310 2505 387 2558 καὶ
433 2511 674 2574 Μωσῆς,
720 2503 906 2581 φησὶν,
944 2501 999 2559 ἐν
1046 2501 1164 2576 ὅλῳ
1205 2506 1283 2574 τῷ
1328 2501 1464 2574 οἷ’κῳ
1513 2503 1698 2561 αὺτοῦ,
1749 2503 1840 2559 Τί-

221 2612 295 2653 νος
319 2591 482 2667 cingi;
527 2595 570 2665 ἢ
614 2591 878 2664 δηλονότι
925 2597 1022 2648 τοῦ
1061 2593 1392 2662 ποιησαντος
1443 2589 1701 2667 ἀρχιερέα
1746 2593 1838 2648 τὸν

224 2681 388 2754 Κύριον
431 2685 604 2756 ἡμῶν
649 2685 862 2754 Ἰησοῦν
913 2681 1192 2757 Χριστόν;
1227 2681 1357 2736 Εἶτα
1403 2682 1493 2735 καὶ
1538 2683 1637 2751 τὴν
1686 2684 1840 2758 ἀσόγέ

217 2790 372 2845 κριτον
415 2771 684 2847 διαφορὰν
715 2775 814 2827 τοῦ
862 2769 1133 2826 Δεσπότου
1180 2771 1314 2844 πρὸς
1361 2770 1451 2824 τὸν
1507 2767 1703 2827 δοῦλον
1753 2769 1836 2826 δι-

218 2855 418 2931 δάσκων,
447 2862 548 2918 τὸν
591 2863 685 2934 μὲν
737 2861 1034 2934 θεράποντα
1082 2857 1239 2915 καλεῖ
1276 2858 1365 2914 καὶ
1395 2859 1585 2914 πιστὸν
1619 2859 1671 2915 ἐν
1719 2859 1838 2932 ὅλῳ

217 2948 281 3019 τῷ
323 2948 450 3022 οἴκῳ
504 2955 616 3006 τοῦ
656 2953 811 3021 Θεοῦ,
870 2949 959 3004 τὸν
1015 2947 1074 3004 δὲ
1129 2949 1519 3004 κατασκευάσαι
1577 2951 1690 3024 (42)
1742 2951 1834 3005 τὸν

216 3037 362 3095 οἶκον.
403 3039 563 3095 Διότι
605 3040 633 3095 ὁ
665 3039 840 3094 πάντα
877 3039 1287 3108 κατασκευάζων
1330 3038 1480 3108 Θεὸς,
1513 3037 1716 3101 ἐκεῖνος
1749 3039 1837 3094 καὶ

212 3126 292 3192 τήν
321 3129 657 3196 κατασκευὴν
690 3125 964 3197 διετάξατο
1003 3130 1100 3182 τοῦ
1141 3127 1384 3202 ἐπιγείου
1435 3127 1599 3183 αὐτοῦ
1632 3127 1784 3183 οἷ’κου
1819 3147 1832 3161 ·

210 3215 262 3271 Ὀ
315 3217 411 3290 γὰρ
465 3218 536 3271 τα
601 3217 797 3287 πάντα,
865 3217 1020 3294 φησί,
1093 3218 1489 3279 κατασκευάσας
1562 3217 1714 3284 Θεὸς,
1773 3193 1918 3272 0'30

212 3304 406 3376 γνήσιος
447 3302 522 3359 ὢν
591 3305 713 3366 Υἱὸς
759 3306 970 3375 Ἰησοῦς
1019 3306 1046 3359 ὁ
1105 3306 1352 3380 Χριστὸς,
1396 3302 1485 3360 διὰ
1540 3311 1702 3362 τοῦτο
1759 3308 1848 3360 καὶ

209 3392 388 3468 Κύριος
419 3399 520 3450 τοῦ
561 3393 742 3466 οἴκου,
782 3392 911 3460 ἀλλῗ
959 3394 1089 3470 οὖχὶ
1121 3395 1391 3468 Θεράπων,
1425 3394 1606 3470 ὥσπερ
1654 3398 1682 3450 ὁ
1723 3404 1850 3453 Mco-

217 3488 319 3551 σῆς.
367 3486 495 3539 Μετ’
551 3482 748 3557 ὀλίγον
780 3481 859 3555 δὲ,
907 3485 977 3538 Τὸ
1027 3483 1293 3558 καύχημα
1343 3491 1442 3554 τῆς
1488 3483 1710 3548 ἐλπίδος
1758 3471 1849 3541 καἱ

212 3573 297 3641 τήν
350 3572 669 3649 παῤῥησίαν
731 3573 898 3648 μέχρι
932 3575 1040 3644 (43)
1095 3571 1313 3641 τέλους,
1367 3573 1454 3628 ἐὰν
1520 3569 1740 3649 βεϐαίαν
1797 3576 1848 3630 οἱ

215 3664 616 3724 πεπιστευκότες
703 3662 1096 3741 κατάσχωμεν,
1165 3663 1313 3717 οἶκον
1397 3664 1544 3736 ἡμᾶς
1629 3664 1850 3738 εὐαγγε-

215 3746 485 3823 λιζόμενος
532 3749 888 3827 χρηματίσαι
935 3753 1044 3826 (44)
1074 3755 1170 3806 τοῦ
1210 3755 1365 3819 Θεοῦ,
1414 3752 1511 3812 τὰς
1562 3749 1850 3814 Δαυϊδικὰς

215 3841 376 3912 ςωνὰς
435 3840 513 3902 εἷς
572 3840 762 3895 πίστιν
808 3843 915 3895 τῶν
975 3839 1278 3914 εἰρημένων
1339 3835 1738 3914 προϐάλλεται,
1795 3840 1847 3896 ἐν

213 3929 281 3986 οἷς
318 3934 532 4004 πρῶτον
581 3929 682 4002 μὲν
713 3929 773 3984 τὸ
808 3933 1024 4002 Πνεῦμα
1069 3930 1131 3984 τὸ
1163 3931 1315 4003 ἅγιον
1347 3927 1586 3998 λαλῆσαι
1632 3931 1735 4005 βοᾷ
1781 3928 1850 3984 δι’

211 4017 381 4090 αὐτοῦ,
423 4015 621 4075 ἔπειτα
652 4015 710 4073 δὲ
755 4019 853 4086 τήν
885 4017 1004 4088 ἴσην
1051 4017 1392 4073 ἀπαιτεῖσθαι
1426 4015 1583 4088 δίκην
1631 4019 1757 4081 τούς
1793 4040 1851 4074 τε

213 4108 289 4159 νῦν
312 4108 546 4177 ἀνήκοον
601 4105 908 4182 ὑπέχοντας
944 4113 1064 4168 ταῖς
1113 4113 1462 4170 Δεσποτικαῖς
1506 4106 1749 4169 ἐντολαῖς
1789 4109 1850 4164 τὸ

214 4193 308 4266 οιῖις,
339 4196 430 4250 καὶ
469 4199 606 4259 τοὺς
651 4195 703 4250 ἐν
747 4200 828 4269 τῷ
887 4203 1327 4272 παραπικρασμῷ
1390 4196 1564 4253 παλαι
1613 4198 1850 4272 στληρόο

212 4303 375 4346 ναντας
408 4285 512 4353 τήν
575 4282 805 4358 καρδίαν
864 4284 1062 4344 αὐτῶν.
1100 4289 1192 4340 Ὧν
1233 4285 1290 4340 δὲ
1345 4289 1379 4356 ἡ
1438 4286 1681 4361 τιμωρία
1731 4285 1849 4356 ἴση,

212 4370 321 4428 οὐδὲ
346 4376 406 4429 τὸ
457 4375 774 4448 ἁμάρτημα
825 4371 1066 4451 διαφέρει
1097 4395 1109 4408 '
1163 4377 1234 4432 ὧν
1267 4373 1322 4432 δὲ
1370 4378 1758 4454 παραπλήσιον
1787 4378 1848 4431 τὸ

1955 1981 2038 2040 ut,
2069 1973 2364 2042 inquiens,
2399 1972 2562 2028 Moses
2606 1973 2666 2028 in
2715 1979 2824 2030 tota
2867 1974 3023 2032 domo
3053 1979 3195 2046 ejus.
3231 1981 3410 2050 Cujus
3462 1998 3597 2038 vero

1956 2062 2150 2127 domo,
2199 2059 2312 2114 nisi
2359 2061 2510 2130 ejus,
2563 2061 2660 2131 qui
2715 2062 3031 2118 Dominum
3092 2070 3354 2121 nostrum
3399 2067 3603 2124 Jeeum

1952 2149 2240 2206 Christum
2273 2149 2630 2204 sacerdotem
2655 2150 2980 2221 principem
3003 2153 3356 2210 constituit?
3385 2157 3606 2214 Deinde

1953 2237 2108 2293 idem
2137 2235 2678 2306 incomparabilem,
2699 2253 2826 2308 quae
2847 2237 3185 2307 intercedat,
3208 2241 3606 2300 differentiam

1952 2331 2314 2392 ostensurus,
2367 2324 2616 2381 alterum
2646 2326 2880 2396 quidem
2937 2343 3163 2383 servum
3213 2334 3271 2385 et
3319 2330 3502 2387 ﬁlium
3552 2333 3613 2387 in

1951 2418 2073 2470 tota
2101 2415 2273 2470 domo
2291 2413 2393 2468 Dei
2422 2418 2608 2483 vocat,
2629 2412 2879 2469 alterum
2915 2431 3044 2472 vero
3080 2417 3161 2472 ait
3182 2417 3422 2473 domum
3445 2419 3608 2477 illam

1951 2504 2258 2559 struxisse.
2284 2503 2484 2574 Itaque
2503 2502 2658 2558 Deus
2683 2503 2878 2558 omnia
2904 2505 3606 2575 perﬁciens,structuram

1951 2609 2181 2665 quoque
2204 2592 2494 2648 terrestris
2517 2591 2727 2646 domus
2751 2607 2872 2648 suae
2893 2594 3186 2664 praecepit.
3206 2595 3412 2651 Omnia
3430 2597 3605 2664 enim,

1947 2681 2158 2753 inquit,
2181 2681 2429 2752 efﬁciens
2450 2684 2594 2736 Deus
2615 2686 2714 2748 est,
2738 2682 2911 2752 cujus
2941 2683 3236 2754 genuinus
3257 2683 3438 2740 Filius
3461 2701 3596 2741 cum

1945 2770 2120 2826 Jesus
2149 2769 2414 2825 Christus
2446 2769 2538 2836 sit,
2572 2769 2724 2824 idem
2766 2773 2854 2825 vel
2886 2770 3012 2826 ideo
3067 2772 3346 2827 Dominus
3379 2773 3593 2829 domus

1945 2869 2050 2928 est,
2079 2875 2191 2914 non
2226 2875 2352 2914 vero
2392 2874 2608 2926 servus,
2646 2863 2708 2913 ut
2757 2859 2964 2916 Moses.
2999 2864 3138 2916 Post
3186 2877 3374 2933 pauca
3404 2879 3534 2918 vero
3571 2879 3585 2918 :

1945 2948 2234 3019 Siquidem
2281 2946 2557 3004 credentes
2585 2947 2909 3020 prasidium
2947 2949 3064 3021 spei
3109 2954 3160 3006 et
3206 2951 3467 3022 ﬁduciam
3499 2968 3588 3007 us-

1949 3053 2050 3108 que
2079 3040 2157 3093 ad
2186 3037 2352 3108 ﬁnem
2380 3037 2599 3106 ﬁrmam
2637 3040 3137 3094 conscrvavcrimus
3169 3041 3231 3094 η.
3279 3040 3594 3098 Pollicetur

1953 3143 2060 3182 nos
2090 3127 2323 3182 domum
2355 3126 2455 3181 Dei
2487 3131 2752 3182 vocatum
2787 3127 2879 3188 iri,
2914 3134 2969 3182 et
2998 3128 3056 3182 in
3099 3128 3272 3184 ﬁdem
3305 3130 3594 3186 dictorum

1960 3215 2188 3273 Davidis
2231 3215 2394 3272 aﬁ‘ert
2449 3216 2641 3284 verba,
2674 3215 2732 3269 in
2785 3215 3000 3286 quibus
3050 3217 3305 3288 primum
3356 3219 3596 3290 quidem

1959 3305 2242 3376 Spiritum
2273 3309 2543 3360 sanctum
2572 3321 2670 3375 per
2702 3303 2869 3360 illum
2901 3305 3057 3376 loqui
3087 3305 3189 3372 ait,
3222 3307 3434 3363 deinde
3463 3322 3598 3362 vero

1960 3396 2286 3460 conﬁrmat,
2335 3395 2598 3451 eamdem
2629 3395 2698 3450 ab
2748 3393 2863 3449 illis
2904 3395 3056 3466 exigi
3105 3410 3357 3466 pennam,
3392 3395 3489 3466 qui
3538 3399 3596 3450 et

1959 3502 2117 3541 nunc
2163 3483 2463 3556 praeceptis
2511 3483 2743 3540 Domini
2784 3483 3188 3555 immorigeras
3238 3499 3406 3540 aures
3456 3501 3603 3557 prte-

1960 3577 2154 3643 beant,
2214 3579 2271 3630 et
2326 3576 2425 3646 qui
2483 3574 2620 3630 olim
2679 3578 2939 3645 tempore
2995 3572 3452 3629 exacerbationis
3501 3588 3599 3630 cor

1959 3682 2130 3722 suum
2163 3663 2549 3720 obﬁrmarint.
2583 3665 2840 3730 Quorum
2874 3678 3004 3718 vero
3045 3679 3212 3731 pcena
3251 3665 3342 3718 est
3369 3662 3602 3733 eadem,
3679 3673 3684 3678 ‘

1959 3770 2157 3810 eorum
2193 3769 2297 3809 nec
2340 3753 2550 3808 delicta
2592 3752 2912 3816 diﬁerunt;
2943 3766 3190 3823 quorum
3240 3767 3374 3806 vero
3406 3750 3601 3806 simile

1960 3847 2045 3898 est
2093 3846 2422 3913 peccatum,
2471 3857 2670 3896 eorum
2719 3845 2964 3911 utraque
3023 3857 3160 3911 pars
3208 3839 3268 3895 in
3327 3839 3600 3895 eumdem

1960 3932 2143 3988 Deum
2193 3946 2465 4001 peccasse
2513 3929 2894 3984 convincitur.
2937 3930 3010 3983 At
3059 3932 3336 3983 strenuus
3391 3927 3490 3983 ille
3546 3931 3604 3982 et

1961 4020 2217 4076 fervidus
2246 4019 2506 4074 veritatis
2536 4025 2758 4074 amator
2787 4033 2859 4071 nc
2891 4017 2948 4071 in
2986 4017 3075 4071 his
3103 4016 3338 4086 quidem
3373 4014 3600 4084 acquie-

1961 4111 2086 4179 scit,
2119 4113 2182 4164 ut
2212 4109 2408 4180 gratia:
2439 4108 2621 4176 legem
2648 4107 2875 4178 jungat,
2913 4109 3084 4176 atque
3115 4104 3234 4159 haec
3263 4102 3604 4158 communia

1963 4199 2152 4256 Patris
2182 4203 2238 4254 et
2266 4197 2392 4254 Filii
2415 4213 2546 4254 esse
2567 4195 2856 4264 ostendat,
2880 4195 2976 4250 sed
3011 4197 3232 4259 monet,
3255 4189 3604 4248 exacerban-

1964 4299 2048 4346 tcs
2095 4288 2231 4345 olim
2291 4289 2510 4356 Mosen,
2558 4291 2614 4342 et
2663 4302 2764 4357 per
2803 4301 2937 4340 eum
2988 4285 3167 4339 Deum
3214 4282 3433 4354 ipsum,
3486 4297 3601 4336 non

1962 4382 2142 4435 alium
2177 4382 2449 4443 tentasse,
2473 4392 2642 4447 quam
2676 4375 2842 4431 illum
2875 4389 3050 4446 quem
3081 4372 3327 4445 Spiritus
3358 4375 3598 4426 sanctus

213 4460 520 4538 ἁμάρτημα,
557 4462 769 4519 τούτων
812 4464 1033 4541 ἑκατέρα
1082 4467 1232 4541 μερὶς
1265 4467 1340 4530 εἷς
1392 4467 1482 4522 τὸν
1516 4467 1675 4523 αὐτὸν
1724 4469 1845 4523 Θεὸν

1962 4469 2272 4526 annuntiat
2298 4485 2311 4523 :
2345 4470 2406 4524 In
2436 4469 2524 4524 die
2544 4468 2723 4537 enim,
2751 4465 2962 4538 inquit,
2987 4464 3324 4532 tentationis,
3347 4461 3406 4517 in
3431 4460 3608 4516 deser-

269 4577 312 4613 ¹⁶
339 4580 511 4637 Rom.
546 4597 633 4647 ιι,
665 4579 754 4634 36.
836 4581 878 4617 ¹τ
910 4581 1080 4638 Hebr.
1115 4599 1201 4649 ιιι,
1231 4586 1285 4640 2.
1363 4585 1411 4621 ιδ
1439 4585 1608 4641 Hebr.
1644 4602 1728 4655 III,
1761 4588 1815 4643 6.

1366 4727 1607 4782 VARI/E
1650 4727 2040 4784 LECTIONES
2081 4728 2169 4784 ET
2206 4727 2437 4784 NOT/E.

267 4827 380 4898 (40)
403 4828 503 4902 Ita
517 4827 788 4902 ms.;_sed
813 4827 961 4902 forte
982 4827 1288 4900 legendum
1321 4837 1411 4888 est
1440 4835 1594 4894 Θεοῦ,
1611 4835 1756 4902 quod
1780 4851 1850 4889 ex

211 4897 548 4970 compendio
575 4899 912 4969 scriptionis
932 4899 992 4955 in
1017 4897 1154 4956 mss.
1181 4903 1392 4958 usitato
1415 4903 1477 4956 θυ
1505 4897 1668 4959 facile
1692 4907 1847 4961 nasci

212 4971 395 5035 potuit.
431 4970 648 5048 Neque
695 4970 858 5048 enim,
903 4971 964 5024 τὸ
997 4973 1092 5024 σοῦ
1139 4971 1330 5030 locum
1365 4975 1576 5032 habere
1624 4977 1719 5032 hic
1753 4993 1854 5048 per

214 5042 484 5112 sermonis
519 5041 735 5112 seriem
770 5047 980 5112 potest.

235 5111 381 5192 ⁹(41)
417 5109 728 5192 ’Δηλονότι
771 5109 1058 5187 ἆρχιερέα.
1113 5114 1414 5192 Recte_ita
1470 5118 1654 5192 eludit
1707 5119 1849 5174 Pho-

215 5183 330 5262 ti_us_
343 5183 682 5262 calumnias
702 5183 906 5262 omnes
935 5183 1068 5262 qua;
1090 5188 1247 5242 nasci
1271 5186 1532 5262 alioquin
1566 5196 1851 5260 poterant,

217 5252 342 5328 sieo
371 5257 583 5328 ποιεῖν-
615 5251 772 5308 αὐτὸν
822 5257 891 5312 ad
926 5251 1220 5313 Christum
1274 5251 1462 5328 ipsum
1516 5251 1847 5317 relrcrrotur;

215 5324 426 5402 Scilicet
457 5325 710 5381 verbum
758 5331 935 5380 ποιεῖν
989 5329 1084 5383 hic
1124 5329 1271 5402 idem
1297 5324 1429 5398 _esl,
1464 5335 1612 5402 quod
1644 5335 1851 5389 consli-

219 5405 372 5473 tuere,
405 5399 786 5473 inaugurato.
821 5404 943 5473 Hoc
986 5416 1161 5473 sensu
1210 5399 1450 5458 Joannis
1481 5399 1596 5473 iux,
1631 5405 1717 5473 12,
1769 5405 1853 5460 di-

217 5467 350 5545 citur
391 5471 584 5545 ποιεῖν
632 5467 1202 5545 ἑαυτονμβασιλέαιοι.
1231 5473 1302 5526 de
1348 5467 1593 5531 Christo'
1623 5467 1852 5531 Marcus

217 5541 288 5593 ait
313 5556 485 5620 cani,
522 5541 622 5620 14,
645 5542 795 5620 quod
830 5538 1058 5620 ἐποίησε
1098 5538 1328 5620 δώδεκα,
1352 5545 1410 5600 id
1432 5551 1539 5612 est,
1562 5547 1728 5615 elegit
1749 5564 1850 5602 seu

216 5611 499 5688 constituit
518 5611 830 5688 duodecim.
853 5611 1149 5687 Legequze
1181 5616 1252 5670 ad
1283 5617 1439 5672 hunc
1470 5611 1850 5688 posteriorem

217 5682 393 5756 locum
428 5682 734 5756 adnotavit
764 5685 838 5742 cl.
869 5682 992 5745 Jac.
1025 5682 1318 5756 Elsnerus,
1360 5687 1418 5743 in
1454 5682 1612 5748 Notis
1641 5690 1760 5746 suis
1793 5691 1852 5746 in

212 5757 271 5809 Ν.
297 5753 385 5823 Τ.;
418 5770 488 5811 ac
516 5754 720 5814 confer
749 5763 1025 5830 praeterea
1056 5759 1282 5816 Erasmi
1305 5753 1607 5817 'Schmidii
1657 5763 1855 5832 exqui-

1959 4836 2096 4890 sitas
2129 4830 2636 4888 Animadversiones
2683 4831 2754 4885 ad
2782 4830 2845 4884 Ν.
2881 4829 2934 4882 T.
2979 4841 3156 4896 super
3200 4823 3374 4879 Hebr.
3419 4840 3507 4896 ιιι,
3549 4823 3601 4877 2·

2031 4905 2144 4977 (42)
2188 4903 2606 4958 Κατασκευάσαι.
2668 4905 2754 4958 Ita
2811 4900 2936 4972 lego
2996 4894 3098 4970 pro
3158 4894 3606 4966 κατεσκευάσθαι,

1962 4978 2116 5047 quod
2147 4983 2269 5047 erat
2299 4977 2356 5030 in
2392 4992 2497 5047 mis.

2034 5047 2143 5119 (43)
2174 5045 2397 5106 Τέλους.
2439 5046 2523 5101 Ita
2571 5043 2810 5119 restituo
2860 5057 2926 5097 ex
2961 5041 3089 5119 ipso
3135 5038 3261 5095 loco
3311 5036 3552 5092 Paulino
3587 5052 3600 5091 :

1963 5115 2051 5173 ιιι(
2073 5115 2227 5173 enim
2265 5119 2538 5174 mendose
2569 5115 2877 5172 exhibebat
2902 5115 3116 5167 τοῦτον.

2033 5191 2148 5260 (44)
2214 5187 2583 5261 Χρηματίσαι.
2645 5188 2857 5261 Eadem
2915 5180 3449 5261 no_ti_one_verburp
3490 5177 3601 5234 hoc

1965 5250 2282 5333 usurpatur
2303 5250 2616 5334 iiiAc-iibus
2641 5257 3074 5334 apostol.x1,26,
3092 5253 3191 5334 ubi
3211 5250 3601 5334 JoanCrego-

1961 5325 2211 5404 rius,'vir
2228 5333 2626 5398 doctissimus,
2651 5325 2880 5404 innotis
2902 5327 2973 5404 ad
3000 5325 3601 5404 quada_m_Scripturze

1962 5397 2108 5472 loca,
2135 5422 2186 5476 p.
2218 5405 2337 5472 162,
2361 5397 2650 5476 observat,
2673 5401 2965 5476 ejusmodi
2997 5397 3600 5476 nominis_impo§itio_~

1963 5464 2107 5532 nem,
2123 5464 2345 5546 proprie
2370 5464 2644 5538 indicari,
2661 5464 2784 5546 quae
2808 5472 3147 5546 solemniter
3168 5469 3286 5523 ﬁat.
3307 5464 3516 5546 anier
3543 5470 3600 5519 et

1963 5538 2258 5602 Lamberti
2320 5548 2433 5602 Bos
2489 5538 2907 5601 Observationes
2949 5542 3020 5598 ad
3074 5542 3283 5597 Novum
3345 5538 3596 5598 Testem,

1965 5637 2017 5688 p.
2057 5619 2180 5685 107,
2205 5619 2303 5689 qui
2335 5619 2486 5672 facta
2515 5616 2823 5688 imprimis,
2854 5616 3068 5686 quibus
3100 5625 3311 5668 nomen
3337 5610 3592 5679 paretur,

1963 5689 2129 5747 innui
2161 5690 2474 5747 contendit.
