4074 6208
394 407 508 467 147

1597 399 1865 461 ΡΗΟΤΙΙ
1910 397 2189 457 PATRIA
2205 396 2433 458 RCHIE
2472 397 2586 458 ΟΡ.

3675 388 3792 452 148

391 547 468 610 to,
508 541 604 596 ubi
636 543 928 596 tentarunt
964 557 1052 595 me
1099 548 1279 612 patres
1311 539 1500 606 vestri,
1547 553 1656 605 me,
1691 553 1808 593 non
1841 539 2034 592 autem

2162 529 2496 606 ἐξελέγχεται
2547 529 2939 606 διαμαρτοῦσα.
2991 531 3048 584 Ὀ
3098 525 3154 584 δὲ
3199 528 3400 603 θερμὸς
3449 527 3655 590 ἐκεῖνος
3705 528 3798 583 καὶ

398 631 577 687 alium
610 635 660 686 et
710 631 1018 702 probarunt
1062 646 1170 689 me,
1223 634 1272 686 et
1319 644 1484 701 opera
1528 642 1650 684 mea
1689 626 1944 683 viderunt
1976 626 2040 680 ιθ.

398 721 710 791 Propterea
739 720 987 787 seducti,
1021 719 1157 790 quia
1195 719 1318 775 vias
1350 734 1510 774 meas
1551 731 1898 790 cognoscere
1939 731 2043 772 no-

402 811 653 870 luerunt,
683 809 743 864 in
769 808 1022 879 requiem
1060 823 1246 863 meam
1279 824 1393 863 non
1417 806 1821 863 introiverunt.
1847 810 2043 875 Itaque

402 917 496 970 ne,
518 909 576 956 ut
606 899 690 955 illi
718 898 1136 954 exacerbarunt
1157 897 1365 965 Deum,
1381 902 1437 952 et
1463 914 1576 954 non
1599 897 2044 962 crediderunt,et

403 995 762 1047 recesserunt
779 988 852 1042 ab
873 1003 960 1054 eo,
984 1002 1086 1043 vos
1104 1004 1336 1059 quoque
1359 986 1636 1045 recedatis
1656 1004 1688 1040 a
1714 987 1844 1051 Deo,
1861 999 2043 1056 neque

403 1078 690 1134 induretis
711 1077 885 1132 corda
903 1084 1106 1144 vestra,
1143 1081 1206 1132 ut
1236 1076 1342 1147 illi,
1375 1094 1559 1148 neque
1584 1076 1899 1132 imitemini
1920 1092 2038 1131 eos:

403 1169 618 1240 quibus
640 1165 907 1222 infensus
931 1166 1040 1222 fuit
1060 1168 1214 1222 Deus
1242 1183 1344 1238 per
1362 1168 1751 1239 quadraginta
1781 1183 1965 1222 annos
1985 1166 2042 1220 in

401 1261 648 1325 deserto,
667 1272 916 1327 quorum
933 1264 985 1311 et
1009 1257 1275 1313 membra
1295 1256 1354 1311 in
1370 1273 1434 1313 eo
1456 1255 1710 1328 collapsa
1724 1259 1883 1312 sunt.
1898 1255 2044 1311 Nam

401 1361 502 1416 per
551 1344 1024 1401 incredulitatem
1057 1345 1140 1400 illi
1191 1363 1304 1401 non
1358 1350 1668 1416 potuerunt
1710 1344 1935 1418 ingredi
1986 1346 2044 1400 in

401 1434 653 1504 quietem
688 1434 808 1489 Dei.
851 1435 1155 1490 Vereamur
1205 1435 1418 1505 itaque,
1453 1451 1524 1490 ne
1572 1435 1631 1490 in
1667 1434 1782 1490 ullo
1823 1449 2044 1499 eorum,

407 1539 531 1595 quae
583 1527 869 1594 praecepta
898 1527 1054 1591 sunt,
1103 1523 1464 1590 deﬁciamus,
1497 1527 1594 1579 aut
1642 1523 2048 1579 incredulitate

415 1613 770 1667 laboremus.
797 1611 901 1678 Qui
923 1612 1077 1667 enim
1101 1612 1453 1668 crediderint
1483 1629 1551 1668 ex
1582 1613 1748 1668 nobis
1777 1612 2047 1684 ipsis,in-

411 1700 746 1770 gredientur
767 1701 823 1755 in
855 1702 1109 1771 quietem
1143 1701 1290 1772 ejus.
1319 1705 1504 1773 thue
1525 1700 1900 1772 intelligatur,
1921 1701 2050 1772 quis

409 1791 518 1846 ista
541 1790 831 1857 statuerit,
855 1790 1009 1846 dicta
1031 1790 1152 1846 hanc
1174 1807 1280 1846 sua
1309 1791 1560 1862 amplius
1589 1808 1824 1859 acuens,
1859 1796 1914 1846 et
1943 1791 2047 1846 do-

2153 617 2416 694 διάπυρος
2454 627 2553 690 τῆς
2594 619 2855 690 ἀληθείας
2899 618 3127 692 ἐραστὴς
3161 615 3287 673 οὐδὲ
3316 621 3431 680 τοῖς
3482 617 3800 694 εἰρημένοις

2152 708 2429 785 ἀρκεσθεὶς
2479 710 2554 771 εἷς
2593 709 2655 764 τὸ
2696 710 2918 782 συνάψαι
2968 707 3059 762 τὸν
3110 706 3278 781 νόμον
3324 710 3391 780 τῇ
3443 705 3651 782 χάριτι,
3705 705 3801 760 καὶ

2156 796 2320 868 δεῖξαι
2351 803 2519 852 ταῦτα
2545 799 2700 853 κοινὰ
2739 801 2836 853 τοῦ
2877 797 3087 871 Πατρὸς
3119 797 3211 850 καὶ
3248 799 3344 850 τοῦ
3383 796 3531 866 Υἱοῦ,
3578 795 3677 850 οὐκ
3704 793 3806 850 ἔλ-

2155 886 2252 943 λον
2295 888 2548 962 πειράσαι
2599 886 2726 948 τοὺς
2776 886 3273 960 παραπικράναντας
3321 885 3538 957 Μωσέα,
3587 889 3678 939 καί
3728 882 3806 939 δι’

2154 978 2322 1032 αὐτοῦ
2379 979 2470 1032 τὸν
2532 979 2683 1048 Θεὸν,
2740 974 2868 1032 ἀλλ’
2923 975 3146 1047 ἐκεῖνον,
3202 975 3260 1029 ὃν
3317 972 3702 1051 καταγγέλλει,
3735 975 3802 1031 τὸ

2157 1071 2374 1139 Πνεῦμα
2404 1067 2466 1122 τὸ
2499 1067 2650 1142 ἅγιον
2684 1085 2697 1098 °
2750 1065 2892 1120 Κατὰ
2919 1067 3016 1135 τήν
3045 1066 3253 1138 ἡμέραν
3297 1063 3423 1140 γὰρ,
3473 1066 3658 1141 φησὶν,
3701 1067 3806 1119 τοῦ

2153 1163 2457 1234 πειρασμοῦ
2506 1158 2557 1214 ἐν
2611 1164 2680 1233 τῇ
2741 1157 2931 1232 ἐρήμῳ
2989 1158 3050 1212 οὗ
3109 1155 3390 1230 ἐπείρασαν
3457 1177 3524 1228 με
3589 1157 3638 1211 οἱ
3695 1177 3804 1210 πα-

2152 1247 2301 1322 τέρες
2360 1247 2536 1322 ὕμῶν,
2615 1248 2710 1320 ἐμὲ
2784 1248 2870 1302 καὶ
2942 1245 3038 1301 οὐκ
3115 1242 3307 1315 ἄλλον,
3380 1246 3470 1300 καὶ
3536 1242 3809 1319 ἐδοκίμα-

2155 1336 2248 1392 σάν
2312 1357 2398 1409 με,
2453 1337 2543 1391 καὶ
2601 1335 2739 1391 εἶδον
2798 1337 2864 1390 τὰ
2929 1329 3060 1410 ἔργα
3126 1355 3260 1408 μου.
3333 1333 3428 1388 Διὰ
3485 1338 3646 1390 τοῦτο
3709 1336 3809 1389 καὶ

2155 1424 2542 1497 πλανηθέντες,
2593 1424 2706 1480 ἐπεὶ
2757 1425 2832 1497 μὴ
2883 1428 3053 1498 γῶναι
3092 1425 3188 1487 τὰς
3235 1421 3392 1486 ὁδούς
3448 1445 3553 1497 μου
3610 1424 3812 1499 ᾑρετέ-

2158 1535 2335 1572 σαντο.
2370 1515 2469 1570 ούκ
2524 1514 2776 1584 εἰσῆλθον
2835 1513 2912 1576 εἰς
2967 1516 3066 1584 τήν
3105 1513 3434 1568 κατάπαυσίν
3504 1535 3630 1587 μου.
3677 1515 3812 1570 Εἶτα

2163 1605 2240 1678 μὴ
2291 1603 2407 1673 οῦν,
2463 1606 2642 1667 καθὼς
2691 1603 2889 1659 ἐκεῖνοι
2939 1603 3344 1677 παρεπίκραναν
3387 1605 3480 1658 τὸν
3533 1603 3683 1673 Θεὸν,
3715 1603 3809 1657 καὶ

2159 1694 2464 1764 ἠπίστησαν
2509 1695 2600 1749 καὶ
2649 1694 2952 1764 ἀπέστησαν
2994 1693 3178 1762 αύτσῦ,
3233 1695 3309 1767 μή
3360 1692 3452 1748 καὶ
3497 1693 3654 1768 ὕμεῖς
3703 1698 3808 1748 τοῦ

2160 1786 2362 1851 ζῶντος
2413 1781 2686 1851 ἂποστῆσε
2736 1783 2892 1853 Θεοῦ,
2945 1779 3086 1854 μηδὲ
3133 1781 3476 1855 σκληρύνητε
3523 1781 3618 1843 τὰς
3669 1801 3809 1856 καρ-

411 1895 547 1934 cens
575 1879 840 1935 eumdem
875 1881 1050 1934 Deum
1088 1879 1145 1934 in
1177 1880 1370 1936 Veteri
1399 1889 1451 1936 et
1492 1881 1646 1937 Novo
1677 1881 2049 1936 Testamento

2162 1870 2276 1935 δίας
2311 1873 2559 1947 ὖμῶνῲς
2608 1871 2828 1941 ἒκεῖνοι,
2866 1869 3008 1946 μηδὲ
3055 1870 3311 1942 ζηλοῦτε,
3361 1873 3443 1933 οἷς
3491 1871 3810 1947 προσώχθι-

411 1971 467 2022 et
493 1969 762 2035 condere,
793 1973 846 2023 et
889 1983 1134 2037 servare,
1170 1972 1227 2024 et
1277 1969 1499 2038 punire,
1536 1974 1591 2025 ct
1641 1969 1882 2039 implere
1921 1986 2050 2040 pro-

412 2059 614 2126 missa,
637 2073 764 2112 cum
794 2057 1079 2128 singulari
1110 2058 1326 2114 ﬁducia
1342 2059 1535 2114 addit:
1571 2059 1652 2114 Ita
1674 2063 1730 2114 ut
1751 2061 2054 2128 iuraverim

412 2149 474 2201 in
510 2147 598 2200 ira
618 2161 760 2215 mea,
782 2146 833 2199 .si
862 2146 1246 2214 ingrediantur
1267 2149 1325 2202 in
1351 2149 1596 2219 requiem
1614 2165 1795 2204 meam
1810 2148 1877 2205 2°.
1897 2150 2052 2204 Idem

417 2235 612 2306 igitur,
648 2233 749 2306 qui
781 2240 920 2290 tunc
951 2235 1183 2306 quidem
1215 2235 1349 2292 illos
1381 2237 1710 2293 incredulos
1735 2255 1850 2294 non
1881 2239 2059 2294 intro-

413 2323 599 2391 duxit,
623 2324 799 2380 etiam
835 2340 989 2378 nunc
1013 2323 1284 2380 similiter
1312 2341 1427 2380 non
1459 2327 1760 2382 credentes
1793 2344 1826 2381 a
1859 2328 2058 2398 requie

414 2412 690 2468 excludit.
723 2413 793 2468 Et
825 2413 1053 2468 inﬁnita
1084 2413 1198 2469 alia
1227 2415 1513 2484 ejusmodi
1546 2415 1606 2471 in
1637 2417 1820 2472 sacris
1851 2434 2057 2474 oracu-

414 2499 510 2569 lis,
546 2501 714 2556 nobis
759 2502 832 2556 ob
864 2501 1064 2558 oculos
1118 2503 1345 2573 positis,
1396 2505 1726 2576 expendens
1776 2505 2060 2563 invenerit

415 2591 690 2646 eumdem
717 2589 923 2658 Deum,
958 2606 1059 2662 per
1089 2591 1308 2658 Mosen,
1333 2593 1614 2664 populum
1646 2594 2055 2665 Israeliticum,

418 2683 476 2735 et
489 2695 590 2750 per
610 2678 810 2735 Jesum
833 2680 907 2736 Cb
919 2681 1122 2737 ristum
1147 2683 1484 2739 hominesin
1509 2683 1664 2739 Novo
1679 2685 2058 2742 Testamento

417 2768 758 2839 gubernare.
812 2770 967 2826 Idem
1009 2770 1106 2827 ille
1155 2773 1299 2829 alios
1349 2772 1585 2844 quidem
1636 2774 1958 2831 introducit
2005 2782 2060 2831 et

419 2856 558 2913 olim
589 2862 648 2914 et
678 2873 830 2914 nunc
871 2859 930 2915 in
973 2859 1165 2918 locum
1199 2863 1430 2934 quietis,
1461 2862 1606 2918 alios
1647 2879 1777 2920 vero
1810 2863 2055 2936 repellit.

416 2944 520 3000 Vir
549 2946 700 3002 enim
742 2949 1255 3021 contemplationis
1295 2950 1762 3007 studiosissimus
1793 2953 2058 3024 ejusdem

415 3033 571 3091 videt
615 3051 741 3092 esse
791 3044 842 3091 et
886 3042 1135 3095 veterem
1181 3039 1337 3095 illam
1389 3040 1672 3110 requiem,
1723 3057 1850 3112 quas
1910 3050 2060 3099 terra

413 3126 710 3196 promissa
748 3130 891 3195 erat,
924 3131 980 3184 et
1028 3127 1268 3185 alteram
1317 3127 1480 3185 illam
1531 3146 1762 3200 novam,
1794 3147 1920 3202 qua
1970 3136 2058 3188 est

2167 1983 2251 2016 σεν
2286 1963 2313 2017 6
2365 1961 2493 2024 Θεὸς
2544 1962 2631 2016 ἐπὶ
2677 1961 3072 2036 τεσσαράκοντα
3117 1956 3210 2032 ἔτη
3259 1959 3312 2014 ἐν
3361 1964 3430 2034 τῇ
3472 1960 3686 2036 ἐρήμῳ,
3731 1962 3807 2015 ὧν

2165 2052 2255 2106 καὶ
2292 2052 2360 2106 τα
2401 2049 2555 2106 κῶλα
2601 2045 2787 2106 ἔπεσον
2829 2049 2880 2105 ἐν
2931 2049 3089 2125 αὐτῇ.
3143 2049 3242 2106 Καὶ
3292 2051 3396 2124 γὰρ
3442 2047 3510 2105 δι’
3555 2048 3808 2106 ἀπιστίαν

2165 2141 2358 2196 ἐκεῖνοι
2399 2142 2498 2196 οὐκ
2549 2139 2896 2212 ἠδυνήθησαν
2945 2139 3202 2196 εἰσελθεῖν
3259 2141 3334 2204 εἷς
3382 2142 3480 2209 τήν
3535 2141 3810 2196 κατάπαυ-

2166 2252 2247 2285 σιν
2277 2235 2372 2285 τοῦ
2404 2234 2556 2286 Θεοῦ.
2592 2225 2936 2303 Φοϐηθῶμεν
2979 2227 3070 2284 οὖν
3103 2231 3156 2284 εν
3200 2226 3394 2304 μηδενὶ
3426 2233 3532 2285 τῶν
3573 2249 3806 2303 προστε-

2164 2322 2446 2396 ταγμένων
2509 2321 2817 2394 ὑστερῆσαι,
2871 2321 2906 2390 ἢ
2969 2319 3220 2375 ἀπιστίαν
3278 2327 3526 2389 νοσῆσαι.
3587 2320 3650 2375 Οἱ
3711 2320 3813 2392 μὲν

2166 2411 2267 2488 γὰρ
2323 2411 2700 2474 πιστεύσαντες
2777 2411 2824 2481 ἐξ
2915 2413 3077 2484 ἡμῶν
3146 2411 3342 2479 αὐτῶν,
3413 2409 3812 2466 εἰσελεύσονται

2166 2501 2242 2565 εἰς
2278 2502 2376 2569 τὴν
2434 2500 2762 2556 κατάπαυσιν
2824 2498 3009 2557 αὺτοῦ.
3065 2501 3163 2556 Καὶ
3205 2499 3288 2562 τίς
3343 2501 3370 2554 6
3427 2499 3814 2578 ψηφισάμενος

2166 2594 2352 2660 τοῦτο,
2402 2591 2737 2666 ἐπισφὶγγων
2789 2590 2961 2645 πλέον
3009 2590 3077 2643 τὰ
3116 2588 3400 2662 εἰρημένα,
3453 2589 3544 2644 καὶ
3594 2585 3812 2652 δεικνὺς

2167 2680 2257 2734 τὸν
2289 2679 2450 2734 ἀύτὸν
2501 2680 2630 2733 Θεὸν
2661 2680 2749 2733 καὶ
2793 2679 2843 2733 ἐν
2872 2683 2940 2752 τῇ
2996 2677 3210 2748 Παλαιᾷ
3242 2679 3333 2732 καὶ
3383 2676 3433 2733 ἐν
3483 2681 3551 2751 τῇ
3594 2679 3814 2754 χάριτι,

2166 2769 2256 2824 καὶ
2307 2766 2664 2844 δημιουργεῖν
2715 2768 2804 2822 καὶ
2855 2769 3044 2837 σώζειν
3078 2769 3167 2821 καὶ
3225 2765 3475 2837 κολάζειν
3521 2767 3612 2822 καὶ
3664 2766 3817 2838 πλη-

2170 2862 2294 2934 ροῦν
2333 2858 2400 2912 τὰ
2459 2855 2860 2932 ἐπηγγελμένα,
2914 2858 3048 2929 μετὰ
3104 2854 3362 2931 λαμπρᾶς
3417 2856 3657 2934 ἐπιφέρει
3705 2864 3815 2927 τῆς

2166 2944 2494 3023 παρρησίας,
2549 2950 2637 3008 Ὡς
2705 2944 2898 3019 ὤμοσα
2956 2943 3010 3000 ἓν
3065 2948 3134 3018 τῇ
3205 2945 3345 3021 ὀργῇ
3409 2967 3533 3020 μου,
3593 2946 3642 3001 εἷ
3697 2946 3814 3001 εἰσ⁹

2169 3034 2475 3091 ελεύσονται
2527 3033 2601 3096 εἰς
2647 3035 2745 3103 τὴν
2793 3033 3124 3089 κατάπαυσίν
3178 3054 3302 3108 μου.
3363 3035 3420 3090 Ὀ
3471 3035 3634 3096 αὐτὸς
3691 3033 3815 3108 οῦν,

2170 3123 2228 3186 ὃς
2258 3124 2382 3178 τότε
2415 3124 2509 3196 μὲν
2553 3121 2790 3184 ἐκείνους
2822 3123 3218 3192 ἀπιστήσαντας
3258 3121 3358 3178 οὐκ
3387 3121 3686 3200 εἰσήνεγκε,
3720 3123 3817 3177 καὶ

412 3193 656 3285 regnum
683 3193 916 3272 caaleste
949 3233 963 3272 :
1006 3217 1162 3274 videt
1191 3219 1462 3275 eumdem
1495 3222 1552 3275 et
1596 3193 1882 3291 supplicio
1916 3237 2049 3293 pro-

2166 3217 2254 3267 νῦν
2311 3213 2519 3285 ὁμοίως
2574 3210 2701 3273 τοὺς
2748 3212 3104 3273 ἀπιστοῦντας
3147 3211 3453 3287 ὑπερορίζει
3501 3218 3604 3280 τῆς
3651 3233 3822 3266 κατα-

389 3303 617 3360 ·ωει“ἰῑο
665 3304 918 3377 afficere,
959 3309 1016 3362 et
1062 3307 1310 3364 salutem
1361 3308 1584 3380 praemii
1632 3308 1818 3365 instar
1863 3310 2055 3366 distri-

413 3391 608 3460 buere,
657 3395 714 3448 et
759 3392 872 3449 alia
917 3394 1124 3450 multa.
1175 3395 1234 3448 Si
1266 3411 1422 3465 vero,
1451 3397 1602 3466 quod
1655 3401 2051 3466 apostatarum

411 3495 580 3536 mens
625 3481 770 3551 vult,
815 3485 1010 3538 vetera
1059 3482 1158 3538 illa
1206 3501 1239 3540 a
1287 3483 1439 3540 malo
1483 3492 1694 3550 essent,
1747 3486 2052 3556 oportebat

409 3585 529 3636 eos,
555 3571 652 3641 qui
685 3572 756 3627 ad
789 3573 980 3641 ipsum
1015 3573 1377 3640 accederent,
1400 3573 1728 3644 etpraamiis
1749 3581 1804 3630 et
1824 3577 2050 3632 coronis

407 3659 578 3729 attici,
603 3663 778 3732 atque
803 3661 860 3716 in
884 3661 1140 3731 quietem
1165 3660 1428 3733 introire,
1451 3663 1712 3734 adeoque
1734 3679 1840 3720 nec
1866 3680 2050 3721 mem-

405 3747 504 3804 bra
533 3748 593 3804 in
643 3749 874 3805 deserto
923 3749 1270 3819 relinquere,
1319 3767 1422 3807 nec
1473 3768 1673 3824 poenas
1722 3752 1856 3808 dare
1906 3754 2048 3811 tales

405 3838 611 3908 quales
641 3843 853 3912 paratas
886 3847 1022 3896 sunt
1061 3838 1201 3911 illis,
1235 3841 1333 3913 qui
1364 3841 1422 3898 in
1462 3858 1662 3899 verum
1693 3844 1874 3900 Deum
1917 3862 2048 3918 pec-

405 3932 559 3983 cant.

2162 3303 2430 3362 παύσεως.
2495 3300 2590 3358 Καὶ
2665 3300 2830 3376 μυρία
2893 3297 3039 3355 ἄλλα
3115 3299 3166 3354 ἐν
3239 3305 3357 3361 ταῖς
3425 3300 3821 3374 προκειμέναις

2159 3392 2379 3453 ταύταις
2411 3393 2580 3466 ἱεραῖς
2619 3394 2821 3466 φωναῖς
2861 3391 2887 3443 ὁ
2931 3387 3242 3444 διασκοπων
3284 3388 3636 3463 ἐπιθεωρήσει
3670 3392 3796 3463 (45)

2158 3485 2250 3538 τὸν
2299 3482 2457 3537 αὐτὸν
2510 3483 2637 3536 Θεὸν
2697 3481 2936 3555 εὑρήσει,
2979 3480 3066 3534 καὶ
3121 3476 3209 3534 διὰ
3251 3476 3492 3542 Μωσέως
3549 3481 3639 3534 τὸν
3699 3483 3805 3538 Ἰσ-

2161 3570 2429 3647 ραηλίτην
2478 3571 2610 3627 λαὸν
2661 3565 3113 3644 ὃιακυϐερνῶντα,
3162 3571 3251 3625 καὶ
3299 3567 3388 3625 διὰ
3436 3572 3616 3641 Ἰησοῦ
3662 3579 3806 3646 Χρι-

2160 3667 2286 3718 στοῦ
2342 3664 2433 3718 τὸν
2491 3669 2590 3731 τῆς
2651 3661 2898 3738 χάριτος.
2940 3662 2996 3716 Ὀ
3062 3659 3222 3722 αὐτὸς
3267 3659 3468 3722 ἐκεῖνος
3521 3660 3648 3723 τοὺς
3700 3661 3801 3733 μὲν

2159 3751 2362 3829 εἰσάγει
2393 3751 2480 3806 καὶ
2520 3749 2692 3805 πάλαι
2743 3749 2833 3804 καὶ
2881 3753 2970 3804 νῦν
3011 3749 3085 3812 εἰς
3125 3751 3217 3805 τὸν
3261 3756 3365 3819 τῆς
3413 3749 3808 3813 καταπαύσεως

2155 3843 2343 3914 τόπον,
2403 3841 2529 3903 τοῦς
2579 3839 2637 3896 δὲ
2693 3841 3076 3916 ἀποκηρύττει.
3136 3844 3239 3895 Τοῦ
3297 3839 3461 3895 αὐτοῦ
3522 3842 3716 3914 θεωρεῖ
3771 3842 3805 3894 6

2161 3931 2509 4012 φιλοθεάμων
2585 3931 2674 3985 καὶ
2751 3930 2848 3997 τήν
2923 3927 3159 3983 παλαιὰν
3234 3926 3568 3984 κατάπαυσιν
3641 3927 3808 3999 εἶναι,

401 4014 523 4085 ἥτις
564 4018 628 4086 ἦν
681 4020 715 4087 ἡ
767 4015 1158 4096 ἒπηγγελμένη
1207 4028 1300 4097 γῆ,
1349 4022 1440 4077 καὶ
1485 4024 1586 4093 τήν
1635 4022 1856 4098 ὕστερον
1899 4025 2252 4092 κατάπαυσιν,
2300 4023 2421 4092 ἥτις
2465 4021 2606 4077 ἐστὶν
2659 4023 2693 4089 ἡ
2745 4020 2997 4096 οὐράνιος
3049 4018 3315 4094 βασιλεία,
3362 4021 3454 4074 τὸν
3503 4017 3659 4074 αὑτὸν
3711 4019 3810 4074 καὶ

399 4109 500 4177 τὴν
550 4109 795 4182 τιμωρὸν
855 4108 1073 4185 ἐπάγειν
1122 4110 1302 4184 δίκην,
1358 4113 1448 4168 καὶ
1494 4115 1593 4184 τὴν
1656 4114 1929 4189 σωτηρίαν
1983 4111 2289 4189 βραϐεύειν,
2335 4115 2420 4168 καὶ
2481 4110 2668 4167 πολλᾶ
2724 4109 2867 4166 ἄλλα
2908 4112 3036 4183 (46).
3099 4109 3159 4165 Εἰ
3209 4107 3264 4164 δὲ
3321 4110 3408 4178 ἦν,
3461 4109 3534 4171 ὡς
3593 4110 3621 4162 ὁ
3666 4107 3814 4163 ἄπο-

403 4196 602 4268 στάτης
652 4198 906 4272 βούλεται
961 4199 1245 4276 λογισμὸς,
1295 4207 1361 4257 τὰ
1404 4203 1613 4258 παλαιὰ
1657 4208 1754 4257 τοῦ
1803 4209 2078 4276 Πονηροῦ,
2129 4200 2233 4256 ἔδει
2288 4202 2418 4264 τοὺς
2472 4203 2565 4274 μὲν
2618 4201 3118 4275 προσκεκρουκότας
3168 4199 3313 4272 αὐτῷ
3362 4201 3452 4254 καὶ
3495 4203 3662 4276 γερῶν
3714 4199 3812 4254 καὶ

401 4285 673 4359 στεφάνων
735 4287 1055 4359 ἀξιωθῆναι,
1112 4291 1200 4343 καὶ
1259 4290 1335 4351 εἰς
1389 4291 1486 4358 τὴν
1544 4291 1874 4345 κατάπαυσιν
1936 4292 2194 4346 εἷ’σελθεῒν

2258 4310 2270 4322 ·
2329 4291 2418 4344 καὶ
2481 4293 2618 4364 μήτε
2676 4293 2742 4347 τὰ
2796 4289 2950 4346 κῶλα
3011 4289 3187 4345 λιπεῖν
3259 4289 3310 4344 ἐν
3374 4287 3592 4365 ἐρήμῳ,
3663 4291 3814 4362 μήτε

401 4369 584 4427 δοῦναι
618 4370 769 4437 δίκας
796 4376 1072 4447 τοιαύτας,
1107 4378 1192 4430 οἷα
1229 4382 1348 4439 τοῖς
1376 4379 1775 4450 ἁμαρτάνουσιν
1810 4380 1884 4440 εἰς
1915 4381 2006 4433 τὸν
2038 4380 2297 4450 ἀληθινὸν
2341 4379 2653 4435 ἀπόκεινται
2687 4379 2840 4437 Θεόν.

470 4464 591 4520 XII.
639 4470 709 4521 At
758 4469 1047 4536 quomodo
1097 4467 1235 4522 alibi
1287 4467 1440 4522 idem
1494 4469 1589 4522 ille
1640 4470 1796 4525 orbis
1841 4472 2042 4526 doctor
2074 4480 2119 4540 ι)

397 4555 684 4610 Aaronem
718 4556 796 4610 ait
830 4573 861 4611 ἃ
893 4555 1007 4612 Πθο
1041 4561 1309 4611 vocatum
1355 4572 1483 4612 6888
1514 4573 1809 4614 summum
1859 4555 2044 4616 sacer-

400 4641 620 4712 dotem,
651 4645 803 4700 sicut
832 4649 888 4700 et
931 4643 1230 4700 Christum
1260 4645 1287 4700 ?
1324 4646 1438 4702 Non
1471 4647 1625 4702 enim
1663 4649 1771 4703 sibi
1802 4647 1929 4720 ipsi,
1964 4650 2045 4706 ait

402 4730 696 4802 quisquam
723 4735 892 4789 sumit
922 4733 1200 4800 honorem,
1229 4735 1322 4791 sed
1361 4737 1459 4806 qui
1489 4741 1706 4792 vocatu:
1743 4742 1822 4793 est
1851 4755 1886 4793 a
1914 4740 2041 4807 Deo,

397 4820 541 4874 sicut
571 4831 624 4875 et
654 4822 841 4877 Aaron
875 4839 888 4878 :
920 4825 999 4878 ita
1029 4833 1079 4880 et
1113 4823 1362 4881 Christus
1384 4841 1491 4881 non
1523 4841 1580 4881 se
1599 4828 1782 4898 ipsum
1814 4827 2045 4885 honora-

400 4908 500 4974 vit,
535 4914 594 4964 ut
625 4910 776 4979 ﬁeret
805 4927 1054 4968 summu:
1084 4915 1360 4982 sacerdos,
1379 4914 1471 4970 sed
1499 4917 1599 4986 qui
1627 4917 1836 4972 locutus
1865 4922 1942 4974 est
1973 4920 2045 4973 ad

401 4998 582 5068 ipsum
607 5020 625 5052 :
654 5000 831 5056 Filius
861 5018 1011 5058 meus
1033 5017 1088 5058 es
1119 5007 1201 5071 tu,
1224 5020 1318 5076 ego
1349 5004 1509 5060 hodie
1526 5008 1692 5076 genui
1712 5014 1762 5062 te
1785 5005 1849 5062 2‘.
1875 5006 1934 5062 Si
1957 5023 2045 5062 ve-

400 5102 484 5156 ro,
518 5087 618 5159 qui
677 5088 973 5147 Christum
1036 5093 1260 5149 vocavit
1309 5094 1668 5150 sacerdotem
1721 5111 2040 5162 summum,

400 5175 552 5232 idem
585 5186 692 5248 est,
724 5181 825 5251 qui
855 5185 911 5236 et
940 5182 1224 5238 Aaronem
1256 5199 1356 5254 per
1385 5185 1579 5240 Mosen
1613 5185 1799 5252 unxit,
1821 5192 1875 5241 et
1898 5200 2041 5240 neu-

471 5301 517 5337 “
548 5302 720 5360 Hebr.
752 5321 837 5374 nr,
869 5307 923 5364 9.
1000 5306 1046 5342 ²⁰
1077 5307 1226 5363 Psal.
1259 5325 1410 5378 xcw,
1447 5313 1533 5363 11.

1610 5308 1654 5344 ²¹
1691 5311 1859 5368 Hebr.
1891 5327 1946 5376 ν,
1978 5311 2030 5380 4,
2061 5311 2118 5366 5.

2225 4471 2330 4526 ΙΒ“.
2366 4468 2542 4526 Ἀλλά
2590 4475 2706 4532 πῶς
2756 4469 2921 4524 πάλιν
2974 4468 3066 4524 τὸν
3125 4469 3356 4540 ’Λαρὼν,
3413 4467 3441 4522 ὀ
3491 4467 3654 4529 αὐτὸς
3703 4475 3809 4537 τῆς

2156 4557 2480 4631 οἰκουμένης
2512 4557 2660 4636 λέγει
2705 4555 3030 4619 διδάσκαλος
3078 4557 3182 4612 ὑπὸ
3213 4562 3310 4611 τοῦ
3351 4561 3484 4612 Θεοῦ
3522 4555 3805 4627 κληθῆναι

2153 4647 2434 4723 ἀρχιερέα,
2468 4647 2644 4718 ὥςπερ
2702 4647 2792 4701 καὶ
2823 4647 2914 4702 τὸν
2967 4647 3234 4720 Χριστὸν;
3286 4645 3405 4720 Ούχ
3453 4645 3626 4716 ἐαυτῷ
3667 4646 3800 4719 γὰρ,

2154 4737 2308 4813 φησί,
2361 4738 2443 4798 τίς
2503 4731 2771 4810 λαμϐάνει
2829 4737 2927 4804 τὴν
2988 4737 3184 4807 τιμὴν,
3243 4731 3369 4789 ἀλλ’
3428 4735 3456 4788 ὁ
3524 4731 3802 4807 καλούμε-

2151 4848 2242 4888 νος
2307 4828 2408 4881 ὑπὸ
2487 4831 2584 4880 τοῦ
2667 4829 2819 4895 Θεοῦ,
2893 4825 3131 4898 καθάπερ
3189 4825 3280 4878 καὶ
3347 4824 3578 4898 Ἀαρὼν,
3650 4822 3801 4878 οὕτω

2151 4918 2240 4970 καί
2329 4917 2356 4970 6
2442 4920 2691 4990 Χριστὸς,
2791 4913 2898 4989 οὐχ
2973 4913 3160 4969 ἑαυτὸν
3255 4909 3470 4982 ἒδέξασε
3551 4912 3802 4986 γενέσθαι

2154 5003 2433 5077 ἀρχιερέα,
2501 5000 2628 5057 ἀλλ’
2687 5002 2714 5056 6
2774 5000 3022 5071 λαλήσας
3083 5001 3218 5074 πρὸς
3276 4998 3457 5069 αὐτὸν,
3514 4998 3639 5061 Υἱός
3695 5019 3802 5072 μου

2154 5091 2198 5146 εἷ
2270 5093 2354 5161 σὺ,
2416 5090 2524 5166 ἐγὼ
2583 5093 2821 5165 σήμερον
2879 5089 3173 5166 γεγέννηκά
3224 5109 3300 5144 σε.
3363 5087 3424 5143 Εἰ
3485 5084 3541 5142 δὲ
3616 5088 3645 5142 6
3706 5086 3802 5142 τὸν

2152 5182 2376 5258 Χριστὸν
2441 5179 2672 5244 καλέσας
2722 5179 3008 5259 ἀρχιερέα,
3063 5178 3221 5241 οὗτός
3287 5177 3429 5236 ἐστιν
3481 5178 3508 5232 6
3564 5175 3657 5232 καὶ
3712 5177 3807 5232 τὸν

1559 5435 1798 5492 VARI/ﬁ
1835 5435 2228 5495 LECTIONES
2269 5436 2358 5491 ET
2399 5435 2627 5492 NOTI‘E.

468 5530 583 5611 (45)
612 5530 1025 5611 ’,Ιξπιθεωρήρ-ει.
1060 5533 1226 5588 Forte
1273 5537 1405 5603 post
1452 5533 1577 5611 hoc_
1608 5535 1846 5590 verbum
1887 5536 2038 5611 caci-

401 5601 487 5657 dit
519 5601 958 5688 particnulauai,
993 5621 1119 5674 quas
1167 5601 1419 5688 sequens
1457 5605 1700 5688 verbum
1753 5607 2036 5688 cuntist‘o

404 5675 739 5744 conjungat,
775 5673 885 5730 nisi
919 5673 1023 5745 pro
1051 5673 1422 5732 antecedente
1454 5673 1504 5728 ἐν
1537 5677 1723 5747 legere
1767 5677 1938 5733 malis
1968 5677 2035 5732 εἰ.

473 5745 588 5819 (46)
631 5741 834 5801 νΑλλα.
894 5747 1031 5804 Post
1086 5747 1207 5805 haec
1263 5750 1435 5805 verba
1490 5749 1747 5820 spatium
1804 5749 2037 5819 aliquod

2162 5533 2389 5590 lineolis
2421 5531 3019 5604 aliquotimpletum,
3046 5531 3309 5587 relictum
3360 5532 3505 5586 erat.
3536 5529 3663 5604 Non
3694 5545 3803 5604 pu-

2161 5610 2275 5661 tem
2307 5622 2372 5661 eo
2411 5601 2658 5661 indicari
2696 5601 2971 5659 debuisse
3009 5602 3300 5670 lacunam,
3345 5618 3476 5658 cum
3515 5601 3800 5658 orationis

2160 5679 2340 5732 series
2371 5676 2454 5732 sic
2484 5679 2628 5733 satis
2658 5675 2807 5732 belle
2837 5674 3128 5748 procedat.
