4074 6208
339 351 448 413 131

1533 324 1795 390 PHO'l‘lI
1841 319 2365 384 PATHIARCH/E
2404 321 2522 382 GP.

3619 333 3731 394 132

335 482 585 542 ulterius
617 478 992 554 progrediens
1022 475 1080 531 in
1109 468 1511 540 triumphante
1528 463 1600 554 de
1625 461 1697 518 iis
1718 460 1968 554 confuta-

2081 451 2354 554 Ἁβραάμ.
2397 454 2508 554 ,Καὶ
2558 456 2586 511 6
2636 453 2905 554 θρίαμϐος
2944 461 3008 516 οὑ
3036 459 3231 554 ’μέχρι
3277 463 3515 536 τούτων,
3585 464 3736 523 ἀλλὰ

329 573 511 642 tione,
547 548 858 641 subjuugit
892 583 905 620 :
939 566 1052 622 Non
1088 563 1215 619 estis
1266 556 1375 628 ﬁlii
1412 553 1663 622 Abrahae,
1711 552 1806 606 sed
1844 548 1974 642 dia-

335 641 524 720 boli“.
551 662 637 718 Ita
657 659 809 716 enim
827 658 972 713 ratio
997 648 1456 720 statuerejubet,
1480 644 1641 700 illius
1661 641 1974 714 quemdam

335 757 395 810 et
425 767 638 809 nomen
673 753 729 805 et
758 762 936 821 genus
969 745 1202 806 referre,
1237 737 1406 808 cujus
1440 749 1631 790 mores
1655 739 1714 786 et
1741 729 1976 799 genium

333 842 394 899 in
425 840 542 898 vita
570 836 854 895 imitando
884 832 1171 904 exprimit.
1197 827 1357 894 Quod
1382 826 1430 881 si
1455 839 1590 879 vero
1612 826 1780 876 vetus
1801 823 1976 875 testa-

337 935 598 988 mentum
625 928 783 994 mali,
817 942 920 981 ceu
947 924 1137 994 inepte
1158 918 1416 982 tradunt,
1441 912 1711 987 principii
1735 912 1904 976 esset,
1923 912 1978 964 et

335 1019 628 1077 Abraham
659 1018 729 1071 ad
761 1014 903 1070 illud
937 1011 1268 1084 pertineret,
1292 1004 1607 1062 dicendum
1633 995 1977 1066 l’uisset,ﬁlii

337 1109 478 1166 estis
508 1104 820 1163 Abrahami
851 1113 904 1159 et
943 1101 1045 1156 ﬁlii
1095 1097 1354 1164 diaboli,
1405 1111 1473 1151 ex
1511 1099 1756 1162 utroque
1797 1087 1974 1152 enim,

338 1196 491 1266 quod
525 1197 588 1249 ut
615 1193 770 1250 Deus
803 1191 960 1260 odio,
990 1189 1072 1245 ita
1108 1201 1304 1243 amore
1349 1183 1534 1240 hostis
1583 1179 1974 1252 prosequitur,

332 1283 517 1339 Judaei
546 1286 858 1352 utrumque
889 1277 1145 1335 colentes
1168 1271 1511 1347 reprehendi
1535 1268 1974 1344 poterant.Quo-

331 1373 502 1430 modo
533 1387 664 1429 vero
697 1369 837 1426 alibi
868 1370 1081 1424 iterum
1103 1359 1642 1432 Servatorillis,qui
1665 1353 1975 1414 Abrahami

329 1463 469 1532 sint,
501 1477 749 1534 regnum
773 1457 1048 1514 castorum
1075 1451 1429 1511 hereditatis
1449 1451 1635 1506 instar
1655 1443 1972 1516 adjudicat,

330 1550 564 1622 illisque
589 1549 787 1620 jungit
808 1564 900 1603 eos
925 1545 1022 1617 qui
1052 1561 1113 1601 se
1143 1560 1208 1600 ex
1235 1547 1350 1598 toto
1373 1540 1546 1597 corde
1563 1542 1620 1594 et
1634 1536 1755 1592 sine
1775 1548 1976 1604 excep-

329 1640 486 1696 tione
499 1635 1220 1712 praeceplorumstudiosos
1237 1629 1792 1703 praestiterint,puru
1805 1637 1975 1712 mque

332 1709 554 1784 cultum
587 1709 972 1793 exhibuerint,
997 1724 1137 1779 adeo
1161 1730 1219 1777 ut
1246 1719 1574 1777 convicium
1607 1731 1737 1771 cum
1771 1713 1889 1767 illis
1914 1709 1972 1765 in

2084 545 2172 600 καὶ
2208 541 2569 622 σφοδρότερον
2599 545 2776 601 αὐτῶν
2804 549 3212 623 καθαπτόμενος
3262 550 3478 630 ἐπάγει,
3530 553 3731 628 λέγων.

2085 635 2197 692 Οὑκ
2253 633 2368 690 ἐστὲ
2423 637 2581 691 τέκνα
2616 640 2713 692 τοῦ
2772 633 3044 714 Ἀϐραὰμ,
3104 640 3250 698 ἀλλὰ
3306 649 3403 700 τοῦ
3460 641 3733 701 διαϐόλου

2086 723 2224 782 ἐστέ.
2275 723 2423 780 Πολὺ
2473 727 2574 803 γὰρ
2627 729 2656 797 ἡ
2707 728 2904 803 γνώμη
2937 732 3193 804 κραταιὸν
3225 737 3358 806 (26),
3390 732 3600 791 ἐκείνου
3629 739 3733 808 τήν

2083 812 2281 883 κλῆσιν
2331 816 2420 870 καὶ
2470 815 2532 870 τὸ
2580 817 2733 891 γένος
2780 817 3056 889 ὑπελθεῖν,
3107 821 3168 876 οὗ
3217 823 3278 877 τὸ
3310 826 3532 897 γνήσιον
3574 824 3626 881 ἐν
3658 830 3730 901 τῇ

2087 905 2318 976 μιμήσει
2348 904 2495 982 φέρει
2524 911 2623 974 τῆς
2664 913 2830 977 ζωῆς.
2865 908 2927 962 Εἰ
2959 907 3004 963 δ’
3036 910 3100 980 ἦν
3135 912 3168 980 ἡ
3209 912 3418 966 Παλαιὰ
3448 915 3585 970 κατὰ
3634 917 3735 978 τὰς

2084 991 2307 1054 ἀθέτους
2337 994 2520 1072 φωνὰς
2559 998 2656 1049 τοῦ
2701 999 2970 1067 Ποειηροῦ,
3023 998 3228 1068 ταύτης
3271 997 3328 1056 δὲ
3375 1001 3402 1056 6
3455 998 3732 1078 Ἀϐραὰμ,

2087 1081 2201 1136 ἴσον
2252 1083 2320 1152 ἦν
2369 1082 2558 1138 εἰπεῖν·
2619 1085 2782 1139 Τέκνα
2826 1089 2922 1140 τοῦ
2972 1083 3240 1162 Ἀϐραὰμ,
3291 1091 3381 1144 καὶ
3444 1092 3603 1146 τέκνα
3633 1097 3734 1148 τοῦ

2086 1166 2372 1226 διαϐόλου³
2407 1169 2476 1226 δι’
2503 1172 2754 1248 ἑκατέρου
2786 1175 2890 1249 γὰρ
2923 1173 2955 1228 ἃ
2988 1182 3136 1249 μισεῖ
3167 1177 3263 1251 μὲν
3295 1179 3324 1232 6
3375 1180 3528 1250 Θεὸς,
3570 1181 3732 1257 στέρε-

2083 1281 2164 1336 γει
2197 1258 2254 1315 δὲ
2283 1261 2310 1315 6
2343 1261 2603 1336 Ἐχθρὸς,
2629 1258 2951 1337 ἐλέγχονται
2977 1269 3244 1339 τιμῶντες
3277 1268 3489 1342 ὁμοίως
3521 1271 3572 1325 οἱ
3605 1273 3740 1326 Ἰου-

2085 1347 2250 1435 δαῖοι.
2284 1354 2411 1412 Ηῶς
2435 1347 2493 1404 δὲ
2519 1350 2611 1405 καὶ
2643 1350 2897 1426 ἀλλαχοῦ
2928 1352 3091 1409 πάλιν
3124 1355 3152 1409 6
3202 1357 3400 1430 Σωτήρ
3440 1363 3558 1421 τοῖς
3604 1358 3732 1435 περὶ

2084 1433 2336 1512 Ἀϐραὰμ
2364 1440 2462 1508 τήν
2508 1438 2790 1513 βασιλείαν
2829 1446 2936 1496 τῶν
2967 1442 3204 1516 οὐρανῶν
3236 1445 3313 1508 εἷς
3361 1443 3570 1523 κλῆρον
3623 1433 3733 1523 dep-

2085 1527 2276 1603 ορίζει,
2309 1528 2400 1582 καὶ
2433 1530 2709 1584 συντάττει
2765 1530 2980 1592 τούτοις
3030 1533 3157 1595 τοὺς
3208 1531 3480 1612 ὑλοψύχῳ
3528 1538 3729 1612 γνώμῃ

2081 1622 2190 1672 τῶν
2248 1638 2306 1674 τε
2353 1619 2789 1694 προσταγμάτων
2836 1619 3081 1696 φύλακας
3143 1623 3579 1701 ἀπροφασίστους
3639 1623 3729 1681 δε-

2086 1705 2397 1782 δειγμένους
2453 1707 2542 1762 καὶ
2590 1707 2858 1783 καθαροὺς
2904 1710 3055 1783 αὑτῷ
3098 1711 3197 1780 τήν
3248 1711 3496 1788 λατρείαν
3559 1735 3726 1790 προσ-

330 1833 510 1890 regno
543 1817 824 1872 ccelorum
854 1789 1134 1885 tanquam
1169 1809 1513 1882 praeclarum
1539 1804 1772 1873 aliquod
1797 1806 1852 1858 et
1873 1800 1968 1856 mi-

2081 1798 2418 1872 ενεγκόντας,
2464 1795 2552 1851 καὶ
2595 1796 2775 1872 ὥσπερ
2814 1820 2867 1853 τι
2923 1800 3060 1874 μέγα
3117 1799 3207 1855 καὶ
3275 1803 3577 1876 θαυμάσιον
3605 1789 3730 1858 νὲπ-

329 1909 574 1963 randum
627 1905 932 1978 praemium
985 1897 1379 1972 polliceatur?
1430 1897 1550 1952 Dico
1597 1895 1747 1950 enim
1797 1890 1971 1954 vobis,

326 1994 468 2068 quod
496 1993 660 2049 multi
689 1993 755 2047 ab
784 1993 998 2047 oriente
1021 2001 1070 2045 et
1102 1988 1374 2044 occidente
1403 1987 1640 2049 venient,
1684 1985 1736 2036 et
1767 1995 1974 2035 recum-

329 2086 450 2140 bent
479 2101 606 2140 cum
651 2082 952 2137 Abrahamo
1005 2088 1056 2135 et
1096 2080 1279 2134 lsaaco
1335 2083 1388 2132 et
1445 2073 1636 2131 Iacobo
1692 2073 1751 2124 in
1809 2083 1974 2137 regno

327 2173 584 2228 caelorum
615 2170 680 2227 ⁸⁵.
713 2169 963 2224 lloccine
995 2183 1127 2222 vero
1159 2167 1236 2221 sit
1267 2163 1569 2236 praemium
1621 2175 1822 2215 eorum
1874 2155 1974 2228 qui

328 2262 523 2333 ipsum
553 2257 962 2332 agnoverunt?
991 2254 1231 2312 hoccine
1280 2255 1502 2308 donum
1551 2267 1652 2322 pro
1707 2247 1824 2303 illis
1874 2246 1973 2318 qui

323 2352 508 2406 ctedes
541 2366 643 2422 pro
673 2365 739 2405 eo
770 2345 1226 2403 sustinuerunt?
1267 2343 1516 2398 haeccine
1549 2337 1920 2411 praerogativa
1945 2336 1973 2389 ?

329 2439 580 2496 haeccine
615 2436 883 2494 merces?
913 2433 1071 2506 quod
1093 2449 1226 2488 cum
1252 2429 1538 2486 ministris
1571 2427 1706 2484 Mali
1739 2436 1789 2482 et
1821 2441 1970 2492 esse,

322 2535 379 2584 et
405 2529 698 2582 numerari
732 2531 788 2582 et
811 2524 1031 2580 versari
1079 2518 1349 2592 possint?
1401 2516 1702 2586 Quomodo
1749 2513 1870 2568 haec
1918 2517 1975 2568 et

329 2615 440 2672 alia
471 2613 809 2685 hujusmodi
841 2612 1078 2667 tulerint
1107 2625 1277 2666 aures
1329 2606 1547 2663 divinis
1597 2601 1971 2660 sermonibus

331 2708 575 2760 assueta:
591 2703 619 2757 ?

400 2973 471 3026 V.
503 2968 563 3026 Si
595 2971 760 3024 vetus
783 2969 1201 3022 testamentum
1226 2981 1259 3020 a
1281 2962 1508 3020 diabolo
1531 2960 1970 3033 erat,quomodo

329 3059 640 3115 Matthaeus
671 3062 727 3113 et
759 3057 966 3124 Lucas,
1000 3053 1321 3112 Servatoris
1354 3051 1754 3125 genealogiam
1777 3065 1970 3106 recen-

325 3159 534 3219 sentes,
558 3150 708 3205 inter
737 3150 988 3217 majores
1018 3148 1144 3216 ejus
1175 3154 1229 3202 et
1255 3154 1446 3217 patres
1477 3148 1786 3199 numerant
1815 3140 1965 3208 illos,

326 3256 472 3312 quos
501 3245 668 3295 vetus
697 3238 847 3294 inter
873 3236 1082 3292 decora
1112 3251 1217 3292 sua
1242 3235 1464 3291 habet?
1496 3231 1770 3305 Nunquid
1815 3230 1966 3287 enim

326 3330 385 3384 in
416 3330 635 3385 bonum
668 3327 852 3383 Deum
881 3327 1086 3382 cadere
1127 3328 1314 3396 potest
1360 3329 1596 3380 externa
1644 3321 1865 3393 species
1913 3323 1970 3376 et

328 3419 624 3473 simulatio
645 3416 672 3470 ‘?
698 3416 840 3472 Nam
867 3432 980 3471 non
1007 3415 1249 3470 minima
1273 3429 1403 3484 pars
1423 3411 1758 3468 defectionis
1789 3411 1966 3480 hujus

321 3513 379 3562 et
409 3512 575 3562 sectae
606 3510 718 3575 est,
752 3510 814 3560 ut
842 3506 1118 3559 adversus
1139 3501 1310 3556 Verbi
1343 3500 1627 3556 incarnati
1651 3498 1963 3554 adventum

322 3595 406 3651 vel
436 3597 542 3652 hoc
568 3593 1032 3650 modoinsaniat.
1058 3596 1131 3647 At
1161 3590 1455 3646 enimvero
1497 3589 1788 3660 quomodo
1811 3587 1965 3642 Deus

319 3687 575 3757 optimus
609 3684 692 3740 vel
727 3685 914 3755 quoad
949 3683 1204 3753 speciem
1233 3688 1286 3736 et
1316 3678 1608 3744 simulate,
1634 3678 1720 3734 vel
1752 3694 1880 3733 vere
1909 3681 1967 3732 et

317 3792 487 3847 Opere
514 3776 642 3846 ipso
673 3791 792 3840 eos,
819 3771 915 3844 qui
949 3772 1007 3826 in
1041 3775 1406 3836 testamento,
1442 3769 1595 3840 quod
1627 3767 1714 3825 illi
1745 3767 1817 3823 ad
1846 3768 1965 3822 Ma-

316 3865 439 3920 lum
478 3865 754 3931 referunt,
785 3862 1178 3930 eminuerant,
1212 3861 1463 3929 majores
1494 3875 1634 3914 suos
1669 3863 1727 3914 et
1771 3863 1964 3930 patres

318 3953 898 4025 essejusserit,atque
917 3953 1056 4006 adeo
1080 3949 1298 4021 aliquid
1325 3948 1610 4019 ejusmodi
1628 3963 1960 4018 assumpse-

315 4045 412 4109 rit,
431 4046 604 4116 cujus
625 4041 986 4098 conditorem
1011 4040 1236 4096 hostem
1262 4055 1386 4094 esse
1407 4055 1519 4094 non
1538 4038 1878 4110 ignorabat?
1897 4038 1964 4092 Et

318 4134 607 4205 quomodo
640 4149 756 4188 non
788 4147 853 4186 ex
887 4130 1000 4186 alio
1035 4129 1247 4202 populo
1281 4134 1446 4183 natus
1477 4131 1584 4197 est,
1607 4128 1705 4198 qui
1739 4127 1961 4182 scilicet

315 4223 427 4278 vim
460 4228 516 4277 et
548 4221 865 4292 potentiam
899 4219 1112 4274 diaboli
1147 4234 1261 4273 non
1305 4217 1549 4287 repetita
1597 4217 1720 4270 vice
1768 4231 1960 4285 exper-

321 4320 411 4364 tus
442 4311 538 4377 sit,
564 4311 662 4364 sed
685 4325 753 4363 ex
783 4307 883 4362 illo
907 4306 1144 4378 prodiit,
1174 4321 1347 4376 quem
1378 4303 1535 4374 leges
1565 4304 1772 4358 veteris
1795 4307 1960 4358 testa-

320 4397 500 4454 menti
532 4399 856 4453 formarunt
875 4401 930 4450 et
949 4395 1259 4460 ﬁnxerunt,
1283 4391 1491 4446 deinde
1520 4408 1652 4447 vero
1680 4396 1812 4463 post
1832 4391 1958 4462 pri-

317 4506 472 4546 mam
507 4488 660 4544 illam
692 4502 935 4557 eamque
961 4483 1176 4539 malam
1209 4480 1557 4540 creationem
1600 4484 1673 4537 ad
1702 4483 1958 4539 actiones

317 4593 624 4651 moresque
655 4576 828 4648 longe
861 4575 1085 4648 pejores
1109 4572 1505 4644 perduxerunt
1527 4578 1584 4626 et
1608 4569 1963 4627 incitarunt?

311 4670 368 4724 Si
397 4673 563 4724 vetus
595 4669 1012 4722 testamentum
1047 4661 1230 4717 Deum
1263 4663 1552 4715 auctorem
1599 4677 1714 4716 non
1765 4659 1959 4730 habet,

315 4758 600 4828 quomodo
629 4755 939 4811 violatores
969 4753 1164 4826 legum
1213 4749 1532 4807 conditoris
1575 4747 1959 4816 naturalium,

313 4851 370 4902 et
399 4845 650 4902 lasciviae
681 4861 743 4902 se
774 4843 1200 4916 permittentes,
1233 4838 1632 4913 voluntatique
1663 4838 1847 4894 hostis
1871 4854 1964 4912 pe-

314 4937 476 4992 nitus
506 4935 821 5005 subjectos,
855 4931 989 5006 igne
1017 4932 1209 5004 punit,
1243 4935 1300 4986 et
1328 4927 1646 5000 impiorum
1680 4944 1958 4984 ausorum

315 5044 516 5101 pinnas
545 5026 707 5084 luere
731 5023 950 5095 jubet?
977 5023 1191 5078 Malum
1224 5021 1381 5078 enim
1431 5035 1634 5093 poenas
1663 5033 1962 5090 reposcere

314 5115 654 5190 impietatis,
677 5132 794 5188 qua
811 5113 937 5187 ipse
955 5112 1300 5181 delectatur,
1333 5115 1390 5167 et
1420 5110 1592 5180 cujus
1616 5109 1739 5180 ipse
1761 5111 1963 5164 auctor

312 5211 422 5275 est,
455 5207 557 5278 qui
589 5205 675 5262 vel
707 5203 970 5278 cogitarit
1001 5201 1241 5259 omnino
1275 5197 1363 5256 vel
1393 5197 1625 5268 dixerit,
1675 5212 1870 5253 nonne
1914 5197 1962 5252 is

313 5295 572 5352 insanire
593 5295 796 5351 merito
814 5292 1120 5350 credatur?
1148 5292 1430 5363 Apostata
1459 5303 1594 5347 vero
1627 5285 1710 5343 ait
1729 5285 1960 5344 hostem

393 5444 444 5482 9“
469 5445 637 5504 Joan.
667 5458 788 5513 vin,
817 5441 906 5498 30.
983 5441 1026 5477 ⁸⁸
1054 5437 1258 5496 Matth.
1290 5453 1408 5506 νιιι,
1443 5438 1527 5493 11.

2083 1885 2248 1940 αθλον
2282 1883 2488 1949 διδοὺς,
2519 1886 2617 1953 τήν
2651 1887 2784 1959 μετὰ
2813 1891 2918 1941 τῶν
2951 1885 3157 1964 ἀνδρῶν
3191 1889 3408 1947 ἐκείνων
3439 1890 3492 1947 ἐν
3519 1895 3588 1966 τῇ
3617 1897 3734 1948 τῶν

2083 1973 2323 2050 οὐρανῶν
2387 1974 2635 2050 βασιλείᾳ
2681 1973 3075 2050 ἐπαγγέλλεται
3161 1977 3488 2051 συναυλίαν;
3566 1981 3731 2057 Λέγω

2079 2063 2178 2139 γὰρ
2232 2064 2377 2136 ὑμῖν,
2428 2063 2513 2118 ὅτι
2595 2061 2802 2119 πολλοὶ
2859 2064 2965 2121 ἀπὸ
3022 2067 3307 2124 ἀνατολῶν
3356 2070 3447 2125 καὶ
3505 2067 3735 2145 δυσμῶν

2081 2151 2290 2224 ἥξουσι,
2370 2153 2461 2207 καὶ
2549 2153 3001 2224 ἀνακλιθήσονται
3086 2157 3222 2230 μετὰ
3306 2154 3558 2236 Ἀϐραὰμ
3632 2161 3728 2216 καὶ

2081 2243 2264 2298 Ἰσαὰκ
2326 2242 2416 2296 καὶ
2475 2237 2667 2298 Ἰακὼϐ
2725 2241 2778 2298 ἐν
2845 2249 2914 2318 τῇ
2975 2245 3227 2320 βασιλείᾳ
3287 2251 3394 2302 τῶν
3455 2247 3726 2324 οὐρανῶν.

2088 2333 2221 2406 Ἀρὰ
2251 2332 2355 2406 γὰρ
2392 2335 2554 2387 τοῦτο
2587 2329 2822 2388 ἔπαθλον
2853 2339 2970 2398 τοῖς
3000 2333 3363 2411 ἐπεγνωκόσιν
3392 2336 3550 2394 αὐτόν
3574 2358 3587 2408 ;
3621 2339 3726 2414 ἄρα

2080 2422 2238 2473 τοῦτο
2298 2416 2471 2493 δῶρον
2521 2425 2659 2487 τοῖς,
2711 2419 2829 2475 ὅσοι
2875 2421 2970 2483 τὰς
3027 2424 3227 2501 σφαγὰς
3293 2424 3534 2504 ὑπέσχον
3593 2426 3733 2501 ὑπὲρ

2081 2507 2314 2576 αὑτοῦς;
2361 2511 2521 2564 τοῦτο
2571 2507 2894 2586 φιλοτιμία;
2946 2517 3108 2568 τοῦτο
3167 2510 3424 2586 ἔπαθλον,
3483 2516 3546 2572 τὸ
3591 2517 3734 2588 μετὰ

2078 2601 2185 2652 τῶν
2243 2596 2646 2674 θεραπευόντων
2701 2604 2798 2654 τοῦ
2860 2606 3108 2675 Ωον-ηροῦ
3163 2603 3252 2658 καὶ
3323 2610 3576 2676 συνεῖναι,
3634 2605 3730 2662 καὶ

2081 2689 2542 2762 συναριθμεῖσθαι,
2592 2687 2684 2742 καὶ
2751 2689 3239 2766 σ’δναγελάζεοθαη
3301 2694 3397 2748 Καὶ
3472 2695 3602 2750 ποία
3663 2695 3727 2750 ἂν

2076 2781 2245 2833 ταῦτα
2294 2776 2528 2850 ἀνέξεται
2579 2777 2716 2848 ἀκοή
2768 2778 3028 2856 ῥημάτων
3086 2780 3234 2845 ὅλως
3291 2779 3494 2858 ἔχουσα
3550 2784 3729 2856 ἀκοὴν

2079 2868 2238 2922 θείων
2267 2885 2280 2934 ;

2152 2958 2224 3014 Ε’.
2261 2957 2358 3012 Καὶ
2390 2956 2434 3012 εί
2467 2958 2502 3026 ἡ
2535 2955 2748 3014 Παλαιὰ
2777 2963 2877 3014 τοῦ
2910 2955 3174 3016 διαϐόλου
3205 2962 3293 3033 ἦν,
3325 2967 3444 3027 πῶς
3491 2964 3519 3020 ὁ
3569 2970 3730 3019 Ματ-

2078 3048 2228 3110 θαῖος
2281 3045 2369 3102 καὶ
2419 3051 2633 3109 Λουκᾶς
2679 3049 2777 3117 τήν
2826 3053 2924 3104 τοῦ
2984 3056 3246 3125 Σωτῆρος
3296 3051 3728 3118 ἀναπτύσσοντες

2077 3132 2447 3212 γενεαλογίαν,
2506 3136 2816 3212 προγόνους
2873 3137 3041 3193 αὑτοῦ
3095 3141 3186 3194 καὶ
3253 3137 3486 3214 πατέρας
3569 3139 3725 3215 τοὺς,

2077 3223 2170 3286 οὓς
2200 3226 2234 3293 ἡ
2269 3223 2480 3279 Παλαιὰ
2507 3225 2668 3287 κλέος
2701 3225 2869 3300 εἶχεν,
2923 3227 3326 3307 ἀναγράφουσι;
3378 3235 3501 3294 ΙΙῶς
3539 3231 3640 3305 γὰρ
3692 3233 3727 3287 6

2077 3315 2274 3391 ἀγαθὸς
2307 3315 2434 3376 Θεὸς
2464 3319 2499 3388 ᾖ
2533 3314 2586 3370 ἐν
2619 3317 2863 3390 σχήματι
2895 3317 2986 3372 καὶ
3022 3318 3338 3393 ὑποκρίσεις
3387 3322 3540 3378 Ἔστι
3588 3323 3723 3398 γὰρ,

2075 3400 2188 3458 ἔστι
2223 3423 2306 3464 τις
2354 3410 2454 3473 τῆς
2502 3404 2836 3468 ἀποστασίας
2881 3404 3088 3474 ταύτης
3149 3405 3253 3461 οὐκ
3303 3405 3471 3483 ὀλίγη
3527 3414 3722 3483 μοῖρα,

2073 3494 2164 3548 καὶ
2196 3493 2395 3564 ταύτην
2428 3495 2527 3563 τήν
2575 3493 2776 3550 λύσσαν
2827 3496 2962 3552 κατὰ
3001 3503 3100 3567 τῆς
3147 3496 3406 3570 ἒνσάρκου
3457 3502 3553 3554 τοῦ
3612 3498 3730 3554 Ari-

2073 3603 2174 3657 γου
2202 3581 2496 3656 παρουσίας
2535 3585 2900 3660 προφέρουσα.
2942 3583 3124 3642 Ἀλλὰ
3161 3591 3278 3648 πῶς
3333 3588 3360 3641 ὁ
3413 3588 3642 3663 Ἀγαθὸς
3680 3587 3722 3658 ἢ

2072 3672 2207 3726 κατὰ
2255 3673 2644 3747 σχηματισμὸν
2697 3673 2786 3726 καὶ
2837 3673 3146 3748 ὑπόκρισιν,
3189 3675 3223 3744 ἢ
3274 3673 3328 3730 ἐν
3371 3675 3602 3748 ἀληθείᾳ
3630 3679 3729 3732 καὶ

2074 3759 2296 3835 ὑπάρξει
2345 3761 2472 3824 τοὺς
2521 3760 2570 3817 ἐν
2621 3765 2689 3836 τῇ
2743 3768 2959 3837 πονηρᾷ
3015 3761 3418 3840 διαπρέψαντα;
3479 3768 3729 3842 Διαθήκῃ

2072 3849 2302 3926 πατέρας
2335 3850 2424 3906 καὶ
2483 3853 2788 3930 προγόνους
2835 3853 3030 3908 ἑαυτοῦ
3079 3855 3325 3929 γενέσθαι
3376 3854 3724 3927 κατεδέξατο,

2070 3943 2158 3999 καὶ
2205 3944 2458 3998 τοιούτου
2516 3943 2824 4018 σπέρματος
2899 3942 3274 4017 ἐπιλαϐέσθαι,
3347 3949 3408 4003 οὗ
3466 3947 3723 4021 πλάστην

2071 4030 2170 4089 οὒκ
2218 4033 2402 4108 ἠγνόει
2451 4034 2540 4087 τὸν
2591 4033 2907 4107 ΙΙολέμιονς
2960 4036 3057 4090 Καὶ
3117 4041 3236 4099 πῶς
3301 4040 3375 4110 μὴ
3426 4037 3475 4108 ἐξ
3537 4037 3723 4094 ἄλλου

2069 4120 2254 4185 ἔθνους
2304 4121 2580 4196 προῆλθεν
2639 4122 2823 4192 αὐτὸς,
2865 4124 2894 4178 ’ὀ
2948 4126 3022 4197 μὴ
3081 4121 3332 4202 δευτέραν
3384 4127 3528 4206 εἶχεν
3570 4126 3724 4203 ἐνέρ-

2066 4233 2214 4288 γειαν
2262 4217 2362 4267 τοῦ
2421 4216 2691 4288 Πονηροῦ,
2743 4212 2871 4269 ἀλλ’
2919 4213 2967 4284 ἐξ
3021 4213 3226 4269 ἐκείνου
3275 4216 3516 4291 πρόεισιν
3555 4217 3584 4272 ’ὀ
3616 4221 3726 4288 τῆς

2069 4299 2315 4364 Παλαιᾶς
2363 4300 2414 4354 οἱ
2459 4300 2624 4372 νόμοι
2672 4297 3002 4379 διεμόρφουν
3051 4323 3109 4358 τε
3149 4303 3239 4358 καὶ
3279 4303 3593 4376 διετίθεντο,
3625 4307 3723 4362 καὶ

2077 4390 2211 4462 μετὰ
2259 4391 2358 4458 τήν
2408 4389 2499 4444 ἀπ’
2546 4388 2728 4464 ἀρχῆς
2768 4391 3014 4467 πονηρὰν
3070 4390 3272 4448 πλάσιν
3325 4393 3726 4470 πονηροτέροις

2072 4475 2270 4540 ἄλλοις
2301 4472 2476 4554 ἔργοις
2508 4478 2596 4533 καὶ
2620 4473 2789 4534 ἔθεσιν
2822 4479 3232 4556 ἐπαιδαγώγουν
3259 4502 3317 4537 τε
3345 4485 3436 4538 καὶ
3464 4480 3730 4540 διέπλατ-

2070 4589 2161 4623 τον
2188 4587 2204 4641 ;
2237 4569 2334 4624 Καὶ
2370 4569 2414 4623 εἰ
2449 4570 2525 4642 μὴ
2557 4569 2622 4638 ἦν
2650 4570 2686 4640 ἡ
2719 4570 2932 4624 Παλαιὰ
2966 4574 3063 4626 τοῦ
3094 4574 3251 4644 Θεοῦ,
3281 4576 3400 4634 πῶς
3420 4571 3551 4635 τοὺς
3592 4572 3727 4628 ἀθε-

2063 4659 2334 4729 τήσαντας
2369 4657 2496 4720 τοὺς
2541 4655 2593 4712 ἐν
2623 4661 2692 4732 τῇ
2742 4657 2898 4738 φύσει
2943 4659 3146 4733 νόμους
3187 4664 3288 4716 τοῦ
3319 4659 3596 4734 Πλείστου,
3625 4664 3725 4718 καὶ

2067 4746 2142 4809 είς
2202 4745 2482 4820 ἀσέλγειαν
2541 4746 2634 4818 μὲν
2693 4744 3089 4818 ἒξοκείλαντας,
3149 4752 3229 4821 τῷ
3305 4746 3576 4822 θελήματι
3657 4745 3725 4805 δὲ

2066 4834 2347 4898 παντελῶς
2379 4833 2883 4899 καταδουλωθέντας
2913 4839 3010 4892 τοῦ
3041 4838 3274 4912 Ἐκθροῦ
3303 4837 3433 4912 πυρὶ
3465 4835 3720 4908 κολάζει.

2064 4925 2268 4994 καὶτήν
2299 4929 2406 4980 τῶν
2419 4946 2478 4980 τε
2496 4923 2678 4998 τολμη
2693 4927 2868 4998 μένων
2890 4924 3046 4998 δίκην
3069 4925 3289 4982 ἀπαιτεῖ
3310 4946 3323 4997 ;
3343 4928 3436 4982 τὸν
3461 4929 3719 5003 Πονηρὸν

2064 5015 2167 5091 γὰρ
2199 5011 2355 5085 δίκην
2388 5015 2631 5069 ἀπαιτεῖν
2665 5016 2761 5083 τῆς
2792 5013 2950 5070 αὑτὸν
2969 5015 3274 5089 τερπούσης
3309 5017 3400 5072 καὶ
3447 5014 3506 5072 ἐκ
3555 5015 3724 5073 αὑτοῗ

2064 5103 2366 5180 προϊούσης
2407 5108 2646 5178 πονηρᾶς
2679 5102 2955 5180 ἐργασίας,
2976 5110 3096 5168 πῶς
3136 5103 3235 5161 οὑκ
3274 5103 3336 5161 ἂν
3372 5105 3455 5178 εἴη
3488 5103 3638 5170 ὅλως
3679 5107 3721 5179 ἢ

2066 5194 2386 5265 ἰννοηθῆναι
2417 5193 2474 5267 [ἢ
2503 5191 2794 5268 λεχθῆναι]
2822 5194 2883 5250 οὑ
2919 5193 3181 5270 μανικόν;
3225 5199 3282 5251 '0
3314 5192 3372 5251 δὶ
3401 5195 3726 5268 ἀποστάτης

2062 5287 2170 5340 τῶν
2221 5287 2478 5360 πονηρῶν
2531 5278 2706 5360 ἔργων
2759 5285 2888 5348 τοὺς
2946 5285 3223 5360 πονηροὺς
3286 5289 3516 5361 πονηρῷ
3572 5284 3730 5343 πλά-

1489 5565 1727 5622 νΑΗΙΔΕ
1766 5560 2159 5622 LECTIONES
2198 5562 2286 5620 ET
2323 5559 2557 5621 NOTIE.

386 5695 502 5770 (26)
533 5687 818 5770 Κραταιόν.
861 5687 1062 5747 Malim
1089 5686 1278 5762 legere
1307 5687 1579 5764 κραταιοῖ,
1613 5684 1752 5758 quia
1781 5683 1968 5757 alioqu

2078 5681 2266 5741 hiulca
2295 5683 2525 5741 videtur
2553 5681 2754 5741 oratio.
