4074 6208
262 390 372 448 133
1337 385 1647 447 CONTRA
1696 383 2178 447 MANICHIEOS
2225 389 2458 449 LIBER
2503 392 2617 451 III.
3575 397 3689 462 134

259 541 420 593 σματι
463 517 630 592 ἄλλῳ
683 521 764 590 τῷ
795 515 925 592 πυρὶ
983 517 1083 586 τήν
1158 516 1426 591 τιμωρίαν
1510 517 1863 592 εἶσπράττεσθ

2081 520 2304 578 omines
2333 523 2619 580 malorum
2647 540 2889 597 operum
2935 531 3198 584 auctores
3229 543 3330 600 per
3357 534 3686 590 creaturam

261 611 409 688 λέγει
452 607 548 665 τὸν
612 607 845 683 Ἐχθρὸν
888 609 1004 681 (27)
1053 604 1184 662 ἑτῶν
1230 611 1353 669 τοῖς
1385 609 1580 681 σαρκὸς
1611 607 1799 662 πάθεσι
1829 628 1870 662 κ‹

2080 610 2211 665 liam
2246 611 3016 686 malam,ignemsoilieet,ad
3046 634 3273 688 poenam
3306 635 3532 690 vocare,
3555 637 3689 678 eos-

261 697 588 774 τασυρέντας
637 693 1016 768 κατακλυσμῷ
1063 693 1287 765 κολάζει
1330 699 1462 768 (28).
1531 697 1870 771 Μισοπονήρι

2079 715 2146 754 ue
2195 701 2294 771 qui
2354 704 2774 773 cupiditatibus
2823 707 3016 761 carnis
3047 708 3268 780 abrepti
3298 707 3438 780 sint,
3469 709 3687 768 diluvio

260 788 360 864 γὶρ
402 787 515 843 ἐστι
565 786 656 842 καὶ
694 786 899 861 ἀγαθοῦ
957 783 1046 838 καὶ
1091 782 1325 854 δικαίου,
1373 785 1435 839 τό
1493 806 1552 841 τε
1600 786 1761 840 κακὸν
1794 785 1869 839 ἀντ

2081 790 2263 846 unire.
2295 791 2423 848 Jam
2457 798 2650 850 autem
2682 800 2738 850 et
2768 795 2902 851 boni
2935 797 3156 868 etjusti
3183 807 3236 855 et
3268 799 3436 856 malis
3475 801 3690 867 infensi

263 876 526 946 στέλλειν,
557 877 648 932 καὶ
708 873 837 938 τοὺς
892 874 1031 951 πρὸς
1095 875 1194 942 τὴν
1262 873 1552 948 ἁμαρτίαν,
1611 871 1872 929 ἀναιδευσε

2079 895 2179 949 pus
2209 885 2317 948 est,
2349 883 2568 938 malum
2605 884 2932 955 prohibere,
2966 887 3453 961 impudentesque
3484 907 3688 963 pecca-

267 966 458 1040 μὲνους
495 966 598 1035 τήν
647 964 769 1034 ἷσην
821 963 1236 1038 εἰσπράττεσθαι
1283 963 1574 1039 τιμωρίαν,
1618 962 1746 1020 ἀλλ’
1795 962 1876 1037 οὐ]

2078 984 2189 1025 πρε
2205 971 2274 1026 ad
2291 972 2535 1044 dignum
2553 991 2751 1044 rapere
2765 975 3268 1048 supplicium,quas
3285 995 3420 1035 sane
3444 962 3687 1049 malum,

259 1059 507 1130 πονηροῦ
537 1057 728 1124 ποθεν,
761 1051 891 1109 οὐδὲ
939 1053 1229 1132 φιλοῦντος
1271 1051 1359 1108 καὶ
1397 1054 1790 1126 νσμοθετοῦτος
1821 1054 1868 1108 τί

2076 1063 2134 1114 ut
2163 1066 2466 1131 peccatum
2489 1070 2807 1133 amantem,
2842 1066 2958 1121 imo
3001 1067 3223 1138 legibus
3256 1069 3685 1141 praecipientem

259 1145 531 1220 ἁμαρτίαν
542 1189 555 1202 .

2035 1164 2148 1204 non
2183 1151 2404 1207 decent.

325 1235 424 1309 ς.
456 1238 580 1292 Ἵνα
612 1231 669 1288 δὲ
713 1233 890 1306 μάθῃς
936 1226 1342 1309 ἀκριϐέστερονν
1374 1233 1449 1296 ὡς
1494 1234 1522 1288 δ
1571 1232 1734 1295 αὐτός
1783 1231 1924 1288 an“

2105 1236 2198 1293 VI.
2234 1239 2306 1296 Ut
2335 1257 2466 1297 vero
2499 1242 2690 1298 adhuc
2731 1243 2916 1315 magis
2970 1243 3283 1318 intelligas,
3317 1248 3471 1317 quod
3530 1247 3686 1305 idem

258 1322 460 1398 ἀγαθὸς
493 1323 586 1378 καὶ
619 1321 1005 1399 φιλάνθρωπος
1039 1321 1188 1390 Θεὸς,
1223 1320 1252 1374 6'
1279 1342 1338 1376 τε
1373 1325 1470 1376 τοῦ
1520 1319 1730 1376 δικαίου
1778 1319 1867 1377 ἔκδ

2076 1343 2224 1384 onus
2255 1333 2309 1384 et
2339 1329 2646 1386 hominum
2668 1347 2872 1386 amans
2896 1331 3051 1388 Deus
3081 1341 3188 1402 est,
3213 1335 3308 1404 qui
3339 1339 3398 1390 et
3422 1335 3481 1390 in
3505 1337 3685 1394 veteri

253 1433 344 1475 κος
375 1411 431 1467 ἐν
475 1416 546 1486 τῇ
610 1410 826 1481 Παλαιᾷ
863 1411 953 1465 καὶ
986 1411 1014 1465 6
1066 1409 1119 1464 ἐν
1176 1414 1256 1483 τῷ
1302 1411 1512 1486 χάριτι,
1545 1410 1782 1486 ξηραίνει
1824 1434 1862 1485 μ

2074 1420 2088 1470 t
2118 1415 2176 1471 in
2209 1434 2354 1473 novo
2388 1423 2736 1476 testamento
2759 1420 2992 1490 justum
3044 1425 3296 1491 tueatur,
3329 1423 3501 1479 ﬁcum
3543 1440 3683 1480 exa-

266 1505 364 1573 τῆν
399 1510 578 1572 συκῆν
620 1502 825 1577 καρπὸν
875 1500 1024 1573 αὐτῷ
1070 1501 1146 1573 μὴ
1187 1505 1670 1577 προσενεγκοῦσαν,
1707 1501 1871 1576 μυρία

2074 1507 2464 1578 ascerejubet,
2508 1525 2636 1579 qua:
2694 1509 2945 1565 fructum
3004 1511 3222 1581 petenti
3281 1527 3398 1568 non
3448 1513 3683 1570 exhibe-

258 1591 313 1646 δὲ
356 1590 614 1654 ἀπειλαῖς
672 1586 977 1646 ὑποϐάλλει
1025 1589 1153 1652 τοὺς
1200 1587 1348 1662 αὒτῷ
1407 1592 1482 1663 μή
1541 1590 1867 1664 πειθομένου

2076 1599 2128 1650 at
2155 1593 2222 1663 9⁵,
2256 1595 2622 1668 infinitisque
2654 1598 2831 1653 minis
2863 1598 2973 1653 sibi
3009 1616 3122 1654 non
3154 1600 3461 1658 audientes
3517 1618 3685 1674 expo-

253 1682 340 1737 καὶ
373 1683 438 1737 τὸ
489 1677 850 1758 σφοδρότερόν
904 1700 964 1736 τε
1009 1679 1100 1735 καὶ
1149 1678 1428 1752 ἀμίμητον
1477 1687 1576 1750 τῆς
1617 1679 1862 1736 κολάσεω

2076 1682 2138 1750 it,
2173 1684 2484 1756 legumque
2515 1702 2755 1741 suarum
2815 1691 3268 1760 transgressores
3299 1691 3547 1760 graviori
3579 1706 3685 1746 nec

255 1771 333 1832 ei;
372 1771 438 1824 τὸ
496 1769 754 1842 ἐξώτερον
793 1772 899 1843 πῦρ
949 1769 1010 1822 τὸ
1067 1767 1477 1841 ἡτοιμασμένον
1533 1789 1612 1840 τῳ
1669 1763 1864 1824 διαϐόλ

2078 1772 2297 1829 uitabili
2325 1775 2628 1847 supplicio,
2663 1776 2783 1846 igni
2815 1777 3057 1843 scilicet,
3093 1779 3193 1848 qui
3239 1777 3470 1835 diabolo
3501 1784 3558 1834 et
3583 1797 3687 1836 an-

255 1859 351 1914 καὶ
396 1865 512 1921 τοῖς
567 1857 829 1932 ἀγγέλοις
878 1859 1066 1924 αὐτοῦ,
1107 1856 1236 1922 τοὺς
1300 1853 1749 1932 παραϐεϐηκότας
1806 1863 1864 1933 (‘2‘

2074 1862 2174 1917 slis
2197 1863 2322 1933 ejus
2382 1845 2624 1936 paratus
2673 1845 2776 1933 est,
2809 1868 3066 1936 subjicit.
3104 1845 3284 1940 Atque
3319 1868 3398 1924 ita
3428 1871 3683 1942 primum

263 1948 438 2003 αὐτοῦ
484 1949 604 2009 τοὺς
633 1947 841 2022 νόμους
892 1943 1254 2015 καταδικάζει.
1308 1947 1404 2000 Καὶ
1452 1948 1569 2002 κατ’
1621 1947 1795 2020 ἀρχὰς
1826 1949 1872 2020 μῖ

2076 1952 2267 2006 uidem
2300 1953 2432 2024 igne
2465 1961 2521 2008 ei.
2551 1971 2702 2023 aqua
2730 1956 3296 2026 temporali,landem
3319 1974 3451 2014 vero
3473 1966 3685 2015 aeterno

263 2037 583 2112 προσκαίρῳ
632 2038 765 2112 πυρὶ
814 2036 904 2092 καὶ
953 2033 1108 2090 ὕδατι
1156 2041 1504 2110 τιμωρεῖται,
1546 2035 1635 2091 ἐπὶ
1683 2034 1872 2090 τελειὶ

2072 2045 2084 2094 t
2115 2057 2420 2112 nunquam
2455 2043 2710 2097 ﬁniendo
2738 2046 2926 2114 punit.
2963 2045 3190 2114 Vident,
3210 2047 3362 2117 quod
3396 2053 3452 2102 et
3481 2049 3681 2104 odium

255 2125 626 2196 διαιωνξζοντι
657 2127 747 2181 καὶ
781 2125 1147 2198 ἀτελευτήτῳ.
1181 2127 1342 2199 Ὁρᾷς
1364 2130 1480 2187 πῶς
1517 2125 1579 2180 τὸ
1611 2127 1864 2197 μισοπόνι

2075 2127 2310 2184 ιθῘΟΓυῐῙΙ
2341 2136 2398 2184 et
2431 2130 2763 2185 humanitas
2794 2148 3020 2200 semper
3063 2141 3475 2204 argumentum
3510 2144 3567 2191 et
3596 2138 3684 2192 si—

251 2238 345 2292 ρον
375 2221 666 2292 πανταχοῦ
715 2214 898 2290 ὥσπερ
944 2215 1032 2270 καὶ
1080 2216 1142 2270 τὸ
1192 2215 1578 2294 φιλάνθρωπον
1627 2216 1860 2290 γνώρισι

2068 2234 2205 2272 num
2239 2218 2315 2272 sit
2371 2219 2650 2272 bonitatis
2708 2219 2854 2289 Deio‘?
2884 2221 2994 2273 Nec
3049 2220 3172 2290 ipse
3205 2220 3395 2276 solum
3429 2224 3509 2278 ita
3539 2225 3676 2295 agit,

254 2305 363 2360 ἐστι
406 2307 500 2361 καὶ
555 2305 855 2381 μαρτύριον
895 2311 995 2374 τῆς
1053 2303 1394 2379 ἀγαθότητος
1436 2308 1533 2358 τοῦ
1585 2309 1760 2373 Θεοῦ;
1819 2311 1863 2359 Κη

2067 2305 2458 2377 iscipulosque
2492 2307 2634 2362 forte
2665 2306 2736 2362 ab
2767 2307 3054 2376 ejusmodi
3104 2307 3429 2364 actionibus
3479 2311 3671 2380 prohi-

249 2396 351 2449 οὐκ
395 2395 562 2456 αὐτὸς
633 2394 726 2469 μὲν
763 2397 931 2449 ταῦτα
985 2394 1231 2468 πράττει,
1261 2392 1388 2454 τοὺς
1430 2393 1676 2466 μαθητὰς
1725 2391 1782 2446 δὲ
1817 2403 1858 2447 τέ

2068 2400 2142 2463 et,
2171 2397 2271 2450 sed
2305 2401 2359 2452 et
2393 2395 2640 2452 illustris
2672 2396 2730 2450 in
2756 2413 2898 2451 novo
2925 2402 3271 2452 testamento
3296 2397 3677 2466 Petrus,Ana-

251 2482 513 2550 τοιαύτης
543 2482 793 2558 πράξεως
833 2480 1193 2551 ἀναστέλλει;
1235 2479 1381 2536 ἀλλὰ
1425 2485 1630 2557 Πέτρος
1674 2501 1768 2554 μεν
1803 2482 1830 2535 6

2074 2485 2183 2540 iam
2217 2489 2274 2540 et
2303 2485 2650 2557 Sapphiram
2687 2492 2870 2542 morte
2896 2485 2956 2541 in
2980 2487 3268 2542 mendacii
3299 2505 3527 2559 poenam
3548 2489 3683 2545 all'e-

249 2574 318 2644 τῇ
348 2571 541 2645 χάριτι
578 2569 835 2645 λαμπρὸς
875 2571 968 2626 τὸν
1022 2570 1266 2626 Ἀνανίαν
1315 2569 1405 2625 καὶ
1463 2571 1564 2640 τήν
1606 2571 1858 2646 Σάπφειρε

2074 2579 2121 2630 ,t.
2160 2574 2376 2631 Paulus
2407 2591 2658 2647 quoque,
2701 2583 2975 2632 strenuus
3031 2576 3329 2649 Evangelii
3386 2594 3595 2649 praeco,
3627 2585 3683 2635 et

249 2659 622 2735 ψευδολογίας
682 2660 904 2715 θάνατον
954 2654 1118 2715 ἔλαϐε
1154 2661 1255 2729 τήν
1305 2656 1458 2730 δίκην
1519 2663 1651 2732 (30).
1702 2659 1858 2715 Παῦλι

2074 2668 2229 2719 octor
2258 2665 2440 2732 orbis,
2475 2665 2734 2736 Elymam
2765 2681 2830 2721 ex
2864 2665 3104 2738 vestigio
3160 2683 3377 2722 caecum
3428 2666 3683 2738 ﬁeriju-

247 2746 326 2818 δὲ,
359 2750 386 2803 6
421 2749 629 2822 θερμὸς
683 2755 783 2818 τῆς
836 2749 1064 2824 χάριτος
1119 2749 1286 2822 κῆρυξ
1328 2749 1416 2803 καὶ
1462 2745 1786 2810 διδάσκαλος
1816 2771 1856 2803 τι

2070 2751 2213 2820 et”,
2247 2753 2373 2826 ipse
2432 2753 2656 2809 scilicet
2713 2771 2782 2810 ex
2840 2755 2932 2821 iis,
2984 2771 3111 2826 quas
3171 2771 3478 2827 perpessus
3535 2760 3679 2824 erat,

251 2837 606 2911 οἰκουμένης,
677 2837 882 2918 τυφλὸν
946 2838 1040 2912 μὲν
1088 2837 1242 2899 εὐθὺς
1296 2842 1446 2892 ποιεῖ
1499 2839 1592 2893 τὸν
1651 2837 1860 2911 Ἐλόμα

2069 2843 2289 2908 doctus,
2338 2852 2622 2914 quantum
2659 2845 3030 2899 commodum
3065 2862 3234 2916 paena
3271 2847 3491 2902 afferat.
3519 2846 3678 2903 Idem

253 2927 415 2988 αὐτὸς
471 2928 686 3000 μαθὼν,
726 2926 776 3000 ἐξ
838 2928 910 2982 ὧν
961 2923 1243 2994 πέπονθεν,
1275 2926 1402 2980 ὅσον
1536 2929 1698 2998 ποινή
1730 2926 1862 3004 κέρδη

2073 2932 2322 2988 ominem
2356 2933 2744 2999 Corinthium,
2773 2933 3108 2989 scortationi
3133 2934 3416 3001 deditum,
3451 2935 3682 2992 Satanas

252 3021 424 3094 Ῡέρει.
480 3019 582 3072 Τὸν
653 3015 710 3072 δὲ
767 3017 1167 3091 πεπορνευκότα
1229 3016 1511 3091 Κορίνθιον
1581 3015 1861 3091 παραδίδω

2070 3039 2086 3076 1
2123 3023 2434 3093 perniciem
2466 3023 2658 3078 carnis
2696 3024 2898 3088 tradit,
2920 3023 3308 3080 Alexandrum
3341 3040 3474 3080 vero
3495 3025 3679 3081 eidem

253 3112 336 3177 τῷ
366 3109 580 3177 Σπεινᾷ
638 3107 714 3167 εἷς
768 3103 993 3182 ὄλεθρον
1049 3113 1150 3176 τῆς
1218 3108 1436 3181 σαρκός.
1473 3105 1827 3183 Ἀλέξανδρον

2072 3114 2314 3168 ruciatui
2346 3120 2401 3168 et
2437 3114 2661 3183 judicio
2709 3113 3009 3182 adjudicat
3056 3112 3122 3167 9°.
3157 3113 3277 3170 Imo
3336 3130 3467 3170 cum
3527 3115 3681 3170 idem

257 3195 336 3259 εἷς
393 3199 495 3264 τὴν
548 3195 744 3252 ἐκεῖθεν
809 3195 1160 3272 παραπέμπει
1241 3197 1468 3272 βάσανον
1557 3198 1645 3252 καὶ
1718 3198 1864 3274 κρίσι

2078 3202 2244 3257 aulus
2277 3207 2542 3270 testetur,
2575 3203 2730 3273 quod
2765 3202 2871 3270 ira,
2895 3201 3130 3258 afﬂictio
3162 3210 3216 3257 et
3255 3204 3525 3275 angustia
3555 3220 3687 3260 ven-

260 3286 360 3340 Καῖ
419 3286 466 3340 εἰ
536 3285 672 3362 ὀργή
705 3287 794 3341 καὶ
839 3286 1026 3360 θλίψις
1086 3287 1176 3342 καὶ
1223 3285 1568 3362 στενοχωρία
1626 3287 1711 3343 ἐπὶ
1745 3295 1869 3344 πᾶσί

2076 3308 2160 3346 ira
2183 3293 2262 3346 sit
2295 3307 2474 3362 super
2503 3307 2738 3346 omnem
2769 3292 3026 3347 animam
3060 3291 3313 3348 hominis
3337 3293 3556 3349 malum
3588 3311 3685 3365 pa-

257 3377 450 3449 ψυχὴν
501 3375 787 3449 ανθρώπου
826 3379 924 3430 τοῦ
981 3373 1456 3451 κατεργαζομένου
1495 3379 1558 3432 τὸ
1595 3379 1756 3434 κακὸν
1783 3381 1866 3451 (31

2072 3379 2239 3435 'antis
2269 3379 2336 3448 9°,
2371 3380 2524 3436 sicut
2553 3379 2808 3436 vicissim
2841 3379 3026 3452 gloria
3057 3386 3114 3436 et
3145 3379 3328 3436 honor
3357 3385 3413 3438 et
3464 3399 3574 3453 pax
3605 3383 3681 3438 sit

260 3460 474 3541 σξόόρα
536 3461 960 3540 διαμαρτύρεται
1019 3467 1046 3521 6
1109 3465 1346 3535 Παῦλος,
1404 3465 1584 3540 ὥσπερ
1647 3465 1773 3537 δόξα
1827 3490 1869 3523 κε

2073 3469 2284 3525 ominis
2337 3469 2556 3525 bonum
2617 3469 2930 3540 operantis,
2992 3486 3097 3526 nec
3154 3487 3466 3542 personam
3525 3472 3678 3530 Deus

256 3558 394 3627 τιμή
440 3557 530 3610 καὶ
591 3557 781 3630 είρνςνη
844 3555 1001 3612 παντὶ
1051 3561 1130 3628 τῷ
1188 3555 1538 3633 ἐργαζομένῳ
1578 3558 1640 3613 τὸ
1699 3559 1864 3635 ἀγαθὸ

2073 3558 2308 3631 aspiciat
2330 3576 2344 3627 ;
2369 3559 2683 3630 quomodo,
2703 3558 2800 3630 qui
2822 3557 2880 3613 in
2903 3558 3092 3615 Veteri
3115 3559 3485 3616 Testamento
3517 3562 3682 3617 dam-

260 3649 381 3704 πῶς
452 3645 901 3720 προσωποληψία
959 3646 1058 3702 οὐκ
1113 3640 1226 3702 ἔστι
1275 3648 1419 3723 παρὰ
1475 3651 1556 3720 τῷ
1597 3652 1750 3720 Θεῷ;
1798 3653 1869 3703 πᾶ

2077 3647 2156 3703 ati
2187 3652 2348 3717 sunt,
2383 3665 2496 3704 non
2530 3647 2600 3703 ab
2631 3648 2836 3703 eodem
2867 3651 3329 3704 condemnentur
3363 3650 3473 3706 Deo
3505 3649 3681 3719 bono,

261 3735 315 3788 οἱ
361 3735 774 3809 κατακριθέντες
824 3733 876 3788 ἐν
929 3738 998 3808 τῇ
1067 3735 1281 3807 Παλαιᾷ
1321 3736 1430 3814 οὐχ
1484 3736 1586 3790 ὑπὸ
1617 3740 1712 3790 τοῦ
1756 3736 1870 3791 αὐτ(

2075 3737 2213 3792 uiet
2259 3737 2638 3808 Evangelium
2689 3736 3102 3809 promulgavit,
3141 3742 3219 3804 et,
3253 3755 3428 3810 quam
3484 3739 3684 3796 nullus

265 3823 660 3899 κατεκρίθησαν
700 3822 903 3901 ἀγαθοῦ
943 3829 1098 3896 Θεοῦ,
1152 3827 1208 3889 ὅς
1256 3826 1345 3880 καὶ
1384 3827 1483 3894 τὴν
1530 3825 1690 3900 χάριν
1747 3848 1874 3900 νομς

2075 3826 2184 3897 pud
2234 3841 2296 3881 se
2353 3826 2428 3881 sit
2483 3841 2863 3897 personarum
2922 3827 3204 3898 delectus,
3238 3827 3408 3884 factis
3439 3829 3684 3884 demon-

270 3914 437 3978 θετεῖ,
467 3913 559 3966 καὶ
607 3913 670 3966 τὸ
708 3912 1222 3983 ἀπροσωπόληπτον
1265 3913 1452 3980 αὐτοῦ,
1484 3916 1566 3976 οἷς
1601 3913 1879 3984 ὑπέστησει

2070 3915 2237 3969 travit
2271 3916 2293 3968 Ρ
2321 3915 2464 3982 Quis
2484 3931 2617 3970 vero
2649 3914 2946 3971 suffecerit
2972 3917 3316 3971 enarrandis
3345 3917 3545 3988 gratias
3575 3934 3679 3974 seu

271 3996 611 4069 ἐϐεϐαίωσε;
649 4002 748 4056 Καὶ
797 4001 978 4064 οόσοις
1029 4000 1090 4056 ἄν
1146 4023 1231 4065 τις
1275 4000 1598 4072 ἐπιδείξαιτο
1636 4003 1736 4071 τήν
1770 4024 1880 4077 μισ(

2071 4006 2160 4060 ovi
2204 4005 2540 4060 testamenti
2593 4004 2835 4074 legibus,
2886 4021 3012 4076 quae
3061 4007 3347 4077 evincant,
3398 4009 3675 4076 justitiam

267 4091 511 4165 πόνηρον
543 4088 700 4162 δίκην
730 4089 783 4146 ἒν
819 4097 935 4154 τοῖς
974 4098 1076 4162 τῆς
1109 4092 1334 4168 χάριτος
1361 4093 1553 4166 νόμοις
1599 4094 1662 4147 τὸ
1720 4095 1876 4168 κράτς

1599 4094 1662 4147 τὸ
1720 4095 1918 4168 κράτος
2029 4092 2201 4149 malis
2232 4092 2531 4149 inimicam
2559 4094 2638 4149 ibi
2671 4100 2949 4166 perpetuo
2972 4094 3208 4150 valere?

267 4175 508 4254 ἔχουσαν
540 4180 761 4254 ἄμαχον
797 4197 810 4236 :

337 4271 420 4326 Ζ’.
462 4268 648 4340 Χωρὲς
679 4265 737 4323 δὲ
766 4271 874 4325 τῶν
909 4269 1239 4345 εἰρημένων,
1273 4269 1318 4325 εἷ
1349 4276 1594 4346 πονηρᾶς
1630 4271 1697 4341 ἧν
1736 4273 1916 4351 ἀρχῆς

2099 4273 2514 4330 VII.Przeterea
2542 4290 2694 4342 vero,
2712 4274 2761 4330 si
2789 4277 2954 4330 vetus
2987 4276 3401 4331 testamentum
3433 4274 3681 4333 maliest

267 4358 301 4426 ἡ
345 4355 592 4426 Παλαιᾶ,
625 4363 744 4421 πῶς
778 4360 805 4414 6
845 4361 1135 4435 μετάρσιος
1172 4361 1262 4415 καὶ
1309 4360 1561 4436 οὐράνιος
1608 4359 1876 4437 ἄνθρωπος

2071 4367 2323 4438 rincipii,
2349 4367 2645 4437 quomodo
2693 4365 2926 4422 divinus
2955 4374 3009 4422 et
3041 4365 3291 4422 caelestis
3322 4368 3410 4423 vir
3439 4367 3680 4438 Paulus,

269 4444 516 4514 Παῦλος,
543 4446 695 4508 εὐθὺς
721 4447 1032 4523 ἀρχόμενος
1053 4454 1158 4503 τῶν
1181 4447 1523 4504 Ἐπιστολῶν
1549 4447 1760 4505 διᾶτῶν
1782 4471 1878 4526 πρε

2069 4457 2219 4512 Latim
2236 4457 2307 4511 ab
2322 4455 2486 4511 initio
2511 4456 2888 4528 epistolarum
2908 4473 3081 4513 suaru
3096 4457 3485 4529 m,prolitetur
3503 4459 3678 4514 Deum

269 4541 457 4613 φητῶν
494 4537 667 4592 αὐτοῦ
706 4536 756 4592 ἐν
791 4544 1028 4619 Γραφαῖς
1059 4541 1240 4614 ἁγίαις
1281 4541 1372 4595 τὸν
1422 4542 1552 4596 Θεὸν
1602 4562 1878 4618 προσεπαγ

2071 4561 2133 4599 er
2164 4543 2475 4616 prophetas
2529 4560 2668 4600 suos
2698 4544 2756 4599 in
2799 4545 3098 4616 Scriptura
3147 4561 3311 4600 sacra
3351 4545 3552 4600 testari
3607 4547 3678 4600 de

263 4624 555 4699 γὲλλεσθαι
598 4624 768 4704 λέγει,
798 4629 921 4702 περὶ
973 4633 1070 4684 τοῦ
1097 4630 1226 4684 Υἰοῦ
1278 4631 1447 4685 αὐτοῦ
1496 4634 1594 4685 τοῦ
1626 4631 1872 4706 γενομένε

2067 4634 2170 4689 'ilio
2229 4650 2358 4703 suo,
2416 4650 2484 4690 ex
2552 4633 2774 4689 semine
2821 4633 3056 4688 Davidis
3087 4635 3411 4689 secundum
3445 4649 3676 4689 carnem

272 4713 331 4769 ἐκ
389 4714 704 4790 σπέρματος
764 4712 930 4772 Δαϐὶδ
999 4719 1139 4773 κατὰ
1197 4719 1415 4795 σάρκας
1484 4718 1546 4775 Εἰ
1610 4720 1712 4795 γὰρ
1785 4726 1881 4774 Θεο

2069 4721 2283 4777 υἱωνοί
2319 4723 2347 4776 ‘I
2402 4723 2564 4787 Quod
2623 4722 2672 4776 si
2731 4721 2884 4776 enim
2939 4721 3041 4778 Dei
3089 4726 3230 4777 sunt
3270 4721 3590 4794 prophetaa,
3623 4729 3678 4779 et

267 4812 547 4882 προφῆται
578 4806 668 4860 καὶ
711 4807 913 4885 Γραφαὶ
958 4803 1132 4884 ἅγιαι,
1173 4806 1243 4863 δι’
1273 4811 1346 4863 ὧν
1400 4810 1428 4864 6
1469 4809 1600 4871 Θεὸς
1631 4829 1876 4886 προεπηγ

2074 4811 2336 4883 criptura
2369 4827 2566 4874 sacra,
2603 4827 2704 4882 per
2741 4827 2890 4882 quas
2939 4810 3089 4866 Deus
3121 4811 3191 4866 de
3221 4811 3365 4866 Filio
3407 4827 3514 4868 suo
3545 4816 3683 4868 ante

268 4894 492 4968 γιίλατο
523 4895 647 4968 περὶ
679 4900 777 4950 τοῦ
823 4898 954 4952 Υἱοῦ
1002 4898 1188 4969 αὐτοῦ,
1221 4903 1328 4954 ποῦ
1361 4899 1388 4953 ὁ
1422 4898 1667 4973 Πονηρὸς
1700 4897 1877 4974 εὑρήσε

2072 4898 2337 4969 untiavit,
2372 4899 2468 4954 ubi
2513 4898 2709 4954 Malus
2761 4899 3116 4972 principium
3160 4899 3491 4956 invenerit?
3521 4899 3591 4956 Et
3630 4899 3681 4956 si

268 4985 366 5052 τήν
399 4984 582 5062 ἀρχὴν
619 5005 633 5055 ;
670 4985 767 5040 Καὶ
824 4985 871 5042 εἰ
901 4987 966 5041 τὰ
1019 4987 1224 5062 ἀόρατα
1279 4988 1466 5057 αὐτοῦ,
1514 4987 1759 5044 τουτέστι
1819 5007 1877 5042 το

2076 4987 2341 5044 ivisibilia
2368 4989 2520 5059 ejus,
2550 4987 2661 5044 hoc
2690 4993 2779 5044 est
2809 4987 2912 5045 Dei
2941 4997 2995 5045 et
3016 4989 3205 5045 Patris
3239 4989 3471 5046 Domini
3494 4994 3685 5068 nostri

341 5111 390 5147 ⁵⁸
421 5114 626 5172 Matth.
657 5131 777 5187 χιιι,
812 5114 900 5176 19.
977 5115 1025 5150 9⁷
1053 5119 1180 5173 Act.
1212 5133 1340 5188 χιιι,
1378 5118 1432 5174 8.
1509 5116 1554 5154 9⁸
1584 5119 1731 5174 Tim.
1767 5135 1806 5188 1,
1838 5118 1928 5172 20.

1509 5116 1554 5154 9⁸
1584 5119 1731 5174 Tim.
1767 5135 1806 5188 1,
1838 5118 1928 5172 20.
2005 5117 2050 5152 ⁹⁹
2080 5116 2248 5174 Rom.
2280 5133 2340 5184 11,
2372 5117 2427 5174 9.
2507 5118 2525 5154 ¹
2559 5116 2722 5174 Rom.
2756 5133 2797 5186 1,
2826 5117 2862 5171 2
2891 5131 3053 5190 seqq.

1433 5252 1672 5312 VARIE
1715 5253 2106 5312 LECTIONES
2147 5254 2238 5310 ET
2277 5253 2508 5312 ΝΟΤίΕ.

480 5380 674 5454 Ἐτᾼῶῃ
709 5383 860 5454 Lego
889 5380 979 5436 καὶ
1007 5379 1158 5454 τοὺς.

2093 5375 2436 5454 (39)Ἔλαϐε
2489 5381 2588 5454 τῂν
2647 5377 2823 5452 δίκην.
2883 5381 2964 5439 De
3020 5381 3330 5454 pbrasibus
3379 5378 3588 5438 διδόναι
3617 5385 3676 5454 et

479 5447 756 5527 Κολᾶζξι,
781 5447 931 5527 [σεο
960 5452 1233 5524 κολάξειν.
1336 5526 1342 5527 γ
1565 5526 1568 5527 ν
1727 5526 1732 5527 ν

2065 5447 2322 5527 αμϐἆνειν
2366 5454 2483 5527 τήν-
2522 5447 2684 5527 δίκην
2727 5447 2856 5527 vide
2903 5447 3191 5527 Τοᾷωαω
3233 5454 3581 5527 Gatakerum
3612 5453 3674 5527 in

338 5520 452 5596 (39)
501 5520 982 5599 U19¢3£5n3<6§ac.
1044 5520 1163 5582 Hoc
1217 5526 1387 5599 modo
1417 5542 1511 5599 res
1559 5526 1685 5598 ipsa
1723 5526 1914 5599 legere

2071 5520 2248 5599 issent,
2282 5525 2349 5599 de
2375 5520 2518 5596 ston
2547 5527 2612 5582 Ν.
2635 5520 2782 5599 ήΤηοι
2819 5525 2912 5599 ,ἷορ
2957 5525 3290 5599 γνοιειὶιιω,
3321 5527 3395 5582 De
3449 5525 3674 5582 Hebrai-

265 5593 452 5665 jnbet,
485 5593 599 5680 pro
650 5593 1093 5680 περιϐεϐηκότες,
1127 5597 1284 5672 quod
1312 5668 1325 5680 υ
1346 5597 1520 5680 habet
1570 5593 1679 5680 ins.
1703 5593 1874 5680 -Θιῖρι

2022 5593 2516 5680 8m,‘3.lV-..T-.eérl-
2551 5612 2675 5680 1:9-
2708 5597 2847 5680 ἴηρς
2879 5598 3010 5654 21⁵·
3100 5668 3114 5680 .
3218 5593 3288 5680 .’
3395 5667 3408 5680 .
3477 5668 3488 5680 .

275 5683 401 5723 vero
449 5665 529 5746 ad
568 5665 793 5726 tomum
824 5669 863 5736 l,
904 5665 969 5740 'p.
1022 5671 1076 5746 8_,
1126 5665 1353 5736 monui,
1404 5666 1489 5738 τὸ,
1520 5668 1667 5745 παρά
1706 5674 1763 5727 et
1790 5665 1913 5746 περὶ
2096 5667 2208 5741 (3t)
2241 5665 2537 5726 Excidisse
2571 5669 2666 5726 hic
2695 5665 2920 5726 videtur
2950 5668 3155 5726 vocula
3203 5668 3278 5729 ὡς
3325 5667 3412 5726 vel
3442 5665 3672 5725 similis.

277 5755 427 5814 saepe
452 5741 606 5798 inter
634 5757 697 5798 se
727 5742 1074 5816 permutari.
