4074 6208
353 338 465 402 135

1543 335 1811 398 ΡΗΟΤΙΙ
1855 334 2388 398 ΡΑἹἪΙΑΒΟΗΕ
2431 337 2547 397 CP.

3633 335 3753 395 136

347 472 484 530 Jesu
518 469 753 537 Christi,
785 485 819 524 a
861 471 1056 523 creato
1095 467 1315 523 mundo
1346 482 1415 522 ex
1453 468 1727 539 operibus
1769 469 1994 539 cognita

2113 471 2246 522 Θεοῦ
2277 467 2366 522 καὶ
2399 468 2608 542 Πατρὸς
2635 471 2733 522 τοῦ
2777 467 2984 540 Κυρίου
3033 467 3194 538 ἡμῶν
3253 465 3438 534 ’[ησοῦ
3497 471 3758 542 Χριστοῦ,

348 559 809 630 conspiciuntur,
835 557 894 612 in
953 556 1168 627 quibus
1199 556 1432 611 tandem
1462 557 1653 628 opifex
1693 557 1876 614 malus
1905 574 1997 613 co-

348 648 691 723 gnoscatur?
705 645 1022 702 Invisibilis
1035 651 1094 700 et
1116 651 1305 701 mente
1322 647 1686 717 assequenda
1708 648 1799 702 Dei
1819 651 1990 703 sunt:

353 739 470 794 haec
491 754 623 792 vero
646 753 714 791 ex
740 735 1030 790 creatione
1048 733 1192 790 visui
1219 739 1274 788 et
1295 737 1564 791 sensibus
1587 735 1845 806 subjecta
1869 752 1996 806 per—

349 825 837 898 spiciuntur.Nisi
859 825 1008 880 enim
1035 840 1104 880 ex
1139 824 1466 880 visibilibus
1492 828 1775 881 creaturis
1797 825 2000 880 invisi-

347 916 486 972 bilia
505 916 602 971 Dei
624 915 1264 986 intelligerentur,cerle
1296 914 1612 970 invisibilia
1633 915 1753 970 haec
1777 913 1998 970 abistis

345 1023 458 1061 non
495 1004 876 1070 distinxisset,
895 1019 1078 1074 neque
1100 1019 1169 1058 ex
1199 1004 1328 1059 istis
1350 1021 1412 1059 ea
1437 1003 1680 1074 perspici
1703 1003 1995 1072 jussisset.

345 1094 643 1159 Quomodo
665 1099 861 1149 autem
884 1093 943 1147 in
966 1094 1248 1150 creaturis
1273 1093 1788 1159 sensibilibus,hoc
1816 1093 1997 1158 esl,in

345 1185 630 1240 creaturis
671 1181 809 1238 mali
843 1182 1276 1254 perspiciuntur
1307 1182 1624 1238 invisibilia
1645 1181 1765 1249 Dei,
1791 1197 1998 1253 nempe

347 1278 561 1330 aeterna
592 1271 749 1328 illius
781 1272 1042 1342 potentia
1067 1275 1123 1326 et
1152 1271 1421 1327 divinitas
1442 1273 1471 1326 ?
1490 1271 1702 1328 Malitia
1733 1287 1875 1328 sane
1906 1287 2000 1342 po-

348 1364 461 1420 tius
479 1369 536 1420 et
551 1363 852 1434 turpitudo
869 1361 1004 1417 Mali
1025 1362 1083 1416 in
1112 1361 1183 1417 iis
1207 1361 1998 1434 conspicerentur,siquidem

344 1456 403 1510 in
437 1455 769 1508 universum
793 1451 938 1507 tales
959 1452 1088 1522 ejus
1121 1455 1397 1506 creaturae
1436 1451 1800 1507 exsisterent.
1835 1449 1998 1515 Quod

342 1559 474 1598 vero
507 1542 596 1598 lex
626 1559 660 1596 a
701 1543 846 1596 bono
883 1542 992 1595 Deo
1015 1540 1112 1608 sit,
1154 1540 1330 1596 etiam
1365 1539 1498 1595 hinc
1535 1539 1701 1596 facile
1731 1541 1997 1596 demons-

347 1629 834 1688 traveris.Paulus
866 1630 1047 1698 enim,
1079 1646 1142 1685 os
1173 1629 1410 1695 Christi,
1433 1629 1532 1698 ait,
1551 1630 1700 1701 quod
1726 1646 1837 1685 non
1875 1647 2000 1685 aus-

346 1721 675 1787 cultatores,
714 1723 810 1776 sed
850 1720 1238 1777 observatores
1277 1719 1422 1792 legis
1462 1719 1756 1791 justitiam
1804 1735 2000 1775 conse-

2106 557 2211 611 ἀπὸ
2261 556 2488 618 κτίσεως
2528 556 2739 631 κόσμου
2785 561 2902 618 τοῖς
2963 556 3236 626 ποιήμασι
3291 555 3586 626 νοούμενα,
3628 559 3763 611 καθ-

2106 651 2316 720 ορᾶται,
2349 643 2400 700 ἐν
2450 645 2590 701 τίσιν
2641 645 2860 720 ὁραθείη
2923 641 3263 718 δημιουργὸς
3311 645 3339 699 6
3369 643 3646 720 Ἐχθρός;
3681 646 3767 702 Τὰ

2105 735 2306 807 ἀόρατα
2353 735 2441 789 καὶ
2499 734 2766 808 νοούμενα
2818 738 2914 789 τοῦ
2960 737 3096 789 Θεοῦ
3149 731 3302 788 ἐστι·
3335 736 3503 788 ταῦτα
3545 731 3603 788 δέ
3631 737 3765 790 καθ-

2106 829 2297 896 ορᾶται
2326 820 2432 877 ἀπο
2483 828 2583 891 τῆς
2635 823 2898 893 αἰσθητῆς
2945 821 3034 875 καὶ
3067 821 3288 895 ὁρατῆς.
3324 820 3388 875 Εἴ
3418 822 3524 897 γὰρ
3557 822 3635 894 μὴ
3669 819 3762 876 διὰ

2103 913 2202 980 τῆς
2260 912 2460 984 ὁρατῆς
2518 912 2747 972 κτίσεως
2791 911 2856 966 τὰ
2905 910 3108 984 ἀόρατα
3138 913 3234 965 τοῦ
3271 914 3404 966 Θεοῦ
3434 912 3759 983 καθορᾶται,

2107 1001 2212 1056 οὐκ
2271 1002 2329 1055 ἂν
2394 1002 2489 1074 μὲν
2543 998 2807 1056 διέστειλε
2861 999 2928 1055 τὶ
2978 999 3181 1074 ἀόρατα
3237 999 3288 1073 ἐξ
3319 999 3520 1069 αῦτῆς’
3551 999 3649 1055 οὐκ
3693 1001 3758 1056 ἃν

2106 1086 2161 1144 δὲ
2219 1087 2308 1144 διὰ
2364 1089 2564 1160 ταύτης
2619 1087 2857 1161 ἐδίδαξεν
2947 1087 3120 1144 ἐκεῖνα
3195 1090 3552 1164 καθορᾶσθαι.
3630 1094 3760 1152 Πῶς

2107 1176 2196 1232 οῦν
2233 1176 2287 1232 ἐν
2345 1183 2462 1233 τοῖς
2530 1179 2804 1252 ποιήμασι
2859 1183 2975 1240 τοῖς
3032 1177 3314 1248 αἲσθητυῖς
3361 1180 3661 1253 καθορᾶται
3692 1178 3762 1234 τὰ

2105 1265 2310 1341 ἀόρατα
2363 1271 2460 1322 τοῦ
2507 1271 2663 1335 Θεοῦ,
2721 1268 2812 1322 καὶ
2873 1268 2997 1322 τότε
3045 1269 3079 1336 ἡ
3113 1264 3286 1327 ἀίδιος
3319 1265 3487 1322 αὐτοῦ
3529 1264 3764 1341 δύναμις

2103 1356 2193 1410 καὶ
2226 1354 2440 1426 θειότης
2474 1355 2528 1411 ἐν
2557 1360 2674 1418 τοῖς
2720 1357 2993 1429 ποιήμασι
3025 1359 3121 1410 τοῦ
3176 1359 3429 1430 Πονηροῦ
3462 1375 3476 1425 ;
3509 1355 3755 1414 Τούναν-

2103 1443 2217 1498 τίον
2262 1445 2365 1520 γὰρ
2400 1444 2451 1499 ἐν
2482 1450 2603 1505 τοῖς
2635 1446 2906 1518 ποιήμασι
2937 1448 3037 1500 τοῦ
3060 1444 3317 1518 Ἐχθροῦ,
3346 1443 3491 1519 εἴπερ
3516 1445 3582 1514 ἦν
3609 1445 3764 1508 ὅλως

2103 1532 2245 1603 τινὰ,
2277 1534 2311 1603 ἡ
2370 1533 2608 1610 πονηρία
2664 1534 2754 1588 καὶ
2813 1533 3114 1608 αἰσχρότης
3163 1533 3332 1588 αὐτοῦ
3362 1535 3632 1608 καθορᾶτο
3667 1532 3754 1592 ἄν.

2104 1625 2228 1680 ’Ότι
2253 1618 2308 1676 δὲ
2350 1622 2377 1676 6
2406 1623 2577 1695 νόμος
2609 1620 2664 1676 ἐκ
2695 1626 2790 1676 τοῦ
2822 1622 3022 1697 ἀγαθοῦ
3055 1625 3212 1690 Θεοῦ,
3243 1623 3522 1678 κάντεῦθεν
3580 1620 3638 1677 ἅν
3669 1642 3758 1684 τις

2106 1707 2430 1784 ἐπιδείξαιτο
2473 1711 2624 1788 ῥᾷον.
2659 1707 2813 1788 Λέγει
2847 1710 2951 1788 γάρ
2979 1712 3020 1765 ’ὁ
3063 1710 3302 1782 Παῦλος,
3332 1712 3395 1766 τὸ
3436 1710 3607 1784 στόμα
3649 1715 3754 1767 τοῦ

347 1817 621 1883 queatur.
649 1777 946 1876 Quomodo
979 1809 1067 1864 lex
1091 1826 1123 1863 a
1153 1809 1303 1863 bono
1330 1777 1438 1864 Deo
1462 1777 1720 1880 profecta
1751 1825 1863 1863 non
1899 1808 1994 1869 sit,

2108 1801 2369 1875 Χριστοῦ,
2403 1799 2589 1875 ὅτιπερ
2627 1799 2734 1878 οὐχ
2773 1801 2823 1854 οἱ
2853 1799 3115 1874 ἀκροαταὶ
3173 1805 3270 1855 τοῦ
3308 1799 3479 1873 νόμου
3538 1797 3746 1855 δίκαιοι

345 1900 440 1969 qui
474 1916 576 1970 pro
610 1897 1109 1970 poenairroganda
1125 1897 1350 1968 eos,qui
1374 1896 1557 1967 legem
1591 1897 1998 1968 impleverunt,

337 1989 535 2059 juslos
561 1987 937 2059 pronuntiat?
962 1987 1026 2041 Et
1047 1988 1504 2052 sitransgressor
1523 1985 1874 2056 legis,etiam
1893 1987 2000 2040 cir-

344 2078 641 2133 cumcisus
671 2091 1039 2146 carnem.pro
1059 2076 1403 2145 praeputiato
1427 2074 1772 2141 babetur,et
1800 2075 1998 2131 divina

341 2166 530 2237 gratia
556 2163 1240 2236 indignus,pra3putiatus
1265 2163 1478 2232 vero,si
1513 2162 1659 2235 legis
1686 2165 1852 2234 jussa
1881 2181 1997 2221 sec-

341 2251 1027 2323 tetur,circumcisionem
1048 2251 1410 2308 sanctissimi
1433 2252 1688 2324 Spiritus
1721 2253 1777 2308 in
1802 2253 1997 2309 anima

345 2342 702 2411 circumfert,
737 2357 930 2396 nonne
953 2340 1040 2396 lex
1066 2359 1097 2396 a
1121 2341 1271 2396 bono
1294 2341 1410 2397 Deo
1441 2343 1621 2412 repeti
1643 2341 1920 2396 debebit?
1939 2340 1996 2396 Si

347 2448 480 2487 vero
513 2431 779 2487 Christus
798 2429 990 2494 Jesus,
1011 2437 1176 2497 proul
1207 2429 1416 2484 Paulus
1442 2430 1724 2484 exclamat
1751 2428 1996 2495 ',minis-

345 2531 428 2576 ter
459 2519 562 2575 fuit
593 2517 1079 2586 circumcisionis,
1112 2534 1214 2588 pro
1244 2517 1481 2574 veritate
1520 2517 1740 2574 scilicet
1772 2517 1891 2588 Dei,
1925 2519 1994 2573 ad

345 2608 776 2666 conﬂrmandas
800 2606 1211 2678 promissiones
1228 2606 1487 2678 patribus
1502 2607 1854 2679 factas,quas
1868 2624 1995 2678 pro-

344 2699 479 2754 inde
501 2698 766 2753 Christus
789 2696 1099 2763 stabilivit;
1121 2696 1274 2751 idem
1289 2713 1420 2751 vero
1447 2697 1595 2752 Deus
1610 2697 1874 2768 patribus
1891 2697 1998 2754 has

344 2785 756 2859 promissiones
780 2785 928 2852 fecit,
947 2784 1046 2856 qui
1068 2789 1124 2840 et
1153 2783 1363 2840 cmlum
1393 2785 1502 2841 hoc
1526 2786 1802 2841 sensibus
1818 2802 1995 2858 expo~

343 2876 520 2930 situm
554 2879 610 2930 et
639 2878 843 2929 terram
867 2873 1142 2938 condidit,
1173 2889 1468 2944 quemque
1497 2874 1687 2930 Moses
1721 2876 1778 2930 in
1811 2875 1996 2930 histo-

344 2963 429 3018 ria
459 2962 770 3018 creationis
801 2961 984 3016 Deum
1009 2962 1300 3033 praedicat,
1329 2963 1429 3033 qui
1461 2963 1701 3036 insuper
1748 2982 1780 3020 a
1818 2963 1997 3020 Paulo

344 3051 405 3106 in
431 3051 537 3107 hoc
567 3056 624 3106 et
647 3050 776 3106 aliis
810 3049 952 3104 locis
985 3049 1248 3121 pluribus
1273 3051 1590 3107 Servatoris
1623 3053 1804 3108 nostri
1833 3059 1997 3124 pater

349 3140 869 3212 appellatur,cujus
887 3139 1434 3211 promissionesipse
1454 3142 1822 3212 utgenuinus
1844 3144 1998 3198 {ilius

346 3247 449 3301 per
488 3246 565 3296 se,
600 3245 714 3284 non
748 3244 880 3284 vero
913 3228 1100 3284 aliena
1131 3244 1306 3300 opera
1329 3246 1488 3295 usus,
1506 3236 1657 3286 ratas
1679 3236 1734 3288 et
1755 3232 1996 3288 stabiles

347 3335 475 3375 esse
507 3317 1122 3390 demonstraverit,qui
1149 3318 1272 3373 fieri
1300 3324 1584 3389 potest,ut
1613 3320 1998 3392 impudentis.

342 3408 492 3462 sima
512 3410 906 3478 apostatarum
931 3405 1100 3460 factio
1124 3423 1234 3461 non
1263 3406 1684 3463 confundatur?
1697 3410 1842 3472 Quid
1863 3425 1995 3465 vero

342 3512 586 3567 provoco
608 3495 680 3550 ad
705 3493 1162 3558 Paulum,virum
1189 3494 1444 3565 alioquin
1479 3497 1813 3568 cognitione
1840 3497 1998 3553 Vete-

347 3586 425 3640 ris
441 3584 885 3648 Testamenti,et
907 3582 1195 3654 sapientia
1208 3583 1347 3638 Novi
1369 3585 1991 3656 tantopereillustrem,

342 3691 474 3730 cum
500 3689 872 3730 communem
897 3671 1205 3727 Dominum
1226 3673 1438 3729 audere
1459 3672 1629 3729 liceat
1653 3675 1994 3747 praecipien-

343 3771 453 3820 tem
479 3769 536 3819 et
566 3764 853 3819 dicentem
881 3780 893 3816 :
927 3762 1002 3818 Ne
1023 3761 1348 3818 existimetis
1368 3781 1452 3819 me
1469 3766 1677 3820 venisse
1695 3764 1764 3820 ad
1784 3767 1992 3823 solven-

339 3854 466 3909 dam
504 3854 674 3924 legem
720 3861 816 3908 aut
861 3851 1158 3922 Pr0phetas
1189 3869 1202 3907 :
1238 3869 1348 3908 non
1377 3853 1504 3908 veni
1534 3864 1594 3908 ut
1620 3855 1884 3911 solverem
1918 3859 1994 3913 le-

338 3959 479 4014 gem,
503 3942 595 3998 :ed
643 3950 701 3997 ut
739 3942 1023 4011 implerem
1053 3938 1096 3998 ³.
1133 3942 1196 3997 Ει
1227 3942 1359 3998 alibi
1390 3961 1400 3998 :
1437 3946 1628 4012 Amen,
1659 3962 1840 4013 amen,
1870 3945 1994 4003 dico

335 4033 487 4087 vobis
518 4050 532 4087 :
564 4034 687 4087 Non
735 4031 995 4088 transibit
1024 4034 1223 4089 castum
1251 4043 1300 4088 et
1329 4036 1505 4098 terra,
1535 4039 1632 4088 aut
1664 4036 1772 4089 iota
1796 4052 1989 4103 unum,

338 4137 547 4178 unusve
567 4138 727 4192 apex,
746 4121 918 4176 donec
937 4124 1126 4178 omnia
1155 4122 1262 4177 ista
1292 4125 1572 4176 evenerint
1590 4122 1633 4177 ³.
1662 4123 1776 4194 Ego
1801 4129 1862 4178 ut
1883 4123 1992 4178 im-

341 4211 607 4281 plcturus
639 4210 823 4280 legem
858 4211 1009 4279 veni,
1041 4212 1122 4264 ait
1149 4210 1438 4274 Christus,
1469 4215 1527 4264 at
1559 4210 1722 4281 impii
1753 4211 1866 4266 oris
1903 4215 1994 4267 est

337 4302 527 4353 dicere
569 4314 662 4353 me
719 4298 947 4353 venisse
1008 4308 1062 4352 ul
1107 4297 1298 4352 Patris
1348 4298 1528 4368 legem
1589 4298 1989 4354 dissolverem.

2027 3088 2077 3153 Ο

2107 1890 2252 1962 παρά
2280 1893 2360 1961 τῷ
2389 1893 2524 1960 Θεῷ,
2557 1887 2684 1944 ἀλλ’
2716 1889 2767 1943 οἰ
2798 1889 3022 1960 ποιηταὶ
3076 1893 3171 1945 τοῦ
3222 1888 3395 1961 νόμου
3445 1885 3760 1959 δικαιωθή-

2107 1998 2310 2033 σονται.
2374 1975 2476 2033 Καὶ
2519 1982 2638 2038 πῶς
2695 1976 2793 2032 οὐκ
2841 1972 2980 2032 ἔστιν
3034 1978 3062 2032 6
3111 1978 3284 2050 νόμος
3321 1976 3380 2031 ἐκ
3409 1977 3504 2033 τοῦ
3545 1977 3757 2052 ἀγαθοῦ

2107 2071 2265 2134 Θεοῦ,
2295 2067 2354 2128 ’ὸς
2399 2067 2512 2122 ἀντὶ
2561 2070 2657 2122 τοῦ
2696 2066 2944 2137 κολάζειν
2997 2066 3240 2132 δικαίους
3299 2069 3582 2146 ἀποφαίνει
3621 2068 3758 2130 τοὺς

2105 2160 2394 2219 ποιοῦντας
2435 2155 2631 2226 αὐτόνς
2666 2157 2768 2213 Καὶ
2814 2155 2864 2212 εἷ
2929 2157 2956 2212 ὁ
3023 2152 3341 2231 παραϐάτης
3398 2161 3495 2212 τοῦ
3551 2159 3752 2232 νόμου,

2103 2245 2201 2300 κᾶν
2247 2245 2716 2320 περιτετμημένος
2867 2248 2965 2315 τῆν
3035 2247 3224 2321 σάρκα,
3284 2247 3358 2309 ὡς
3422 2242 3764 2321 ἀκρόόυστος

2106 2333 2408 2410 λόγίζεται,
2457 2334 2545 2388 καὶ
2586 2334 2800 2404 ἀνάξιος
2846 2334 3084 2410 κρίνεται
3113 2340 3210 2391 τοῦ
3251 2341 3404 2391 Θεοῦο
3431 2337 3458 2390 ὁ
3491 2335 3547 2392 δέ
3585 2335 3756 2412 ἀκρό-

2107 2417 2303 2486 6υστος
2329 2424 2395 2477 τὰ
2427 2418 2771 2495 δικαιώματα
2822 2423 3112 2500 φυλάσσων
3161 2422 3258 2480 τοῦ
3295 2425 3463 2498 νόμον
3513 2425 3612 2494 τὴν
3657 2446 3762 2480 πε-

2109 2511 2338 2585 ριτομῆν
2370 2515 2468 2566 τοῦ
2498 2511 2763 2586 παναγίου
2800 2513 3112 2586 Πνεύματος
3162 2513 3311 2592 φέρει
3358 2511 3409 2568 ἐν
3447 2519 3526 2592 ,τῇ
3573 2517 3765 2590 ψυχῇ,

2105 2604 2223 2663 πῶς
2271 2598 2400 2677 οὐχὶ
2462 2599 2490 2654 6
2546 2601 2714 2673 νόμος
2747 2600 2806 2655 ἐκ
2853 2605 2949 2656 τοῦ
2971 2601 3174 2677 ἀγαθοῦ
3204 2607 3369 2672 Θεοῦ;
3405 2601 3464 2658 Ei
3498 2600 3576 2669 δὲ,
3614 2604 3765 2659 καθᾶ

2107 2684 2450 2764 διακέκραγεν
2506 2691 2534 2744 6
2594 2688 2833 2761 Παῦλος,
2901 2692 3129 2766 Χριστὸς
3207 2691 3422 2763 Ἰησοὺς
3504 2689 3763 2756 διάκονος

2108 2776 2295 2854 γέγονε
2347 2786 2673 2854 περιτομῆς,
2742 2778 2934 2850 διατί;
2996 2781 3127 2855 ὑπὲρ
3177 2781 3438 2853 ἀληθείας
3489 2785 3645 2852 Θεοῦ,
3682 2783 3767 2845 εἰς

2106 2867 2167 2921 τὸ
2222 2863 2515 2942 βεϐαιῶσαι
2573 2869 2667 2929 τὰς
2726 2867 3056 2945 ἐπαγγελίας
3108 2875 3217 2926 τῶν
3309 2871 3587 2945 πατέρων,
3672 2871 3766 2926 καὶ

2105 2956 2302 3019 ταύτας
2360 2952 2680 3012 ἐϐεϐαίωσεν
2741 2959 2769 3012 ὁ
2826 2960 3109 3033 Χριστός;
3171 2958 3379 3022 ἐκεῖνος
3411 2958 3466 3016 δὲ
3495 2965 3614 3024 τοῖς
3655 2981 3770 3015 πα-

2106 3045 2259 3120 τράσι
2293 3043 2499 3102 διέθετο
2543 3047 2638 3109 τὰς
2687 3045 3038 3123 ἐπαγγελίας,
3089 3050 3116 3103 6
3146 3048 3236 3104 καὶ
3265 3049 3354 3104 τὸν
3384 3049 3638 3121 αἰσθητὸν
3663 3050 3766 3105 τὸν

2109 3134 2334 3209 οὐρανὸν
2397 3136 2487 3190 καὶ
2545 3136 2641 3204 τήν
2700 3144 2802 3210 γῆν
2853 3134 3268 3211 δημιουργήσας
3331 3139 3480 3208 Θεὸς,
3539 3137 3594 3193 ὅν
3661 3138 3762 3194 καὶ

2110 3232 2313 3294 Μωσῆς
2359 3227 2413 3280 ἐν
2460 3229 2529 3298 τῇ
2588 3225 2948 3303 κοσμογενείᾳ
3021 3226 3306 3303 θεολογεῖ·
3371 3226 3637 3283 δείκνυται
3695 3225 3762 3284 δὶ

2109 3312 2178 3369 δι’
2210 3313 2284 3368 ὧν
2316 3317 2343 3369 6
2377 3312 2591 3378 Παῦλος
2624 3314 2848 3370 ἐνταῦθα
2897 3316 2986 3370 καὶ
3031 3314 3084 3372 ἐν
3142 3315 3381 3380 πολλοῖς
3422 3315 3616 3379 ἄλλοις
3665 3315 3767 3374 λέ-

2108 3423 2216 3478 γει,
2245 3408 2341 3457 τοῦ
2375 3410 2636 3478 Σωτῆρος
2666 3406 2826 3478 ἡμῶν
2860 3404 3018 3467 οὗτος
3067 3407 3269 3479 πατὴρ,
3313 3406 3374 3460 οῦ
3430 3405 3526 3466 τὰς
3583 3406 3760 3482 ἐπαγ-

2103 3490 2290 3565 γελίας
2349 3493 2423 3553 ὡς
2479 3495 2705 3566 γνήσιος
2737 3494 2851 3556 υίὸς
2907 3488 3286 3568 ἀπαραϐάτους
3344 3515 3401 3550 τε
3461 3493 3550 3549 καὶ
3591 3495 3765 3568 ἀψευ-

2107 3578 2216 3645 δεῖς
2249 3581 2408 3644 αὐτὸς
2451 3580 2522 3638 δι’
2571 3584 2783 3654 ἑαυτοῦ,
2823 3584 2911 3638 καὶ
2961 3584 3023 3638 ού
3081 3581 3150 3638 δι’
3194 3583 3370 3640 ἄλλου
3428 3581 3764 3657 ἐπεδείξατο,

2106 3677 2225 3734 πῶς
2256 3679 2354 3742 τῆς
2387 3673 2711 3734 ἀποστασίας
2745 3674 2808 3728 ού
2848 3670 3170 3728 καταδύεται
3220 3675 3280 3729 τὸ
3338 3674 3706 3749 ἀναίσχυντον
3745 3694 3762 3745 ;

2105 3760 2288 3819 Ἀλλά
2320 3761 2370 3817 τί
2408 3769 2501 3836 μοι
2544 3761 2723 3839 λέγειν
2775 3762 3012 3833 Παῦλον,
3043 3763 3218 3818 καίτοι
3263 3762 3588 3834 τηλικοῦτον
3626 3759 3764 3819 ὄντα

2104 3856 2173 3925 τῇ
2203 3873 2261 3907 τε
2289 3853 2482 3926 γνώσει
2513 3859 2614 3921 τῆς
2645 3850 2891 3914 Παλαιᾶς
2920 3852 3008 3906 καὶ
3057 3856 3126 3926 τῇ
3177 3853 3343 3926 σοφίᾳ
3388 3859 3486 3922 τῆς
3529 3855 3766 3928 χάριτος

2106 3939 2291 4010 αὐτοῦ,
2345 3939 2508 3995 πάλιν
2571 3939 2689 4010 ἐνῆν
2749 3938 2844 3995 τοῦ
2900 3944 3086 3995 κοινοῦ
3144 3941 3416 3996 Δεσπότου
3458 3937 3762 4011 διακούειν,

2105 4027 2509 4103 διατεινομένου
2590 4031 2675 4085 καὶ
2761 4028 3059 4104 λέγοντοςο
3136 4031 3229 4100 Μὴ
3303 4030 3586 4104 νομίσητε,
3667 4029 3760 4085 ὅτι

2103 4118 2275 4187 ἦλθον
2335 4117 2636 4175 καταλύσαι
2702 4119 2793 4174 τὸν
2852 4121 3020 4192 νόμον
3079 4118 3113 4188 ἢ
3199 4119 3326 4182 τοὺς
3413 4121 3702 4196 προφήτας
3741 4139 3756 4153 ⁸

2105 4208 2203 4263 οὐκ
2259 4208 2426 4276 ἦλθον
2491 4207 2794 4263 καταλῦσαι
2846 4209 2940 4264 τὸν
3011 4207 3200 4282 νόμον,
3286 4207 3434 4264 ἀλλὰ
3512 4207 3759 4281 πληρῶε-

2101 4315 2228 4365 σαι;
2265 4296 2380 4350 Καὶ·
2415 4298 2610 4368 Ἀμὴν,
2642 4297 2816 4371 ἀμὴν,
2855 4295 3002 4374 λέγω
3046 4298 3195 4371 ὑμῖν,
3247 4298 3308 4353 οὐ
3368 4299 3443 4371 μή
3498 4295 3752 4374 παρέλθῃ

344 4389 462 4460 Ego
494 4401 623 4442 vero
657 4384 800 4440 nihil
821 4387 947 4453 ejus
978 4402 1093 4442 non
1119 4384 1421 4456 impletum
1448 4385 1770 4457 relinquam
1802 4406 1817 4456 ;
1844 4386 1989 4444 nihil

2103 4385 2130 4440 6
2199 4385 2422 4460 οὐρανὸς
2479 4385 2569 4440 καὶ
2629 4388 2664 4455 ἡ
2734 4393 2828 4460 γῆ,
2898 4387 2932 4457 ἢ
3003 4385 3138 4441 ἰῶτα
3191 4385 3244 4441 ’ἐν
3310 4387 3346 4458 ἢ
3409 4385 3507 4460 μία
3535 4385 3755 4460 κεραία,

341 4477 399 4532 in
433 4492 496 4531 ca
526 4493 559 4531 a
593 4472 750 4529 Malo
801 4473 1149 4544 inspiratum
1199 4477 1324 4540 est;
1355 4473 1497 4528 nihil
1546 4474 1756 4530 falsum
1789 4476 1992 4548 depre-

341 4566 666 4622 hendetur:
725 4562 925 4618 omnia
983 4561 1242 4618 veritatis
1300 4563 1472 4632 plena
1525 4567 1681 4620 sunt.
1714 4565 1828 4636 Ego
1859 4583 1991 4624 sum

342 4653 678 4724 praesidium
710 4667 1047 4708 sermonum
1084 4651 1574 4721 propheticorum.
1609 4653 1718 4709 Mei
1749 4655 1903 4711 enim
1937 4660 1994 4714 et

338 4742 530 4798 Patris
559 4739 704 4797 servi
735 4756 801 4796 ac
824 4739 1077 4796 ministri
1103 4740 1396 4813 prophetis
1417 4743 1678 4814 sunt,qui
1711 4747 1768 4800 et
1783 4744 1993 4801 adven-

339 4837 467 4886 tum
526 4846 748 4896 meum,
781 4832 837 4885 et
891 4830 1109 4899 omnia,
1146 4847 1273 4903 quas
1297 4831 1411 4888 huc
1443 4832 1755 4903 pertinent,
1789 4836 1990 4906 praevi-

339 4922 548 4976 derunt
577 4923 633 4974 et
674 4920 1160 4990 prenuntiarunt.
1189 4919 1392 4992 Itaque
1418 4937 1522 4979 nec
1553 4939 1792 4993 parvum
1817 4924 1990 4994 quid-

341 5026 533 5082 quam,
566 5025 671 5065 nec
698 5024 976 5081 magnum
1015 5025 1236 5081 eorum,
1265 5027 1390 5082 quis
1432 5009 1515 5067 illi
1575 5012 1990 5084 praedixerunt,

341 5099 431 5155 vel
483 5116 609 5171 quae
662 5097 754 5154 lex
785 5099 1060 5166 continet,
1097 5100 1438 5170 presterebit,
1465 5102 1616 5172 quod
1651 5119 1764 5158 non
1823 5121 1856 5158 a
1885 5120 1988 5160 ve-

341 5188 511 5244 ritate
529 5188 764 5244 tandem
783 5187 1205 5260 obsignetur.Si
1223 5189 1379 5244 enim
1402 5205 1505 5261 ego
1525 5189 1990 5249 circumcisionis

343 5277 613 5334 minister
641 5294 775 5334 sum
799 5278 869 5332 ad
918 5278 1346 5334 conﬁrmandae
1379 5280 1814 5349 promissiones,
1843 5299 1992 5354 quas

339 5369 511 5424 Pater
553 5367 689 5423 fecit
745 5365 1036 5438 patribus,
1069 5367 1360 5438 quomodo
1388 5367 1476 5424 vel
1507 5368 1627 5424 iota
1657 5386 1857 5441 unum,
1884 5372 1990 5430 hoc

339 5461 452 5526 est,
489 5455 797 5514 minimum
831 5471 1032 5512 eorum
1059 5471 1188 5527 quae
1209 5475 1239 5511 ιι
1258 5455 1382 5528 lege
1413 5456 1500 5514 vel
1521 5459 1818 5531 prophetis
1838 5461 1990 5518 diota

412 5664 461 5703 9°
502 5664 668 5723 Rom.
701 5679 793 5733 xv,
820 5664 873 5719 8.
954 5667 970 5700 ¹
1005 5664 1205 5722 Matth.
1236 5681 1290 5737 v,
1322 5666 1408 5724 17.
1486 5663 1508 5701 ²
1537 5667 1679 5725 ibid.
1716 5669 1800 5725 18.

2098 4470 2202 4536 ἓως
2251 4471 2311 4528 ἂν
2369 4477 2545 4530 ταῦτα
2632 4474 2805 4529 πάντα
2887 4476 3132 4551 γενηται.
3219 4474 3362 4550 Ἐγὼ
3446 4473 3762 4549 πληρωτὴς

2097 4562 2267 4633 ἦλθον
2304 4564 2399 4618 τοῦ
2428 4564 2621 4637 νόμουο
2669 4565 2956 4638 στομάτων
2988 4564 3099 4620 ἐστὶ
3131 4569 3382 4640 πονηρῶν
3439 4565 3502 4618 τὸ
3551 4561 3761 4641 λέγειν,

2095 4652 2195 4728 ἐμὲ
2252 4653 2647 4729 παραγενέσθαι
2694 4653 2824 4719 τόὺς
2893 4653 3187 4727 πατρικοὺς
3264 4650 3571 4729 παραλῦσαι
3658 4653 3761 4709 νό-

2100 4762 2259 4815 μους.
2302 4739 2471 4797 Ούδὲν
2530 4740 2694 4796 αὐτοῦ
2751 4740 3076 4796 ἀτελείωτον
3135 4739 3300 4812 ἐάσω,
3385 4738 3542 4796 οὐδὲν
3628 4739 3754 4797 ἐπι·-

2096 4831 2288 4894 πνοίας
2328 4829 2380 4886 ἐν
2432 4831 2580 4904 αὖτῷ
2639 4834 2903 4904 πονηρᾶς,
2961 4827 3113 4886 οὐδὲν
3178 4831 3254 4895 είς
3313 4828 3510 4906 ψεῦδος
3569 4830 3756 4901 λήξει·

2097 4922 2272 4976 πάντα
2329 4922 2498 4994 μεστά
2552 4928 2651 4990 τῆς
2709 4919 2988 4991 ἀληθείας.
3037 4920 3183 4997 Ἐγὼ
3229 4925 3335 4976 τῶν
3392 4923 3756 4999 προφητικῶν

2097 5014 2291 5087 φωνῶν
2329 5011 2363 5078 ἡ
2427 5005 2738 5083 βεϐαίωσις.
2794 5007 2956 5082 Ἐμοὶ
3011 5012 3112 5084 γαρ
3160 5007 3309 5072 ὄντες
3361 5008 3450 5064 καὶ
3481 5011 3577 5064 τοῦ
3609 5006 3754 5080 ἐμοῦ

2097 5099 2308 5173 Πατρὸς
2341 5097 2606 5172 ὑπηρέται
2633 5095 2724 5152 καὶ
2765 5095 3002 5153 διάκονοι
3046 5099 3148 5168 τήν
3191 5118 3250 5154 τε
3306 5097 3600 5173 παρουσίαν
3647 5097 3755 5167 τὴν

2098 5189 2262 5262 ἐμὴν,
2317 5189 2405 5244 καὶ
2464 5189 2639 5244 πάντα
2692 5189 2759 5243 τὰ
2805 5191 2904 5262 τῇς
2961 5187 3256 5264 παρουσίας
3315 5191 3500 5267 σαφῶς
3557 5192 3754 5261 προεῖ-

2099 5277 2189 5334 δόν
2221 5299 2279 5333 τε
2331 5279 2420 5333 καὶ
2468 5275 2861 5354 προήγγειλαν.
2897 5278 2991 5333 Διὸ
3021 5277 3072 5350 ἐξ
3104 5278 3178 5333 ὧν
3231 5299 3289 5334 τε
3320 5276 3516 5334 ἐκεῖνοι
3547 5282 3754 5353 προεῖ-

2098 5391 2200 5426 πον
2229 5367 2378 5424 καὶὸ
2409 5367 2576 5442 νόμος
2607 5367 2874 5443 περιέχει,
2918 5365 2980 5422 οὐ
3035 5367 3249 5443 μικρὸν,
3311 5367 3374 5424 οὗ
3428 5367 3563 5442 μέγα
3608 5385 3756 5442 παρ-

2102 5458 2405 5529 ελεύσεται,
2438 5456 2469 5515 6'
2493 5458 2570 5533 μὴ
2597 5463 2698 5528 τῆς
2753 5455 3015 5529 ἀληθείας
3060 5460 3139 5531 τῷ
3167 5456 3359 5535 πέρατι
3419 5457 3752 5539 σφραγισθῇ.
