4074 6208
260 365 378 427 137

1333 366 1643 430 CONTRA
1690 367 2175 434 MANICHAEOS
2222 373 2453 436 LIBER
2492 375 2600 438 111.
2646 356 2653 367 '

3554 386 3669 452 138

262 500 452 577 Είγάρ
500 495 619 575 ἐγώ
668 495 921 593 διάκονος
969 506 1275 576 περιτομῆς
1318 500 1396 565 είς
1426 503 1491 559 τὸ
1541 499 1889 578 βεϐαιωθῆνα

2026 511 2185 578 sunt,
2237 509 2473 567 omnino
2532 511 2827 584 praeterire
2882 517 2984 570 aut
3040 529 3156 572 non
3214 516 3445 590 impleri
3502 526 3669 593 pote-

258 590 353 651 τὰς
398 586 760 666 ἐπαγγελίας,
799 585 861 651 ἃς
910 589 940 644 6
985 590 1175 665 Πατήρ
1222 590 1428 647 διέθετο
1488 597 1605 656 τοῖς
1650 596 1914 669 πατράσι,

2024 596 2099 651 rit
2120 595 2147 652 ἲ

259 684 375 741 πῶς
420 677 558 734 ἰῶτα
583 675 666 749 ἓν,
714 677 962 774 τουτέστι
991 679 1054 735 τὸ
1113 676 1411 755 ἐλάχιστον
1437 685 1547 738 τῶν
1596 679 1648 738 ἐν
1681 687 1759 756 τῷ
1787 683 1945 758 νόμῳ
1992 683 2083 739 καὶ
2128 690 2249 748 τοῖς
2296 688 2603 767 προφήταις
2653 688 2944 763 ῥηθέντων,
2988 687 3189 749 δύναιτ’
3238 692 3300 749 ἃν
3348 693 3497 762 ὅλως
3531 717 3672 774 παρ-

264 767 436 823 ελθεῖν
462 765 502 837 ἢ
536 767 618 840 μή
650 763 924 842 γενέσθαι.

333 860 414 928 H',
445 856 608 916 Ἀλλ’
656 859 740 938 ἐφ’
792 856 979 934 ἕτερόν
1042 881 1135 933 μοι
1190 863 1292 932 τὴν
1350 860 1579 938 θεωρίαν
1631 884 1914 939 συμμετα-

261 949 413 1016 κίνει,
454 948 507 1004 εἱ
552 945 723 1025 λόγια
779 953 914 1006 Θεοῦ
970 950 1036 1005 τὰ
1081 947 1134 1006 ἒν
1186 954 1268 1023 τῷ
1300 949 1476 1025 νόμῳ.
1523 950 1675 1029 Λέγει
1732 953 1833 1029 γάρ
1882 956 1912 1010 6

260 1037 523 1098 Παῦλος⁶
578 1036 670 1100 Τίς
837 1037 1076 1118 ὠφέλεια
1148 1046 1250 1110 τῆς
1326 1048 1672 1115 περιτομῆς;
1726 1042 1909 1097 Εἶτα·

257 1125 446 1196 Πολλὴ
503 1128 644 1184 κατὰ
700 1126 875 1183 πάντα
929 1129 1157 1204 τρόπον.
1228 1134 1454 1204 Πρῶτον
1518 1130 1616 1198 μὲν
1676 1129 1778 1207 γὰρ
1823 1130 1909 1187 ὅτι

255 1214 647 1286 ἐπιστεύθησαν
730 1217 801 1272 τὰ
889 1215 1052 1294 λόγια
1129 1221 1229 1272 τοῦ
1314 1222 1471 1275 Θεοῦ.
1542 1218 1602 1275 Τί
1685 1220 1787 1297 γὰρ
1860 1219 1911 1275 εἴ

253 1302 567 1373 ἠπίστησάν
625 1324 790 1373 τινες,
846 1305 922 1378 μή
983 1306 1019 1375 ἡ
1092 1303 1317 1362 ἀπιστία
1381 1306 1559 1362 αὐτῶν
1644 1309 1745 1378 τήν
1814 1307 1908 1363 πί-

253 1413 362 1448 στιν
418 1397 527 1448 τοῦ
581 1397 719 1449 Θεοῦ
774 1399 1076 1472 καταργεῖ;
1132 1395 1222 1464 Μὴ
1280 1393 1511 1472 γένοιτο.
1575 1397 1810 1452 Γενέσθω
1850 1394 1909 1453 δὲ

2094 867 2241 924 VIII.
2275 873 2346 925 At
2375 874 2644 929 converte
2683 889 2839 929 nunc
2870 889 3101 930 mecum
3141 880 3399 935 mentem
3430 881 3499 935 ad
3533 880 3669 948 alia,

2022 962 2081 1011 ut
2111 962 2385 1029 appareat
2414 959 2648 1017 oracula
2675 960 2822 1034 legis
2854 962 3051 1019 divina
3088 979 3238 1022 esse.
3274 966 3486 1024 Paulus
3512 969 3668 1027 enim

2018 1045 2130 1100 ait:
2163 1067 2191 1097 «
2235 1047 2495 1115 Quanam
2543 1058 2622 1105 est
2640 1054 3008 1123 przrogaliva
3054 1054 3508 1114 circumcisomm
3536 1057 3607 1111 3?
3635 1077 3665 1109 ››

2018 1132 2088 1189 Et
2150 1140 2405 1204 postea:
2463 1137 2655 1209 Magna
2713 1155 2814 1210 per
2878 1156 3092 1198 omnem
3156 1143 3394 1200 modum.
3463 1146 3666 1203 Prima

2017 1222 2255 1294 quidem,
2301 1225 2441 1296 quod
2482 1228 2617 1298 ipsis
2659 1228 2862 1285 credita
2910 1235 3037 1286 sunt
3080 1233 3307 1289 oracula
3354 1235 3474 1291 Dei.
3503 1235 3665 1291 Nun-

2016 1311 2149 1381 quid
2175 1313 2344 1378 enim,
2368 1312 2501 1384 quia
2520 1314 2747 1386 quidam
2772 1332 2881 1374 non
2902 1318 3275 1389 crediderunt,
3297 1321 3663 1379 incredulitas

2014 1416 2203 1457 eorum
2231 1402 2389 1471 ﬁdem
2423 1405 2516 1460 Dei
2555 1405 2750 1461 tollit?
2779 1406 2974 1464 Absit!
3002 1408 3141 1465 Deus
3187 1426 3312 1466 vero
3350 1413 3419 1466 sit
3464 1428 3661 1484 verax,

253 1482 280 1537 6
329 1483 466 1544 Θεὸς
526 1481 765 1554 ἀληθὴς,
832 1487 936 1546 πᾶς
1009 1480 1067 1538 δὲ
1140 1481 1422 1560 ἄνθρωπος
1477 1485 1737 1560 ψεύστης.
1806 1487 1893 1543 Kal

2013 1491 2191 1545 omnis
2221 1500 2403 1548 autem
2435 1493 2592 1551 homo
2623 1494 2863 1551 mendax
2888 1495 2931 1551 4.
2965 1497 3161 1569 Neque
3192 1500 3415 1570 patitur
3441 1499 3562 1572 ille,
3596 1480 3663 1559 ut

251 1571 352 1627 οὐκ
384 1571 651 1651 ἀνέχεται
683 1573 779 1646 μὲν
812 1574 905 1643 τὴν
938 1572 1116 1629 πίστιν
1147 1579 1246 1630 τοῦ
1288 1579 1421 1631 Θεοῦ
1449 1578 1893 1653 καταργηθῆναι·

2015 1576 2159 1635 fides
2189 1579 2290 1637 Dei
2324 1581 2643 1651 abolentur,
2677 1585 2778 1641 sed
2812 1584 2937 1642 vult
2970 1562 3163 1659 potius
3192 1562 3491 1647 bominem
3535 1562 3661 1647 6m-

248 1659 423 1716 πάντα
456 1657 518 1717 δὲ
561 1657 849 1737 ἄνθρωπον
892 1661 1125 1736 ψεύστην
1159 1663 1391 1737 αἱρεῖται
1431 1663 1786 1739 ἐλεγχθῆναι,
1818 1663 1906 1720 ἵνα

250 1749 280 1803 6
310 1750 468 1820 Θεὸς,
503 1751 532 1805 6
562 1752 663 1820 τήν
692 1752 999 1825 περιτομὴν
1031 1748 1183 1824 δοὺς,
1212 1750 1632 1829 ἐπιγινώσκοιτο
1662 1752 1900 1826 ἀληθής.

256 1836 323 1892 Εἴ
368 1839 465 1893 οὖν
507 1838 602 1893 καὶ
656 1836 826 1915 λόγια
879 1844 1012 1895 Θεοῦ
1053 1838 1209 1911 εἰσιν,
1257 1839 1290 1895 ἃ
1334 1840 1620 1913 ἐπιστεύθη
1656 1843 1902 1918 Ἰσραὴλ,

255 1928 353 1983 καὶ
382 1930 423 1999 ἡ
450 1928 663 1986 ἀπιστία
708 1929 887 1986 αὐτῶν
917 1931 1017 2000 τήν
1065 1934 1162 1987 τοῦ
1189 1936 1323 1987 Θεοῦ
1370 1932 1546 1989 πίστιν
1594 1933 1656 1990 ού
1694 1954 1903 2008 καταρ-

257 2023 376 2093 γεῖ,
398 2019 492 2073 καὶ
529 2016 607 2074 δεῖ
643 2016 863 2095 μᾶλλον
897 2019 1129 2095 ψεύστας
1176 2021 1417 2095 νομίζειν
1458 2024 1585 2086 τοὺς
1623 2023 1906 2079 ἀπιστοῦν-

248 2127 353 2169 τας
409 2111 545 2179 Θεῷ,
612 2107 1089 2180 παναληθέστατον
1154 2106 1214 2165 δὲ
1277 2111 1371 2164 τὸν
1450 2106 1725 2166 δεδωκότα
1774 2112 1902 2173 τοὺς

246 2192 461 2269 νόμους
509 2201 590 2270 τῷ
619 2196 843 2273 Ἰσραήλ
890 2202 1009 2262 πῶς
1040 2197 1170 2275 οὐχὶ
1216 2203 1315 2255 τοῦ
1372 2200 1577 2275 ἀγαθοῦ
1617 2204 1752 2256 Θεοῦ
1790 2199 1903 2256 ἐστι

244 2285 550 2360 νομοθεσία
579 2289 615 2358 ἡ
665 2286 921 2360 Παλαιάς
969 2289 1059 2359 Mi;
1091 2287 1195 2364 γὰρ
1232 2289 1326 2344 τὸν
1380 2290 1652 2364 Πονηρὸν,
1698 2289 1760 2353 ’ὸς
1810 2289 1905 2346 ἀπ’

242 2378 428 2453 ἀρχῆς
462 2378 704 2452 ψεύστης
754 2377 892 2451 ἐστὶ,
922 2378 1011 2435 καὶ
1051 2376 1104 2434 ἐν
1147 2384 1219 2454 τῇ
1266 2378 1502 2453 ἀληθείᾳ
1550 2380 1659 2460 οὐχ
1685 2379 1902 2452 ἕστηκε,

240 2473 439 2525 τοῦτον
491 2470 590 2543 μὲν
642 2468 900 2541 ἀληθείας
951 2468 1099 2547 λέγει
1160 2472 1188 2526 6
1239 2470 1455 2534 Παῦλος
1504 2476 1710 2550 πηγήν.
1758 2479 1902 2551 Προ-

238 2558 415 2634 κρίνει
449 2557 511 2614 δὲ
553 2558 761 2623 πάντας
807 2557 1122 2637 ἀνθρώπους
1154 2560 1230 2624 είς
1280 2557 1476 2636 ψεῦδος
1516 2561 1900 2638 ἀπενεχθῆναι,

232 2644 332 2703 ἵνα
360 2648 391 2703 6
420 2650 524 2704 τοῦ
569 2645 805 2723 ψεύδους
852 2647 1192 2725 ἀρχιτέκτων
1241 2650 1331 2705 καὶ
1381 2647 1721 2728 δημιουργὸς
1761 2651 1903 2725 ἀλη-

239 2737 391 2800 θείας
436 2738 729 2817 κηρυχθῇ.
783 2736 884 2794 Καὶ
932 2737 978 2793 εί
1024 2740 1060 2808 ἠ
1111 2736 1428 2811 δικαιοσύνη
1481 2744 1579 2794 τοῦ
1623 2746 1758 2796 Θεοῦ
1806 2762 1903 2798 πε-

2016 1683 2149 1724 nem
2201 1671 2490 1729 mendacii
2535 1672 2822 1741 convinci,
2864 1679 2930 1731 ut
2978 1680 3146 1748 Deus,
3197 1677 3662 1736 circumcisionis

2015 1762 2236 1829 auctor,
2263 1775 2435 1816 verax
2456 1766 2860 1834 cognoscatur.
2894 1766 3056 1830 Quod
3098 1767 3148 1821 si
3186 1765 3366 1838 igitur
3396 1770 3493 1825 Dei
3524 1772 3665 1827 sunt

2013 1847 2267 1913 oracula,
2300 1866 2424 1919 quae
2473 1852 2693 1908 credita
2740 1858 2881 1910 sunt
2920 1853 3142 1923 Israeli,
3184 1859 3242 1911 et
3285 1857 3662 1915 incredulitas

2013 1950 2212 1992 eorum
2244 1936 2345 1993 Dei
2398 1938 2569 1995 [idem
2623 1956 2739 1997 non
2770 1941 2939 2010 tollit,
2971 1948 3326 2017 praestatque
3368 1945 3660 2015 homines,

2014 2024 2129 2078 Deo
2162 2040 2277 2081 non
2309 2027 2631 2096 credentes,
2657 2045 2760 2099 pro
2792 2030 3198 2102 mendacibus,
3221 2048 3356 2090 eum
3381 2051 3537 2103 vero,
3558 2035 3661 2108 qui

2013 2111 2196 2182 legem
2256 2115 2452 2170 Israeli
2513 2116 2758 2184 dederit,
2815 2134 2919 2188 pro
2974 2119 3353 2178 veracissimo
3404 2123 3655 2192 habere;

2016 2217 2209 2257 nonne
2237 2200 2377 2258 hinc
2407 2202 2581 2259 etiam
2606 2202 2697 2259 lex
2724 2209 2891 2261 vetus
2913 2207 2985 2262 ad
3010 2206 3227 2264 bonum
3254 2209 3436 2264 Deum
3461 2210 3657 2267 referri

2012 2291 2297 2348 debebit?
2319 2292 2515 2365 Neque
2545 2293 2702 2350 enim
2732 2295 2952 2352 Paulus
2983 2297 3233 2369 malum,
3266 2298 3368 2370 qui
3393 2298 3465 2354 ab
3486 2298 3654 2356 initio

2015 2382 2266 2438 mendax
2313 2382 2444 2450 fuit,
2476 2386 2535 2439 et
2581 2383 2640 2439 in
2682 2383 2920 2441 veritate
2959 2402 3073 2443 non
3125 2386 3401 2460 perstitit,
3432 2387 3654 2445 fontem

2013 2470 2270 2527 veritatis
2301 2471 2570 2544 appellat.
2602 2474 2726 2529 Imo
2756 2489 2890 2531 vero
2920 2476 3106 2532 satius
3140 2476 3363 2547 judicat
3396 2477 3654 2535 homines

2013 2573 2218 2615 omnes
2249 2559 2535 2615 mendacii
2569 2559 2922 2628 insimulari,
2955 2569 3017 2619 ut
3047 2566 3106 2619 et
3148 2563 3439 2621 mendacii
3468 2564 3649 2636 faber,

2011 2650 2068 2705 et
2097 2648 2356 2705 veritatis
2378 2653 2580 2707 auctor
2601 2650 2833 2722 publice
2855 2653 3241 2710 renuntietur.
3264 2654 3335 2710 Et
3355 2654 3404 2711 si
3421 2654 3655 2726 justitia

2015 2738 2111 2793 Dei
2145 2738 2516 2795 manifestata
2544 2746 2651 2809 est,
2684 2757 2718 2796 a
2746 2739 2874 2813 lege
2902 2742 3033 2814 ipsa
3060 2746 3119 2798 et
3149 2744 3450 2817 prophetis
3483 2744 3653 2802 testi-

235 2827 576 2904 φανὲρωται,
638 2824 1059 2902 μαρτυρουμένη
1105 2827 1210 2883 ὑπὸ
1265 2832 1362 2884 τοῦ
1417 2829 1592 2901 νόμου
1644 2831 1732 2885 καὶ
1790 2835 1893 2888 τῶν

2012 2826 2275 2882 monium
2311 2827 2623 2900 accipiens,
2658 2830 2951 2902 quomodo
2993 2848 3110 2889 non
3143 2832 3230 2888 lex
3270 2837 3328 2889 et
3356 2835 3652 2906 prophetas

230 2878 576 2992 ;poq;r,ti§w:
600 2878 740 2981 πῖλῦςΓ
768 2878 897 2992 οὖΓχὶ
928 2878 966 2971 6
1000 2915 1169 2990 νόμος
1195 2916 1286 2972 καὶ
1336 2918 1387 2973 οἳ
1428 2878 1729 2994 προφῆται,
1769 2919 1893 2997 οὗχῖ

2014 2878 2275 2882 hum-“
2313 2878 2623 2900 _---,--_-,
2706 2878 2948 2886 ---ηπ
2994 2878 3110 2889 ην..
3144 2878 3230 2888 η..
3271 2878 3328 2889 ν-
3398 2878 3460 2889 ,υ
3509 2878 3651 2890 ...ην

2012 2929 2080 2970 ex
2109 2914 2247 2971 boni
2292 2915 2393 2972 Dei
2434 2878 2819 2989 inspiratione
2848 2920 3091 2990 profecti
3138 2924 3196 2976 et
3225 2878 3651 2995 verittaterpleni

228 3011 343 3075 τῆς
378 3003 445 3059 ἐκ
481 3007 583 3060 τοῦ
628 3004 840 3079 ἀγαθοῦ
884 3008 1017 3061 Θεοῦ
1055 3003 1337 3068 ἐπιπνοίας
1365 3007 1457 3062 καὶ
1504 3006 1764 3079 ἀληθείας
1802 3030 1893 3065 πε-

2007 3004 2540 3063 existimabantur?
2570 3007 2680 3063 Sed
2718 3008 2846 3064 vide
2897 3009 3153 3082 amplius
3202 3010 3555 3068 horrendam
3592 3016 3653 3069 et

229 3094 614 3168 πληρωμένοι
643 3093 966 3168 νομίζοιντο
996 3093 1058 3151 ἄν
1085 3116 1101 3167 ;
1132 3092 1289 3151 Ἀλλ’
1321 3094 1423 3170 δρα
1445 3096 1509 3151 τὸ
1539 3098 1761 3173 φρικτὸν
1793 3105 1893 3168 τῆς

2007 3093 2455 3151 abominandam
2504 3095 2763 3153 hostium
2818 3096 2913 3153 Dei
2964 3098 3351 3170 impietatem.
3386 3099 3447 3156 Si
3496 3104 3649 3158 Deus

226 3181 551 3258 θεομαχίας
582 3180 671 3237 ἆπὶ
721 3180 888 3239 πλέον
916 3184 1005 3239 καὶ
1050 3183 1437 3240 κατάπτυστον.
1474 3182 1538 3241 Ei
1581 3186 1609 3240 6
1639 3186 1768 3251 Θεὸς
1806 3184 1893 3242 διὰ

2006 3199 2104 3256 per
2146 3186 2493 3257 sanguinem
2526 3201 2698 3242 suum
2729 3186 3017 3242 mundum
3065 3203 3100 3243 a
3128 3187 3407 3243 servitute
3456 3187 3646 3243 hostis

218 3275 332 3328 τοῦ
360 3270 609 3345 αἵματος
656 3270 822 3328 αὑτοῦ
878 3270 1222 3349 ἐλυτρώσατο
1273 3274 1368 3328 τὸν
1424 3272 1630 3347 κόσμον
1688 3275 1748 3331 ἐκ
1792 3282 1893 3347 τῆς

2006 3273 2268 3340 redemit,
2291 3274 2529 3346 sanguis
2551 3290 2687 3331 vero
2708 3278 2765 3331 et
2786 3291 2919 3332 caro
2940 3276 3064 3347 (sed
3098 3276 3337 3333 horrore
3365 3291 3434 3332 ex
3463 3276 3647 3334 ratio-

220 3358 497 3424 δουλείας
528 3364 627 3416 τοῦ
664 3361 923 3438 Ἐχθροῦ,
960 3361 1026 3417 τὸ
1073 3359 1132 3418 δὲ
1169 3365 1313 3436 αἷμα
1363 3363 1453 3419 καὶ
1483 3365 1519 3433 ἡ
1554 3363 1681 3439 σὰρξ
1720 3362 1890 3438 (ἀλλὰ

220 3450 479 3527 φρίττων
525 3451 619 3506 καὶ
656 3451 783 3513 τοὺς
840 3447 1143 3526 λογισμοὺς
1188 3451 1280 3507 καὶ
1328 3453 1428 3523 τὴν
1474 3451 1729 3528 γλῶσσαν
1771 3458 1888 3516 τοῖς

218 3541 545 3616 θεομάχοις
594 3538 774 3616 λέγειν
828 3539 1034 3617 ἀφίημι
1078 3541 1141 3596 τὸ
1193 3540 1443 3615 ἑαυτῶν),
1492 3545 1612 3605 πῶς
1660 3539 1750 3597 διὰ
1777 3563 1889 3599 τοι·

218 3630 402 3686 οὗτου
434 3628 760 3701 πλάσματος
790 3627 852 3684 τὸ
882 3626 1034 3705 γένος
1065 3631 1228 3704 ἡμῶν
1255 3631 1491 3704 ἣρπασεν
1523 3628 1583 3685 ἐκ
1606 3637 1708 3702 τῆς
1759 3628 1884 3687 δου-

216 3718 384 3782 λείας
423 3723 526 3776 τοῦ
565 3719 839 3794 Ἐχθροῦς
876 3716 1102 3789 Πολλῆς
1137 3718 1230 3793 μὶν
1260 3720 1365 3796 γὰρ
1398 3719 1458 3775 ἂν
1501 3720 1614 3794 ἅμα
1658 3721 1888 3796 χάριτος

216 3810 323 3865 καὶ
364 3806 532 3881 δόξης
589 3808 683 3864 καὶ
739 3812 909 3883 τιμῆς
964 3807 1109 3881 ἄξιος
1168 3808 1235 3878 ἧν
1296 3810 1323 3863 6
1372 3808 1567 3883 ἐχθρὸς
1614 3813 1796 3882 ἡμῶν,
1837 3807 1884 3864 εί

218 3899 508 3973 παρέσχεν
538 3895 680 3968 ὕλην
726 3895 909 3967 αὐτὸς,
958 3893 1027 3952 δι’
1065 3900 1132 3967 ἧς
1180 3895 1242 3953 ἃν
1287 3897 1737 3974 ἀπαλλαγείημεν
1784 3903 1885 3966 τῆς

216 3984 554 4063 τυραννίδος
582 3984 768 4045 αὐτοῦ.
806 3985 1032 4056 Πολλῆς
1065 3984 1122 4042 δὲ
1152 3986 1334 4050 ἀνοίας
1376 3988 1490 4060 ἅμα
1520 3986 1611 4042 καὶ
1640 3985 1883 4062 γέλωτος

216 4074 455 4156 ἔνοχος,
487 4075 539 4132 εί
567 4074 830 4132 πλάττειν
861 4073 1097 4151 ἐπήρθη,
1132 4072 1203 4133 δι’
1232 4076 1307 4130 ὧν
1347 4074 1700 4154 ἀφῃρημένος
1733 4073 1881 4131 ἔσται

216 4168 291 4222 τὸ
317 4162 552 4241 κράτος,
578 4164 669 4219 καὶ
719 4168 827 4220 τῶν
864 4166 1135 4237 σωμάτων
1183 4167 1345 4238 ἡμῶν
1378 4164 1468 4220 ιιαὶ
1513 4167 1621 4219 τῶν
1660 4166 1879 4240 ψυχῶν.
1914 4189 1960 4252 D

215 4254 287 4311 Τί
316 4252 377 4310 δὲ
408 4253 556 4310 ἄλλο
585 4251 775 4331 φύεται
805 4259 906 4323 τῆς
944 4251 1311 4323 ἀποστασίαςς
1344 4249 1508 4308 Οὐδὲν
1542 4251 1703 4329 μέγα,
1755 4249 1881 4308 οὐδὲ

215 4346 289 4403 τὸ
328 4343 466 4399 ὅλον
499 4343 834 4417 κατόρθωμα
861 4348 963 4412 τῆς
996 4340 1269 4417 σωτηρίας
1299 4344 1461 4416 ἡμῶν
1503 4340 1714 4399 οἷ’κοθεν
1746 4363 1878 4398 κατ-

218 4434 489 4508 ώρθωσεν
532 4432 561 4487 6
621 4432 843 4505 Σωτὴρ,
885 4429 1031 4487 ἀλλά
1065 4431 1129 4487 τὸ
1185 4430 1351 4488 πλέον
1407 4428 1536 4496 δοὺς
1593 4429 1741 4508 ἔχειν
1799 4432 1877 4505 τῷ

216 4524 474 4599 Ἐχθρῷ.
498 4521 567 4576 Ὠ
596 4521 787 4596 φρενὸς
819 4518 1142 4599 ὑποχειρίου
1164 4518 1245 4595 τῷ
1266 4522 1379 4596 (32)
1410 4526 1620 4592 Σατανᾷ
1645 4525 1656 4579 !
1684 4516 1879 4577 Λαϐὼν

218 4610 285 4669 δῖ
321 4613 457 4688 παρ’
494 4611 670 4667 αὐτοῦ
699 4612 763 4666 οὗ
800 4611 875 4684 μὴ
907 4609 1158 4683 πλάστης
1189 4611 1256 4681 ἦν
1283 4610 1467 4683 αὐτὸς,
1498 4610 1627 4668 αὐτό
1657 4632 1716 4667 τε
1761 4632 1874 4668 πα-

216 4702 329 4759 θὼν
393 4703 517 4776 (33)
567 4697 900 4768 ἀπαλλάτει,
954 4699 1085 4777 ὅπερ
1154 4699 1255 4757 οὐκ
1310 4700 1481 4778 ἰχρῆν
1539 4699 1718 4778 (ἔργον
1772 4701 1874 4777 γὰρ

214 4793 349 4849 αὐτὸ
389 4795 545 4848 ποιεῖ
572 4792 611 4860 η
642 4789 944 4847 ἀποστασία
977 4794 1076 4847 τοῦ
1107 4795 1405 4868 Πονηροῦ),
1436 4791 1527 4847 καὶ
1558 4789 1636 4853 εἷς
1669 4789 1877 4867 ἀφθαρ-

216 4882 335 4937 σίαν
389 4883 712 4955 μεταποιεῖν
755 4877 849 4935 καὶ
893 4879 956 4934 τὸ
1001 4880 1166 4935 κακὸν
1218 4877 1391 4954 μένειν
1447 4878 1704 4935 ἀθάνατον
1757 4875 1873 4933 δια.

216 4968 547 5045 πράττεται.

285 5060 363 5116 Θ“.
398 5056 514 5116 Καὶ
554 5060 677 5117 πῶς
722 5054 783 5111 ἂν
822 5053 911 5131 εἴη
952 5060 1051 5131 τοῦ
1108 5057 1294 5131 γένους
1349 5059 1511 5132 ἡμῶν
1568 5055 1792 5133 ἐχθρὸς,
1842 5057 1871 5112 6

215 5147 491 5217 τοσαύτην
523 5140 876 5225 συνεισφοράν
905 5143 986 5209 εἷς
1026 5145 1128 5215 τήν
1168 5145 1355 5216 κοινήν
1401 5144 1564 5221 ῄμῶν
1593 5144 1871 5221 σωτηρίαν

220 5233 309 5293 διά
332 5240 437 5293 τοῦ
466 5232 677 5291 οἷκείου
871 5229 1365 5312 δημιουργήματος
1411 5236 1829 5311 συνεισενεγκὼν
1853 5251 1868 5305 ;

292 5344 316 5380 ⁸
348 5343 524 5401 Rom.
554 5358 647 5412 ιιι,
674 5341 725 5398 1.
799 5340 823 5377 ⁸
851 5341 996 5399 ibid.
1023 5341 1146 5400 2-5.

1996 3362 2168 3420 ciniis
2198 3367 2253 3420 ct
2283 3364 2519 3420 vocibus
2563 3364 2665 3420 Dei
2716 3364 2972 3421 hostium
3019 3369 3322 3438 correptus
3352 3383 3457 3422 sua
3502 3366 3647 3437 ipsis

1996 3452 2340 3523 proferenda
2370 3450 2662 3523 relinquo)
2691 3453 2985 3524 quomodo
3025 3453 3307 3509 beneﬁcio
3348 3453 3642 3524 ejusmodi

1994 3546 2269 3598 creaturis
2299 3557 2485 3615 genus
2516 3544 2780 3598 nostrum
2813 3558 2879 3599 ex
2910 3542 3186 3600 servitute
3225 3542 3412 3600 hostis
3442 3547 3639 3600 retra-

1994 3630 2076 3686 xit
2097 3630 2125 3686 i?
2156 3629 2258 3688 Ille
2291 3630 2446 3687 enim
2493 3631 2861 3688 adversarius
2910 3638 3108 3689 noster
3155 3632 3339 3689 multa
3367 3637 3422 3690 et
3453 3634 3640 3705 gratia

1992 3724 2050 3776 et
2076 3720 2259 3792 gloria
2286 3723 2343 3775 et
2372 3720 2591 3777 honore
2623 3721 2837 3793 dignus
2864 3727 3009 3793 erat,
3041 3722 3331 3795 siquidem
3356 3722 3484 3796 ipse
3512 3739 3635 3779 ma-

1991 3810 2201 3865 teriam
2233 3809 2644 3881 suggessisset,
2679 3826 2784 3880 per
2811 3828 2982 3881 quam
3019 3829 3051 3867 a
3074 3812 3380 3882 tyrannide
3406 3813 3535 3885 ejus
3566 3813 3636 3868 li-

1989 3897 2111 3954 beri
2162 3898 2561 3954 evaderemus.
2602 3898 2873 3954 Vicissim
2922 3900 3079 3955 idem
3127 3908 3180 3956 et
3224 3901 3635 3972 imprudentiae

1989 3987 2202 4058 probro
2259 3993 2313 4041 et
2369 3986 2512 4041 risui
2565 3985 2751 4041 multo
2810 4003 2873 4042 se
2929 3994 3259 4059 exponeret,
3300 3988 3347 4045 si
3391 4005 3459 4045 ea
3507 3988 3634 4060 ipse

1989 4075 2275 4142 ﬁnxisset,
2309 4091 2411 4146 per
2440 4091 2568 4145 quas
2617 4077 2902 4146 potestate
2932 4075 2993 4130 in
3043 4091 3280 4147 corpora
3309 4080 3367 4131 et
3407 4078 3635 4133 animas

1991 4169 2219 4221 nostras
2267 4162 2571 4220 excideret.
2622 4162 2769 4227 Quid
2818 4178 2952 4220 vero
2996 4162 3153 4220 aliud
3183 4180 3252 4220 ex
3290 4163 3399 4221 boo
3437 4180 3634 4222 errore

1991 4253 2414 4326 consequitur?
2443 4252 2504 4309 Id
2549 4252 2810 4321 omnino,
2851 4254 3008 4325 quod
3057 4253 3329 4311 Servator
3372 4269 3479 4312 nec
3517 4270 3612 4311 ma

1991 4360 2169 4418 gnam
2204 4360 2307 4401 nec
2334 4359 2567 4401 omnem
2608 4346 2831 4415 partem
2863 4346 3142 4416 reparatas
3182 4342 3391 4401 salutis
3421 4348 3633 4401 nostra

1993 4434 2063 4490 de
2092 4449 2196 4490 suo
2230 4432 2489 4505 perfecit,
2522 4431 2624 4489 sed
2656 4431 2755 4497 ita,
2789 4436 2853 4488 ut
2885 4433 3198 4490 maximam
3232 4438 3454 4505 partem
3476 4433 3634 4491 hosti

1990 4523 2219 4580 debeat.
2252 4523 2296 4580 Ο
2328 4526 2557 4580 mentes
2587 4523 2817 4579 Satanm
2846 4522 3163 4581 obnoxias!
3200 4523 3499 4581 Mutuatus
3518 4524 3631 4580 sci-

1990 4612 2121 4671 licet
2149 4615 2221 4671 ab
2250 4630 2318 4670 eo
2358 4614 2438 4682 id,
2470 4613 2642 4684 cujus
2676 4629 2792 4670 non
2822 4618 2945 4671 erat
2983 4613 3108 4684 ipse
3153 4615 3440 4682 conditor,
3472 4615 3627 4671 idem

1992 4701 2364 4774 perpessione
2402 4718 2527 4769 sua,
2587 4702 2743 4772 quod
2800 4707 2955 4759 certe
3010 4702 3136 4757 ﬁeri
3194 4719 3310 4759 non
3359 4702 3625 4772 debebat,

1991 4790 2229 4848 redimit
2251 4791 2409 4863 (nam
2431 4790 2657 4847 erronei
2675 4789 2943 4847 homines
2963 4791 3020 4846 id
3046 4789 3185 4847 mali
3207 4797 3415 4850 vocant
3433 4795 3624 4867 opus),

1988 4884 2048 4937 et
2074 4879 2150 4936 ad
2185 4878 2686 4936 immortalitatem
2725 4879 3021 4950 transfert,
3052 4883 3111 4937 et
3148 4884 3211 4936 ut
3240 4881 3464 4939 malum
3492 4899 3628 4955 per-

1988 4972 2232 5042 petuum
2262 4968 2361 5038 sit,
2392 4967 2590 5025 efﬁcit.

2058 5056 2152 5114 1X.
2189 5057 2254 5115 Et
2282 5055 2577 5130 quomodo
2614 5055 2846 5130 generis
2884 5057 3070 5115 nostri
3102 5057 3290 5116 hostis
3324 5059 3627 5120 habendus

1987 5144 2121 5217 erit,
2151 5146 2252 5218 qui
2285 5162 2387 5218 per
2414 5160 2584 5204 suam
2616 5149 2942 5203 creaturam
2972 5146 3032 5203 in
3064 5162 3437 5206 communem
3467 5148 3628 5207 salu-

1990 5243 2104 5293 tem
2137 5238 2398 5293 nostram
2426 5239 2548 5292 tam
2599 5233 2851 5292 multum
2899 5235 3194 5294 contulit?
3237 5239 3538 5305 Quomodo
3568 5239 3629 5296 in

1398 5441 1635 5499 VARle
1674 5440 2068 5499 LECTIONES
2107 5441 2200 5499 ET
2237 5440 2467 5498 NOTIE.

316 5566 406 5641 3'2)
433 5570 543 5641 Τῷ,
579 5566 674 5641 Sic
704 5566 977 5641 rescripsi
1012 5582 1116 5641 pro
1142 5569 1275 5641 tot»,
1295 5569 1451 5641 quod
1482 5572 1567 5624 est
1597 5569 1655 5624 in
1690 5585 1795 5625 ms.

317 5638 407 5721 ἓξ)
436 5638 655 5721 [laedit
687 5638 1109 5721 Italim‘legere
1137 5638 1331 5721 παθᾴνζ
1367 5648 1424 5697 ut
1456 5641 1738 5698 referatur
1764 5641 1835 5698 ad
1866 5654 2079 5713 corpus
2101 5641 2256 5713 quod
2287 5639 2556 5699 Christus
2587 5643 2937 5717 assumpsit,
2958 5645 3233 5718 quodque
3263 5663 3505 5721 passum
3526 5650 3631 5705 est.

433 5709 679 5767 Οἰκείου.
713 5708 822 5767 Ms.
856 5708 1135 5768 men—dose
1165 5709 1367 5767 οίκίου.

550 5813 821 5875 Panos.
866 5814 980 5873 Gn.
1027 5812 1151 5873 CII.
1246 5885 1251 5893 ν

3278 5820 3316 5879 5
