4074 6208
261 377 376 437 141
1349 377 1658 438 CONTRA
1705 379 2168 442 MANICHlEOs
2216 381 2441 443 LIBER
2485 385 2592 445 III.
3555 399 3672 459 142

258 506 545 581 ἄνθρωπον
577 511 752 564 ταῦτα
802 507 1004 578 λαλῶ;
1055 507 1090 578 ἢ
1133 507 1266 584 οὐχὶ
1322 510 1410 564 καὶ
1459 509 1486 564 6
1535 509 1706 584 νόμος
1743 515 1877 566 ταῦτ

1992 573 1997 582 _
2025 517 2323 572 secundum.
2353 518 2628 575 hominem
2655 521 2774 578 haec
2803 521 2992 593 loquor
3011 523 3038 578 (τ
3074 525 3154 580 vel
3181 540 3366 584 nonne
3389 530 3573 600 potius
3619 537 3673 589 et

257 596 444 674 λέγει;
476 601 544 654 Ὃ
572 596 702 654 ’ἶσον
743 595 883 655 ἐστι.
930 600 1020 668 Μὴ
1073 597 1366 673 λογισμοῖς
1409 599 1696 674 ἆνθρώπον
1743 601 1882 679 ἀσφα

2025 603 2114 659 tere
2171 606 2277 662 ista
2321 610 2533 678 profert
2563 608 2630 662 τίδ’
2677 611 2839 673 Quod
2886 610 3038 667 idem
3081 616 3171 669 est
3213 631 3277 670 ac
3320 595 3669 676 sbdiceret:

257 685 484 761 λέξομεν
517 689 582 744 τὸ
629 687 814 764 ῥηθὲν,
867 687 902 757 ἤ
951 687 1080 762 οὐχὶ
1127 687 1218 743 καὶ
1275 689 1424 751 θείας
1474 686 1586 743 ἐστὶ
1635 689 1723 744 καὶ
1780 690 1879 744 ὑπὲ

2023 692 2175 748 Num
2207 695 2527 752 ratiociniis
2557 697 2862 754 hominum
2895 699 3053 756 dicta
3094 703 3535 774 conﬁrmamus,
3569 725 3674 766 nec

261 779 544 854 ἄνθρωπον
605 778 932 852 νομοθεσίας
1014 778 1076 832 τὸ
1147 777 1611 850 προτεινόμενονς
1673 779 1773 833 Καὶ
1831 780 1882 834 τί

2029 782 2216 853 potius
2233 785 2596 856 propositum
2613 793 3020 858 argumentum
3048 791 3258 847 divinas
3279 799 3334 850 et
3359 795 3672 869 plusquam

265 872 432 924 ταῦτα
487 869 852 941 τεθεώρηκεν,
913 865 1070 929 αὐτὸς
1149 868 1452 944 σαφηνίζει·
1535 869 1619 922 Ἐν
1675 869 1776 942 γὰρ
1836 874 1882 923 τε

2027 871 2294 928 humana:
2327 873 2471 947 legis
2503 876 2637 932 est?
2667 878 2807 942 Quis
2838 894 2970 934 vero
3001 879 3102 936 illa
3132 865 3530 955 constituerit,
3553 887 3676 958 ipse

265 957 506 1020 Μωσέως
560 959 723 1030 νόμῳ
772 956 1091 1034 γέγραπται,
1135 955 1288 1033 φησὶ,
1349 956 1426 1013 Ού
1473 958 1738 1030 φιμώσεις
1788 959 1882 1033 βοῢ

2027 961 2280 1030 exponit,
2349 964 2409 1018 In
2457 965 2615 1020 Mosis
2660 968 2808 1021 enim
2865 968 3000 1040 lege,
3047 970 3346 1040 inquiens,
3407 955 3674 1047 scriptum

261 1046 538 1103 ἀλοῶντα.
607 1045 707 1102 Καὶ
772 1049 943 1102 ταῦτα
1027 1045 1193 1101 εἰπὼν
1289 1044 1551 1122 ἐπιφέρειο
1649 1047 1738 1113 Μὴ
1805 1053 1912 1101 τῶν

262 1137 404 1210 βοῶν
440 1135 602 1210 μέλει
631 1141 710 1209 τῷ
739 1140 856 1208 Θεῷ
879 1155 900 1200 ,'
931 1137 1100 1192 Τίνων
1133 1132 1190 1190 δὲ
1223 1134 1438 1208 μᾶλλον
1485 1135 1661 1208 μέλει,
1701 1133 1914 1199 δεικνὺς

257 1226 595 1302 ἐπάγει.’Δι’
646 1229 795 1299 ἡμᾶς
834 1225 935 1298 γὰρ
985 1226 1200 1287 πάντως
1253 1223 1424 1299 λέγει,
1499 1226 1586 1280 καὶ
1648 1222 1717 1279 δι’
1764 1227 1912 1298 ἡμᾶς

251 1316 492 1392 ἐγράφη.
561 1318 726 1370 ’Ὥστε
777 1315 958 1369 κοινὸν
1004 1315 1066 1368 τὸ
1120 1311 1297 1389 δόγμα
1341 1315 1403 1368 τὸ
1452 1311 1503 1368 έν
1570 1317 1638 1386 τῇ
1701 1312 1912 1384 Παλαιᾷ

252 1400 534 1459 διαϐαῖνον
567 1405 661 1459 καὶ
691 1403 1119 1477 πολιτευόμενον
1171 1403 1261 1458 καὶ
1311 1401 1365 1458 ἐν
1408 1407 1476 1477 τῇ
1529 1403 1738 1478 χάριτι.
1785 1403 1912 1458 Εἶτα

248 1496 342 1563 τήν
397 1495 642 1573 Ῡυσικήν
696 1493 1005 1567 ὁμοιότητα
1051 1495 1189 1569 πρὸς
1234 1493 1325 1548 τὸν
1379 1495 1589 1569 Πατέρα
1636 1497 1732 1549 τοῦ
1782 1495 1908 1549 Υἱοῦ

245 1583 334 1638 καὶ
362 1584 428 1638 τὸ
463 1581 893 1658 ἀπαράλλακτον
937 1581 1230 1653 ὑποδηλῶν
1278 1581 1338 1638 ἐκ
1373 1589 1477 1651 τῆς
1514 1587 1624 1638 τῶν
1673 1585 1906 1656 νομοθεο

245 1674 522 1743 τηθέντων
591 1672 950 1744 ὁμοιότητος,
1050 1674 1274 1746 Ὠσπερ,
1361 1674 1516 1752 φησί,
1594 1673 1903 1750 προσετάγη

247 1763 378 1826 τοὺς
474 1768 556 1836 τῷ
622 1762 994 1837 θυσίαστηρίῳ
1088 1760 1549 1840 προσεδρεύοντας
1640 1767 1718 1835 τῷ
1812 1765 1908 1818 θυ-

252 1852 562 1924 σιαστηρίῳ
654 1851 1100 1926 συμμερίζεσςαι’
1199 1851 1344 1907 οὕτω

255 1942 578 2014 προσέταξεν
651 1942 782 2002 τοὺς
879 1942 942 1997 τὸ
1038 1939 1369 2018 Εὔαγγέλιον
1434 1940 1904 2017 καταγγέλλοντας

250 2029 318 2084 ἐκ
385 2035 482 2084 τοῦ
533 2028 868 2105 Εὐαγγελίου
929 2033 1048 2104 ζῇν,
1097 2035 1359 2085 τοσοῦτον
1418 2029 1620 2106 ἐπάρας
1676 2033 1766 2086 τὸν
1811 2032 1902 2084 νό-

247 2140 374 2192 μον,
410 2115 502 2174 ita
532 2117 599 2188 δὴ
629 2124 727 2175 τοῦ
760 2119 970 2194 Πατρὸς
1011 2114 1158 2190 ὄντα,
1202 2119 1276 2178 ὡς
1325 2118 1419 2173 καὶ
1457 2120 1552 2174 τὸν
1602 2121 1724 2174 Υἱὸν
1767 2121 1902 2174 κατὰ

242 2209 482 2281 μίμησιν
566 2208 772 2264 ἐκείνου
836 2207 906 2263 τὰ
957 2208 1350 2285 προστάγματα
1443 2209 1726 2284 προάγειν.
1795 2209 1901 2278 Τήν

237 2297 525 2373 crevi-petas!
588 2295 645 2352 δὲ
681 2296 850 2354 πάλιν
901 2298 991 2353 καὶ
1047 2296 1360 2373 συγγένειαν
1413 2301 1510 2352 τοῦ
1565 2297 1740 2370 νόμου
1796 2297 1886 2353 καὶ

233 2395 335 2456 τῆς
392 2389 628 2462 χάριτος
675 2385 765 2442 ἐπὶ
811 2384 980 2441 πλέον
1025 2387 1404 2462 τρανολογῶν,
1447 2386 1519 2442 Οὐ
1566 2385 1708 2442 θέλω
1756 2387 1895 2460 ὑμᾶς

234 2477 470 2551 ἀγνοεῖν,
553 2477 737 2554 φησὶν,
803 2473 1056 2555 ἀδελφοὶ,
1143 2475 1226 2532 ὅτι
1307 2477 1358 2531 οἱ
1425 2475 1648 2550 πατέρες
1733 2479 1896 2549 ἡμῶν

234 2568 432 2628 πάντες
503 2565 612 2620 ὑπὸ
689 2567 788 2634 τήν
877 2565 1110 2640 νεφέλην
1187 2567 1343 2636 ἦσαν,
1404 2567 1490 2621 καὶ
1558 2586 1748 2628 παντες
1805 2563 1894 2620 διὰ

234 2663 337 2724 τῆς
394 2653 680 2725 θαλάσσης
739 2652 986 2725 διῆλθον,
1043 2655 1134 2710 καὶ
1201 2656 1399 2718 πάντες
1455 2654 1531 2718 εἰς
1579 2655 1671 2710 τὸν
1732 2661 1894 2713 Moab“-

241 2755 338 2816 σῆν
390 2743 824 2816 ἐϐαπτίσθησαν,
890 2745 942 2800 έν
999 2750 1068 2820 τῇ
1119 2743 1316 2823 νεφέλῃ
1385 2745 1476 2800 καὶ
1555 2746 1607 2799 έν
1679 2747 1748 2818 τῇ
1803 2747 1893 2800 θα-

239 2835 440 2911 λάσσῃ,
504 2837 600 2892 καὶ
668 2837 862 2897 πάντες
919 2835 980 2889 τὸ
1045 2833 1175 2890 αὐτὸ
1266 2835 1463 2909 βρῶμα
1527 2834 1888 2907 πνευματικὸν

225 2923 454 3003 ἔφαγον,
527 2927 619 2980 καὶ
692 2926 882 2986 πάντες
953 2925 1016 2979 τὸ
1081 2924 1215 2979 αὐτὸ
1298 2923 1450 2996 πόμα
1516 2923 1882 2997 πνευματικὸν

219 3012 388 3072 ἔπιον.
435 3017 538 3078 Δός
583 3036 678 3089 μοι
733 3011 929 3070 λοιπὸν
960 3011 1183 3068 ἐνταῦθα
1211 3013 1274 3067 τὸ
1307 3013 1405 3068 οὐκ
1451 3012 1731 3087 ἐλεύθερον
1778 3019 1876 3082 τῆς

221 3103 490 3180 βακχείας
548 3109 644 3159 τοῦ
703 3105 959 3178 Ἐχθροῦ·
1045 3104 1270 3156 Ἐπινον
1353 3103 1476 3176 γὰρ,
1567 3101 1755 3178 φησὶν,
1816 3101 1875 3156 έκ

213 3195 593 3266 πνευματικῆς
661 3191 1070 3261 ἀκολουθούσης
1153 3191 1372 3264 πέτρας.
1462 3191 1522 3246 Ἡ
1592 3187 1650 3244 δὲ
1705 3189 1872 3264 πέτρα

212 3283 279 3351 ἦν
337 3284 365 3337 6
419 3281 680 3356 Χριστός.
726 3279 990 3350 Ἀκούεις,
1046 3279 1196 3341 ὅπως
1256 3280 1283 3333 ὁ
1329 3278 1564 3353 Χριστὸς
1611 3279 1703 3332 τὸν
1767 3299 1870 3333 πα·

208 3373 396 3447 τρικὸν
459 3365 676 3438 ἐπὸτιζε
719 3369 876 3440 λαὸν,
920 3367 1009 3423 καὶ
1060 3372 1178 3429 πῶς
1213 3368 1239 3422 ὁ
1285 3368 1472 3440 Πατήρ
1524 3364 1730 3443 ὡδήγει
1778 3368 1870 3421 τὸν

212 3455 465 3537 Ἰσραήλ’
491 3460 568 3521 εἰς
603 3461 703 3527 τήν
740 3463 838 3514 τοῦ
887 3459 1013 3512 Υῖοῦ
1066 3456 1314 3531 λατρείαν
1356 3457 1446 3510 καὶ
1495 3455 1870 3535 ἐπιστροφήνς

213 3551 312 3607 Διά
338 3551 528 3618 τίνων,
561 3551 595 3620 ἢ
631 3545 802 3618 δῆλον
835 3549 914 3602 δτι
951 3545 1039 3602 διὰ
1089 3545 1332 3608 Μωσέως
1363 3545 1452 3600 καὶ
1492 3550 1598 3600 τῶν
1650 3566 1873 3622 προφη-

211 3647 358 3708 τῶν;
390 3643 507 3695 Ποῦ
536 3635 628 3693 οὗν
674 3637 894 3693 ἐνταῦθα
937 3637 967 3694 6
1014 3634 1261 3707 Πονηρὸς
1297 3654 1309 3705 ;
1355 3639 1460 3689 ποῦ
1495 3638 1594 3699 τῆς
1625 3640 1871 3710 πονηρᾶς

217 3733 399 3808 ἀρχῆς
431 3731 492 3783 τὸ
541 3723 696 3802 ἔργον
728 3744 742 3795 ;
773 3730 878 3782 ποῦ
907 3727 958 3780 οἱ
986 3725 1148 3798 νόμοι
1177 3731 1276 3794 τῆς
1323 3724 1698 3797 ἀντικειμένης
1746 3723 1871 3796 μοί-

219 3838 350 3894 ραςς
383 3821 484 3873 τοῦ
536 3818 838 3874 Μωσαϊκοῦ
881 3813 1040 3886 λαοῦ,
1080 3815 1167 3869 καὶ
1213 3818 1564 3886 πνευματικῷ
1616 3814 1871 3888 βρώματι

215 3910 566 3986 τρεφομένων
619 3907 712 3961 καὶ
768 3907 1135 3978 πνευματικοῦ
1191 3901 1440 3975 πόματος
1489 3902 1752 3956 πινόντων
1815 3899 1873 3954 ἐκ

216 4008 315 4069 τῆς
371 3995 645 4066 συνούσης
695 4013 755 4050 τε
804 3993 896 4049 καὶ
953 3991 1225 4064 ἑπομένης
1276 3991 1496 4068 πέτρας,
1555 3990 1676 4059 ἥτις
1728 3990 1793 4057 ἦν
1842 3989 1870 4043 6

213 4086 494 4156 Χριστόςς
549 4085 683 4140 Εἶτα
711 4080 880 4138 πᾶλιν
931 4083 959 4136 6
1013 4081 1341 4155 νομομαθής
1392 4079 1549 4142 οὗτος
1609 4078 1741 4150 ἀνὴρ
1782 4078 1871 4131 καὶ

213 4177 275 4231 τὰ
310 4171 482 4250 κέρδη
545 4173 740 4240 πάντα,
787 4173 875 4233 οἷς
921 4168 1236 4244 ἐσεμνύνετο
1284 4167 1571 4242 πρότερον,
1625 4160 1873 4220 σκύϐαλα

211 4266 522 4340 ἡγούμενος
583 4260 674 4317 διὰ
733 4262 824 4316 τὸν
902 4261 1158 4334 Χριστὸν,
1235 4255 1391 4329 Μηδὲ
1466 4257 1868 4328 ἐκπειράζωμεν

209 4357 292 4410 τὸν
362 4351 626 4426 Χριστὸν,
684 4351 840 4430 φησὶ,
900 4349 1077 4410 καθὼς
1136 4347 1223 4402 καί
1278 4367 1417 4408 τινες
1479 4345 1655 4402 αὐτῶν
1712 4345 1865 4400 ἒπεί-

2024 1058 2101 1105 est
2132 1068 2150 1104 :
2182 1053 2298 1106 Non
2329 1053 2616 1110 obturabis
2653 1071 2711 1110 os
2765 1056 2893 1112 bovi
2946 1059 3239 1114 triluranti
3266 1059 3310 1116 3.
3361 1063 3491 1120 Haec
3541 1082 3676 1122 vero

2025 1140 2273 1197 aﬂ'erens
2321 1143 2676 1214 subjungit:
2725 1146 2866 1201 Num
2915 1147 3072 1202 boves
3132 1165 3290 1207 cura?
3336 1157 3466 1208 sunt
3517 1155 3620 1210 Deo
3649 1157 3678 1208 ?

2023 1226 2275 1289 Quorum
2340 1247 2472 1286 vero
2531 1232 2814 1302 potiorem
2874 1251 3072 1291 curam
3130 1241 3281 1307 agat,
3331 1243 3674 1298 ostensurus

2022 1316 2186 1371 addit
2217 1332 2230 1372 :
2279 1321 2516 1390 Propter
2543 1337 2639 1376 nos
2668 1322 2893 1379 omnino
2925 1325 2984 1380 id
3009 1325 3164 1394 dicit,
3206 1331 3256 1383 et
3308 1337 3530 1400 propter
3573 1347 3672 1388 nos

2017 1403 2287 1475 scriptum
2315 1411 2412 1463 est.
2447 1411 2648 1481 Itaque
2683 1411 3016 1467 communis
3039 1413 3301 1469 doctrina
3322 1420 3431 1484 est,
3464 1433 3589 1488 quas
3618 1427 3672 1476 et

2019 1492 2076 1548 in
2111 1498 2315 1553 Vetere
2343 1498 2546 1569 valuit,
2578 1507 2630 1556 et
2661 1500 2720 1555 in
2769 1501 2924 1557 Novo
2974 1501 3230 1560 obtinuit
3272 1506 3665 1565 Testamento.

2020 1582 2244 1654 Postea,
2282 1587 2633 1657 naturalem,
2657 1606 2781 1661 qua
2805 1590 2957 1647 inter
2979 1592 3207 1650 Patrem
3239 1599 3295 1650 et
3319 1595 3527 1652 Filium
3559 1602 3670 1668 est,

2019 1672 2466 1734 similitudinem
2499 1682 2554 1734 et
2586 1680 3124 1738 immutabilitatem
3166 1700 3234 1740 ex
3278 1685 3670 1745 similitudine

2019 1762 2208 1836 legum
2243 1765 2516 1838 utrinque
2548 1767 2804 1863 latarum
2836 1770 3242 1829 subindicans.
3265 1774 3434 1844 Sicut,
3457 1776 3665 1863 inquit,

1444 1851 1536 1906 καὶ
1617 1853 1644 1906 6
1713 1852 1881 1928 Κύριο

2013 1858 2345 1925 ρνέτοθρίαηι
2374 1835 2471 1923 est,
2503 1861 2581 1924 ut,
2617 1857 2718 1928 qui
2745 1859 2920 1914 altari
2955 1862 3221 1930 serviunt,
3264 1835 3461 1921 altaris
3500 1835 3668 1922 eiian;

2013 1942 2152 2011 ﬁant
2194 1945 2536 2015 participes;
2581 1946 2656 2000 ita
2706 1951 2755 2001 et
2803 1949 3066 2004 Dominus
3117 1953 3394 2022 pracepit,
3443 1957 3520 2024 ut,
3569 1957 3670 2026 qui

2014 2035 2371 2104 Evangelium
2413 2037 2745 2106 praedicant,
2799 2056 2868 2095 ea:
2915 2042 3207 2112 Evangelia
3257 2043 3444 2100 vivant
3473 2047 3530 2114 9;
3586 2047 3658 2103 le-

2010 2134 2165 2190 gem,
2199 2125 2476 2192 tanquam
2511 2139 2543 2177 a
2576 2123 2740 2178 Patre
2783 2126 3116 2194 profectam,
3165 2129 3308 2184 adeo
3351 2128 3657 2198 extollens,

2011 2213 2072 2263 ut
2097 2209 2306 2266 Filium
2332 2212 2400 2266 ad
2430 2211 2758 2282 exemplum
2792 2215 2916 2284 ejus
2948 2223 3232 2286 praecepta
3254 2233 3363 2271 sua
3379 2218 3659 2276 statuisse

2006 2296 2235 2354 innuat.
2279 2299 2438 2355 Idem
2496 2317 2628 2356 vero
2680 2301 3097 2358 connexionem
3143 2308 3200 2359 et
3244 2305 3652 2376 cognationem

2005 2385 2152 2458 legis
2183 2394 2235 2443 et
2265 2387 2460 2460 gratias
2492 2389 2681 2444 adhuc
2707 2390 2894 2462 magis
2925 2391 3293 2460 expositurus
3321 2410 3332 2446 :
3380 2395 3511 2449 Nolo
3535 2412 3647 2465 vos,

2003 2475 2217 2547 inquit,
2247 2477 2526 2546 ignorare,
2571 2481 2792 2550 fratres,
2834 2479 2974 2551 quod
3020 2486 3202 2550 patres
3253 2483 3429 2537 nostri
3457 2499 3644 2540 omnes

1998 2567 2097 2622 sub
2126 2568 2270 2624 nube
2327 2573 2504 2638 erant,
2539 2579 2592 2625 et
2636 2585 2820 2626 omnes
2863 2586 2959 2642 per
2992 2586 3142 2626 mare
3191 2575 3548 2640 transierunt,
3593 2583 3648 2631 et

1999 2671 2182 2714 omnes
2210 2661 2270 2714 in
2301 2659 2476 2717 Mosen
2508 2659 2772 2731 baptizati
2824 2669 2973 2728 sunt,
3005 2663 3064 2715 in
3094 2661 3238 2718 nube
3287 2670 3338 2718 et
3375 2665 3542 2732 mari,
3595 2674 3647 2720 et

1997 2763 2184 2804 omnes
2213 2749 2464 2804 eumdem
2495 2750 2681 2804 cibum
2705 2750 3058 2822 spiritualem
3087 2750 3339 2820 ederunt,
3376 2758 3426 2808 et
3453 2767 3644 2809 omnes

1995 2836 2241 2892 eumdem
2297 2847 2488 2909 potum
2543 2839 2892 2908 spiritualem
2954 2840 3207 2894 biberunt
3269 2839 3332 2896 ιο.
3393 2839 3646 2899 Ostende

1995 2926 2139 2980 mihi
2180 2926 2272 2982 hic
2323 2932 2685 2983 momentum
2739 2927 2823 2983 vel
2871 2929 3113 2984 unicum
3166 2930 3319 3000 quod
3371 2947 3485 2986 non
3534 2930 3639 2986 im-

1991 3031 2167 3071 mune
2190 3017 2264 3072 sit
2295 3035 2328 3072 a
2359 3018 2586 3072 furente
2608 3016 2796 3074 hostis
2819 3021 3103 3086 potestate
3128 3036 3140 3074 :
3175 3018 3442 3074 Biberunt
3463 3022 3636 3088 enim,

1988 3105 2202 3177 inquit,
2233 3122 2306 3161 ea:
2331 3106 2644 3177 spirituali,
2677 3124 2794 3178 qum
2842 3107 3190 3177 sequebatur,
3237 3115 3433 3178 petra:
3479 3119 3638 3180 petra

1985 3198 2170 3248 autem
2190 3200 2309 3249 erat
2332 3195 2578 3250 Christus
2600 3195 2668 3250 1³.
2683 3195 2938 3250 Audisne
2957 3196 3247 3266 quomodo
3271 3196 3438 3251 Pater
3455 3197 3633 3253 Israel

1985 3282 2212 3338 duxerit
2241 3284 2312 3339 ad
2347 3284 2571 3338 cultum
2616 3283 2743 3339 Filii
2785 3282 2877 3338 sui
2918 3287 2974 3338 et
3013 3284 3496 3340 conversionem?
3525 3286 3636 3341 Per

1983 3387 2131 3441 quos
2163 3375 2353 3426 autem
2383 3372 2529 3427 alios
2562 3372 2670 3426 nisi
2706 3387 2805 3443 per
2836 3373 3029 3427 Mosen
3054 3378 3108 3428 et
3143 3372 3498 3444 prophetas?
3520 3373 3633 3429 Ubi

1984 3457 2161 3530 igitur
2218 3459 2310 3513 hic
2367 3463 2456 3514 est
2509 3460 2723 3528 malus,
2787 3459 2886 3514 ubi
2919 3459 3057 3515 mali
3116 3459 3389 3532 principii
3439 3461 3630 3531 opus?

1982 3547 2082 3601 ubi
2112 3547 2268 3619 leges
2299 3550 2579 3620 oppositae
2611 3549 2839 3621 partis?
2877 3564 3010 3604 cum
3045 3549 3292 3619 populus
3341 3548 3634 3606 Mosaicus

1982 3645 2035 3692 et
2067 3637 2354 3707 spirituali
2387 3637 2516 3694 cibo
2550 3639 2809 3693 nutritus
2839 3637 2936 3705 sit,
2961 3643 3018 3693 et
3041 3638 3403 3707 spiritualem
3431 3644 3632 3710 potum

1983 3726 2195 3781 biberit
2227 3743 2294 3781 ex
2325 3727 2636 3783 comitante
2665 3731 2723 3783 et
2749 3727 3097 3798 insequente
3129 3733 3312 3799 petra,
3352 3745 3478 3800 quae
3510 3733 3634 3785 erat

1981 3813 2297 3869 Christus?
2330 3813 2545 3870 Deinde
2585 3830 2789 3870 rursus
2841 3815 2993 3870 idem
3041 3815 3126 3870 vir
3171 3814 3356 3887 legem
3406 3817 3633 3887 doctus,

1982 3907 2158 3972 atque
2188 3903 2384 3956 omnia
2416 3901 2538 3970 illa,
2570 3902 2782 3974 quibus
2811 3903 2950 3958 olim
2983 3903 3466 3976 eti‘erebatur,pro
3489 3906 3634 3976 reje~

1982 3989 2158 4045 ctitiis
2215 3990 2515 4046 declarans
2566 3995 2801 4060 propter
2847 3991 3162 4056 Christum,
3213 3997 3294 4048 Ne
3340 3996 3630 4060 tentemus,

1983 4079 2198 4150 inquit,
2235 4079 2532 4147 Christum,
2562 4078 2706 4134 sicut
2735 4079 2996 4134 nonnulli
3025 4095 3218 4135 eorum
3245 4084 3532 4136 tentarunt
3567 4083 3632 4136 ”.

1983 4168 2227 4234 Quinam
2260 4167 2393 4222 illi?
2438 4184 2631 4224 nonne
2681 4167 2950 4224 Israelita
2979 4167 3007 4222 ‘t
3055 4170 3190 4235 Quae
3238 4185 3372 4225 vero
3430 4184 3632 4224 eorum

1984 4266 2144 4313 erant
2205 4255 2490 4328 praemia?
2539 4256 2617 4311 Ex
2665 4257 3037 4329 serpentibus
3091 4257 3379 4329 peribant.
3431 4261 3631 4329 Itaque

1973 4347 2082 4413 illi,
2116 4348 2217 4418 qui
2257 4346 2435 4402 Deum
2484 4346 2543 4402 in
2590 4344 2714 4419 lege
2753 4351 3101 4418 praesentem
3155 4348 3484 4417 tentabant,
3531 4363 3632 4419 per

213 4465 394 4519 ρασαν.
426 4441 604 4511 Τίνες,
635 4441 670 4510 ἢ
713 4437 881 4508 δῆλον
933 4437 1017 4493 ὅτι
1049 4439 1076 4493 ὁ
1112 4435 1508 4510 Ἰσραηλιτικὸς
1559 4435 1727 4506 λαὸς;
1765 4435 1861 4490 Καὶ

1992 4439 2203 4492 >οιτθω
2238 4435 2414 4491 etiam
2451 4435 2659 4491 Filium
2693 4437 2820 4506 ejus
2848 4436 3162 4494 Dominum
3196 4443 3458 4493 nostrum
3489 4441 3626 4493 ten-

209 4534 323 4588 τίνα
349 4532 420 4587 ti
448 4532 746 4605 ἐπίχειρά;
780 4528 908 4583 Ὑπὸ
956 4532 1066 4582 τῶν
1118 4527 1290 4598 ὄφεων
1343 4523 1658 4582 ἀπώλοντο.
1705 4527 1864 4580 Ὥστε

209 4621 622 4696 ἐκπειράζοντες
649 4618 739 4674 τὸν
778 4616 829 4673 ἐν
865 4621 943 4688 τῷ
980 4617 1137 4689 νόμῳ
1185 4614 1336 4682 Θεὸν,
1381 4612 1470 4668 διὰ
1510 4617 1608 4668 τοῦ
1660 4614 1866 4688 Πατρὸς

211 4711 491 4788 ἐπείραζον
520 4707 613 4764 καὶ
654 4707 746 4764 τὸν
795 4707 918 4761 Υἱὸν
960 4705 1125 4762 αὐτοῦ
1172 4705 1265 4760 τὸν
1317 4702 1518 4778 Κύριον
1549 4705 1709 4776 ἡμῶν
1757 4703 1866 4772 Ἰη-

213 4807 330 4857 σοῦν
389 4795 654 4875 Χριστόν.
728 4795 1008 4871 Ἐπείραζε
1088 4795 1180 4868 μὲν
1265 4793 1366 4869 γὰρ
1426 4794 1454 4847 6
1517 4790 1865 4866 Ἰσραηλίτης

214 4891 338 4954 λαὸς
368 4891 466 4946 τὸν
501 4885 801 4961 νομοθέτην
830 4885 1016 4953 αὐτοῦ,
1050 4881 1296 4958 ἄτμητον
1351 4882 1408 4938 δὲ
1444 4885 1545 4952 τήν
1589 4880 1867 4957 βασιλείαν

211 4984 294 5037 καὶ
329 4980 610 5055 ἆρῥηκτον
657 4981 756 5032 τοῦ
816 4975 1027 5050 Πατρὸς
1073 4976 1163 5030 καί
1216 4979 1313 5029 τοῦ
1379 4974 1507 5028 Υἱοῦ
1567 4975 1594 5028 ὁ
1657 4972 1864 5046 μύστης

213 5073 294 5126 καὶ
357 5067 716 5143 μυσταγωγὸς
767 5067 875 5120 τῶν
925 5062 1276 5140 ἀποῤῥήτων,
1320 5060 1478 5126 εἰδὼς
1531 5062 1582 5118 έν
1629 5067 1708 5134 τῷ
1750 5079 1866 5117 πει’

211 5160 460 5233 ρὰζεσθαι
512 5157 605 5211 τὸν
653 5157 752 5208 τοῦ
802 5153 1003 5229 ἀγαθοῦ
1053 5148 1256 5215 Παιδὸς
1307 5150 1518 5227 Πατέρα
1574 5151 1724 5219 Θεὸν,
1773 5171 1862 5237 καὶ

207 5250 291 5305 τὸν
357 5245 598 5322 Χριστὸν
658 5243 1005 5317 πειράζεσθαι
1091 5239 1428 5296 διατείνεται.
1495 5243 1585 5302 Ὡς
1652 5239 1705 5293 ἐν
1765 5261 1864 5297 πο,

208 5341 462 5413 ρέσματος
497 5333 556 5390 δὲ
603 5332 769 5406 μοίρᾳ
827 5330 1130 5399 ἐπισκόπει,
1187 5329 1272 5386 ὅτι
1319 5330 1410 5384 καὶ
1449 5327 1670 5403 πληγὴν
1706 5328 1862 5392 εὐθὺς

205 5430 398 5505 inﬁxas!
460 5428 489 5480 6
541 5423 776 5498 Χριστὸς
831 5423 968 5476 κατᾶ
1022 5424 1130 5476 τῶν
1209 5418 1643 5494 έκπειρασάντων
1695 5418 1859 5473 αὐτὸν

207 5520 291 5575 τὸν
323 5516 415 5574 διὰ
445 5521 558 5574 τῶν
596 5509 773 5594 ὄφεων
809 5509 1057 5587 ὄλεθρον.
1111 5509 1210 5566 Καὶ
1262 5506 1462 5579 ταύτην
1506 5505 1718 5581 ἐπάγων
1761 5508 1864 5562 οὐκ

1143 5739 1164 5774 ⁹
1192 5738 1340 5795 ibid.
1373 5737 1459 5794 13.

277 5743 300 5782 7
333 5749 354 5805 I
383 5748 513 5806 Cor.
565 5761 622 5814 x,
654 5741 710 5798 8.
788 5739 810 5777 ⁸
839 5739 980 5797 ibid.
1011 5738 1064 5794 9.

1540 5734 1587 5774 ιο
1618 5735 1640 5792 l
1673 5736 1800 5794 Cor.
1832 5751 1888 5805 κ,
1919 5735 1973 5791 5.

1973 4532 2192 4581 tarunt.
2225 4525 2486 4580 Tentavit
2514 4525 2669 4582 enim
2701 4525 2954 4596 populus
3005 4525 3358 4582 Israeliticus
3388 4525 3626 4596 legisla-

1978 4619 2163 4670 torem
2217 4629 2428 4682 suum;
2479 4617 2538 4670 et
2593 4613 2825 4678 Paulus,
2885 4629 3106 4684 gnarus
3163 4615 3290 4684 ipse
3323 4618 3380 4669 et
3429 4615 3625 4670 doctor

1979 4702 2413 4772 mysteriorum,
2448 4701 2756 4774 imperium
2789 4701 2974 4757 Patris
3005 4706 3063 4757 et
3091 4702 3220 4756 Filii
3269 4701 3622 4758 indivisibile

1977 4796 2033 4847 et
2065 4792 2395 4847 inviolabile
2427 4807 2554 4847 esse
2603 4806 2945 4861 persuasus,
2993 4791 3314 4857 contendit,
3359 4807 3427 4847 eo
3475 4791 3622 4862 ipso,

1977 4897 2090 4952 quo
2123 4880 2260 4936 boni
2293 4879 2422 4935 Filii
2455 4881 2622 4934 Pater
2655 4880 2802 4934 Deus
2832 4882 3094 4935 tentatus
3126 4878 3222 4946 sit,
3250 4879 3426 4936 etiam
3455 4879 3624 4935 Chri-

1976 4976 2131 5026 stum
2163 4985 2290 5025 esse
2321 4972 2625 5024 tentatum.
2659 4967 3012 5024 Consectarii
3041 4984 3174 5024 vero
3203 4967 3391 5024 instar
3411 4971 3468 5025 et
3516 4969 3624 5025 hoc

1975 5074 2140 5130 cape,
2174 5059 2329 5130 quod
2354 5055 2621 5114 Christus
2654 5057 2851 5113 statim
2885 5057 3068 5129 plagae
3100 5057 3226 5113 loco
3258 5056 3394 5126 illis,
3428 5059 3529 5128 qui
3559 5075 3624 5114 se

1974 5151 2361 5214 tentaverant,
2397 5146 2708 5201 immiserit
2752 5146 3064 5218 perniciem
3123 5163 3188 5202 ex
3229 5147 3617 5217 serpentibus.

1953 5238 2134 5294 'Ilanc
2163 5255 2293 5294 vero
2337 5236 2451 5292 illis
2482 5237 2743 5309 irrogans
2783 5253 3040 5294 amorem
3082 5237 3141 5294 in
3173 5239 3454 5296 'homlnes
3501 5257 3618 5297 non

1975 5327 2210 5384 dimisit.
2241 5326 2391 5382 Alibi
2423 5325 2597 5394 (idem
2632 5326 2970 5398 Apostolus)
3001 5331 3269 5396 testatur,
3302 5329 3617 5402 prophetas

1973 5433 2040 5474 ex
2072 5416 2342 5471 mandato
2390 5415 2586 5470 aeterni
2637 5414 2738 5470 Dei
2791 5415 3012 5472 locutos
3060 5433 3210 5486 esse,
3269 5423 3327 5474 et
3373 5435 3441 5474 ex
3483 5435 3616 5475 vero

1975 5505 2393 5580 prenuntiasse
2424 5503 2769 5576 mysterium
2805 5509 2936 5562 ante
2963 5506 3176 5563 saecula
3205 5507 3613 5581 constitutum,

2055 5733 2097 5771 “
2131 5732 2270 5790 ibid.
2307 5734 2359 5788 6.
2433 5731 2487 5780 .¹²
2513 5731 2655 5792 ibid.
2688 5731 2742 5792 9.
