4074 6208
402 364 518 426 143

396 595 536 650 adeo
579 591 781 646 mundi
839 587 1148 644 Dominum
1199 587 1448 643 latuerit.
1495 587 1795 651 Quomodo
1841 586 2035 658 itaque

395 683 690 757 prophetae
744 687 840 734 aut
887 679 978 734 lex
1022 696 1054 732 a
1103 677 1254 733 malo
1289 677 1551 748 inspirati
1600 693 1727 731 esse
1773 681 2032 745 possunt,

393 768 870 844 quandoquidem
902 767 986 822 illi
1019 767 1480 837 praenuntiarunt
1512 763 2033 838 mysterium,quod

393 860 713 918 artiﬁcibus
735 857 924 914 omnis
947 855 1263 928 impietatis
1287 855 1395 912 fuit
1413 856 1817 911 absconditum
1836 854 1864 907 ?
1883 854 2034 909 Rur-

391 966 493 1006 sus
525 948 743 1004 aliisin
777 945 919 1002 locis
958 946 1226 1000 eumdem
1268 944 1472 1010 Deum,
1517 959 1631 998 non
1675 958 1808 998 vero
1851 941 2028 996 alium

390 1044 560 1111 atque
591 1037 793 1101 alium,
827 1035 966 1090 olim
999 1051 1100 1106 per
1131 1033 1466 1106 prophetas,
1499 1034 1734 1088 tandem
1765 1047 1899 1086 vero
1934 1047 2032 1103 per

389 1129 600 1185 Filium
626 1130 873 1183 testatur
903 1123 1160 1180 locutum
1193 1139 1206 1176 :
1241 1122 1612 1192 Multi/ariam
1647 1121 1826 1188 enim,
1859 1121 1959 1187 ait,
1981 1127 2032 1175 ει

385 1219 577 1275 multis
606 1215 776 1273 modis
807 1215 938 1271 olim
972 1215 1112 1269 Deus
1139 1212 1394 1284 patribus
1433 1213 1634 1267 nostris
1667 1226 1767 1282 per
1793 1209 2034 1282 prophe-

383 1310 472 1363 tas
505 1309 736 1372 locutus,
772 1301 987 1359 ultimis
1016 1302 1206 1357 diebus
1232 1301 1317 1357 his
1345 1317 1441 1371 per
1473 1299 1675 1354 Filium
1715 1299 1928 1354 locutus
1955 1303 2032 1353 est

383 1398 540 1453 nobis
569 1398 632 1450 ’³.
669 1396 844 1461 Idem,
879 1393 1143 1466 inquam,
1176 1408 1289 1446 non
1323 1391 1472 1446 alius
1512 1395 1686 1461 atque
1719 1390 1889 1445 alius.
1922 1387 2032 1454 Qui

381 1486 566 1557 igitur
595 1484 813 1540 Novum
849 1483 1286 1537 Testamentum
1320 1495 1420 1552 por
1442 1478 1648 1534 Filium
1675 1479 1892 1534 mundo
1915 1477 2028 1532 lar-

383 1576 539 1646 gitus
570 1581 674 1641 est,
709 1574 885 1639 idem,
915 1573 1077 1642 juxta
1108 1569 1368 1632 Paulum,
1422 1569 1545 1640 qui,
1582 1571 1630 1625 si
1676 1569 1808 1640 quis
1857 1567 2028 1635 alius,

383 1665 581 1721 divina
598 1663 864 1732 callebat,
887 1667 943 1718 et
975 1661 1161 1716 Vetus
1195 1677 1295 1732 per
1327 1660 1636 1731 prOphetas
1657 1658 2030 1725 sanxit.Quo-

384 1754 557 1810 modo
589 1753 784 1823 itaque
816 1751 1139 1807 errantium
1173 1750 1348 1805 factio
1381 1747 1558 1803 alium
1582 1748 1818 1820 quidem
1847 1745 2028 1815 illius,

1603 357 1868 419 PHO'I‘Il
1911 357 2435 419 PATRIARCHIE
2477 361 2594 422 ΟΡ.

398 503 550 575 quod
582 500 942 572 principatus
990 499 1048 552 et
1098 499 1407 566 potestates
1457 494 1678 560 mundi,
1732 495 2026 567 ipsumque

2150 493 2424 570 ἀφῄρηται
2456 495 2517 549 τὸ
2560 491 2964 571 φιλάνθρωπον.
3015 489 3304 565 Ἀλλαχοῦ
3355 489 3412 547 δὲ
3462 491 3628 547 πάλιν
3674 511 3776 546 κατ

3673 362 3797 420 144

3783 494 3800 517 9

2147 582 2410 657 ἐπιταγὴν
2441 587 2536 638 τοῦ
2576 582 2794 637 αἰωνίου
2844 585 2998 648 Θεοῦ,
3040 580 3127 634 καὶ
3170 580 3338 634 εἰπεῖν
3393 583 3524 644 τοὺς
3574 583 3800 658 προφή-

2143 693 2237 734 τας
2276 669 2717 747 διαμαρτύρεται,
2766 670 2855 726 καὶ
2905 667 3149 744 ἀψευδῶς
3200 671 3536 745 προκηρύξαι
3582 671 3645 726 τὸ
3686 670 3800 744 πρὸ

2141 761 2352 815 αἰώνων
2403 763 2720 836 μυστήριον,
2779 761 2808 814 ’ὁ
2857 759 2951 820 τὰς
3002 758 3242 827 ἐξουσίας
3296 764 3394 813 τοῦ
3439 760 3652 832 κόσμου
3697 758 3793 813 καὶ

2140 849 2299 905 αὐτὸν
2331 847 2546 906 διέλαθε
2575 851 2664 905 τὸν
2697 850 3152 921 Κοσμοκράτορα.
3197 849 3295 902 Καὶ
3327 853 3442 910 πῶς
3487 847 3544 902 ἃν
3603 847 3794 918 εἷίησαν

2142 940 2192 993 οἱ
2233 947 2510 1017 προφῆται
2549 940 2583 1009 ἢ
2638 941 2665 994 6
2714 939 2879 1012 νόμος
2929 936 3210 998 ἐπιπνοίας
3263 942 3523 1011 πονηρᾶς,
3583 936 3791 992 ὁπόταν

2141 1030 2291 1084 οὗτοι
2335 1031 2427 1102 μὲν
2457 1031 2858 1105 προεκήρυττον
2896 1027 2958 1082 τὸ
3002 1029 3324 1100 μυστήριον,
3357 1033 3458 1096 τῆς
3507 1024 3563 1081 δὲ
3609 1047 3792 1096 πονη-

2143 1119 2258 1193 ρίας
2291 1119 2467 1188 πάσης
2517 1120 2615 1188 τὴν
2669 1118 3073 1193 μηχανουργίαν
3125 1113 3475 1184 διὲλάνθανες
3519 1115 3686 1171 Πάλιν
3729 1113 3798 1170 δὲ

2139 1209 2227 1262 καὶ
2262 1206 2312 1262 ἐν
2347 1206 2542 1271 ἄλλοις
2585 1207 2745 1262 αὐτὸν
2789 1207 2915 1261 Θεὸν
2962 1206 3052 1260 καὶ
3097 1206 3196 1260 οὐκ
3230 1203 3402 1261 ἄλλον
3457 1206 3545 1260 καὶ
3589 1205 3790 1274 ἄλλον,

2140 1297 2309 1353 πάλαι
2336 1300 2428 1371 μὲν
2473 1297 2524 1352 ἐν
2556 1303 2673 1360 τοῖς
2714 1299 3020 1375 προφήταις
3061 1294 3484 1372 διαμαρτύρεται
3521 1294 3794 1364 λαλῆσαι,

2141 1384 2449 1461 ὕστερονδὲ
2500 1385 2550 1441 ἐν
2596 1390 2675 1458 τῷ
2725 1388 2854 1458 Υἱῷ.
2919 1383 3257 1458 Πολυμερῶς
3312 1386 3438 1461 γάρ,
3499 1384 3653 1462 φησὶ,
3695 1385 3796 1440 καί

2139 1475 2501 1551 πολυτρόπως
2568 1476 2740 1530 πάλαι
2808 1476 2836 1529 6
2895 1476 3024 1536 Θεὸς
3110 1474 3354 1545 λαλήσας
3409 1481 3526 1538 τοῖς
3580 1477 3795 1550 πατρᾶ-

2139 1585 2222 1618 σιν
2289 1565 2339 1620 ἐν
2393 1570 2510 1626 τοὶς
2570 1567 2900 1639 προφήταις,
2960 1563 3042 1620 ἐπ’
3102 1564 3337 1638 ἐσχάτου
3393 1569 3502 1619 τῶν
3560 1567 3794 1638 ἡμερῶν

2135 1654 2342 1708 τούτων
2399 1653 2662 1724 ἐλάλησεν
2709 1657 2844 1725 ἡμῖν
2904 1654 2956 1708 ἐν
3001 1655 3133 1725 Υἱῷδ
3186 1655 3213 1707 6
3266 1653 3451 1724 αὐτὸς,
3498 1652 3626 1708 ἀλλ’
3685 1653 3796 1708 οὐκ

2139 1739 2309 1804 ἄλλος
2341 1743 2429 1798 καὶ
2471 1741 2661 1804 ἄλλος.
2695 1748 2752 1797 '0
2785 1741 2878 1797 οὖν
2927 1743 3028 1812 τὴν
3077 1743 3278 1812 Καινὴν
3323 1743 3596 1813 Διαθήκην
3626 1741 3679 1797 ἐν
3706 1747 3791 1814 τῷ

383 1843 564 1899 alium
606 1817 736 1900 vero
770 1840 933 1910 Novi,
966 1838 1352 1910 legislatorem
1393 1842 1449 1893 et
1489 1817 1673 1893 Deu—m
1724 1835 1938 1907 fingit?
1968 1834 2026 1890 Si

2139 1833 2249 1903 Υἱῷ
2301 1833 2665 1907 χαρισάμενος
2719 1837 2797 1904 τῷ
2845 1831 3058 1906 κόσμῳ,
3110 1833 3138 1887 6
3188 1831 3347 1894 αὐτὸς
3397 1831 3532 1887 κατὰ
3579 1832 3671 1886 τὸν
3719 1833 3792 1886 τὰ

381 1949 516 1988 vero
547 1933 723 1988 etiam
757 1930 828 1986 ab
861 1929 1026 1986 initio
1076 1936 1285 1984 terram
1338 1926 1602 1982 fundavit
1649 1925 1824 1992 Deus,
1878 1924 2031 1980 sicut

383 2024 538 2078 idem
572 2021 978 2093 mysteriorum
1030 2034 1244 2090 gnarus
1293 2021 1351 2072 et
1409 2017 1609 2072 doctor
1656 2015 2028 2086 scriptioncm

382 2112 534 2166 hanc
563 2125 786 2165 sacram
821 2108 1116 2178 obsignat,
1147 2110 1204 2162 et
1232 2105 1360 2161 caeli
1394 2121 1568 2176 opera
1592 2120 1871 2160 manuum
1905 2105 2032 2174 eius

382 2204 523 2256 sunt
552 2199 708 2267 (nam
754 2195 1009 2264 Davidis,
1060 2196 1161 2267 qui
1228 2194 1328 2250 Dei
1380 2199 1542 2266 pater
1588 2198 1695 2262 est,
1738 2193 2029 2250 canticum

383 2287 669 2344 adhibens
710 2285 944 2357 suisque
971 2283 1241 2356 cogitatis
1273 2288 1532 2339 attexens
1560 2283 1701 2338 illud
1735 2299 1767 2338 a
1797 2283 1912 2338 Deo
1943 2283 2034 2338 in-

382 2377 673 2450 spiratum
690 2392 810 2432 esse
829 2374 1068 2443 innuit);
1085 2375 1374 2444 quomodo
1399 2373 1743 2428 defectorum
1763 2371 2034 2428 colluvies

381 2468 528 2522 falso
590 2465 851 2537 quidem,
912 2463 1011 2518 sed
1072 2467 1257 2517 tamen
1331 2466 1569 2516 externa
1639 2461 1850 2532 specie,
1912 2460 2033 2515 hac

385 2556 793 2628 praedicantem
830 2554 1122 2608 doctorem
1167 2567 1339 2606 suum
1387 2549 1679 2622 appellare
1724 2566 1838 2605 non
1884 2564 2035 2606 vere-

384 2645 529 2699 tur?
557 2643 821 2714 Namque
851 2642 922 2698 ab
953 2657 1019 2697 eo
1049 2640 1234 2696 vocari
1261 2658 1322 2696 se
1352 2640 1577 2708 volunt,
1605 2640 1701 2710 qui
1725 2645 1780 2694 et
1810 2655 1875 2694 eo
1906 2639 2032 2709 ipso

386 2751 419 2788 a
449 2732 570 2804 lege
603 2734 728 2802 ejus
759 2732 1057 2787 recedunt.
1091 2735 1236 2785 Num
1269 2731 1420 2784 enim
1464 2728 1674 2784 Paulus
1722 2727 2031 2784 cruciﬁxus

388 2825 478 2877 est
509 2837 609 2892 pro
636 2819 826 2885 nobis,
860 2827 954 2874 aut
995 2834 1133 2873 num
1180 2818 1237 2872 in
1280 2817 1443 2872 Pauli
1495 2832 1705 2872 nomen
1762 2814 2032 2886 baptizati

390 2925 596 2966 sumus
620 2909 648 2964 ?
676 2910 802 2978 Aul,
837 2909 1002 2979 (num
1031 2907 1220 2962 dicere
1258 2905 1460 2974 licet?)
1496 2907 1601 2977 Ego
1644 2905 1861 2977 quidem
1911 2921 2033 2959 sum

389 3000 577 3065 Pauli,
627 3014 721 3068 ego
769 2999 974 3069 Apollo,
1025 3011 1122 3066 ego
1159 3011 1286 3051 vero
1337 2996 1526 3067 Cephea
1554 3012 1575 3056 ,·
1631 2995 1911 3050 divisusne
1958 3001 2033 3050 est

391 3087 640 3144 Christus
673 3087 763 3142 “‘P
795 3089 868 3142 At
907 3088 1196 3141 enimvero
1228 3085 1512 3153 homines,
1545 3085 1644 3155 qui
1675 3084 1846 3139 etiam
1881 3088 2030 3152 tum,
2063 3113 2104 3180 Ο

395 3178 490 3233 ubi
525 3178 779 3249 speciose
809 3176 1150 3246 loquuntur,
1183 3190 1478 3231 sermones
1499 3190 1659 3243 suos,
1693 3174 1760 3229 ad
1789 3173 2033 3244 gravita-

387 3277 498 3324 tem
533 3265 905 3338 compositos,
956 3265 1281 3320 actionibus
1322 3264 1653 3335 deturpant,
1705 3263 1774 3318 ad
1820 3277 2032 3317 nomen

385 3359 752 3429 confugiunt,
784 3360 848 3410 ut
877 3356 1130 3411 dedecus
1151 3355 1384 3421 evitent,
1417 3355 1472 3409 in
1503 3353 1654 3426 quod
1679 3370 1774 3408 eos
1798 3352 2033 3422 conjicit

382 3446 469 3501 vel
495 3447 682 3501 solum
716 3445 876 3499 illius
899 3460 1128 3508 nomen,
1155 3460 1323 3514 quem
1349 3443 1561 3499 erroris
1583 3443 1799 3497 habent
1830 3449 2026 3496 aucto-

387 3550 524 3591 rem.
567 3538 638 3588 At
661 3534 951 3604 quomodo
976 3549 1089 3588 non
1125 3533 1565 3589 confunduntur
1588 3531 1872 3599 homines,
1907 3531 2023 3601 qui,

381 3620 558 3677 Paulo
588 3637 723 3676 voce
755 3620 1024 3677 Davidica
1057 3621 1178 3676 σαιΙί
1221 3625 1277 3677 et
1309 3627 1471 3676 terra:
1517 3619 1885 3677 Conditorem
1922 3635 2024 3674 ve-

382 3728 510 3767 rum
544 3715 599 3767 et
629 3712 842 3768 bonum
875 3709 1054 3766 Deum
1089 3728 1216 3767 esse
1258 3711 1622 3782 praedicante,
1670 3708 1848 3764 alium
1891 3708 2021 3778 qui-

383 3803 512 3856 dem
545 3801 692 3868 ccsli,
743 3800 921 3856 alium
970 3805 1134 3856 terra:
1178 3801 1536 3856 conditorem
1586 3814 1709 3856 esse
1758 3799 2021 3864 tradunt,

381 3906 570 3962 neque
603 3889 852 3945 audiunt
882 3889 1000 3944 haec
1028 3889 1410 3946 clamantem:
1448 3891 1638 3946 Deruit
1661 3905 1807 3954 eum,
1835 3889 1891 3944 id
1915 3897 2019 3954 est,

380 3979 628 4046 Patrem,
670 3985 894 4050 propter
931 3995 1086 4050 quem
1129 3981 1336 4046 omnia,
1381 3984 1430 4034 et
1475 3995 1573 4050 per
1618 3994 1776 4050 quem
1816 3981 2020 4048 omnia,

377 4077 550 4141 atque
571 4069 680 4126 hoc
708 4070 834 4142 ipso
856 4085 969 4124 non
995 4069 1232 4140 quidem
1255 4069 1662 4141 quorumdam,
1690 4069 2017 4139 aliquorum

373 4176 506 4216 vero
538 4175 651 4216 non
689 4159 847 4225 item,
880 4158 981 4214 sed
1013 4159 1277 4214 omnium
1311 4157 1487 4212 simul
1519 4158 1885 4213 Conditorem
1939 4173 2022 4212 re-

372 4247 738 4304 nuntiantem
757 4248 786 4300 ?
812 4246 976 4302 Unde
993 4262 1123 4300 vero
1148 4249 1401 4316 apparet,
1423 4245 1578 4315 quod
1611 4245 1680 4299 de
1712 4245 1874 4299 Patre
1903 4245 2026 4302 haec

371 4336 696 4407 loquatur?
752 4339 909 4391 Certe
975 4333 1279 4389 verborum
1341 4333 1521 4387 series
1594 4332 1822 4387 exhibet
1877 4349 2021 4400 eum,

2138 1926 2278 1990 θεῖα,
2311 1922 2458 1996 εἷ’περ
2489 1944 2570 1985 τις
2604 1922 2798 1993 ἄλλος,
2848 1923 3034 2001 σοφὸν,
3083 1922 3173 1977 καὶ
3220 1923 3272 1977 ἐν
3310 1927 3426 1985 τοῖς
3477 1925 3792 1999 προφήταις

2139 2010 2342 2066 διέθετο
2373 2014 2470 2082 τήν
2525 2011 2789 2070 Παλαιάν.
2845 2012 2941 2067 Καὶ
2991 2015 3108 2074 πῶς
3158 2015 3192 2080 ἡ
3243 2011 3423 2082 πλάνη
3475 2009 3646 2066 ἄλλον
3688 2013 3791 2084 μὲν

2137 2100 2362 2172 ἓκείνης,
2393 2098 2575 2174 ἕτερον
2611 2100 2665 2156 δὲ
2695 2109 2795 2171 τῆς
2830 2109 3053 2171 Καινῆς,
3099 2101 3424 2158 ἀναπλάττει
3477 2103 3789 2175 νομοθέτην

2139 2189 2228 2244 καὶ
2265 2191 2433 2260 Θεόν;
2469 2191 2529 2245 Ei.
2563 2189 2619 2245 δὲ
2667 2192 2757 2245 καὶ
2806 2193 2922 2246 κατ’
2966 2190 3143 2267 ἀρχάς
3201 2191 3295 2264 μὶν
3346 2193 3443 2261 τήν
3487 2198 3584 2264 γῆν
3613 2192 3639 2244 6
3673 2191 3787 2245 Κύο

2142 2300 2254 2354 ριος
2285 2279 2668 2353 ἐθεμελίωσεν,
2703 2281 2775 2342 ὡς
2807 2281 2833 2334 6
2861 2279 3020 2341 αὐτὸς
3055 2280 3263 2354 μύστης
3305 2285 3412 2336 τῶν
3462 2277 3792 2355 ἀπορρήτων

2136 2372 2223 2426 καὶ
2289 2371 2646 2446 μυσταγωγὸς
2702 2371 2903 2441 ταύτην
2961 2378 3060 2440 τήν
3121 2372 3270 2445 ἱεράν
3346 2369 3794 2447 ἐπισφραγίζεται

2138 2461 2375 2538 Γραφὴν,
2416 2460 2506 2513 καὶ
2547 2457 2680 2534 ἔργα
2719 2465 2826 2514 τῶν
2871 2464 3076 2534 χειρῶν
3127 2460 3290 2514 αὐτοῦ
3339 2460 3470 2514 εἰσιν
3521 2460 3571 2513 οἱ
3612 2460 3792 2534 οὐρα-

2137 2550 2217 2603 νοὶ
2250 2548 2357 2620 (καὶ
2393 2549 2497 2626 γὰρ
2528 2551 2626 2618 τὴν
2674 2552 2772 2603 τοῦ
2821 2548 3153 2622 Θεοπάτορος
3203 2550 3315 2621 (38)
3363 2545 3640 2621 μελῳδίαν
3687 2547 3792 2603 λαε-

2140 2633 2272 2708 6ὼν,
2300 2639 2387 2692 καὶ
2421 2642 2536 2698 τοῖς
2569 2637 2792 2700 οἰκείοις
2823 2637 3118 2714 ἐνυφαίνων
3157 2640 3398 2711 νοήμασι
3429 2639 3491 2693 τὸ
3530 2638 3794 2692 θεόπνευ-

2139 2747 2260 2780 στον
2317 2724 2528 2797 ἐκείνης
2589 2722 2843 2801 βεϐαιοῖ),
2930 2730 3046 2787 πῶς
3102 2726 3200 2781 οὐκ
3275 2726 3628 2802 αἰσχύνονται
3683 2733 3792 2795 τῆς

2138 2815 2464 2878 ἀποστασίας
2520 2817 2582 2870 τὸ
2641 2815 2933 2888 σύνταγμα,
2991 2814 3168 2869 καίτοι
3229 2812 3440 2888 ψευδῶς
3503 2816 3619 2889 μὲν,
3709 2813 3796 2870 δι-

2143 2903 2413 2959 δάσκαλον
2473 2902 2528 2959 δὲ
2569 2906 2744 2978 ὅμως,
2785 2905 2876 2959 τὸν
2927 2907 3093 2958 ταῦτα
3155 2904 3495 2978 κηρύσσοντα
3554 2905 3790 2979 ὑποκρι-

2140 2995 2360 3067 νόμενοι
2390 2993 2618 3062 καλεῖν;
2661 2995 2758 3048 Καὶ
2807 2994 2910 3070 γὰρ
2965 2994 3351 3071 ἐπιγράφονται
3394 2998 3592 3049 τοῦτον
3644 2996 3790 3068 (39),

2142 3084 2470 3158 πράττοντες
2509 3085 2601 3157 μὲν
2633 3081 2722 3138 καὶ
2750 3088 2912 3138 τοῦτο
2938 3084 3084 3158 παρᾶ
3111 3083 3200 3138 τὸν
3238 3082 3402 3155 νόμον
3454 3083 3641 3139 αὐτού.
3693 3085 3792 3151 Μή

2140 3175 2242 3248 γάρ
2283 3171 2497 3234 Παῦλος
2547 3172 2858 3246 ἐσταυρώθη
2912 3173 3044 3242 ὑπὲρ
3092 3174 3272 3244 ἡμῶν,
3306 3171 3340 3240 ἢ
3375 3171 3451 3236 εἷς
3495 3171 3557 3226 τὸ
3608 3172 3794 3245 ὄνομα

2137 3261 2358 3319 Παύλου
2391 3258 2832 3337 ἐϐαπτίσθημεν;
2877 3263 2989 3330 καὶ,
3040 3263 3179 3336 Ἐγὼ
3229 3261 3323 3335 μὲν
3377 3262 3491 3335 εἶμι
3539 3260 3790 3334 Παύλου,

2135 3355 2244 3430 ἐγὼ
2304 3352 2360 3409 δῖε
2419 3358 2593 3430 Κηφᾶ·
2663 3354 2978 3427 μεμέρισται
3041 3354 3067 3408 6
3122 3353 3388 3428 Χριστὸς;
3434 3353 3585 3422 Πλῆν
3640 3353 3793 3409 ἀλλὰ

2132 3445 2221 3499 καὶ
2256 3444 2309 3499 ὲν
2337 3446 2382 3516 ᾧ
2416 3443 2878 3518 σεμνολογοῦνται
2920 3441 3009 3498 διὰ
3046 3450 3147 3512 τῆς
3192 3439 3576 3518 παραϐάσεως’
3603 3443 3790 3498 αὐτῶν

2134 3529 2442 3605 ὑϐρίζοντες
2473 3536 2533 3588 τὸ
2579 3533 3000 3608 σεμνολόγημα,
3054 3533 3453 3612 καταφεύγουσι
3500 3532 3637 3608 πρὸς
3682 3535 3791 3602 τήν

2131 3622 2350 3692 κλῆσιν,
2373 3620 2467 3677 Ἵνα
2496 3621 2704 3700 φύγωσι
2749 3624 2850 3691 τήν
2900 3621 3189 3697 αἰσχύνην,
3220 3621 3296 3681 εἰς
3341 3622 3405 3692 ἣν
3436 3620 3632 3683 αὐτοὺς
3687 3623 3788 3694 ἐμ..

2132 3707 2351 3782 ϐάλλει,
2385 3712 2474 3767 καὶ
2510 3712 2674 3786 μόνον
2726 3711 2908 3785 ῥηθεὶς
2941 3712 2967 3766 6
2996 3719 3098 3781 τῆς
3147 3711 3476 3773 ἀποστασίας
3530 3707 3786 3766 διδάσκαο

2133 3803 2249 3864 λος.
2283 3800 2460 3856 Ἀλλά
2486 3801 2585 3876 γάρ
2616 3805 2731 3862 πῶς
2764 3799 2824 3854 οὐ
2856 3799 3248 3869 καταδύονται;
3280 3804 3378 3856 τοῦ
3425 3801 3519 3874 μὲν
3553 3799 3784 3856 Παύλου

2131 3888 2220 3945 διά
2259 3894 2358 3960 τῆς
2409 3888 2698 3960 Δαυϊδικῆς
2742 3896 2950 3969 φωνῆς,
2998 3889 3229 3964 ούρανοῦ
3261 3892 3351 3944 καὶ
3391 3896 3492 3964 γῆς
3537 3892 3781 3960 ποιητὴν

2126 3980 2217 4036 τὸν
2277 3980 2536 4051 ἀληθινὸν
2582 3981 2668 4035 καὶ
2721 3978 2918 4053 ἀγαθὸν
2973 3980 3100 4034 Θεὸν
3144 3976 3574 4046 ἐκδιδάσκοντος,
3620 3979 3784 4034 αὐτοὶ

2127 4068 2376 4144 λέγοντες
2417 4067 2587 4124 ἄλλον
2625 4069 2718 4142 μὲν
2770 4069 2901 4123 εἶναι
2944 4068 3034 4123 τὸν
3087 4068 3318 4144 ούρανοῦ
3364 4070 3626 4139 ποιητήν,
3677 4067 3786 4138 δη-

2129 4160 2388 4234 μιουργὸν
2424 4156 2478 4213 δὲ
2516 4165 2617 4227 τῆς
2647 4164 2748 4233 γῆς
2775 4154 2975 4232 ἕτερον,
3011 4155 3134 4212 οὐδὲ
3159 4161 3318 4212 τοῦτο
3343 4155 3399 4212 δὲ
3437 4152 3785 4221 ἀναϐοῶντος

2133 4245 2389 4318 ἤκουσαν,
2448 4247 2531 4302 ὅτι
2587 4249 2851 4323 Ἔπρεπεν
2911 4247 3078 4319 αὐτῷ,
3137 4248 3380 4302 τουτέστι
3438 4251 3518 4320 τῷ
3583 4249 3782 4323 Πατρί,

2135 4332 2203 4389 δι’
2239 4334 2295 4390 ὂν
2323 4337 2388 4390 τά
2417 4338 2613 4405 πάντα,
2662 4335 2750 4391 καὶ
2800 4334 2869 4391 δι’
2915 4336 2976 4391 οὗ
3023 4337 3093 4391 τὰ
3139 4337 3333 4408 πάντα,
3384 4337 3534 4398 ὅπως
3581 4336 3647 4391 οὐ
3697 4357 3784 4391 τι-

372 4426 469 4498 qui
499 4424 643 4496 ﬁlios
693 4425 890 4478 multos
941 4425 997 4476 in
1045 4422 1278 4492 gloriam
1333 4420 1552 4475 duxerit
1600 4420 1788 4475 ducem
1832 4422 2026 4480 salutis

2136 4429 2236 4478 νῶν
2270 4425 2389 4497 μὲν,
2417 4430 2580 4480 τινῶν
2613 4422 2670 4479 δὲ
2701 4423 2784 4495 ού,
2817 4423 2963 4480 ἀλλα
2992 4429 3200 4480 πάντων
3236 4425 3449 4498 ὁμοίως
3493 4433 3784 4499 Δημιουρ-

372 4533 584 4587 eorum,
616 4532 716 4587 per
744 4514 1021 4585 passiones
1043 4527 1446 4567 consummasse
1467 4511 1529 4564 ³⁸.
1557 4510 1691 4576 Quis
1711 4510 1863 4565 enim
1886 4529 2023 4582 pra:-

374 4610 462 4661 ter
515 4621 712 4661 verum
766 4603 944 4658 Deum
997 4606 1053 4656 et
1103 4601 1327 4656 Patrem
1379 4600 1604 4656 Domini
1655 4600 1836 4656 nostri
1883 4605 2017 4656 Jesu

375 4694 710 4764 Christi,vel
740 4692 956 4748 multos
976 4691 1123 4747 filios
1145 4689 2015 4754 introduxit,velducemeorum

373 4798 477 4852 per
503 4783 804 4853 passiones
859 4781 1142 4854 perfecit?
1183 4782 1340 4836 Idem
1385 4797 1516 4836 vero
1553 4781 1640 4836 vir
1686 4780 1913 4838 divinus
1963 4787 2019 4838 et

372 4875 637 4938 sanctus,
673 4889 806 4926 cum
842 4873 1149 4927 Dominum
1186 4875 1444 4926 nostrum
1481 4874 1674 4926 Jesum
1725 4871 2014 4928 Christum

371 4965 567 5015 nosset
594 4959 806 5015 habere
833 4965 1173 5030 potestatem
1196 4965 1253 5016 et
1282 4960 1592 5031 imperium
1625 4977 1657 5015 a
1679 4960 1842 5015 Patre
1865 4962 2015 5015 indi-

367 5051 584 5118 visum,
617 5049 754 5104 alibi
788 5050 858 5105 de
888 5066 953 5105 eo
986 5051 1104 5105 ait:
1139 5051 1294 5120 Quod
1322 5067 1392 5106 ex
1420 5053 1559 5121 ipso,
1587 5059 1638 5107 ει
1671 5067 1777 5122 per
1811 5052 2012 5122 ipsum,

439 5179 487 5216 ‘3
519 5178 686 5236 Hebr.
720 5195 758 5248 ι,
793 5179 846 5234 1.
953 5179 998 5215 ¹⁴
1026 5181 1047 5234 Ι
1080 5178 1206 5235 Cor.
1240 5196 1282 5247 ι,
1317 5180 1402 5244 12,
1437 5181 1522 5236 13.

1603 5179 1646 5214 ¹⁵
1671 5179 1846 5235 Hebr.
1882 5195 1945 5245 ιι,
1983 5181 2065 5235 tO.

2129 4515 2220 4589 γὸν
2253 4513 2631 4591 καταγγέλλη.
2667 4515 2768 4570 Καὶ
2801 4516 2960 4570 πόθεν
2996 4513 3189 4585 δῆλον,
3223 4514 3306 4569 ὅτι
3346 4514 3470 4590 περὶ
3517 4519 3614 4569 τοῦ
3665 4523 3781 4571 Ila-

2127 4604 2254 4676 ’πρὸς
2321 4604 2482 4658 τοῦτό
2557 4626 2769 4680 φησινς
2838 4604 2898 4658 Ἠ
2963 4607 3071 4658 τῶν
3175 4603 3433 4679 ῥημάτων
3525 4605 3782 4679 συνέχεια

2128 4698 2379 4770 παριστᾷ,
2440 4692 2684 4756 πολλοὺς
2754 4692 2902 4755 υἱοὺς
2988 4693 3063 4755 εἷς
3141 4691 3292 4763 δόξαν
3360 4692 3634 4770 ἀγαγόντα
3687 4695 3781 4749 τὸν

2129 4783 2374 4858 ἀρχηγὸν
2447 4790 2547 4852 τῆς
2616 4784 2888 4858 σωτηρίας
2984 4781 3156 4838 αὐτῶν
3253 4779 3340 4837 διὰ
3432 4783 3778 4854 παθημάτων

2124 4871 2431 4930 τελειῶσαι.
2481 4871 2572 4934 Τίς
2631 4872 2733 4950 γὰρ
2791 4871 2936 4947 παρα
3005 4872 3097 4926 τὸν
3155 4869 3413 4942 ἀληθινὸν
3493 4871 3622 4926 Θεὸν
3681 4871 3776 4926 καὶ

2130 4962 2338 5034 ΙΙατέρα
2367 4966 2463 5016 τοῦ
2507 4961 2703 5032 Κυρίου
2735 4964 2897 5035 ἡμῶν
2925 4963 3106 5032 Ἰησοῦ
3138 4963 3402 5037 Χριστοῦ,
3451 4961 3486 5031 ἢ
3517 4961 3777 5026 πολλοὺς

2125 5051 2403 5126 εἰσήγαγεν
2435 5051 2605 5123 υἱοὺς,
2638 5054 2674 5122 ἢ
2713 5051 2804 5107 τὸν
2852 5052 3097 5127 ἀρχηγὸν
3137 5051 3312 5107 αὐτῶν
3360 5048 3640 5107 ἐτελείωσε
3684 5048 3782 5108 διὰ

1539 5312 1779 5370 VARI/E
1817 5313 2207 5370 LECTIONES
2249 5314 2337 5369 ET
2374 5315 2600 5373 NOTAE.

439 5419 961 5494 (38)76507:iropoc._
1011 5418 1094 5475 Ita
1144 5420 1472 5494 appellatur
1516 5422 1693 5478 David
1747 5426 2011 5494 respectu

367 5492 799 5565 Christi,quiex
819 5492 1210 5565 semineejus,
1242 5498 1303 5548 ut
1329 5493 1518 5562 homo,
1555 5500 1726 5549 natus
1760 5492 1869 5552 est.
1907 5496 2013 5550 Eo-

367 5567 496 5621 dem
526 5563 759 5620 nomine
779 5565 837 5637 is
852 5563 1290 5637 venitDionysio
1309 5567 1658 5637 Areopagita
1673 5568 1841 5637 epist.
1857 5566 2010 5636 VIII,

361 5645 416 5712 et
448 5637 596 5692 aliis.
627 5636 905 5712 Similiter
950 5636 1131 5712 Maria
1187 5636 1489 5712 Θεομῄτωρ
1524 5639 1687 5712 audit
1713 5636 2010 5712 Gregorio

363 5709 625 5783 Nysseno
655 5709 715 5764 in
747 5707 904 5765 Orat.
939 5709 1008 5765 de
1041 5723 1281 5765 occursu
1324 5707 1579 5765 Domini.

2195 5423 2306 5494 (39)
2339 5423 2760 5506 ’ξπιγράφενται
2790 5427 3009 5506 τοῦτον.
3045 5425 3190 5481 Hinc
3234 5427 3379 5482 forte
3411 5443 3523 5482 non
3565 5431 3782 5506 praeter

2123 5510 2243 5550 rem
2272 5495 2966 5579 _colligas,-:Pauliciaonos
3018 5514 3229 5579 nomen
3280 5515 3538 5579 suumna
3565 5495 3777 5557 'Paulo

2123 5568 2384 5638 apostolo
2417 5568 2737 5637 repetiisse,
2769 5569 2864 5651 qui
2897 5585 3046 5639 vere,
3071 5574 3135 5624 ut
3155 5587 3332 5642 supra
3363 5571 3636 5626 traditum
3660 5578 3774 5638 est,

2121 5653 2154 5692 a
2183 5639 2358 5695 Paulo
2390 5640 2556 5712 longe
2591 5645 2908 5696 recentiore
2938 5643 3016 5697 ita
3046 5642 3510 5714 appellabantur.
