4084 6210
387 413 503 475 147

1591 402 1860 468 ΡΗΟΤΙΙ
1902 402 2183 464 PATRIA
2199 401 2426 464 RCHIE
2464 402 2580 463 ΟΡ.

3666 391 3787 457 148

384 555 463 617 to,
501 547 598 604 ubi
629 549 923 604 tentarunt
957 562 1047 602 me
1092 554 1273 618 patres
1302 545 1494 613 vestri,
1539 559 1650 612 me,
1684 558 1802 600 non
1834 544 2028 598 autem

2156 535 2490 613 ἐξελέγχεται
2539 534 2933 612 διαμαρτοῦσα.
2984 536 3044 589 '0
3091 529 3149 589 δὶ
3192 532 3394 608 θερμὸς
3442 530 3648 594 ἐκεῖνος
3699 531 3792 587 καὶ

390 637 571 695 alium
602 641 653 693 et
703 636 1012 708 probarunt
1054 652 1164 697 me,
1216 640 1265 693 et
1312 650 1477 708 opera
1522 648 1645 691 mea
1682 632 1938 689 viderunt
1969 632 2034 687 η.

392 728 704 799 Propterea
732 726 981 794 seducti,
1015 725 1151 797 quia
1188 724 1313 782 vias
1343 740 1505 781 meas
1545 736 1891 797 cognoscere
1931 737 2037 778 no-

394 818 647 878 luerunt.
675 815 736 871 in
762 814 1017 886 requiem
1053 829 1241 871 meam
1272 829 1388 871 non
1410 812 1816 870 introiverunt.
1842 815 2037 881 Itaque

394 923 488 977 ne,
510 914 570 963 ut
598 904 684 962 illi
711 904 1131 961 exacerbarunt
1150 904 1360 973 Deum,
1375 908 1432 960 et
1455 920 1571 961 non
1592 902 2039 967 crediderunt,et

396 1001 756 1055 recesserunt
773 993 846 1050 ab
866 1008 955 1061 eo,
978 1009 1081 1050 vos
1097 1010 1332 1067 quoque
1353 992 1631 1051 recedatis
1649 1010 1683 1047 a
1706 993 1839 1057 Deo,
1854 1005 2038 1062 neque

396 1084 684 1142 induretis
705 1084 880 1140 corda
897 1090 1101 1151 vestra,
1136 1088 1202 1139 ut
1229 1083 1337 1155 illi,
1369 1099 1554 1155 neque
1578 1081 1894 1139 imitemini
1913 1097 2033 1137 eos:

397 1175 612 1247 quibus
634 1172 902 1229 infensus
925 1172 1035 1229 fuit
1054 1174 1209 1230 Deus
1236 1188 1340 1246 per
1356 1173 1746 1247 quadraginta
1775 1187 1960 1229 annos
1980 1170 2037 1226 in

394 1267 643 1333 deserto,
660 1278 911 1335 quorum
928 1270 980 1318 et
1003 1264 1270 1320 membra
1288 1262 1349 1318 in
1363 1279 1429 1319 eo
1450 1261 1705 1335 collapsa
1717 1265 1878 1319 sunt.
1892 1260 2039 1317 Nam

394 1367 497 1424 per
546 1350 1020 1409 incredulitatem
1050 1350 1135 1407 illi
1184 1369 1300 1408 non
1351 1355 1663 1424 potuerunt
1704 1350 1930 1424 ingredi
1979 1350 2039 1406 in

395 1441 649 1512 quietem
681 1440 804 1497 Dei.
843 1441 1151 1498 Vereamur
1199 1441 1413 1513 itaque,
1446 1456 1519 1497 ne
1566 1441 1625 1497 in
1659 1439 1777 1497 ullo
1816 1455 2040 1505 eorum,

400 1546 527 1602 quae
577 1532 865 1602 praecepta
892 1533 1049 1598 sunt,
1098 1529 1459 1597 deﬁciamus,
1491 1533 1590 1586 aut
1636 1528 2043 1586 incredulitate

408 1619 765 1675 laboremus.
791 1618 896 1686 Qui
917 1619 1073 1674 enim
1096 1618 1448 1675 crediderint
1477 1634 1546 1675 ex
1576 1618 1744 1675 nobis
1770 1617 1933 1691 ipsis,
1951 1617 2042 1674 in-

404 1707 819 1778 gredienturin
850 1709 1105 1778 quietem
1137 1708 1286 1779 ejus.
1313 1711 1499 1780 thue
1519 1706 1895 1778 intelligatur,
1915 1706 2045 1778 quis

402 1797 514 1853 ista
535 1796 826 1865 statuerit,
849 1796 1005 1853 dicta
1026 1796 1147 1853 haec
1168 1814 1276 1853 sua
1303 1796 1556 1870 amplius
1583 1813 1820 1865 acuens,
1852 1800 1910 1852 et
1937 1796 2042 1852 do-

2147 622 2411 701 ὃιάπυρος
2447 632 2547 696 τῆς
2586 623 2849 697 ἀληθείας
2891 622 3122 698 ἐραστὴς
3153 619 3280 678 οὐδὲ
3309 625 3425 685 τοῖς
3475 620 3795 698 εἰρημένοις

2145 713 2423 791 ἀρκεσθεὶς
2472 714 2549 777 εἰς
2586 713 2650 769 τὸ
2689 714 2912 787 συνάψαι
2961 711 3054 768 τὸν
3103 710 3272 786 νόμον
3317 713 3386 785 τῇ
3435 709 3645 787 χάριτι,
3700 708 3797 764 καὶ

2149 800 2315 874 δεῖξαι
2344 808 2514 858 ταῦτα
2539 804 2694 859 κοινᾶ
2732 806 2830 858 τοῦ
2870 801 3081 877 [ἰατρὸς
3112 800 3205 856 καὶ
3240 803 3338 855 τοῦ
3376 800 3525 872 Υἱοῦ,
3571 797 3671 855 οὐκ
3699 796 3801 856 ἄλ·-

2149 891 2247 948 λον
2288 892 2543 968 πειράσαι
2591 890 2721 953 τοὺς
2768 890 3267 965 παραπικράναντας
3314 888 3532 961 Μωσέα,
3579 892 3673 945 καί
3723 885 3801 943 δι’

2147 982 2318 1039 αὐτοῦ
2373 983 2465 1039 τὸν
2526 982 2678 1054 Θεὸν,
2734 979 2863 1037 ἀλλ’
2918 979 3140 1052 ἐκεῖνον,
3194 978 3254 1034 ὃν
3311 975 3696 1056 καταγγέλλει,
3729 978 3796 1035 τὸ

2150 1076 2369 1146 Πνεῦμα
2398 1072 2462 1128 τὸ
2493 1072 2644 1148 ἅγιον
2678 1090 2692 1103 ·
2742 1069 2887 1126 Κατὰ
2912 1071 3011 1141 τήν
3039 1069 3247 1143 ἡμέραν
3290 1067 3418 1146 γὰρ,
3466 1070 3649 1146 φησὶν,
3692 1071 3799 1123 τοῦ

2146 1168 2452 1240 πειρασμοῦ
2500 1162 2552 1219 έν
2604 1169 2675 1239 τῇ
2735 1161 2926 1238 ἐρήμῳ
2982 1162 3044 1217 οῦ
3102 1159 3385 1236 ἐπείρασάν
3450 1181 3519 1233 με
3583 1162 3633 1215 oi
3687 1181 3796 1215 πα-

2146 1252 2296 1328 τέρες
2354 1252 2531 1329 ὒμῶν,
2608 1252 2705 1325 ἐμὲ
2777 1252 2865 1307 καὶ
2936 1249 3034 1306 οὐκ
3108 1247 3302 1320 ἄλλον,
3374 1249 3465 1305 καὶ
3529 1246 3801 1324 ἐδοκίμα-

2149 1340 2243 1397 σάν
2305 1362 2393 1416 με,
2447 1342 2538 1397 καὶ
2595 1339 2734 1397 εἶδον
2792 1340 2860 1396 ti
2922 1333 3055 1415 ἔργα
3119 1359 3254 1413 μου.
3326 1337 3423 1394 Διὰ
3478 1342 3641 1394 τοῦτο
3703 1340 3801 1394 καὶ

2148 1429 2537 1502 πλανηθέντες,
2587 1428 2702 1486 ἐπεὶ
2751 1430 2828 1502 μὴ
2877 1433 3048 1504 γῶναι
3086 1428 3182 1492 τὰς
3229 1425 3388 1491 ὁδούς
3441 1448 3547 1501 μου
3604 1427 3804 1503 ᾑρετέ-

2152 1540 2331 1578 σαντο.
2364 1518 2464 1576 ούκ
2518 1518 2772 1590 εἰσῆλθον
2830 1518 2907 1581 εἰς
2961 1520 3061 1589 τὴν
3099 1516 3430 1573 κατάπαυσίν
3498 1538 3625 1591 μου.
3672 1518 3807 1574 Εἶτα

2157 1610 2235 1684 μὴ
2285 1607 2402 1679 οῦν,
2457 1611 2637 1672 καθὼς
2686 1607 2884 1665 ἐκεῖνοι
2933 1608 3339 1684 παρεπίκραναν
3381 1608 3475 1663 τὸν
3526 1606 3679 1677 Θεὸν,
3710 1607 3807 1662 καὶ

2152 1699 2460 1770 ἠπίστησαν
2503 1699 2596 1755 καὶ
2643 1697 2947 1770 ἀπέστησαν
2988 1697 3173 1767 αύτσῦ,
3227 1698 3305 1772 μὴ
3354 1695 3447 1753 καὶ
3491 1697 3651 1772 ῦμεῖς
3698 1701 3806 1753 τοῦ

2154 1791 2358 1857 ζῶντος
2407 1786 2682 1857 ἂποστῆσε
2730 1787 2886 1857 Θεοῦ,
2939 1783 3082 1860 μηδὲ
3127 1785 3471 1860 σκληρύνητε
3517 1784 3615 1848 τάς
3664 1804 3807 1861 καρ-

405 1901 543 1942 cens
570 1886 836 1943 eumdem
868 1887 1046 1942 Deum
1082 1886 1141 1941 in
1171 1886 1366 1944 Veteri
1393 1895 1447 1943 et
1486 1887 1642 1943 Novo
1671 1887 2045 1942 Testamento

2156 1875 2271 1941 δίας
2305 1878 2454 1953 ὑμῶν
2480 1878 2554 1948 ᾡς
2602 1875 2822 1947 ἒκεῖνοι,
2859 1874 3003 1952 μηδέ
3049 1874 3306 1947 ζηλοῦτε,
3355 1876 3438 1938 οἷς
3485 1875 3809 1952 προσώχθι-

405 1978 463 2030 et
487 1975 756 2043 condere,
788 1980 842 2031 et
883 1988 1129 2045 servare,
1165 1979 1222 2031 et
1271 1974 1495 2046 punire,
1530 1979 1587 2032 et
1634 1974 1877 2046 implere
1916 1991 2046 2046 pro-

406 2065 608 2134 missa,
631 2079 761 2121 cum
788 2062 1074 2136 singulari
1105 2064 1322 2122 ﬁducia
1337 2065 1531 2122 addit:
1565 2066 1648 2122 Ita
1668 2069 1727 2121 ut
1745 2066 2050 2136 iuraverim

406 2155 469 2209 in
504 2154 595 2208 ira
612 2168 755 2223 mea,
776 2153 829 2208 si
856 2153 1243 2223 ingrediantur
1261 2156 1322 2211 in
1347 2155 1593 2228 requiem
1608 2171 1791 2211 meam
1804 2154 1872 2212 2°.
1891 2155 2048 2211 Idem

410 2242 607 2315 igitur,
643 2240 745 2315 qui
775 2247 917 2299 tunc
946 2242 1180 2314 quidem
1210 2241 1346 2301 illos
1376 2243 1706 2301 incredulos
1730 2261 1847 2301 non
1876 2244 2055 2301 intro-

407 2330 594 2400 duxit,
617 2332 795 2389 etiam
829 2347 986 2387 nunc
1008 2331 1280 2388 similiter
1307 2348 1423 2388 non
1455 2333 1756 2390 credentes
1789 2350 1823 2388 a
1853 2333 2054 2405 requie

408 2419 685 2476 excludit.
718 2420 789 2475 Et
819 2419 1049 2475 inﬁnita
1079 2419 1194 2476 alia
1222 2421 1510 2492 ejusmodi
1542 2422 1603 2478 in
1632 2422 1816 2478 sacris
1847 2438 2053 2479 oracu-

409 2507 506 2578 lis,
540 2508 709 2565 nobis
754 2508 829 2564 ob
859 2506 1059 2564 oculos
1113 2508 1341 2580 positis,
1391 2510 1723 2583 expendens
1772 2509 2057 2568 invenerit

409 2598 685 2653 eumdem
712 2595 919 2666 Deum,
953 2612 1056 2668 per
1084 2595 1305 2665 Mosen,
1329 2597 1611 2670 populum
1641 2598 2051 2672 Israeliticum,

412 2689 472 2742 et
482 2701 585 2757 per
605 2684 806 2741 Jesum
827 2686 1119 2744 Christum
1142 2687 1481 2745 hominesin
1504 2687 1660 2744 Novo
1674 2689 2054 2748 Testamento

411 2774 753 2846 gubernare.
807 2775 963 2833 Idem
1004 2775 1103 2834 ille
1151 2778 1296 2835 alios
1344 2777 1582 2849 quidem
1631 2778 1954 2836 introducit
2001 2786 2056 2837 et

414 2862 553 2920 olim
584 2867 644 2920 et
673 2879 827 2921 nunc
866 2864 926 2922 in
968 2864 1163 2923 locum
1195 2867 1426 2940 quietis,
1457 2866 1604 2924 alios
1642 2883 1773 2925 vero
1805 2867 2052 2942 repellit.

410 2949 517 3007 Vir
544 2951 697 3008 enim
737 2954 1252 3026 contemplationis
1291 2955 1760 3013 studiosissimus
1790 2957 2054 3030 ejusdem

410 3039 568 3098 videt
610 3057 738 3098 esse
786 3049 839 3097 et
881 3047 1132 3101 veterem
1176 3043 1335 3101 illam
1384 3045 1669 3117 requiem,
1719 3062 1847 3118 quas
1906 3055 2056 3105 terra

408 3130 706 3202 promissa
743 3134 888 3201 erat,
919 3136 977 3190 et
1024 3133 1265 3190 alteram
1313 3132 1477 3190 illam
1526 3150 1759 3207 novam,
1790 3151 1917 3208 qua
1965 3140 2054 3194 est

2162 1988 2247 2023 σεν
2280 1968 2308 2023 6
2359 1965 2489 2030 Θεὸς
2538 1966 2626 2021 ἐπὶ
2671 1965 3069 2041 τεσσαράκοντα
3112 1960 3205 2037 ἔτη
3253 1962 3308 2020 ἐν
3355 1967 3425 2039 τῇ
3466 1964 3683 2040 ἐρήμῳ,
3725 1966 3805 2020 ὧν

2160 2057 2251 2112 καὶ
2287 2057 2355 2111 τά
2395 2054 2552 2113 κῶλα
2596 2049 2783 2111 ἔπεσον
2824 2053 2876 2110 έν
2926 2053 3086 2130 αὐτῇ.
3137 2054 3238 2111 Καὶ
3286 2054 3391 2130 γὰρ
3437 2051 3506 2110 δι’
3550 2052 3804 2110 ἀπιστίαν

2159 2146 2354 2202 ἐκεῖνοι
2393 2146 2494 2202 οὐκ
2543 2143 2891 2217 ἠδυνήθησαν
2939 2143 3198 2201 εἰσελθεῖν
3253 2144 3330 2208 εἰς
3375 2146 3476 2214 τὴν
3530 2144 3806 2201 κατάπαυ-

2160 2257 2243 2291 σιν
2272 2239 2367 2291 τοῦ
2398 2238 2552 2291 Θεοῦ.
2587 2229 2933 2308 Φοϐηθῶμεν
2973 2232 3066 2289 οὖν
3098 2235 3152 2290 ὲν
3193 2230 3390 2308 μηδενὶ
3421 2236 3528 2289 τῶν
3567 2253 3803 2309 προστε-

2158 2326 2442 2402 ταγμένων
2504 2326 2814 2399 ὑστερῆσαι,
2867 2324 2902 2395 ἢ
2963 2323 3215 2380 ἀπιστίαν
3272 2330 3523 2394 νοσῆσαι.
3582 2323 3647 2380 Ol.
3707 2324 3809 2397 μὶν

2161 2416 2264 2494 γὰρ
2318 2416 2696 2478 πιστεύσαντες
2771 2415 2821 2486 ἐξ
2910 2418 3072 2489 ἡμῶν
3141 2414 3338 2483 αὐτῶν,
3408 2413 3807 2471 εἰσελεύσονται

2161 2505 2239 2571 εἷς
2273 2506 2372 2574 τήν
2429 2502 2758 2561 κατάπαυσιν
2818 2502 3005 2562 αὸτοῦ.
3060 2504 3160 2561 Καὶ
3200 2503 3284 2567 τίς
3337 2504 3366 2559 6
3422 2502 3809 2583 ψηφισάμενος

2160 2598 2348 2665 τοῦτο,
2397 2594 2734 2671 έπισφίγγων
2784 2594 2957 2650 πλέον
3004 2594 3073 2648 τὰ
3111 2591 3396 2667 εἰρημένα,
3449 2592 3541 2648 καὶ
3590 2589 3807 2657 δεικνὺς

2162 2684 2254 2740 τὸν
2284 2684 2447 2739 ἀύτὸν
2496 2684 2626 2739 Θεὸν
2657 2684 2746 2738 καὶ
2788 2683 2839 2737 έν
2867 2687 2936 2757 τῇ
2991 2681 3207 2754 Παλαιᾷ
3237 2682 3329 2737 καὶ
3377 2680 3430 2737 ἑν
3478 2684 3548 2756 τῇ
3589 2682 3808 2758 χάριτι,

2162 2773 2252 2829 καὶ
2303 2770 2660 2850 δημιουργεῖν
2710 2771 2801 2827 καὶ
2851 2773 3041 2842 σώζειν
3073 2773 3164 2827 καὶ
3220 2769 3472 2841 κολάζειν
3516 2770 3609 2826 καὶ
3659 2770 3810 2842 πλη-

2165 2866 2290 2940 ροῦν
2328 2862 2397 2918 τὰ
2453 2860 2856 2938 ἐπηγγελμένα,
2909 2861 3043 2935 μετὰ
3099 2858 3358 2935 λαμπρᾶς
3411 2860 3654 2939 ἐπιφέρει
3700 2867 3809 2932 τῆς

2162 2948 2491 3029 παρρησίας,
2544 2954 2634 3013 Ὡς
2700 2948 2894 3024 ὤμοσα
2951 2947 3006 3005 ἓν
3060 2952 3131 3023 τῇ
3200 2949 3341 3026 ὀργῇ
3404 2971 3529 3024 μου,
3589 2950 3639 3005 εἶ
3693 2949 3810 3006 sia-

2164 3038 2471 3096 ελεύσονται
2522 3038 2598 3102 εἷς
2643 3039 2741 3108 τὴν
2788 3037 3120 3094 κατάπαυσίν
3173 3058 3298 3113 μου.
3356 3039 3416 3094 '0
3467 3039 3630 3100 αὐτὸς
3685 3036 3810 3113 οῦν,

2165 3128 2224 3191 ὃς
2253 3128 2378 3184 τότε
2410 3127 2505 3202 μὲν
2548 3125 2787 3189 ἐκείνους
2817 3127 3214 3198 ἀπιστήσαντας
3254 3125 3354 3182 οὐκ
3382 3125 3682 3205 εἰσήνεγκε,
3714 3127 3812 3182 καί

407 3197 653 3292 regnum
678 3197 913 3277 cmleste
945 3237 960 3277 :
1002 3221 1159 3279 videt
1186 3223 1460 3281 eumdem
1490 3227 1550 3281 et
1592 3197 1880 3297 supplicio
1912 3241 2045 3299 pro—-

2162 3221 2251 3272 νῦν
2306 3197 2516 3292 ὁμοίως
2569 3214 2698 3278 τοὺς
2743 3197 3101 3278 ἀπιστοῦντας
3142 3214 3451 3291 ὑπερορίζει
3492 3197 3600 3285 τῆς
3645 3236 3817 3272 κατα-

384 3307 614 3365 ’ωεινὶιο
661 3308 915 3382 afﬁcere,
954 3313 1013 3367 et
1058 3311 1307 3370 salutem
1358 3312 1580 3386 praemii
1628 3313 1815 3371 instar
1858 3314 2052 3372 distri-

408 3395 606 3466 buere,
653 3400 711 3453 et
754 3396 869 3454 alia
912 3398 1121 3456 multa.
1171 3400 1230 3455 Si
1261 3416 1419 3471 vero,
1447 3402 1600 3473 quod
1651 3404 2048 3473 apostatarum

407 3499 577 3542 mens
621 3485 767 3557 vult,
810 3490 1007 3543 vetera
1054 3487 1155 3545 illa
1203 3505 1236 3545 a
1283 3489 1436 3546 malo
1479 3496 1691 3557 essent,
1742 3490 2049 3562 oportebat

404 3589 526 3641 eos,
550 3574 649 3646 qui
681 3576 753 3632 ad
784 3577 977 3647 ipsum
1010 3578 1373 3646 accederent,
1397 3578 1725 3651 etpriemiis
1745 3585 1800 3635 et
1820 3582 2047 3638 coronis

403 3662 575 3734 affici,
599 3668 775 3737 atque
798 3665 858 3721 in
880 3665 1137 3737 quietem
1161 3665 1424 3738 introire,
1447 3667 1710 3740 adeoque
1729 3684 1837 3726 nec
1861 3684 2047 3726 mem-

401 3751 500 3809 bra
528 3753 589 3809 in
638 3753 870 3811 deserto
918 3754 1267 3825 relinquere,
1314 3771 1420 3813 nec
1468 3773 1670 3830 pinnas
1718 3757 1853 3815 dare
1901 3758 2045 3816 tales

400 3841 608 3913 quales
635 3846 850 3917 paratas
882 3852 1020 3902 sunt
1058 3843 1198 3917 illis,
1230 3846 1330 3919 qui
1359 3846 1420 3904 in
1458 3862 1658 3905 verum
1689 3849 1870 3907 Deum
1912 3865 2045 3923 pec-

401 3935 556 3988 cant.

2158 3306 2426 3368 παύσεως.
2490 3304 2586 3363 Καὶ
2660 3304 2827 3381 μυρία
2888 3301 3036 3360 ἄλλα
3110 3303 3162 3359 έν
3234 3308 3354 3366 ταῖς
3420 3304 3817 3378 προκειμέναις

2155 3396 2376 3458 ταύταις
2406 3396 2577 3470 ἱεραῖς
2613 3397 2818 3472 φωναῖς
2856 3394 2884 3448 6
2927 3390 3239 3448 διασκοπων
3279 3392 3633 3468 ἐπιθεωρήσει
3665 3395 3792 3468 (45)

2154 3489 2247 3544 τὸν
2294 3485 2454 3542 αὐτὸν
2505 3486 2633 3542 Θεὸν
2692 3485 2933 3559 εὑρήσει,
2974 3484 3063 3539 καὶ
3116 3480 3205 3539 διὰ
3245 3479 3489 3546 Μωσέως
3545 3484 3637 3539 τὸν
3692 3485 3801 3542 Ἰσ-

2157 3574 2426 3653 ραηλίτην
2474 3575 2607 3633 λαὸν
2657 3569 3109 3649 ὃιακυϐερνῶντα,
3157 3575 3248 3629 καὶ
3295 3571 3385 3629 διὰ
3432 3575 3612 3645 Ἰησοῦ
3658 3582 3802 3650 Χρι-

2155 3672 2283 3723 στοῦ
2337 3668 2429 3722 τὸν
2487 3673 2587 3736 τῆς
2647 3664 2894 3742 χάριτος.
2936 3665 2993 3721 Ὀ
3057 3663 3218 3727 αὐτὸς
3262 3662 3465 3727 ἐκεῖνος
3517 3663 3644 3728 τοὺς
3696 3665 3798 3738 μὲν

2155 3755 2359 3835 εῒσάγει
2389 3754 2477 3812 καὶ
2516 3753 2688 3811 πάλαι
2739 3752 2829 3809 καὶ
2876 3756 2968 3809 νῦν
3006 3753 3083 3817 εἷς
3121 3755 3214 3809 τὸν
3257 3759 3361 3824 τῆς
3408 3752 3804 3817 καταπαύσεως

2151 3847 2339 3918 τόπον,
2400 3845 2526 3908 τοὺς
2575 3843 2634 3901 δὲ
2689 3844 3074 3921 ἀποκηρύττει.
3130 3847 3236 3900 Τοῦ
3292 3842 3459 3900 αὐτοῦ
3517 3846 3713 3919 θεωρεῖ
3769 3845 3801 3900 6

2155 3935 2506 4017 φιλοθεάμων
2580 3935 2671 3990 καὶ
2746 3934 2844 4002 τὴν
2918 3931 3155 3988 παλαιὰν
3230 3930 3565 3988 κατάπαυσιν
3636 3931 3805 4004 εἶναι,

397 4018 520 4090 ἥτις
559 4021 625 4092 ἦν
677 4023 712 4092 ἡ
762 4020 1155 4101 ἔπηγγελμένη
1203 4032 1298 4102 γῆ,
1346 4027 1437 4084 καὶ
1481 4029 1583 4099 τήν
1631 4027 1854 4104 ὕστερον
1895 4030 2249 4097 κατάπαυσιν,
2296 4026 2418 4098 ἥτις
2461 4024 2602 4082 ἐστὶν
2654 4026 2689 4095 ἡ
2741 4024 2994 4101 οὐράνιος
3045 4022 3312 4100 βασιλεία,
3357 4023 3451 4078 τὸν
3499 4020 3657 4079 αὺτὸν
3708 4022 3807 4079 καὶ

395 4112 497 4182 τὴν
546 4113 791 4188 τιμωρὸν
852 4112 1070 4190 ἐπάγειν
1118 4113 1298 4189 δίκην,
1355 4118 1445 4175 καὶ
1490 4120 1590 4189 τήν
1651 4118 1926 4194 σωτηρίαν
1979 4114 2286 4195 βραϐεύειν,
2330 4118 2417 4173 καὶ
2476 4113 2665 4171 πολλὰ
2720 4112 2865 4171 ἄλλα
2904 4116 3033 4188 (46).
3096 4113 3157 4170 Εἰ
3205 4110 3261 4169 δὲ
3315 4113 3405 4183 ἦν,
3456 4112 3531 4176 ὡς
3590 4113 3619 4168 6
3662 4111 3811 4168 ἁπο-

398 4201 600 4273 στάτης
648 4201 903 4277 βούλεται
957 4203 1242 4280 λογισμὸς,
1291 4211 1358 4262 τά
1400 4207 1610 4263 παλαιὰ
1653 4212 1750 4262 τοῦ
1798 4212 2075 4281 Πονηροῦ,
2124 4204 2230 4261 ἔδει
2284 4205 2415 4268 τοὺς
2468 4206 2561 4279 μὲν
2613 4204 3115 4280 προσκεκρουκότας
3163 4202 3309 4277 αὐτῷ
3357 4204 3449 4259 καὶ
3490 4206 3660 4280 γερῶν
3711 4202 3808 4259 καὶ

397 4289 670 4364 στεφάνων
730 4291 1052 4363 ἀξιωθῆναι,
1109 4294 1199 4347 καὶ
1255 4293 1333 4357 εἰς
1384 4296 1483 4363 τήν
1539 4295 1871 4351 κατάπαυσιν
1932 4296 2191 4351 εἴσελθεῖν

2254 4313 2267 4327 ⁸
2324 4294 2416 4350 καὶ
2476 4296 2615 4368 μήτε
2671 4296 2738 4351 τά
2791 4292 2947 4350 κῶλα
3006 4293 3185 4350 λιπεῖν
3254 4292 3307 4349 έν
3370 4286 3589 4369 ἐρήμῳ,
3660 4294 3812 4367 μήτε

397 4373 581 4432 δοῦναι
613 4374 766 4441 δίκας
792 4379 1070 4450 τοιαύτας,
1102 4380 1189 4434 οἷα
1226 4386 1345 4444 τοῖς
1372 4383 1773 4456 ἁμαρτάνουσιν
1806 4384 1881 4446 εἷς
1911 4384 2002 4438 τὸν
2034 4383 2293 4454 ἀληθινὸν
2336 4382 2650 4439 ἀπόκεινται
2682 4382 2838 4442 Θεόν.

428 4468 589 4525 ’ΧΙΙ.
634 4474 706 4525 At
754 4470 1044 4539 quomodo
1093 4470 1234 4525 alibi
1283 4470 1439 4527 idem
1488 4473 1586 4529 ille
1635 4474 1792 4531 orbis
1837 4475 2040 4532 doctor

2220 4474 2327 4531 IB‘.
2361 4472 2539 4531 Ἀλλά
2585 4478 2703 4537 πῶς
2751 4472 2918 4529 πάλιν
2971 4471 3064 4528 τὸν
3121 4472 3352 4544 Ἀαρὼν,
3408 4471 3438 4526 6
3486 4470 3652 4534 αὐτὸς
3699 4477 3807 4543 τῆς

393 4559 683 4614 Aaronem
714 4558 793 4613 ait
826 4575 859 4613 ἃ
889 4557 1004 4614 D80
1035 4562 1307 4617 vocatum
1351 4576 1480 4618 8838
1510 4577 1807 4620 summum
1855 4560 2041 4621 8:806!-

397 4645 616 4715 dotem,
647 4646 800 4703 sicut
829 4651 886 4703 et
927 4645 1227 4704 Christum
1256 4647 1284 4706 ?
1320 4650 1435 4708 Non
1466 4652 1623 4708 enim
1659 4654 1767 4709 sibi
1797 4653 1926 4726 ipsi,
1960 4654 2042 4711 ait

398 4734 693 4807 quisquam
719 4739 889 4794 sumit
917 4736 1197 4806 honorem,
1225 4739 1320 4796 sed
1357 4742 1456 4812 qui
1486 4745 1703 4799 vocatus
1739 4747 1820 4799 est
1846 4760 1883 4799 a
1910 4744 2038 4813 Deo,

394 4824 539 4880 sicut
568 4834 621 4880 et
650 4826 838 4883 Aaron
871 4844 885 4883 :
915 4829 996 4884 ita
1025 4837 1076 4886 et
1108 4827 1359 4887 Christus
1380 4845 1488 4887 non
1518 4847 1576 4887 se
1595 4833 1778 4905 ipsum
1809 4831 2042 4891 honora-

395 4912 498 4979 vit,
531 4917 590 4969 ut
621 4914 773 4985 ﬁeret
802 4932 1051 4974 summus
1079 4919 1357 4988 sacerdos,
1375 4919 1468 4976 sed
1494 4922 1596 4992 qui
1623 4921 1834 4978 locutus
1860 4927 1940 4979 est
1968 4923 2042 4978 ad

396 5003 580 5074 ipsum
603 5024 622 5058 :
651 5004 829 5061 Filius
857 5021 1008 5062 meus
1028 5021 1085 5064 es
1115 5010 1198 5076 tu,
1219 5024 1315 5081 ego
1345 5008 1505 5066 hodie
1521 5012 1690 5083 genui
1708 5019 1759 5069 te
1781 5009 1847 5068 ³⁸.
1871 5011 1931 5068 Si
1953 5028 2042 5068 ve-

397 5107 481 5161 ro,
515 5092 615 5164 qui
673 5092 971 5151 Christum
1033 5096 1257 5154 vocavit
1305 5099 1664 5157 sacerdotem
1717 5115 2039 5167 summum,

396 5179 550 5238 idem
583 5189 689 5253 est,
721 5184 824 5256 qui
852 5187 909 5240 et
937 5185 1222 5242 Aaronem
1252 5202 1354 5258 per
1381 5189 1576 5245 Mosen
1609 5190 1797 5257 unxit,
1818 5197 1873 5247 et
1894 5204 2038 5246 neu-

468 5304 515 5343 “
544 5306 718 5364 Hebr.
749 5324 835 5378 ιιι,
866 5309 921 5368 9.
996 5308 1044 5346 ³ο
1072 5310 1223 5367 Psal.
1255 5327 1407 5382 xcrv,
1442 5316 1530 5369 11.
1606 5312 1652 5351 ³1
1688 5315 1857 5375 llehr.
1888 5331 1943 5382 v,
1973 5314 2027 5385 4,
2058 5314 2115 5371 5.

2151 4561 2478 4637 οἰκουμένης
2508 4561 2658 4641 λέγει
2700 4559 3028 4624 διδάσκαλος
3073 4561 3179 4617 ὑπὸ
3209 4565 3307 4616 τοῦ
3346 4562 3481 4617 Θεοῦ
3518 4558 3804 4632 κληθῆναι

2150 4651 2432 4729 ἀρχιερέα,
2464 4650 2641 4724 ὥςπερ
2698 4650 2789 4706 καὶ
2819 4651 2912 4707 τὸν
2963 4650 3231 4724 Χριστύνς
3281 4648 3403 4725 Ούχ
3448 4649 3624 4721 ἑαυτῷ
3663 4649 3799 4724 γάρ,

2150 4741 2305 4819 φησὶ,
2358 4742 2440 4803 τῖς
2498 4734 2769 4815 λαμϐάνει
2824 4740 2924 4808 τὴν
2984 4740 3180 4812 τιμὴν,
3238 4735 3365 4793 ἄλλ’
3424 4738 3453 4793 6
3520 4735 3802 4813 καλούμε-

2148 4852 2240 4894 νος
2303 4831 2406 4886 ὑπὸ
2482 4834 2581 4886 τοῦ
2663 4832 2816 4900 Θεοῦ,
2888 4829 3129 4903 καθάπερ
3185 4828 3277 4883 καὶ
3342 4826 3575 4903 ’Δαρὼν,
3647 4826 3800 4883 οὕτω

2148 4921 2238 4975 καὶ
2325 4920 2353 4975 6
2439 4924 2689 4995 Χριστὸς,
2787 4916 2894 4995 οὐχ
2969 4916 3157 4974 ἑαυτὸν
3250 4912 3466 4987 ἒδέξασε
3546 4916 3802 4990 γενέσθαι

2150 5007 2430 5082 ἀρχιερέα,
2497 5004 2626 5062 ἀλλ’
2683 5005 2711 5060 6
2770 5003 3018 5076 λαλήσας
3078 5004 3214 5079 πρὸς
3272 5001 3454 5074 αὐτὸν,
3509 5002 3638 5066 Υἱός
3691 5023 3803 5077 μου

2150 5094 2196 5151 εἴ
2267 5097 2351 5166 σὺ,
2411 5094 2521 5171 ἐγὼ
2579 5097 2818 5170 σήμερον
2874 5092 3169 5171 γεγέννηκά
3220 5112 3296 5148 σε.
3358 5090 3421 5148 Εἰ
3480 5087 3539 5146 δί
3613 5092 3644 5147 6
3704 5090 3802 5147 τὸν

2149 5185 2375 5263 Χριστὸν
2437 5183 2669 5249 καλέσας
2717 5183 3005 5265 ἀρχιερέα,
3058 5182 3218 5245 οὗτός
3282 5180 3425 5240 ἐστιν
3475 5181 3504 5236 6
3559 5179 3656 5236 καὶ
3711 5182 3808 5237 τὸν

1555 5439 1795 5498 νΑΒΙΑΕ
1831 5438 2226 5499 LECTIONES
2265 5439 2355 5496 ET
2394 5439 2624 5497 ΝΟΤᾸΕ.

466 5534 581 5607 (45)
609 5533 1023 5608 Ἐπιθιωρήσει.
1057 5535 1223 5591 Forte
1271 5541 1403 5608 post
1448 5537 1557 5595 hoc
1604 5540 1843 5596 verbum
1883 5540 2035 5596 exci-

398 5604 484 5662 dit
516 5604 955 5689 particulajiai,
989 5623 1138 5689 quin
1164 5604 1417 5689 sequens
1454 5610 1697 5689 verbum
1749 5628 1898 5689 cum_
1921 5612 2033 5689 isto

401 5676 1021 5764 copjlu\ngat‘,‘nisi“pro
1047 5676 1420 5764 antecedente
1451 5676 1503 5733 tv
1534 5681 1721 5764 legere
1762 5681 1936 5764 malis
1964 5681 2032 5764 si:

470 5744 586 5823 (£6)
625 5744 831 5805 ἴἈλλιιι.
890 5744 1028 5807 Post
1082 5749 1204 5809 hac
1259 5752 1433 5809 verba
1486 5744 1744 5824 spatium
1799 5753 2035 5824 aliquod

2158 5536 2386 5595 lineolis
2412 5535 3017 5609 aliquot_impletum,_
3041 5534 3306 5591 relictum
3355 5535 3502 5590 erat.
3533 5533 3662 5609 Non
3693 5549 3807 5609 pn-

2157 5613 2271 5665 tem
2303 5626 2368 5665 eo
2406 5605 2656 5666 indicari
2692 5605 2968 5664 debuisse
3005 5606 3297 5675 lacunam,
3340 5620 3473 5662 cum
3511 5605 3804 5664 orationis

2156 5682 2338 5737 series
2367 5679 2451 5737 sic
2479 5682 2624 5738 satis
2654 5679 2804 5737 belle
2833 5677 3124 5752 procedat.
