4084 6210
283 406 400 470 M9

1369 401 1678 465 CONTRA
1726 399 2196 462 MANICHIEOS
2242 402 2475 464 LIBER
2519 405 2623 466 III.

3580 414 3695 476 150

283 541 494 615 Ἀαρὼν
548 535 640 593 διὰ
701 532 943 594 Μωσέως
996 533 1214 608 χρίσας,
1260 531 1352 588 καὶ
1411 531 1694 607 οὐδέτερος
1753 529 1919 584 ἑαυτὸε

2058 533 2142 587 ter
2171 547 2369 589 eorum
2401 537 2721 594 sacerdotis
2771 540 2985 596 summi
3015 539 3232 597 honore
3279 559 3342 600 se
3379 548 3690 606 mactavit:

284 628 528 699 ἐδόξασεν
563 627 849 702 ἀρχιερέα,
892 621 1020 678 ἀλλ’
1063 623 1090 676 6
1119 622 1350 685 καλέσας
1384 621 1581 683 αὐτοὺς
1615 640 1626 652 ·
1662 624 1780 682 πῶς
1811 618 1940 692 οὐχὶ

286 721 374 774 καὶ
404 722 468 774 τὰ
497 725 598 785 τῆς
635 715 770 776 Νέας
807 713 900 768 καὶ
939 713 1006 767 τὰ
1052 717 1150 780 τῆς
1186 712 1432 776 Παλαιᾶς
1461 715 1557 766 τοῦ
1601 711 1770 764 αύτοῦ
1810 707 1942 762 εἰσιν

291 809 521 884 ’Λγαθοῦ
561 806 652 860 καὶ
708 800 840 878 ἔργα
887 800 978 855 καὶ
1027 801 1231 874 νύμοι;
1281 806 1418 876 Ἄρα
1466 798 1522 854 δὲ
1561 801 1597 868 ἡ
1638 797 1939 853 ἀποστασία

289 897 372 952 ἐπὶ
402 896 572 951 πλέον
621 895 1062 971 ἀναισχυντοῦσα
1090 891 1180 945 καὶ
1211 891 1308 958 τήν
1361 889 1619 961 ἀλήθειαν
1660 888 1752 942 τὸν
1798 892 1935 961 Χρι-

286 986 403 1041 στὸν
479 981 846 1059 ψευδολογίας
915 980 1180 1055 γράφοιτο
1237 983 1490 1058 γραφήν;
1551 983 1607 1033 Ὀ
1670 977 1763 1052 μὲν
1832 974 1934 1052 γὰρ

283 1075 479 1150 λέγει·
542 1071 852 1128 Ἐλεύσεται
912 1069 939 1123 6
1018 1071 1111 1122 τοῦ
1168 1066 1380 1140 κόσμου
1455 1064 1665 1146 ἄρχων,
1722 1065 1813 1119 καὶ
1881 1062 1932 1118 έν

276 1164 400 1238 ἐμοὶ
478 1163 697 1235 εὑρήσει
768 1156 940 1214 οὐδέν.
997 1161 1061 1212 Ἡ
1129 1154 1187 1212 δέ
1240 1153 1472 1231 λέγουσα
1525 1157 1587 1210 τὸ
1657 1159 1837 1226 σῶμα,
1904 1153 1932 1206 ’ὀ

276 1253 484 1330 ἐφόρει,
539 1251 768 1323 πλάσμα
826 1249 962 1303 εἶναι
1002 1250 1099 1302 τοῦ
1159 1251 1431 1320 Πονηροῦ,
1489 1252 1589 1314 τῆς
1642 1241 1932 1313 Ἀληθείας

268 1345 330 1398 τὸ
380 1339 589 1415 ψεῦδος
635 1337 892 1416 καταχέει
946 1340 1178 1410 πικρῶς.
1225 1336 1323 1390 Καὶ
1385 1335 1414 1390 ὁ
1467 1335 1559 1408 μὲν
1607 1335 1683 1394 ὡς
1736 1333 1931 1386 Δεσπόο

267 1455 366 1504 της
418 1434 639 1487 πάντων
698 1430 787 1484 καὶ
840 1428 1041 1505 Κύριος
1099 1428 1186 1482 καὶ
1249 1423 1614 1501 δημιουργὸς,
1666 1425 1756 1479 ὅτε
1795 1425 1932 1498 πρὸς

271 1525 526 1580 ἑκούσιον
587 1521 676 1576 καὶ
735 1521 1006 1592 σωτήριον
1063 1522 1160 1574 τοῦ
1208 1517 1420 1590 κόσμου
1477 1517 1653 1577 πάθος
1696 1513 1932 1588 παρεγέ-

271 1635 418 1681 νετο,
477 1609 678 1684 Κύριον
738 1609 927 1663 ἐαυτὸν
986 1607 1076 1662 καὶ
1130 1612 1233 1675 τῆς
1291 1603 1416 1660 ὄνου
1470 1605 1555 1660 καὶ
1609 1607 1706 1658 τοῖ’)
1751 1603 1928 1658 πόλου

271 1701 522 1778 ἀπέφηνε
581 1697 715 1774 πρὸς
762 1696 891 1757 τοὺς
949 1695 1211 1768 μαθητάς.
1263 1695 1361 1749 Καὶ
1419 1695 1521 1769 γὰρ
1581 1691 1928 1768 δημιουργή-

278 1812 426 1864 ματα
489 1789 582 1844 καὶ
643 1793 744 1856 τῆς
805 1787 1000 1840 ἑαυτοῦ
1055 1784 1380 1857 κυριότητος
1437 1783 1526 1837 καὶ
1595 1779 1926 1851 δεσποτείας,

2054 621 2156 676 sed
2188 621 2238 678 is
2272 624 2370 694 qui
2411 640 2508 681 eos
2540 627 2785 694 vocavit,
2820 631 3112 698 quomodo
3158 646 3271 686 non
3326 649 3412 688 res
3459 636 3597 691 Novi
3638 642 3694 693 et

2057 709 2274 767 Veteris
2296 715 2652 772 Testamenti
2679 717 2941 786 ejusdem
2973 718 3106 774 boni
3139 720 3240 775 Dei
3272 728 3324 776 et
3349 738 3525 794 opera
3554 729 3695 781 sunt

2048 803 2104 856 et
2133 799 2337 872 leges?
2366 803 2517 859 Num
2549 821 2682 860 vero
2713 805 3052 864 defectionis
3083 810 3273 879 turba,
3311 811 3461 866 facta
3501 813 3690 886 impu-

2048 889 2297 958 dentior,
2320 892 2638 961 Christum,
2664 895 2964 952 veritatem
2999 897 3212 968 ipsam,
3241 901 3526 958 mendacii
3561 913 3692 960 nola

2046 976 2390 1036 insimulare
2420 984 2627 1038 audeat
2649 982 2676 1037 (ξ’
2719 984 2815 1039 Ille
2845 985 3001 1040 enim
3044 985 3124 1040 ait
3157 1004 3171 1042 :
3225 988 3408 1046 Veniet
3435 993 3691 1064 princeps

2043 1068 2260 1138 mundi,
2295 1078 2346 1125 et
2369 1073 2428 1125 in
2458 1088 2542 1127 me
2573 1072 2811 1130 inveniet
2841 1074 2987 1129 nihil
3019 1075 3079 1127 ²².
3114 1075 3243 1146 Ipsa
3283 1093 3414 1133 vero
3453 1097 3686 1151 corpus,

2044 1157 2198 1228 quod
2230 1158 2695 1231 circumferebat,
2721 1166 3040 1218 creaturam
3069 1164 3206 1220 mali
3234 1168 3561 1238 venditans,
3585 1170 3692 1226 Ve-

2045 1245 2270 1302 ritatem
2306 1247 2593 1305 virulenta
2629 1252 2918 1307 mendacii
2953 1253 3163 1323 arguit.
3197 1255 3386 1325 Atque
3418 1256 3515 1312 ille
3551 1261 3688 1328 qui-

2044 1336 2198 1404 dem,
2224 1341 2289 1391 ut
2319 1339 2596 1394 Dominus
2627 1342 2891 1396 omnium
2915 1347 2972 1397 et
3002 1343 3367 1412 superior,.et
3388 1346 3682 1420 Conditor,

2042 1426 2274 1497 quando
2303 1427 2373 1482 ad
2407 1429 2760 1500 passionem,
2797 1433 3014 1487 mundo
3056 1434 3438 1504 profuturam,
3479 1443 3684 1508 sponte

2042 1531 2146 1570 sua
2171 1515 2454 1586 veniebat,
2480 1534 2542 1574 se
2563 1522 2620 1574 et
2638 1520 2811 1575 asinae
2834 1524 2891 1575 et
2912 1521 3058 1591 pulli
3079 1523 3382 1578 dominum
3401 1525 3682 1583 adversus

2040 1603 2361 1676 discipulos
2392 1606 2736 1664 declarabat.
2770 1609 2913 1665 Nam
2949 1619 3241 1667 creaturas
3280 1613 3539 1670 dominio
3569 1632 3680 1673 suo

2040 1699 2096 1749 et
2125 1696 2370 1766 imperio
2409 1713 2569 1768 aeque
2599 1699 2878 1768 vindicat,
2909 1717 2974 1756 ac
3010 1705 3318 1772 mundum,
3351 1708 3408 1759 et
3453 1721 3581 1775 quae
3620 1706 3680 1763 in

2039 1799 2104 1840 eo
2135 1789 2296 1840 sunt.
2324 1785 2454 1841 Ideo
2489 1787 2570 1842 ait
2594 1804 2606 1842 :
2641 1789 2707 1845 Si
2731 1789 2852 1860 quis
2874 1789 3176 1862 quidquam
3198 1791 3342 1848 vobis
3357 1791 3572 1850 dixerit
3600 1795 3686 1851 di-

277 1879 468 1952 ὥσπερ
525 1881 554 1932 6
593 1877 804 1949 κόσμος
853 1879 944 1928 καὶ
993 1874 1060 1929 τὰ
1091 1872 1144 1928 ἐν
1196 1873 1367 1944 αὐτῷ,
1413 1870 1554 1926 οὕτω
1601 1871 1692 1925 καὶ
1738 1875 1919 1928 ταῦτα.

2034 1875 2140 1928 cite
2168 1890 2180 1926 :
2224 1874 2488 1929 Dominus
2517 1875 2636 1930 illis
2682 1858 2812 1948 opus
2844 1858 3032 1935 habet:
3054 1880 3254 1936 Statim
3290 1897 3414 1938 vero
3443 1883 3681 1940 dimittet

282 1969 384 2024 Διὸ
424 1987 613 2045 φησιν’
661 1968 786 2021 Ἐάν
853 1983 934 2024 τις
994 1961 1120 2036 εἴπῃ
1168 1961 1296 2035 ὑμῖν
1347 1981 1422 2030 τι,
1482 1959 1674 2034 ἐρεῖτε,
1727 1959 1810 2013 ὁτι
1865 1960 1926 2017 Ὁ

279 2059 484 2131 Κύριος
555 2055 728 2110 αὐτῶν
803 2052 992 2128 χρείαν
1057 2048 1196 2126 ἔχει.
1278 2049 1491 2111 Εὐθέως
1563 2046 1620 2104 δὲ
1692 2049 1922 2103 ἀποστεο

270 2144 365 2200 λεῖ
387 2148 501 2217 (47)
540 2142 696 2202 αὸτά.
740 2142 842 2198 Καὶ
882 2141 911 2195 6
965 2140 1059 2215 μὲν
1108 2139 1338 2214 Χριστὸς
1370 2138 1564 2212 Κύριον
1610 2136 1799 2191 ἑαυτὸν
1849 2135 1924 2197 ὡς

266 2234 496 2303 κτίστης
544 2241 648 2303 τῆς
707 2253 766 2287 τε
817 2226 941 2285 ὄνου
989 2231 1078 2284 καὶ
1129 2233 1226 2284 τοῦ
1274 2226 1470 2283 πώλου
1520 2224 1718 2302 λέγει’
1769 2228 1804 2295 ἡ
1868 2223 1925 2280 δὲ

266 2324 580 2380 ἀποστασία
646 2321 744 2377 οὐκ
799 2319 1050 2394 ἀνέχεται
1116 2323 1302 2387 τοῦτο,
1383 2315 1528 2372 αλλὰ
1585 2316 1684 2386 τῆς
1759 2314 1924 2370 αὐτοῦ

269 2412 520 2484 ἐξουσίας
552 2411 870 2486 ἁρπάζουσα
923 2407 1026 2464 ὑπὸ
1055 2409 1155 2476 τὴν
1203 2404 1571 2481 δημιουργίαν
1613 2406 1791 2460 τάττει
1827 2406 1924 2458 τοῦ

269 2499 534 2576 Ἐχθροιὶ
569 2497 722 2555 ’Ἔδει
773 2495 851 2564 δέ,
885 2497 930 2551 εἷ
985 2497 1117 2569 μήτι
1167 2493 1332 2563 ἄλλο,
1383 2491 1770 2563 δυσωπηθῆναι
1799 2492 1924 2553 τοὺς

275 2588 678 2660 ἆδυσωπήτους
724 2587 815 2641 καὶ
863 2585 959 2646 τὰς
1009 2583 1184 2646 ἄλλας
1227 2587 1326 2638 τοῦ
1370 2583 1654 2638 θεσπεσίου
1705 2579 1925 2636 Παύλου

273 2677 478 2758 ςρωνάς.
531 2679 763 2752 Λέγουσι
811 2674 915 2750 γὰρ
967 2674 1144 2743 αὗται,
1199 2673 1424 2746 μείζονα
1476 2671 1569 2744 μὲν
1615 2673 1712 2724 τοῦ
1772 2669 1926 2758 ὀμωέ

282 2757 518 2842 μυκότος
575 2770 659 2838 τῷ
715 2759 967 2839 Ἀϐραὰμ
1045 2762 1120 2834 μή
1181 2761 1314 2816 εἶναι
1381 2759 1567 2833 ἕτερον
1629 2758 1781 2828 Θεὸν,
1839 2757 1928 2812 καὶ

277 2857 609 2928 ἀμετάθετον
667 2854 719 2908 ἐν
770 2857 889 2914 ταῖς
939 2848 1312 2924 ἐπαγγελίαις,
1357 2848 1448 2903 καὶ
1506 2845 1766 2903 ἀδύνατον
1834 2845 1929 2901 αύ-

273 2948 366 3002 τὸν
394 2945 694 3019 ψεύσασθαι
743 2940 942 3016 (οὕτως
981 2940 1132 3011 αὗτῷ
1179 2939 1241 2995 τὸ
1269 2945 1370 3008 τῆς
1419 2937 1678 3006 ἀληθείας
1716 2935 1931 3010 ἀξίωμα

279 3035 661 3106 σύνουσίωται)
704 3033 796 3089 καὶ
848 3035 946 3101 τῆς
997 3033 1157 3104 ἡμῶν
1205 3033 1312 3084 τῶν
1372 3032 1712 3104 Χριστιανῶν
1774 3027 1929 3083 ἐλπί-

279 3125 370 3188 δος
410 3123 683 3198 παροχέα.
721 3121 820 3178 Καὶ
850 3122 954 3196 γάρ
995 3141 1130 3192 φησι
1165 3137 1177 3151 ·
1236 3121 1330 3190 Τῷ
1380 3115 1436 3172 δὲ
1474 3112 1732 3192 Ἀϐραὰμ
1772 3115 1932 3193 ἐπαγ-

2035 1961 2145 2017 illa
2175 1961 2242 2016 93.
2272 1963 2340 2016 Et
2369 1963 2633 2020 Christus
2665 1966 2917 2037 quidem,
2952 1973 3018 2023 ut
3048 1970 3333 2038 conditor,
3362 1971 3677 2030 Dominum

2036 2067 2098 2106 se
2119 2054 2175 2106 et
2193 2051 2369 2106 asinae
2393 2059 2441 2106 et
2468 2053 2609 2122 pulli
2641 2059 2805 2110 vocat
2830 2072 2843 2108 :
2869 2064 2926 2110 at
2946 2061 3346 2127 apostatarum
3375 2061 3546 2117 factio
3572 2062 3678 2118 hoc

2028 2155 2141 2194 non
2167 2139 2296 2208 fert,
2321 2142 2422 2196 sed
2447 2142 2721 2212 potestati
2751 2143 2882 2212 ejus
2912 2146 3237 2218 surripiens
3268 2150 3535 2218 potestati
3567 2150 3677 2207 ho-

2029 2228 2133 2284 stis
2154 2227 2409 2298 subjicit.
2434 2232 2506 2284 At
2521 2229 2786 2287 homines
2804 2233 2958 2288 omni
2986 2235 3208 2305 pudore
3230 2252 3438 2292 vacuos
3459 2239 3677 2309 pudere

2028 2317 2276 2372 debebat
2296 2317 2385 2374 vel
2413 2318 2485 2374 ob
2512 2318 2693 2375 divini
2723 2321 2890 2377 Pauli
2920 2323 3177 2380 oracula.
3205 2325 3312 2381 Illa
3332 2326 3485 2382 enim
3507 2327 3676 2384 afﬁr-

2033 2410 2216 2475 mant,
2250 2409 2531 2479 majorem
2579 2425 2666 2478 eo,
2701 2409 2803 2481 qui
2845 2412 3125 2482 juraverit
3171 2415 3522 2485 Abrahamo,
3559 2434 3676 2474 non

2030 2511 2158 2552 esse
2189 2495 2370 2552 alium
2421 2497 2622 2566 Deum,
2656 2515 2906 2570 eumque
2935 2501 2992 2556 in
3027 2502 3513 2574 promissionibus
3552 2506 3678 2562 suis

2030 2583 2480 2655 immutabilem,
2514 2595 2570 2641 et
2597 2587 2693 2658 qui
2728 2589 2962 2644 mentiri
3003 2607 3119 2646 non
3151 2591 3335 2661 possit
3381 2592 3517 2664 (quo
3548 2593 3676 2666 ipso

2031 2675 2244 2730 veritas
2277 2683 2553 2747 lanquam
2586 2680 2657 2734 ad
2681 2679 2992 2736 essentiam
3015 2681 3142 2751 ejus
3163 2681 3460 2752 pertinens
3483 2684 3678 2740 decla-

2033 2767 2210 2836 ratur)
2250 2771 2578 2838 nostrzeque
2623 2768 3082 2827 Christianorum
3117 2773 3237 2842 spei
3284 2778 3484 2829 auctor
3529 2774 3678 2830 exsi-

2033 2859 2171 2910 stat.
2201 2855 2292 2910 Ait
2321 2855 2472 2911 enim
2499 2873 2513 2912 :
2546 2846 2858 2914 Abrahamo
2889 2876 3015 2915 vero
3035 2861 3332 2932 pollicitus
3363 2863 3524 2929 Deus,
3545 2863 3680 2935 quia

2029 2962 2132 3018 per
2172 2947 2436 3015 maiorem
2469 2949 2668 3020 jurare
2713 2967 2825 3006 non
2856 2954 3057 3022 potuit,
3096 2967 3195 3024 per
3239 2955 3476 3025 seipsum
3513 2955 3681 3026 jura-

2031 3038 2132 3104 vit,
2159 3035 2343 3092 dicens
2365 3037 2411 3072 ²⁴
2430 3053 2453 3099 ;
2480 3042 2616 3107 etc.;
2649 3039 2785 3096 item
2820 3041 2977 3112 quod
3009 3042 3382 3112 Abrahamus,
3403 3044 3681 3115 patientia

2027 3125 2270 3194 probata
2296 3127 2720 3196 promissionem
2750 3133 2942 3183 nactus
2982 3135 3060 3184 est
3085 3129 3160 3200 ἐς
3203 3147 3308 3186 nec
3350 3149 3488 3198 non,
3519 3135 3678 3204 quod

271 3189 602 3290 γειλάμενος
662 3213 690 3265 6
757 3189 935 3274 8e6'c,'
982 3189 1097 3262 ἐπεὶ
1164 3208 1280 3262 κατ’
1347 3203 1564 3266 οὐδενὸς
1627 3206 1743 3283 εἶχε
1810 3204 1919 3278 μεί-

2032 3189 2190 3265 idem
2215 3189 2370 3279 Deus,
2388 3210 2571 3266 adhuc
2590 3211 2792 3282 magis,
2816 3213 3122 3268 haeredibus
3139 3189 3679 3289 promissionis:£qui

273 3310 429 3374 ζονος
491 3303 718 3375 ὀμόσαι.
770 3298 957 3372 ὤμοσε
1009 3298 1128 3352 καθ’
1177 3297 1367 3351 ἑαυτοῦ
1426 3293 1628 3370 λέγων,
1677 3315 1731 3350 κ.
1772 3316 1823 3352 τ.
1869 3293 1922 3352 λ.

267 3393 358 3448 καὶ
438 3393 514 3453 ὡς
597 3389 1030 3464 μακροθυμήσας
1109 3387 1136 3441 6
1215 3379 1466 3460 Ἀϐραὰμ
1529 3381 1760 3458 ἐπέτυχε
1824 3389 1926 3453 τῆς

273 3479 606 3558 ἐπαγγελίας
641 3501 652 3513 ·
725 3477 813 3534 καὶ
870 3477 975 3546 ὅτι,
1057 3474 1398 3551 βουλόμενος
1465 3474 1493 3528 6
1561 3470 1721 3535 αὒτὸς
1798 3473 1926 3535 Θεὸς

269 3571 653 3647 περισσότερον
755 3564 1021 3639 ἐπιδεῖξαι
1119 3569 1236 3626 τοῖς
1355 3561 1731 3638 κληρονόμοις
1825 3566 1925 3628 τῆς

269 3659 618 3736 ἐπαγγελίας,
688 3655 888 3718 οἵτινές
967 3654 1126 3727 ἐσμεν
1206 3655 1394 3727 ἡμεῖς,
1461 3653 1524 3707 τὸ
1595 3652 1924 3725 ἀμετάθετον

268 3757 368 3818 τῆς
452 3747 666 3823 βουλῆς
744 3745 912 3801 αὐτοῦ
985 3742 1320 3817 ἐμεσίτευσεν
1397 3741 1584 3816 ὅρκῳ*
1663 3739 1759 3795 ’ίνα
1834 3739 1923 3796 διὰ

269 3836 368 3893 δύο
457 3835 796 3911 πραγμάτων
886 3833 1249 3906 ἀμεταθέτων,
1337 3829 1390 3886 ἐν
1485 3831 1572 3892 οἷς
1658 3828 1917 3885 ἀδύνατον

273 3927 564 4001 ψεύσασθαι
668 3925 823 3988 Θεὸν,
919 3923 1147 3996 ἰσχυρὰν
1238 3921 1582 3995 παράκλησιν
1677 3918 1916 3998 ἔχωμεν.

266 4016 420 4078 Τίνες
449 4017 568 4088 (48)
594 4032 608 4082 ;
643 4017 835 4086 Ἡμεῖς
869 4010 918 4065 οἱ
939 4009 1332 4089 καταφυγόντες
1357 4015 1630 4084 κρατῆσαι
1659 4014 1759 4076 τῆς
1780 4023 1919 4082 προ-

265 4104 520 4178 κειμένης
552 4099 797 4163 ἐλπίδος.
833 4097 1140 4178 Προσέσχες
1171 4101 1286 4172 (49)
1329 4099 1478 4161 ὅπως
1513 4097 1735 4172 μείζονα
1785 4099 1913 4152 Θεὸν

266 4192 456 4248 οὐδένα
507 4190 660 4265 λέγει
695 4187 880 4265 ἕτερον
919 4191 1018 4243 τοῦ
1065 4188 1442 4266 παρασχόντος
1491 4189 1584 4242 τὸν
1633 4183 1794 4260 ὅρκον
1834 4191 1915 4259 τῷ

267 4279 554 4361 Ἀὗραάμ;
627 4284 743 4342 πῶς
798 4276 856 4334 δὲ
914 4280 1091 4349 πάσης
1167 4277 1323 4332 αὐτὸν
1394 4276 1652 4347 ἀληθείας
1711 4279 1915 4347 ἂνακη-

261 4375 437 4446 ρόττει
471 4373 708 4446 πηγήνς
755 4369 906 4430 ὅπως
952 4368 1011 4422 δὲ
1061 4369 1225 4440 ἡμεῖς
1277 4368 1329 4420 οἳ
1370 4367 1788 4428 πεπιστευκότες
1838 4367 1916 4430 εἰς

261 4466 490 4540 Χριστὸν
550 4461 749 4518 ἐκεῖθεν
808 4455 1012 4540 ἔχομεν
1068 4459 1412 4534 παράκλησιν
1463 4459 1552 4514 καὶ
1604 4459 1762 4534 ἰσχὺν
1808 4465 1910 4528 τῆς

257 4553 630 4628 προκειμένης
712 4547 939 4610 ἐλπίδος
1015 4554 1322 4622 κρατῆσαι;
1416 4551 1530 4602 Ποῦ
1622 4546 1800 4602 τοίνυν
1881 4547 1908 4600 6

257 4644 486 4720 Ἀγαθὸς
538 4640 633 4696 καὶ
685 4639 714 4694 6
765 4637 1038 4711 Πονηρὸς,
1083 4637 1173 4691 καὶ
1222 4638 1256 4705 ἡ
1296 4642 1397 4705 τῆς
1445 4635 1686 4696 Παλαιᾶς
1743 4656 1907 4691 κατα.

253 4736 434 4807 sciui;
496 4730 590 4792 Τίς
641 4726 698 4784 δὲ
736 4725 907 4784 πάλιν
955 4725 1098 4780 ἐστὶν
1148 4726 1176 4780 6
1232 4726 1332 4794 τὴν
1389 4725 1581 4793 καινὴν
1640 4721 1902 4795 διαθήκην

252 4823 592 4888 συντελέσας,
623 4820 714 4875 καὶ
755 4817 843 4874 ἐπὶ
891 4818 984 4873 τὸν
1030 4817 1176 4871 οἷκον
1210 4812 1428 4878 Ἰούδας
1465 4815 1526 4870 Εἰ
1580 4817 1655 4887 μὴ
1712 4813 1905 4888 βούλει

251 4911 426 4988 λέγειν
485 4910 674 4982 αὐτὸς,
741 4905 970 4963 ἄκουσον
1045 4909 1145 4962 τοῦ
1221 4908 1581 4980 μυσταγωγοῦ
1647 4903 1902 4980 λέγοντος

250 5001 470 5059 Παύλου
505 5020 520 5036 ·
583 4997 735 5075 λέγει
793 4997 899 5072 γὰρ
954 4997 1051 5058 τᾶς
1108 4995 1456 5072 προφητικὰς
1531 4992 1904 5068 οἷ’κειούμενος

2039 3315 2146 3355 nos
2175 3315 2403 3367 sumus,
2423 3300 2718 3355 consilium
2747 3317 2906 3356 suum
2935 3309 2995 3357 ut
3021 3318 3128 3358 non
3151 3304 3424 3361 mutabile
3443 3305 3676 3362 demon-

2033 3393 2310 3444 straturus
2341 3389 2744 3461 jusjurandum
2792 3393 3145 3463 interposuit,
3182 3401 3242 3450 ut
3286 3411 3388 3466 per
3423 3395 3528 3452 duo
3566 3413 3679 3453 non

2033 3479 2353 3547 mutabilia,
2381 3481 2442 3534 in
2471 3480 2668 3551 quibus
2695 3481 2897 3551 fallere
2924 3483 3066 3538 Deus
3094 3499 3201 3539 non
3230 3488 3426 3555 potest,
3447 3487 3678 3556 ﬁrmum

2031 3569 2293 3624 solatium
2341 3567 2643 3624 habeamus
2675 3568 2738 3624 9°.
2773 3571 3016 3634 Quinam
3039 3571 3067 3627 ‘t
3116 3571 3232 3629 Nos
3281 3575 3543 3646 omnino,
3577 3578 3679 3647 qui

2031 3659 2405 3731 confugimus
2423 3659 2493 3714 ad
2513 3660 2822 3715 tenendam
2845 3677 3009 3733 spem
3038 3663 3396 3734 propositam
3422 3664 3677 3722 ?Obser-

2031 3747 2254 3803 vastine
2286 3748 2438 3818 quod
2475 3747 2655 3804 Deum
2687 3749 2828 3804 dicit
2857 3767 2973 3806 non
3006 3750 3180 3806 aliam
3213 3751 3286 3807 ab
3317 3768 3383 3807 eo
3415 3753 3516 3824 qui
3541 3755 3677 3824 jus-

2022 3837 2346 3909 jurandum
2368 3837 2698 3892 Abrahamo
2721 3839 2993 3907 praestitit
3018 3864 3031 3907 ;
3055 3841 3211 3911 quod
3235 3843 3500 3899 eumdem
3525 3843 3674 3898 veri-

2028 3926 2166 3980 tatis
2197 3925 2414 3980 fontem
2449 3926 2757 3996 praedicat;
2793 3927 2944 3996 quod
2977 3932 3034 3982 et
3073 3945 3200 3994 nos,
3235 3929 3336 4000 qui
3377 3931 3670 3987 credimus

2027 4013 2084 4068 in
2117 4013 2434 4078 Christum,
2461 4014 2594 4068 inde
2626 4013 2909 4070 habemus
2932 4015 3204 4071 solatium
3235 4023 3292 4071 et
3321 4017 3472 4072 vires
3503 4035 3667 4090 spem

2028 4103 2378 4175 pr0positam
2411 4103 2855 4173 consequendi?
2895 4103 3000 4159 Ubi
3043 4105 3219 4175 igitur
3250 4105 3443 4160 Bonus
3487 4105 3585 4162 ille
3614 4111 3672 4162 et

2026 4190 2215 4246 Malus
2244 4193 2346 4255 est,
2383 4187 2477 4244 ubi
2526 4195 2615 4244 est
2644 4188 2746 4244 illa
2792 4189 2998 4246 veteris
3043 4195 3101 4246 et
3146 4190 3275 4246 novi
3325 4191 3668 4248 testamenti

2025 4281 2283 4337 divisio?
2329 4280 2471 4346 Quis
2505 4296 2633 4336 vero
2681 4284 2790 4348 est,
2833 4280 2934 4353 qui
2984 4297 3198 4337 novum
3250 4285 3666 4339 testamentum

2023 4368 2199 4424 etiam
2229 4384 2408 4439 super
2437 4369 2675 4424 domum
2724 4368 2880 4425 Juda
2909 4369 3196 4440 perfecit?
3240 4369 3362 4426 Nisi
3395 4369 3508 4442 ipsi
3557 4371 3666 4428 tibi

2024 4458 2376 4529 respondere
2406 4457 2617 4530 placet,
2651 4458 2788 4514 audi
2821 4458 3067 4514 Paulum
3096 4460 3388 4516 doctorem
3421 4477 3660 4532 respon-

1942 4510 1987 4576 Β
2019 4510 2252 4604 denrtem
2278 4567 2292 4616 ;
2321 4510 2630 4620 res‘ponde't
2651 4548 2808 4603 enim
2834 4549 3175 4620 prophetica
3203 4550 3478 4605 vaticinia
3500 4510 3662 4606 ardhi-

2017 4638 2162 4695 bene
2195 4655 2208 4693 :
2242 4641 2373 4694 Ecce
2417 4638 2530 4694 dies
2561 4638 2808 4706 veniunt,
2840 4637 2925 4694 ait
2975 4639 3261 4705 Dominus,
3292 4643 3346 4694 et
3369 4639 3661 4711 perﬁciam

2013 4743 2175 4799 super
2202 4727 2423 4783 domum
2460 4729 2606 4784 Juda
2653 4730 3039 4783 testamentum
3092 4744 3312 4783 novum.
3345 4729 3593 4799 Adhibe,
3627 4749 3660 4790 o

2015 4815 2211 4880 homo,
2246 4814 2539 4870 mentem!
2591 4815 2707 4869 Non
2755 4814 3051 4869 secundum
3097 4819 3478 4872 testamentum
3517 4818 3660 4892 quod

2010 4905 2116 4974 feci
2143 4903 2396 4975 patribus
2437 4917 2649 4974 eorum,
2680 4904 2740 4957 in
2788 4901 2880 4958 die
2921 4901 3050 4972 illo,
3079 4920 3184 4976 quo
3231 4919 3428 4960 manus
3465 4923 3657 4964 eorum

2012 4993 2368 5066 apprehendi,
2419 5009 2544 5049 cum
2585 4991 2900 5049 reducerem
2937 5007 3026 5050 eos
3071 5009 3142 5050 es:
3189 4997 3430 5068 {Egypto
3460 5011 3478 5050 :
3508 4996 3659 5068 quod

311 5128 360 5166 ²²
386 5131 566 5187 Joan.
598 5141 714 5194 xxv,
743 5124 834 5182 30.
912 5122 959 5159 ³⁸
986 5121 1190 5181 Matth.
1213 5139 1293 5193 xx,
1325 5124 1378 5178 3.
1455 5122 1502 5157 ²⁴
1532 5121 1700 5177 Hebr.
1735 5137 1812 5190 vr,
1849 5121 1913 5176 13

2035 5119 2055 5154 ⁸
2086 5117 2226 5174 ibid.
2263 5119 2348 5172 15.
2429 5117 2475 5153 ³⁸
2502 5116 2644 5174 ibid.
2677 5117 2766 5175 17.

1421 5265 1661 5321 VARle
1697 5263 2086 5320 LECTIONES
2124 5264 2210 5320 ET
2247 5263 2479 5320 NOT/E.

308 5398 423 5471 (47)
462 5388 853 5471 fastos-nler
897 5390 983 5446 Ita
1011 5389 1265 5471 "scripsi
1333 5406 1401 5471 es
1476 5394 1638 5471 textu
1704 5390 1900 5471 sancti

243 5459 795 5542 evangelistaa‘pro
828 5459 1193 5542 ᾀποστέλλειξ
1241 5464 1424 5542 quod
1455 5478 1572 5542 ms._
1620 5461 1894 5542 habebat.

243 5533 519 5608 Quamvis
553 5533 714 5593 enim
747 5535 896 5608 etin
928 5533 1175 5608 reliquis
1205 5534 1428 5605 aliquid
1452 5536 1638 5608 mutet
1669 5533 1895 5608 Noster,

241 5605 362 5670 haec
393 5617 590 5667 tamen
623 5610 684 5664 in
721 5607 891 5664 verbo
927 5606 1035 5661 isto
1064 5605 1386 5662 diversitas
1419 5605 1490 5660 ab
1537 5605 1664 5675 ejus
1704 5605 1897 5662 consi-

245 5684 331 5762 ΙίοΔ
345 5680 762 5762 Ερυμρῐοῐοοιξ
792 5678 1039 5762 videtur.
1254 5749 1270 5762 ‘
1787 5749 1824 5762 η

313 5755 424 5827 (48)
465 5749 620 5814 Τίνες
658 5771 674 5823 ;
721 5753 806 5808 Ita
843 5749 1373 5822 interpungendam
1424 5763 1634 5806 censeo
1681 5749 1894 5806 oratio-

2009 5405 2140 5465 nem
2173 5389 2320 5465 hanc
2350 5406 2454 5460 pro
2485 5405 2572 5459 eo,
2606 5391 2756 5463 quod
2785 5407 2893 5448 me.
2915 5395 3127 5465 notam
3174 5391 3652 5465 interrogationis

2010 5462 2182 5518 refert
2213 5462 2282 5517 ad
2316 5460 2656 5532 sequentem
2688 5480 2882 5519 vocem
2913 5460 3158 5524 ἐλπίδος.

2080 5533 2187 5610 (ῥ9)
2221 5531 2550 5610 Προσέσχες.
2606 5535 2876 5610 Fortasse
2926 5537 3232 5610 legendum
3284 5536 3646 5610 imperative,

2004 5603 2281 5732 §péqxec,'
2322 5605 2377 5661 id
2432 5603 2521 5662 est
2576 5607 2816 5676 attende,
2877 5603 3009 5678 qua'
3060 5624 3198 5665 voce
3254 5603 3404 5682 saepe
3462 5603 3647 5663 utitur

2057 5693 2122 5732 os
2153 5693 2233 5732 er.

2057 5693 2233 5735 οειοτ.
