4084 6210
405 379 516 438 151

403 601 510 670 feci
535 599 788 672 patribus
813 613 1002 653 eorum
1030 597 1095 650 ³⁷.
1131 597 1196 651 Et
1235 594 1408 668 paulo
1437 601 1564 666 post
1593 612 1607 650 :
1648 593 1748 649 Illi
1776 609 1886 648 non
1917 609 2049 665 per-

404 691 661 744 stiterunt
687 690 747 744 in
767 691 1098 743 testamento
1116 701 1254 754 meo,
1277 695 1326 741 et
1347 700 1442 754 ego
1453 701 1562 757 neg
1573 684 1686 740 texi
1713 699 1799 739 eos
1821 683 1885 740 ²³.
1909 683 2048 747 Quis

407 777 509 833 illa
541 776 846 849 loquitur?
879 775 1160 831 Dominus
1191 773 1403 843 inquit,
1427 782 1482 828 at
1513 790 1629 829 non
1659 772 1864 829 Malus.
1899 771 2048 828 Sub-

409 866 612 938 jungit
651 867 805 923 enim
839 883 852 920 :
887 867 998 919 Hoc
1036 872 1110 918 est
1147 866 1555 930 testamentum,
1585 863 1726 934 quod
1763 862 2051 934 disponam

406 970 500 1026 ego
530 954 717 1011 domui
745 954 964 1010 lsraelis
994 959 1110 1022 post
1148 951 1263 1006 dies
1292 955 1410 1018 hos,
1459 954 1639 1023 inquit
1675 953 1935 1007 Dominus
1966 951 2046 1018 ’9;

418 1044 726 1115 disponam
754 1058 880 1113 ego,
904 1058 1018 1098 non
1043 1040 1190 1096 alius
1222 1058 1235 1095 :
1269 1041 1572 1111 disponam
1597 1057 1702 1112 ego
1725 1057 1962 1106 novum,
1987 1045 2051 1096 ut

408 1131 671 1202 disposui
704 1137 758 1185 et
804 1134 987 1185 vetus.
1033 1129 1303 1197 Videsne,
1349 1131 1640 1200 quomodo
1679 1131 1888 1185 iterum
1937 1129 2048 1184 ite-

406 1236 656 1290 rumque
686 1219 906 1274 Paulus
948 1219 1219 1274 eumdem
1272 1223 1328 1275 et
1365 1221 1576 1274 veteris
1625 1224 1679 1274 et
1710 1219 1838 1274 novi
1869 1222 2048 1274 testa-

405 1309 587 1364 menti
627 1313 922 1365 auctorem
974 1307 1268 1363 celebret‘?
1317 1309 1618 1371 Quomodo
1667 1325 1800 1364 vero
1848 1313 2050 1364 sancta

404 1403 543 1454 sunt
574 1402 631 1454 et
661 1399 874 1454 Sancta
897 1406 1228 1453 sanctorum
1263 1398 1381 1464 illa,
1407 1415 1536 1469 quae
1567 1399 1638 1454 ad
1679 1402 1842 1454 vetus
1873 1399 2049 1468 perti-

406 1494 567 1556 nent,
593 1490 644 1545 si
673 1506 705 1544 a
732 1487 881 1543 Malo
905 1491 1030 1542 orta
1060 1492 1198 1543 sunt
1221 1487 1246 1541 ?
1268 1489 1360 1542 Ait
1388 1487 1542 1543 enim
1578 1504 1590 1542 :
1621 1488 2050 1544 Tabernaculum

401 1580 566 1650 prius
607 1577 836 1634 habebat
880 1584 1151 1648 praecepta
1193 1577 1398 1643 cultus,
1433 1581 1486 1632 et
1527 1587 1776 1633 sanctum
1821 1577 2051 1633 munda-

407 1683 562 1733 num,
596 1671 648 1720 et
700 1666 1118 1721 tabernaculum
1163 1670 1434 1722 structum
1470 1673 1551 1722 est
1587 1669 1825 1738 primus,
1860 1668 1920 1722 in.
1949 1683 2051 1739 quo

410 1755 822 1822 candelabrum,
846 1770 1035 1810 mensa
1055 1763 1108 1810 et
1117 1755 1416 1826 propositio
1435 1773 1640 1827 panum
1653 1761 1790 1826 erat,
1809 1771 1933 1828 quae
1954 1757 2053 1812 di-

413 1846 560 1899 citur
595 1849 786 1899 sancta
815 1861 834 1897 :
876 1848 930 1898 ct
981 1825 1125 1915 quod
1169 1825 1283 1916 post
1338 1825 1637 1900 secundum
1697 1825 1880 1901 velum
1936 1851 2056 1901 erat
2087 1825 2134 1890 B

413 1933 617 1988 Sancta
659 1941 970 1988 sanctorum
1001 1932 1067 1987 ³ο.
1101 1935 1393 1997 Quomodo
1445 1935 1638 2004 itaque
1675 1934 1886 1990 Sancta
1929 1952 2059 1990 san-

414 2033 638 2081 ctorum
693 2027 952 2089 luerunt,
987 2025 1084 2079 ubi
1132 2041 1262 2079 arca
1291 2041 1469 2080 aurea
1513 2026 1705 2081 habuit
1749 2043 1974 2097 manna,
2006 2035 2059 2084 et

417 2115 573 2183 virga
603 2113 838 2168 Aarom‘s
868 2115 1110 2184 reposita
1136 2113 1272 2183 fuit,
1307 2119 1362 2169 et
1391 2115 1601 2171 tabulae
1620 2117 1984 2170 testamenti?
2010 2119 2061 2172 et

416 2202 678 2274 quomodo
710 2201 1004 2257 Cherubim
1049 2202 1246 2272 gloriae
1292 2204 1690 2259 obumbrarunt
1727 2205 1831 2260 illa
1858 2207 1925 2274 εί,
1979 2205 2057 2260 si-

417 2291 654 2362 quidem
686 2291 808 2348 biec
839 2295 1127 2363 praecepta
1147 2297 1272 2347 erat
1300 2292 1568 2363 principii
1603 2293 1737 2348 mali
1768 2299 1825 2349 et
1853 2295 2054 2350 adver-

418 2381 602 2437 santis
622 2381 649 2434 ‘t
676 2382 975 2444 Quomodo
1011 2396 1140 2435 vero
1171 2381 1322 2436 idem
1364 2383 1562 2452 gratiae
1606 2399 1789 2454 praeco
1821 2383 2055 2453 clamat,

416 2469 576 2524 verbo
605 2468 822 2540 quidem
872 2469 970 2523 Dei
1011 2477 1208 2539 parata
1254 2483 1368 2524 esse
1406 2470 1628 2535 secula,
1660 2475 1710 2526 et
1757 2471 1824 2525 ab
1872 2471 2058 2527 eodem

418 2557 524 2612 Deo
554 2573 624 2612 ex
650 2573 762 2612 non
799 2557 1187 2629 apparentibus
1216 2558 1462 2614 visibitia
1500 2561 1648 2626 facta
1675 2560 1722 2594 ³²
1742 2560 1769 2614 ‘l
1810 2561 1867 2616 Si
1900 2562 2055 2616 enim

416 2645 677 2701 visibilia
699 2647 870 2701 verbo
891 2646 1027 2702 fecit
1056 2651 1228 2712 Deus,
1258 2648 1411 2703 sicut
1433 2653 1489 2704 et
1517 2649 1746 2718 saecula,
1771 2653 2058 2721 quomodo

417 2739 691 2805 apostatae
743 2735 922 2790 alium
971 2737 1209 2808 quidem
1245 2737 1465 2809 ﬁngunt
1505 2738 1848 2806 visibilium,
1878 2741 2058 2797 alium

415 2821 874 2893 intelligibilium
926 2825 1333 2882 conditorem?
1375 2829 1442 2881 Et
1484 2844 1658 2898 quam
1721 2830 1904 2885 multa
1949 2829 2062 2886 alia

419 2911 615 2966 afferri
641 2917 894 2982 possent,
921 2930 1022 2982 per
1051 2929 1176 2985 quas
1209 2917 1501 2972 sententia
1525 2921 1923 2989 apostatarum
1951 2921 2060 2976 Deo

414 3001 658 3056 adversa
679 3005 736 3056 et
761 3001 872 3056 sibi
893 3002 1003 3074 ipsi
1035 3018 1149 3059 non
1183 3008 1483 3076 constans,
1508 3006 1875 3062 confutetur!
1909 3011 2059 3072 Quo-

417 3090 590 3144 modo
615 3089 770 3146 enim
797 3092 986 3147 bonus
1024 3093 1178 3149 Deus
1214 3093 1433 3164 justum
1467 3111 1596 3152 esse
1645 3101 1880 3154 testatur
1912 3099 2059 3154 Abe-

414 3176 552 3246 lem,
581 3178 631 3234 si
661 3179 800 3236 mali
831 3181 1040 3237 fuisset
1067 3183 1404 3254 conditoris,
1429 3187 1484 3241 et
1514 3188 1804 3258 quomodo
1834 3188 2055 3244 sacriﬁ-

415 3267 570 3322 cium
618 3269 748 3339 ejus
795 3270 1030 3341 recepit,
1082 3271 1417 3343 donumque
1464 3275 1592 3345 ejus
1635 3276 1748 3332 ﬁde
1795 3276 2058 3333 oblatum

418 3357 647 3414 Paulus
672 3376 707 3413 n
725 3359 917 3414 untiat
935 3360 962 3414 ?
990 3360 1119 3417 Fide
1139 3362 1317 3429 enim,
1342 3363 1552 3435 inquit,
1575 3364 1703 3421 Abel
1721 3367 2058 3437 sacriﬁcium

408 3462 522 3516 prae
577 3445 715 3502 Cain
757 3447 955 3503 obtulit
1000 3449 1125 3517 Deo,
1175 3466 1270 3520 per
1315 3467 1481 3521 quam
1525 3454 1703 3521 iustus
1749 3453 2058 3510 declaratus

411 3538 513 3599 est,
541 3539 774 3593 testante
800 3553 969 3606 super
1008 3537 1166 3594 donis
1197 3539 1313 3607 eius
1343 3541 1449 3594 Deo
1479 3539 1547 3594 ³³.
1593 3542 1892 3606 Quomodo
1925 3560 2056 3600 vero

409 3623 542 3680 ﬁdei
575 3641 721 3696 opus
765 3635 853 3682 est
886 3626 1185 3683 translatio
1221 3628 1455 3699 Enochi,
1489 3633 1545 3685 et
1598 3631 1888 3702 quomodo
1922 3631 2055 3703 pla-

411 3715 527 3770 cuit
559 3717 719 3772 Deo?
761 3721 819 3773 et
860 3719 1153 3788 quomodo
1204 3720 1437 3776 credere
1493 3727 1718 3792 oportet
1765 3738 1922 3792 eum,
1953 3723 2054 3794 qui

411 3805 684 3860 accedere
714 3806 834 3861 vult
867 3807 937 3862 ad
961 3807 1166 3876 Deum,
1193 3808 1401 3864 horum
1421 3810 1833 3867 beneﬁciorum
1853 3818 2058 3868 aucto-

414 3909 560 3960 rem,
596 3895 748 3964 quod
795 3895 1046 3967 primum
1081 3897 1315 3966 quidem
1347 3899 1468 3970 ipse
1498 3904 1606 3968 est,
1641 3901 1740 3972 qui
1774 3917 1902 3957 vere
1933 3904 2056 3958 exi-

414 3983 532 4050 stit,
566 3987 622 4038 et
652 3985 937 4040 mercedis
963 3990 1162 4041 auctor
1191 3992 1312 4055 est;
1347 3989 1393 4043 si
1423 3989 1626 4057 Malus,
1655 3989 2055 4064 malorumque

417 4088 651 4143 operum
674 4082 832 4130 actor
852 4075 1175 4144 exsisteret,
1201 4077 1308 4131 Sed
1332 4077 1474 4147 quid
1506 4079 1730 4147 attinet,
1752 4080 2053 4150 sigillatim

417 4178 714 4219 recensere
745 4163 900 4232 illos,
953 4166 1050 4234 qui
1086 4165 1142 4218 in
1178 4168 1352 4220 veteri
1405 4171 1753 4222 testamento
1801 4171 2057 4225 eminue-

416 4258 772 4320 runt,quoru
787 4267 957 4322 mque
981 4252 1246 4306 omnium
1272 4253 1330 4306 in
1364 4252 1548 4307 Deum
1574 4254 1746 4308 ﬁdem
1785 4254 2054 4324 celebrat,

409 4335 649 4402 Noacbi,
693 4341 858 4406 puta,
909 4341 966 4390 et
1014 4337 1347 4404 Abrahami,
1380 4344 1437 4393 et
1482 4340 1681 4406 lsaaci,
1732 4348 1786 4394 et
1829 4341 2054 4413 Jacobi,

1606 372 1876 432 PHO’l‘lI
1919 370 2440 431 PATRIABCHE
2485 371 2600 429 ΟΡ.

398 511 508 581 feci
534 525 652 578 ego,
685 507 896 580 inquit,
932 522 1044 562 non
1075 522 1231 574 vero,
1263 522 1365 562 ceu
1399 512 1455 560 tu
1486 504 1592 571 ais,
1648 503 1860 574 malus,
1903 503 2043 574 quod

2167 499 2576 575 προαγορεύσεις
2638 518 2651 532 ·

3687 363 3807 426 152

2743 498 2882 556 Ἰδοὺ
2984 499 3186 574 ἡμέραι
3289 492 3566 575 ἔρχονταί,
3658 497 3811 575 λέγει

2159 589 2383 664 Κύριος,
2463 590 2553 646 καὶ
2640 588 2939 645 συντελέσω
3018 589 3107 644 ἐπὶ
3178 590 3267 644 τὸν
3355 590 3500 644 οἷκον
3580 586 3807 664 Ἰσραὴλ

2160 680 2250 733 καὶ
2336 679 2423 734 ἐπὶ
2526 681 2616 736 τὸν
2709 681 2862 734 οἶκον
2962 675 3138 734 Ἰούδα
3243 677 3508 749 διαθήκην

2159 769 2529 845 (ἐπίστρεψον,
2599 770 2865 845 ἄνθρωπε,

2161 857 2423 931 διαθήκην
2499 863 2559 930 ἣν
2643 860 2886 934 ἐποίημα
2950 865 3068 923 τοῖς
3152 859 3414 934 πατράσιν
3494 858 3670 914 αὐτῶν
3754 857 3809 913 ἐν

2158 953 2364 1026 ἡμέρᾳ,
2479 947 2886 1025 ἐπιλαϐομένου
2993 972 3097 1024 μου
3195 957 3296 1020 τῆς
3394 950 3604 1024 χειρὸς,
3711 949 3812 1004 αῦ-

2156 1046 2264 1094 τῶν
2275 1086 2287 1109 ,
2400 1042 2674 1117 ἓξαγαγεῖν
2810 1039 3003 1102 αὐτοὺς
3138 1037 3186 1108 ἐξ
3309 1039 3611 1113 Αἰγύπτου,
3745 1039 3810 1106 ἦν

2160 1127 2410 1200 ἐποίησα,
2444 1131 2632 1208 φησὶν,
2683 1129 2810 1185 ἀλλ’
2843 1129 2996 1204 οὐχὶ,
3031 1129 3106 1191 ὡς
3140 1129 3201 1182 σὺ
3243 1125 3444 1202 λὲγεις,
3474 1128 3501 1181 6
3544 1127 3810 1202 πονηρὸς,

2158 1220 2220 1287 ἢν
2336 1217 2569 1288 ἐποίησα
2688 1224 2803 1280 τοῖς
2914 1218 3178 1294 πατράσιν
3305 1217 3501 1273 αὐτῶν.
3625 1215 3758 1271 Εἶτα
3794 1235 3808 1248 ο

2160 1308 2328 1363 Αὐτοί
2391 1306 2487 1362 οὐκ
2561 1307 2832 1380 ἐνέμειναν
2911 1307 2961 1361 ἐν
3039 1311 3107 1380 τῇ
3168 1303 3400 1378 διαθήκῃ
3461 1325 3590 1378 μου,
3655 1305 3809 1380 κάγὼ

2159 1395 2421 1467 ἠμέληκα
2478 1396 2672 1453 αὐτῶν.
2733 1397 2821 1459 Τίς
2881 1397 2908 1451 6
2969 1395 3178 1472 λέγων;
3237 1397 3299 1451 Ὁ
3361 1394 3554 1469 Κύριός
3615 1416 3811 1470 φησιν,

2159 1483 2288 1540 ἀλλ’
2317 1487 2425 1559 οὐχ
2450 1486 2477 1540 6
2528 1485 2797 1559 Πονηρὸς.
2831 1486 3054 1561 Ἑπάγει
3105 1485 3230 1558 γὰρ,
3265 1482 3410 1553 Αὕτη
3463 1485 3496 1552 ἡ
3541 1480 3808 1556 διαθήκη,

2158 1575 2224 1644 ἦν
2287 1571 2620 1648 διαθήσομαι
2676 1580 2754 1646 τῷ
2823 1572 2956 1646 θ’ίκῳ
3025 1570 3244 1648 Ἰσραήλ
3321 1573 3455 1644 μετὰ
3512 1573 3607 1634 τὰς
3665 1571 3816 1644 ἡμὲ-

2165 1685 2257 1739 ρας
2347 1663 2567 1734 ἐκείνας,
2664 1663 2814 1740 λέγει
2907 1664 3152 1738 Κύριος·
3256 1660 3589 1736 διαθήσομαι
3678 1662 3811 1737 ἐγὼ,

2162 1753 2260 1808 οὐκ
2290 1751 2480 1816 ἄλλος·
2517 1751 2846 1827 διαθήσομαι
2896 1753 3005 1828 ἐγὼ
3034 1754 3133 1822 τὴν
3167 1754 3383 1822 καινὴν,
3427 1752 3500 1813 ὡς
3549 1749 3813 1825 διεθέμην

2163 1843 2251 1898 καὶ
2309 1845 2407 1912 τὴν
2467 1841 2723 1900 παλαίαν.
2778 1848 2932 1918 Ὁρᾷς
2991 1847 3108 1903 πῶς
3170 1840 3281 1896 ἅνω
3339 1842 3429 1896 καὶ
3506 1842 3656 1896 κάτω
3716 1842 3813 1896 τὸν

2163 1933 2324 1988 αὐτὸν
2391 1933 2480 1988 καὶ
2547 1941 2647 2002 τῆς
2713 1932 2954 1994 Παλαιας
3022 1935 3109 1986 καὶ
3170 1938 3268 2001 τῆς
3328 1932 3469 1993 Νέας
3530 1933 3812 2002 Διαθήκης

2163 2024 2462 2096 νομοθέτην
2520 2024 2547 2077 6
2625 2020 2842 2082 Παῦλος
2915 2022 3178 2093 ἀνυμνεῖ;
3242 2025 3365 2083 Πῶς
3429 2018 3476 2075 δ’
3551 2018 3610 2074 ἃν
3689 2022 3817 2096 ἅγια

2164 2113 2253 2168 καὶ
2287 2111 2451 2186 ἁγίων
2502 2115 2669 2188 ’Ἅγια
2701 2114 2766 2168 τὰ
2810 2118 2911 2181 τῆς
2955 2111 3219 2186 προτέρας
3266 2112 3564 2180 Διαθήκης,
3611 2109 3656 2164 εἰ
3705 2131 3814 2165 πο-

2165 2207 2334 2274 νηρᾶς
2378 2200 2698 2272 νομοθεσίας
2746 2201 2855 2270 iv;
2915 2199 3071 2275 Λέγει
3121 2199 3223 2276 γὰρ
3259 2217 3272 2231 '
3337 2199 3471 2276 Εἶχε
3523 2200 3556 2267 ἡ
3607 2198 3801 2272 πρώτη

2168 2292 2340 2361 σκηνή
2397 2287 2739 2363 δικαιώματα
2808 2290 3058 2366 λατρείας
3119 2289 3182 2344 τό
3249 2309 3309 2344 τε
3384 2291 3536 2363 ἅγιον
3602 2309 3808 2361 κοσμι-

2526 681 2616 736 τὸν
2709 681 2862 734 οἶκον
2962 679 3138 734 Ἰούδα
3243 679 3508 747 διαθήκην
3611 679 3807 747 καινὴν

2943 771 3034 825 τὸν
3109 774 3273 840 νοῦν),
3344 769 3406 823 οὐ
3493 768 3628 824 κατᾶ
3705 770 3808 839 τήν

2166 2384 2283 2451 κὸν,
2350 2383 2437 2436 καὶ
2506 2383 2677 2452 σκηνή
2752 2383 3142 2451 κατεσκευάσθη
3215 2383 3249 2449 ἡ
3329 2381 3545 2454 πρώτη.
3625 2380 3710 2434 Ἐν

2166 2471 2201 2540 ἥ
2262 2492 2319 2526 τε
2367 2469 2569 2546 λυχνία
2624 2472 2714 2526 καὶ
2769 2474 2803 2540 ἡ
2862 2471 3099 2545 τράπεζα
3151 2469 3241 2524 καὶ
3298 2471 3333 2539 ἡ
3392 2469 3648 2545 πρόθεσις
3698 2473 3810 2524 τῶν

2166 2557 2364 2634 ἄρτων,
2398 2562 2518 2629 ἥτις
2585 2559 2800 2635 λέγεται
2859 2562 3043 2635 Ἅγια.
3078 2559 3182 2615 Καὶ
3233 2561 3268 2628 ἡ
3323 2558 3457 2632 μετὰ
3511 2559 3610 2628 τήν
3665 2559 3817 2632 πρώ⁶

2163 2649 2261 2716 την
2323 2650 2550 2718 σκηνὴν,
2623 2649 2751 2722 ἅγια
2808 2650 2945 2720 (50),
3023 2647 3113 2700 καὶ
3179 2645 3346 2720 ἁγίων
3412 2647 3598 2719 ”Αγια,
3659 2645 3711 2700 ἐν

2166 2737 2401 2810 στάμνος
2473 2738 2564 2810 μὲν
2627 2737 2743 2811 εἶχε
2811 2738 2874 2791 τὸ
2945 2736 3111 2809 μάννα
3167 2742 3370 2810 χρυσῆ,
3453 2734 3542 2789 καὶ
3614 2730 3821 2808 ῥάϐδος

2169 2823 2225 2880 δὲ
2299 2826 2548 2881 ἀπέκειτο
2630 2830 2725 2881 τοῦ
2812 2825 3040 2898 Ἀαρὼν,
3119 2826 3209 2879 καὶ
3295 2824 3348 2877 αἱ
3435 2821 3640 2884 πλάκες
3714 2829 3816 2892 τῆς

2171 2911 2457 2986 διαθήκης.
2513 2914 2610 2970 Καὶ
2679 2919 2795 2976 πῶς
2875 2907 3157 2987 Χερουϐὶμ
3224 2909 3388 2982 δόξης
3469 2913 3815 2983 κατεσκίαζεν

2172 3003 2324 3074 αὐτὰ,
2371 3003 2416 3058 εἰ
2468 3011 2567 3074 τῆς
2618 2997 2918 3059 ἐπιϐούλου
2975 3001 3064 3056 καὶ
3122 3005 3364 3074 πονηρᾶς
3424 3001 3603 3075 ἀρχῆς
3647 3005 3819 3056 ταῦτα

2168 3094 2560 3168 προστάγματα
2584 3094 2688 3162 ἧν;
2743 3096 2863 3153 Πῶς
2897 3089 2954 3145 δὲ
3001 3090 3166 3146 πάλιν
3219 3091 3246 3144 6
3297 3086 3455 3151 αυτὸς
3501 3096 3602 3159 τῆς
3651 3093 3815 3167 χάριο

2166 3205 2259 3246 τος
2336 3185 2502 3260 κήρυξ
2584 3183 2705 3258 βοᾷ,
2783 3181 2989 3257 ῥήματι
3069 3181 3160 3253 μὲν
3238 3185 3372 3235 Θεοῦ
3459 3180 3816 3254 κατηρτίσθαι

2166 3272 2294 3335 τοὺς
2351 3273 2565 3342 αἰῶνας,
2607 3272 2752 3345 παρὰ
2799 3275 2895 3325 τοῦ
2945 3269 3107 3325 αὐτοῦ
3157 3267 3214 3325 δὲ
3265 3274 3399 3324 Θεοῦ
3450 3269 3510 3325 ἐκ
3559 3271 3636 3344 μὴ
3687 3291 3814 3346 φαι-

2166 3363 2405 3436 νομένων
2463 3365 2577 3434 (51)
2635 3363 2702 3415 τὰ
2764 3359 3078 3434 βλεπόμενα
3136 3359 3416 3433 γενέσθαις
3477 3357 3540 3414 Εἰ
3586 3359 3688 3434 γὰρ
3747 3359 3815 3413 τὰ

2171 3449 2483 3526 βλεπόμενα
2541 3451 2745 3522 ῥήματι
2798 3447 3094 3518 πεποίηκεν
3153 3449 3180 3502 6
3239 3448 3388 3519 Θεὸς,
3462 3447 3642 3523 ὥσπερ
3717 3449 3810 3503 καὶ

2166 3540 2292 3600 τοὺς
2327 3538 2546 3607 αἰῶνας,
2585 3534 2767 3611 ἕτερον
2821 3539 2914 3610 μὲν
2957 3535 3183 3592 πλάττει
3227 3541 3335 3591 τῶν
3390 3535 3746 3611 βλεπομένων
3775 3539 3813 3607 ἡ

2168 3627 2468 3681 ἀποστασία
2527 3623 2890 3700 δημιουργὸν,
2949 3621 3129 3700 ἕτερον
3187 3623 3242 3679 δὲ
3311 3631 3417 3680 τῶν
3465 3623 3813 3698 νοουμένωνς

2167 3716 2313 3770 Πόσα
2351 3713 2412 3769 ἄν
2446 3734 2526 3775 τις
2560 3712 2710 3787 ε’ίπῃ,
2757 3712 2846 3767 καὶ
2897 3710 2985 3768 διὰ
3013 3713 3192 3768 πόσιυν
3238 3720 3338 3783 τῆς
3389 3714 3719 3769 ἀποστασία(
3752 3714 3816 3770 τὸ

2168 3806 2446 3882 θεομάχον
2489 3803 2578 3858 καὶ
2611 3802 2908 3858 ἀσύστατον
2962 3801 3224 3878 διελέγχῃ
3254 3805 3406 3876 (52);
3461 3807 3584 3864 Πῶς
3631 3805 3736 3879 γάρ
3788 3804 3816 3858 ὁ

2166 3894 2363 3971 ἀγαθὸς
2416 3894 2543 3956 Θεὸς
2591 3890 2796 3947 δίκαιον
2859 3897 3119 3966 μαρτυρεῖ
3157 3893 3249 3946 τὸν
3315 3887 3506 3964 Ἀϐελ,
3557 3892 3603 3946 εἷ
3648 3913 3822 3964 πονη-

2169 3989 2265 4058 ρᾶς
2318 3982 2566 4043 πλάσεως
2599 3983 2686 4050 ἦν,
2737 3981 2826 4034 καὶ
2874 3982 2974 4050 τήν
3025 3980 3189 4035 αὐτοῦ
3239 3980 3424 4038 θυσίαν
3481 3979 3817 4056 προσεδέξα-

2165 4094 2248 4138 το,
2308 4073 2398 4127 καὶ
2441 4073 2502 4126 τὸ
2562 4069 2735 4144 δῶρον
2791 4070 2953 4126 αὐτοῦ
3004 4068 3218 4132 Παῦλος
3282 4071 3459 4126 πίστει
3510 4071 3814 4146 κηρύσσειῖ

2169 4161 2349 4216 Πίστει
2426 4161 2549 4235 γὰρ,
2646 4158 2828 4234 φησὶν,
2904 4153 3080 4215 ’Ἅϐελ
3175 4156 3358 4212 θυσίαν
3446 4160 3592 4233 παρὰ
3684 4159 3814 4214 Κάϊν

2168 4251 2500 4324 προσήνεγκε
2549 4252 2628 4319 τῷ
2712 4251 2850 4320 Θεῷ,
2921 4246 2990 4301 δι’
3047 4249 3111 4316 ἧς
3188 4246 3540 4320 ἐμαρτυρήθη
3603 4244 3818 4311 δίκαιος

2168 4338 2296 4390 εἶναι
2380 4341 2785 4410 μαρτυροῦντος
2855 4335 2939 4391 ἐπὶ
3017 4341 3132 4398 τοῖς
3201 4333 3399 4410 δώροις
3470 4335 3637 4391 αὐτοῦ
3714 4342 3817 4392 τοῦ

412 4425 684 4490 testatus,
715 4438 814 4476 eos
845 4438 961 4476 non
993 4421 1186 4477 solum
1260 4438 1362 4492 per
1417 4427 1596 4478 totam
1648 4425 1825 4480 vitam
1859 4427 2054 4482 ﬁdeles

2167 4430 2323 4482 Θεοῦ.
2367 4431 2487 4488 Πῶς
2543 4423 2599 4480 δὲ
2629 4427 2863 4488 πίστεως
2915 4427 3004 4480 καὶ
3051 4429 3084 4496 ἡ
3142 4427 3422 4499 μετάθεσις
3469 4430 3565 4480 τοῦ
3604 4427 3817 4501 Ἑνὼχ,

409 4511 609 4577 fuisse,
631 4511 732 4566 sed
755 4514 812 4566 et
833 4510 1156 4565 secundum
1181 4509 1350 4566 ﬁdem
1380 4521 1725 4582 praesentem
1747 4513 1919 4570 vitam
1955 4516 2054 4572 de-

411 4617 764 4745 ”
806 4633 960 4686 xxxi,
1010 4616 1199 4672 3t-33.
1310 4618 1354 4653 ³⁸
1387 4619 1556 4676 Hebr.
1592 4637 1710 4688 vni,
1763 4621 1881 4678 8-9.

1987 4623 2034 4657 2°
2065 4625 2203 4680 ibid.
2247 4625 2326 4682 lO.
2403 4624 2448 4658 ³ο
2479 4624 2646 4680 Hebr.
2682 4641 2758 4694 ix,
2791 4627 2845 4679 2.

2164 4515 2252 4570 καὶ
2304 4520 2418 4576 πῶς
2470 4513 2795 4590 εύηρὲστησε
2823 4520 2903 4587 τῷ
2952 4519 3108 4586 Θεῷ;
3166 4515 3253 4570 καὶ
3305 4519 3420 4576 πῶς
3471 4512 3552 4569 δεῖ
3589 4519 3822 4570 πιστεῦ-

2949 4624 2992 4660 ³¹
3028 4624 3170 4679 ibid.
3214 4624 3265 4680 4.
3368 4624 3414 4659 ³³
3445 4623 3619 4680 Hebr.
3649 4641 3730 4691 χι,
3762 4626 3798 4681 3

1578 4800 1820 4860 VARle
1861 4803 2246 4861 LECTIONES
2286 4805 2374 4860 ET
2415 4804 2644 4860 NOT/E.

489 4913 608 4991 (50)_
647 4913 794 4991 Μετὰ
841 4913 938 4980 τήν
981 4913 1458 4991 πρώτην-,σκηνὴν
1516 4918 1661 4991 ἅγια.
1713 4920 1898 4977 Aliter
1944 4922 2060 4976 hinc

416 4985 687 5058 leguntur
717 4987 773 5058 in
809 4992 961 5042 textu
994 4985 1254 5058 Apostoli
1285 4987 1484 5044 Graeco
1516 4985 1663 5053 l.'c.,
1696 5007 1750 5048 v.
1784 4995 1814 5045 3
1857 5009 1870 5048 :
1913 4993 2062 5046 Μετᾶ

421 5052 503 5135 δῖ
530 5055 591 5108 τὸ
628 5052 898 5135 ,δεύτερον
957 5052 1341 5135 καταπέτασμα
1418 5061 1620 5128 σκηνὴν
1651 5052 1656 5053 ί
1686 5064 1720 5129 ἡ
1785 5059 2054 5135 λεγομένη

419 5128 586 5204 Ἅγια
617 5127 816 5201 ἁγίων(
848 5132 1051 5204 Atque
1081 5128 1173 5184 hic
1213 5127 1424 5204 sensus
1473 5127 1664 5188 clarus
1709 5127 1816 5204 est,
1852 5127 1945 5204 qui
1996 5127 2055 5189 in

419 5201 630 5275 verbis,
667 5208 832 5275 prout
862 5201 954 5256 hic
975 5202 1318 5268 all‘eruntur,
1344 5203 1558 5260 frustra
1588 5201 1884 5275 quaarit'ur'.
1912 5206 2055 5262 Hinc

420 5277 477 5326 et
507 5274 564 5324 in
598 5274 859 5328 versione
889 5279 1122 5328 secutus
1144 5289 1274 5327 sum
1300 5274 1779 5332 scrintorisisacri
1811 5282 2050 5332 textum.

420 5293 477 5326 ει
508 5293 564 5324 in
598 5293 859 5328 versrons
889 5293 1122 5328 secutus
1144 5293 1274 5327 sum
1300 5293 1422 5329 seri
1462 5293 1598 5332 toris
1629 5293 1779 5331 sacri
1811 5293 2050 5332 textum.

414 5341 769 5419 flarietatem
801 5349 994 5419 autem
1047 5344 1281 5419 librario
1317 5293 1716 5419 negiigcntiori
1761 5354 1898 5419 puto
1950 5351 2058 5403 tri-

417 5414 734 5489 buendam,
769 5416 909 5489 quia
951 5415 1298 5489 Euthymius
1356 5414 1416 5471 in
1471 5414 1925 5489 Ραηομίίιίευιι,
1961 5421 2054 5474 ubi

417 5486 602 5541 Pbotii
664 5489 811 5541 hanc
881 5485 1350 5541 dissertationem
1427 5485 1633 5545 contra
1710 5491 2058 5547 Manicbaaos

413 5559 689 5684 excerpit,
711 5558 902 5614 locum
935 5557 1194 5629 Apostoli
1220 5559 1410 5624 affert,
1431 5567 1603 5630 prout
1627 5562 1683 5616 in
1710 5572 1862 5618 textu
1894 5579 2055 5619 sacro

437 5645 523 5684 em
557 5646 644 5684 ur.

437 5629 644 5686 etzitur.

469 5645 724 5770 g(l5l1u)r;Ex
775 5700 851 5772 μὴ
891 5696 1246 5778 φαινομένων.
1303 5700 1387 5756 Ita
1434 5700 1640 5759 Noster
1697 5719 1799 5776 pro
1861 5703 1938 5777 μή
1998 5701 2056 5758 ἐκ

2171 4917 2532 4996 φαινομένων,
2593 4921 2744 4996 ᾳυολό
2824 4922 3320 4996 codices__omnes
3389 4925 3445 4976 et
3501 4923 3816 4996 scriptores

2172 4992 2573 5057 ecclesiastici,
2607 4994 2655 5046 si
2687 4992 3023 5063 Gregorium
3075 4993 3426 5064 Nyssenum,
3471 4992 3815 5050 observante

2173 5065 2373 5132 Millio,
2399 5065 2672 5135 excipias,
2705 5065 2994 5120 exhibent.
3029 5065 3160 5128 Quae
3192 5073 3382 5120 autem
3427 5064 3561 5119 hinc
3607 5082 3814 5122 nasca—

2175 5141 2264 5190 tur
2295 5153 2503 5191 sensus
2533 5136 2876 5200 ditl‘erentia,
2911 5139 3215 5192 ostendere
3246 5141 3490 5191 conatur
3532 5135 3815 5192 Melchior

2171 5208 2582 5277 Leydeckerus,
2617 5210 2673 5260 in
2723 5209 3092 5278 Archaeologia
3135 5223 3311 5273 sacra,
3361 5209 3506 5263 diss.
3546 5223 3586 5273 ι,
3639 5207 3669 5279 §
3715 5209 3809 5275 53,

2171 5297 2313 5366 pag.
2342 5281 2424 5361 1'7.
2475 5281 2938 5366 (laeter‘umrquod
2993 5279 3209 5366 Hebraei
3260 5284 3670 5366 vocantium:
3716 5287 3812 5366 Vg

2171 5349 2224 5404 id
2254 5349 2372 5404 dici
2409 5357 2588 5422 potest
2625 5351 2817 5405 Graece
2851 5350 2927 5422 μή
2965 5349 3311 5422 φαινόμενον,
3352 5355 3503 5406 recte
3535 5349 3811 5422 monsdte

2169 5421 2509 5478 doctissimo
2563 5421 2814 5476 Gustavo
2860 5421 3100 5492 Georgio
3132 5421 3416 5478 ’Zeltnero
3474 5422 3531 5476 in
3580 5421 3810 5480 Dissert.

2167 5495 2230 5549 de
2259 5497 2442 5549 ltircat
2467 5495 2822 5562 Hamminim,
2868 5511 2921 5563 p.
2953 5494 3043 5549 76.

2235 5567 2347 5654 βξ)
2375 5563 2665 5654 saltm»
2692 5561 3012 5654 ἔξεξέέιξίιὶο
3045 5583 3147 5654 Pro
3180 5561 3479 5654 istuc},
3514 5564 3807 5654 φθάνω·

2165 5635 2637 5708 οχὶιὶοεὺειιηιὶοο
2685 5635 2838 5691 enim
2895 5635 3063 5707 jubet
3109 5635 3458 5695 antecedens
3509 5635 3639 5708 εἷ’πῃ
3673 5652 3809 5694 cum

2161 5709 2277 5769 πῶς
2311 5713 2464 5766 recte
2493 5706 2572 5764 ita
2593 5708 2891 5778 junctum.
