4084 6210
262 381 381 443 153

1346 375 1666 437 CONTRA
1708 371 2197 434 MANICH/EOS
2244 373 2475 436 LIBER
2515 374 2626 436 IIl.

3570 380 3686 442 154

261 537 356 572 σαι
388 515 478 570 τὸν
526 507 996 587 προσερχόμενον
1044 512 1123 580 τῷ
1179 511 1316 581 Θεῷ,
1360 511 1440 582 τῷ
1486 511 1655 564 ταῦτα
1704 506 1924 582 ἐνεργη·

2046 509 2332 581 posuisse,
2349 526 2527 581 seque
2550 509 2886 582 peregrinos
2909 513 2966 568 et
2988 513 3238 569 advenas
3262 513 3484 588 fragilis
3503 515 3685 588 hujus

259 607 410 676 κότι,
453 607 678 677 πρῶτον
732 602 826 674 μὲν
877 601 960 654 ὅτι
1007 598 1165 661 αὐτός
1219 599 1358 655 ἐστιν
1393 601 1420 655 6
1469 599 1670 672 κυρίως
1705 597 1796 667 ὢν,
1831 599 1920 652 καὶ

266 695 357 750 ὅτι
413 688 824 767 μισθαποδότης
872 689 1099 765 γίνεται,
1148 688 1196 743 εἶ
1245 690 1487 762 πονηρὸς
1548 687 1724 758 ἦνκαὶ
1755 708 1927 758 πονη-

276 789 390 860 ρῶν
421 779 590 858 ἔργων
633 780 984 854 αὐτουργόςς
1021 778 1120 833 Καὶ
1168 777 1220 833 τί
1271 775 1353 832 δεῖ
1397 779 1517 832 καθ’
1567 773 1785 833 ἕκαστον
1837 775 1928 830 λέ-

270 896 391 947 γΞιν
427 877 528 928 τῶν
577 870 632 927 ἐν
673 875 744 944 τῇ
787 869 1006 939 Παλαιᾷ
1063 866 1500 943 διαπρεψάντων,
1541 890 1614 922 ων
1675 867 1924 922 ἁπάντων

271 964 452 1017 πίστιν
504 959 936 1034 ἐπιμαρτύρεται
986 958 1083 1026 τὴν
1133 958 1209 1021 εἷς
1255 957 1346 1012 τὸν
1393 957 1546 1028 Θεὸν,
1592 961 1689 1011 τοῦ
1719 976 1777 1010 τε
1806 960 1928 1009 Νῶε

269 1051 438 1130 φημὶ,
482 1050 573 1104 καὶ
629 1053 732 1105 τοῦ
784 1042 1058 1121 Ἁϐραάμ,
1115 1047 1203 1099 καὶ
1256 1047 1442 1114 Ισαᾶικ,
1489 1045 1579 1100 καὶ
1642 1044 1700 1099 οὐ
1764 1045 1924 1116 μόνον

266 1140 503 1202 πιστοὺς
533 1139 590 1194 ἐν
624 1138 744 1210 ὅλῳ
772 1141 853 1208 τῷ
897 1138 1024 1209 βιῳ,
1060 1133 1205 1190 ἀλλᾶ
1247 1135 1336 1189 καὶ
1385 1136 1520 1190 κατὰ
1572 1136 1672 1203 τὴν
1721 1133 1923 1202 πίστιν,

267 1229 464 1291 αὖτοὺς
515 1225 814 1284 ἀπολιπεῖν
871 1227 971 1293 τήν
1022 1228 1296 1299 παροῦσαν
1365 1226 1535 1295 ζωὴν,
1603 1223 1693 1278 καὶ
1743 1223 1923 1293 ξένους

266 1318 494 1383 ἑαυτοὺς
522 1319 618 1373 καὶ
649 1316 946 1393 παροίκους
992 1321 1090 1384 τῆς
1137 1313 1402 1390 ἐπικήρου
1450 1314 1691 1388 νομίζειν
1751 1310 1923 1367 πολι-

2033 598 2520 655 commorationis
2539 598 2880 669 credidisse,
2899 616 3090 671 neque
3115 602 3299 658 vereri
3319 604 3684 676 Deum,ipsos

2037 689 2388 744 domesticos
2421 705 2555 744 suos
2585 705 2808 754 vocare,
2843 697 2942 744 aut
2975 695 3036 743 ut
3066 689 3328 761 ipsorum
3359 692 3540 748 Deum
3592 694 3681 748 in-

2035 776 2264 844 vocari;
2294 794 2468 848 quem
2503 783 2693 834 autem
2717 778 2744 832 ‘t
2776 794 2931 845 eum,
2968 779 3068 849 qui
3102 780 3246 852 ipsis
3278 782 3564 838 caelestem
3598 783 3682 839 ci-

2035 865 2267 921 vitatem
2303 869 2622 937 paraverat.
2657 867 2956 930 Quomodo
2999 884 3131 923 vero
3163 869 3281 925 illis
3323 871 3558 926 caeleste
3598 887 3684 926 re-

2036 971 2211 1026 gnum
2247 959 2524 1026 parasset,
2557 955 2668 1010 nisi
2703 956 2761 1010 in
2793 955 2907 1010 vita
2935 963 2996 1010 ut
3026 958 3169 1013 servi
3204 959 3333 1030 ejus
3361 964 3678 1030 pracepto-

2038 1060 2286 1115 rumque
2301 1045 2428 1114 ejus
2459 1044 2857 1101 observatores
2889 1045 3069 1115 agniti
3095 1046 3360 1115 fuissent,
3387 1048 3682 1120 fidemque

2035 1133 2169 1204 ipsi,
2221 1149 2467 1205 quorum
2517 1134 2755 1189 omnino
2804 1133 3055 1189 caelestis
3112 1135 3314 1191 civitas
3371 1139 3678 1208 prmmium

2036 1232 2141 1291 est,
2195 1239 2329 1277 cum
2382 1239 2528 1293 pura
2573 1228 2629 1278 et
2679 1223 3020 1278 intemerata
3068 1224 3429 1281 confessione
3459 1242 3682 1282 servas-

2036 1311 2208 1368 sent?

262 1411 424 1477 τείας,
488 1409 587 1464 καὶ
657 1409 733 1481 μὴ
786 1403 1212 1479 ἓπαισχῦνεσθαι
1263 1406 1356 1459 τὸν
1415 1407 1571 1473 Θεὸν,
1634 1401 1866 1462 οἰκείους
1923 1422 1980 1456 τε
2038 1403 2150 1474 (53)
2209 1399 2372 1455 αὐτοῦ
2430 1400 2698 1474 νομίζειν,
2753 1401 2841 1455 καὶ
2919 1400 3047 1455 Θεὸν
3103 1401 3262 1456 αὐτὸν
3317 1405 3430 1475 (54)
3488 1402 3676 1459 ἐπικα-

261 1501 475 1557 λεῖσθαι
511 1520 526 1533 ⁸

592 1504 790 1568 ποῖονς
851 1499 940 1552 τὸν
991 1496 1336 1570 ἡτοιμακότα
1392 1496 1492 1565 τὴν
1536 1495 1851 1570 ἐπουράνιον
1911 1491 2072 1548 πόλιν
2129 1491 2335 1551 αὐτοῖς.
2396 1495 2516 1553 Πῶς
2573 1493 2672 1566 γὰρ
2733 1490 2918 1552 αὐτοῖς
2975 1497 3072 1560 τήν
3132 1493 3387 1568 οὐράνιον
3444 1495 3681 1568 ἡτοιμά-

259 1613 388 1648 σατο
451 1590 762 1668 βασιλείαν,
828 1589 874 1644 εἰ
949 1589 1025 1661 μὴ
1072 1587 1270 1642 τούτου
1324 1587 1412 1642 καὶ
1465 1588 1789 1657 θεράποντες
1859 1585 1947 1640 καὶ
2001 1586 2108 1639 τῶν
2170 1583 2607 1657 προσταγμάτων
2667 1580 2906 1661 φύλακες
2965 1581 3328 1658 έγνωρίζοντο
3388 1582 3474 1639 διὰ
3531 1584 3675 1658 βίου,

258 1684 350 1738 καὶ
415 1683 516 1750 τὴν
585 1679 766 1736 πίστιν
823 1677 971 1750 αὐτῷ
1028 1675 1377 1743 διεσώσαντο,
1453 1679 1535 1737 οἷς
1602 1674 1836 1733 ἔπαθλον
1897 1677 1932 1744 ἡ
2002 1670 2252 1750 οὐράνιος
2307 1669 2491 1742 πόλις,
2551 1673 2784 1748 καθαρὰν
2870 1693 2929 1728 τε
2984 1673 3073 1727 καὶ
3132 1671 3360 1746 ἄμικτον
3438 1670 3677 1752 ἀμφιϐο-

261 1771 386 1828 λίαν
555 1793 572 1841 ς

347 1864 450 1916 li".
481 1860 554 1914 Σὺ
584 1857 640 1913 δὲ
673 1855 818 1932 μηδὲ
844 1858 944 1926 τὴν
977 1855 1172 1912 ἄθυτον
1203 1857 1293 1911 καὶ
1334 1855 1628 1928 θαυμασίαν
1665 1851 1918 1932 Ἀϐραὰμ

2106 1853 2256 1909 XIII.
2279 1857 2358 1908 Tu
2382 1871 2513 1910 vero
2537 1871 2641 1910 nec
2664 1854 2928 1910 mirabile
2950 1854 3095 1910 illud
3120 1860 3178 1911 et
3211 1871 3327 1912 non
3355 1859 3678 1912 mactatum

270 1949 463 2004 θυσίαν
511 1946 894 2023 παραδράμῃς,
944 1950 1076 2001 Θεοῦ
1138 1946 1234 2018 μὲν
1311 1945 1710 2017 ἐκζητήσαντος
1795 1945 1920 2000 ταῦ-

265 2060 398 2109 την,
431 2040 520 2092 καὶ
557 2038 650 2106 τήν
693 2037 926 2112 γνώμην
979 2031 1402 2107 ἀποδεξαμένου·
1453 2038 1550 2089 τοῦ
1601 2031 1658 2088 δὲ
1715 2033 1921 2107 προθύ-

267 2148 393 2202 μως
447 2125 776 2195 πεισθέντος,
823 2123 914 2179 καὶ
964 2123 1026 2179 οὐ
1083 2125 1394 2186 πεισθέντος
1435 2125 1625 2197 μόνον,
1656 2121 1801 2178 ἀλλὰ
1830 2123 1916 2178 καὶ

262 2215 680 2283 πιστεύσαντος,
713 2215 797 2268 ὅτι
831 2211 1056 2274 δυνατός
1101 2211 1242 2267 ἐστιν
1299 2214 1328 2268 6
1375 2213 1504 2275 Θεὸς
1559 2212 1648 2267 καὶ
1697 2210 1920 2284 νεκροὺς

267 2304 498 2381 ἒγεῖραι.
541 2304 642 2358 Διὰ
667 2307 827 2358 τοῦτο
860 2300 1133 2375 λογίζεται
1170 2303 1264 2375 μὶν
1324 2301 1471 2374 αὐτῷ
1517 2300 1594 2364 εἷς
1645 2298 1919 2356 δικαιοσύ-

267 2414 391 2464 νην,
422 2394 488 2448 τὸ
526 2393 789 2466 πατρικὸν
821 2389 879 2446 δὲ
909 2389 1120 2464 ἂξίωμα
1149 2389 1210 2446 οὐ
1259 2391 1395 2446 κατὰ
1437 2397 1537 2459 τῆς
1579 2391 1704 2444 τότε
1753 2389 1920 2462 μόνον

272 2485 479 2556 γενεᾶς,
545 2478 694 2536 ἀλλὰ
744 2480 834 2534 καὶ
896 2480 1030 2553 μετά
1102 2483 1288 2550 ταῦτα,
1370 2473 1657 2548 λαμϐάνει,
1744 2479 1923 2541 καθὼς

275 2571 596 2646 γέγραπται,
657 2568 742 2624 ὅτι
801 2571 1010 2643 Πατέρα
1061 2566 1290 2624 πολλῶν
1357 2567 1518 2624 ἐθνῶν
1572 2567 1786 2624 τέθεικά
1842 2588 1920 2637 σε,

272 2659 548 2714 κατέναντι
605 2658 670 2713 οῦ
725 2655 1007 2713 ἐπίστευσε
1071 2661 1210 2730 Θεῷ.
1287 2657 1386 2712 Καὶ
1443 2652 1686 2735 πρὸσχες
1767 2656 1920 2732 ἀκρι-

272 2744 408 2816 ϐῶς,
473 2747 618 2809 τίνος
669 2747 819 2824 λέγει
877 2751 1032 2803 Θεοῦ.
1097 2745 1316 2822 Ἐπάγει
1373 2747 1475 2822 γὰρ
1543 2743 1810 2801 διδάσκων
1894 2748 1920 2802 6

272 2837 513 2906 Παῦλος,
570 2842 672 2892 τοῦ
732 2838 1135 2905 ζωοποιοῦντος
1197 2835 1320 2898 τοὺς
1376 2834 1622 2910 νεκροὺς,
1681 2836 1770 2890 καὶ
1827 2857 1921 2891 κα-

273 2927 502 2987 λοῦντος
571 2925 638 2981 τὰ
697 2925 773 2997 μὴ
834 2921 962 2981 ὄντα
1018 2925 1092 2986 ὡς
1152 2919 1300 2980 ὄντα·
1341 2925 1432 2980 καὶ
1490 2923 1678 2980 πάλιν’
1731 2925 1826 2988 Εἰς
1866 2921 1924 2981 δὲ

273 3016 371 3085 τήν
435 3013 767 3089 ἐπαγγελίαν
831 3018 928 3068 τοῦ
969 3017 1102 3070 Θεοῦ
1151 3012 1213 3068 οὐ
1259 3010 1500 3088 διεκρίθη
1549 3018 1618 3088 τῇ
1675 3013 1921 3085 ἀπιστίᾳ,

274 3103 400 3160 ἀλλ’
500 3100 880 3177 ἐνεδυναμώθη
965 3107 1035 3178 τῇ
1118 3108 1319 3172 πίστει,
1401 3101 1525 3166 δοὺς
1611 3100 1764 3173 δόξαν
1839 3107 1919 3175 τῷ

2031 1942 2345 2000 Abrahami
2377 1945 2731 2000 sacrificium
2769 1944 3076 2016 praeterito,
3111 1945 3264 2016 quod
3299 1945 3454 2000 Deus
3496 1945 3684 2018 requi-

2031 2033 2217 2101 rebat,
2243 2034 2722 2104 prepositumque
2745 2034 2871 2103 ejus
2895 2034 3180 2104 probabat
3204 2052 3218 2102 ;
3243 2034 3394 2090 sicut
3413 2035 3672 2092 vicissim

2032 2120 2080 2175 is
2112 2121 2525 2192 (Abrahamus)
2557 2137 2670 2176 non
2722 2122 2940 2177 invitus
2972 2122 3231 2192 parebat,
3282 2139 3387 2177 nec
3435 2123 3682 2194 parebat

2031 2208 2246 2274 solum,
2276 2211 2377 2266 sed
2413 2216 2467 2266 et
2497 2210 2790 2277 credebat,
2824 2209 3006 2264 Deum
3046 2215 3103 2266 et
3134 2214 3396 2265 mortuos
3427 2211 3678 2267 excitare

2032 2314 2216 2370 posse.
2251 2299 2558 2370 Propterea
2589 2299 2913 2370 imputatur
2941 2297 3050 2354 hoc
3081 2297 3132 2352 ei
3155 2298 3212 2352 in
3239 2299 3552 2368 justitiam,
3583 2299 3678 2370 ip-

2031 2403 2210 2460 seque
2252 2393 2526 2460 praeterea
2556 2389 2736 2459 patris
2767 2387 2994 2443 titulum
3024 2402 3140 2442 non
3173 2386 3233 2442 in
3257 2385 3417 2442 illam
3446 2391 3676 2443 tantum

2031 2479 2130 2534 sed
2161 2480 2218 2532 et
2247 2482 2546 2532 secuturas
2586 2475 2988 2548 generationes
3041 2476 3269 2546 accipit,
3319 2475 3472 2533 sicut
3524 2477 3678 2534 scri-

2033 2573 2194 2636 ptum
2229 2569 2319 2620 est
2352 2581 2365 2620 :
2397 2565 2705 2620 Multarum
2731 2564 2976 2635 gentium
3025 2568 3244 2632 patrem
3291 2568 3341 2620 te
3391 2566 3674 2622 constitui.

2031 2655 2138 2710 Pro
2167 2669 2274 2724 quo
2319 2653 2552 2709 credidit
2611 2654 2715 2708 Deo
2733 2651 2802 2710 3‘.
2855 2652 2940 2708 Tu
2995 2668 3131 2708 vero
3190 2653 3364 2724 probe
3409 2652 3672 2723 observa,

2033 2758 2206 2815 quem
2240 2741 2335 2797 hic
2364 2741 2636 2812 loquatur
2665 2742 2868 2796 Deum.
2896 2740 3210 2812 Subjungit
3249 2743 3406 2796 enim
3459 2742 3675 2798 docens

2032 2831 2242 2888 Paulus
2274 2857 2286 2885 :
2325 2830 2646 2900 Viviﬁcanti
2675 2836 2939 2898 mortuos,
2972 2839 3022 2886 et
3051 2832 3270 2886 vocanti
3308 2846 3371 2886 ea
3413 2847 3538 2902 quae
3567 2848 3678 2887 non

2029 2926 2175 2986 sunt,
2225 2926 2490 2992 tanquam
2537 2919 2652 2974 sint
2674 2918 2739 2973 ³⁵.
2791 2920 2860 2974 Et
2890 2918 3152 2974 iterum:
3207 2919 3280 2976 De
3309 2921 3682 2991 promissione

2032 3025 2154 3066 vero
2187 3009 2282 3066 Dei
2311 3026 2418 3066 non
2449 3008 2722 3065 dubitavit
2748 3025 2850 3081 per
2878 3008 3342 3075 incredulitatem,
3376 3009 3466 3064 sed
3492 3011 3676 3081 potius

2027 3100 2386 3170 conﬁrmatus
2423 3109 2500 3154 est
2529 3098 2657 3168 ﬁde,
2705 3097 2841 3153 dans
2883 3099 2988 3153 Deo
3033 3097 3271 3168 gloriam
3290 3098 3355 3152 ³⁸.
3400 3097 3680 3166 Videsne,

273 3196 414 3264 Θεῷ.
450 3195 628 3266 Ὁρᾷς,
657 3171 738 3254 τίς
768 3191 835 3260 ἦν
869 3171 902 3246 Ὕὸ
953 3171 1020 3246 ἐν,
1043 3199 1196 3265 νόμῳ
1243 3171 1334 3246 καὶ
1381 3171 1694 3268 προφήταις
1737 3171 1918 3263 λαλήξ-

2037 3189 2160 3260 quis
2190 3187 2361 3244 fuerit
2390 3186 2462 3252 is,
2496 3187 2595 3259 qui
2627 3188 2684 3241 in
2718 3184 2843 3257 lege
2872 3194 2924 3242 et
2957 3185 3256 3258 prophetis
3284 3185 3510 3242 locutus
3561 3191 3674 3254 est,

275 3301 392 3351 σας,
426 3279 510 3335 ὅτι
555 3279 653 3335 οὐκ
689 3278 863 3344 ἄλλος
900 3282 1044 3356 παρά
1094 3281 1186 3336 τὸν
1233 3279 1600 3356 χαρισάμενον
1641 3283 1778 3354 ἡμῖν
1822 3282 1920 3351 τὴν

274 3371 464 3449 χάριν,
496 3367 624 3424 ἀλλ’
655 3369 837 3432 αὐτός.
873 3371 1094 3444 Ἐπάγει
1122 3370 1245 3446 γάρ.
1283 3394 1310 3424 ιι
1341 3371 1450 3426 Οὐκ
1489 3369 1694 3446 ἐγράφη
1737 3367 1795 3425 δὲ
1853 3367 1925 3425 δι’

275 3460 437 3516 αὐτὸν
483 3459 672 3534 μόνον,
702 3459 849 3515 ἀλλὰ
879 3461 968 3514 καὶ
1002 3457 1070 3514 δι’
1118 3461 1289 3532 ἡμᾶς,
1334 3461 1415 3524 οἷς
1469 3459 1661 3534 μέλλει
1703 3460 1922 3535 λογίζε·

282 3555 404 3607 σθαι
460 3557 583 3614 τοῖς
640 3551 1016 3607 πιστεύσουσιν
1073 3549 1160 3606 ἐπὶ
1208 3551 1301 3605 τὸν
1351 3549 1625 3628 ἐγείραντα
1670 3552 1763 3605 τὸν
1807 3551 1929 3607 Κύ-

280 3661 394 3716 ριον
447 3644 610 3715 ἡμῶν
664 3642 874 3710 Ἰησοῦν
925 3641 1154 3716 Χριστὸν
1205 3639 1264 3696 ἐκ
1310 3645 1599 3716 νεκρῶν.»
1658 3639 1866 3698 Οὐκοῦν
1899 3642 1928 3695 6

279 3732 483 3806 πατέρα
527 3728 757 3786 πολλῶν
811 3729 978 3785 ἐθνῶν
1031 3730 1254 3803 θέμενος
1300 3730 1390 3784 τὸν
1445 3725 1718 3803 Ἀϐραὰμ.
1767 3728 1927 3805 ὅρκον

281 3819 544 3895 ὑποσχὼν
585 3819 754 3891 αὐτῷ,
796 3820 824 3874 6
872 3818 924 3873 ἐν
977 3825 1096 3881 ταῖς
1141 3817 1491 3894 ἐπαγγελίαις
1550 3815 1930 3891 ἀδιάψευστος,

279 3909 307 3963 ὁ
364 3908 432 3965 τὰ
487 3912 566 3982 μή
629 3905 754 3963 ὄντα
791 3907 975 3963 καλῶν
1019 3908 1092 3970 ὡς
1149 3905 1300 3974 ὄντα,
1369 3909 1396 3962 6
1451 3912 1733 3977 ζωοποιῶν
1804 3906 1930 3968 τοῦς

279 4000 529 4074 νεκροὺς,
591 3999 752 4061 αὐτός
811 3999 952 4054 ἐστιν
1009 4000 1036 4053 ὁ
1090 3998 1300 4075 ἐγείρας
1357 3999 1450 4053 τὸν
1511 3999 1712 4072 Κύριον
1768 4000 1930 4072 ἡμῶν

280 4091 488 4158 Ἰησοῦν
541 4088 768 4164 Χριστὸν
824 4089 884 4143 ἐκ
931 4093 1155 4164 νεκρῶψ
1191 4088 1314 4143 κᾶν’
1365 4088 1428 4142 τὸ
1477 4093 1578 4157 τῆς
1605 4087 1936 4150 ἀποστασίας

281 4177 532 4254 ὀλέθριον
571 4180 827 4256 φρόνημα
865 4176 942 4241 εἷς
984 4175 1079 4232 δύο
1129 4174 1440 4239 δεσποτείας
1487 4177 1579 4232 καὶ
1633 4175 1784 4238 θεοὺς
1834 4196 1936 4231 κα-

281 4269 545 4344 ταμερίζῃ
584 4267 804 4331 αὐτούς.
860 4267 936 4322 Σὺ
997 4264 1054 4324 δέ
1106 4289 1199 4340 μοι
1247 4266 1336 4322 καὶ
1394 4267 1519 4331 τοὺς
1579 4265 1834 4334 λοιποὺς,
1875 4265 1930 4321 ο²ί

280 4361 594 4434 περιφανῶς
661 4353 982 4432 ἒδείχθησαν
1042 4356 1096 4412 ἐν
1152 4359 1221 4430 τῇ
1291 4356 1504 4428 Παλαιᾷ
1582 4351 1934 4431 βεϐιωκότες,

282 4445 628 4522 έπιλογίζου,
671 4446 764 4501 τὸν
825 4441 1097 4520 Ἀϐραάμ,
1148 4447 1240 4501 τὸν
1289 4441 1506 4514 Ἰακὼϐ,
1563 4447 1655 4501 τὸν
1706 4448 1932 4525 Ἰωσήφ,
1969 4482 2014 4546 D

281 4535 438 4591 αὐτὸν
471 4537 568 4590 τὸν
603 4535 826 4602 Μωσέα,
853 4535 948 4597 οὒς
994 4534 1046 4590 ἐν
1094 4534 1292 4608 ἐπαίνῳ
1341 4534 1668 4608 ποιούμενος
1710 4536 1738 4589 6
1788 4539 1935 4590 Παῦ-

280 4623 370 4686 λος
423 4623 517 4679 καὶ
565 4626 666 4693 τὴν
715 4625 899 4680 πίστιν
945 4624 1123 4680 αὐτῶν
1178 4623 1438 4698 ἐξυμνῶν,
1498 4624 1620 4700 περὶ
1671 4628 1768 4680 τοῦ
1802 4626 1937 4683 Μω-

279 4711 408 4773 σέως
457 4711 838 4783 προστίθησιν.
890 4713 1017 4768 ’Ότι
1065 4711 1156 4766 καὶ
1203 4713 1294 4767 τὸν
1355 4708 1666 4784 ὀνειδισμὸν
1730 4709 1930 4782 ὑπέστη

273 4803 363 4853 τοῦ
426 4802 688 4872 Χριστοῦ.
741 4799 902 4876 Λέγει
961 4799 1064 4876 γὰρ
1125 4798 1362 4875 ῥήμασιν
1431 4799 1619 4860 αὐτοῖς
1706 4799 1934 4873 μείζονα

273 4892 374 4942 τῶν
435 4885 724 4962 Αἰγύπτου
777 4889 1064 4961 θησαυρῶν
1120 4888 1473 4964 ἡγησάμενος
1556 4888 1651 4943 τὸν
1739 4886 1928 4943 ὀνειδι-

272 4977 564 5047 σμὸν-τοῦ
619 4979 875 5051 Χριστοῦ,
915 4976 1006 5032 καὶ
1065 4978 1164 5046 τὴν
1228 4976 1424 5032 αἰτίαν·
1488 4971 1767 5032 ἀπέϐλεπε
1823 4977 1928 5054 γὰρ

273 5062 342 5126 εἷς
406 5066 538 5134 τήν,
577 5063 1029 5137 μισθαποδοσίαν,
1094 5065 1161 5134 ἢν
1219 5063 1476 5137 δηλονότι
1549 5065 1772 5130 δυνατὸς
1854 5065 1922 5134 ἦν

333 5191 381 5226 ⁸⁸
410 5192 580 5249 Rom.
613 5207 692 5259 1v,
725 5193 811 5248 17.
887 5189 934 5227 ³⁸
963 5191 1104 5248 ibid.
1141 5192 1228 5247 19.

2030 3278 2251 3335 scilicet
2281 3295 2394 3334 non
2426 3277 2689 3333 diversus
2721 3279 2794 3330 ab
2823 3292 2912 3344 eo,
2945 3275 3046 3348 qui
3079 3277 3246 3332 nobis
3291 3275 3538 3347 largitus
3586 3279 3678 3332 est

2032 3368 2300 3440 gratiam,
2333 3367 2432 3423 sed
2459 3367 2631 3423 idem.
2662 3364 2839 3421 Addit
2863 3365 3018 3420 enim
3046 3380 3060 3420 :
3085 3386 3112 3415 «
3137 3365 3259 3421 Non
3291 3379 3423 3420 vero
3456 3366 3676 3437 scripta

2034 3458 2154 3514 haec
2185 3462 2323 3514 sunt
2353 3462 2590 3530 propter
2619 3456 2814 3530 ipsum
2847 3454 3066 3524 solum,
3092 3456 3190 3510 sed
3215 3459 3273 3510 et
3295 3459 3532 3528 propter
3546 3471 3675 3524 nos,

2035 3547 2251 3620 quibus
2278 3547 2551 3620 impulari
2579 3547 2770 3614 debet,
2803 3544 3113 3602 credituris
3163 3560 3372 3618 nempe
3411 3544 3471 3600 in
3520 3561 3676 3612 eum,

2038 3637 2137 3709 qui
2159 3637 2472 3693 Dominum
2496 3645 2756 3692 nostrum
2786 3634 2988 3691 Jesum
3011 3633 3305 3690 Christum
3337 3651 3404 3690 ex
3437 3635 3682 3691 mortuis

2038 3725 2411 3784 excitavitw.
2435 3748 2462 3775 ›ι
2482 3725 2684 3796 Itaque
2708 3725 2779 3792 is,
2810 3724 2911 3795 qui
2943 3723 3341 3780 Abrahamum
3367 3723 3685 3780 multarum

2039 3817 2302 3888 gentium
2336 3820 2558 3887 patrem
2590 3813 2914 3877 constituit,
2958 3813 3052 3883 qni
3099 3813 3520 3884 jusjurandum
3570 3813 3682 3882 ipsi

2040 3905 2323 3976 praestitit,
2359 3905 2458 3974 qui
2490 3904 2548 3957 in
2582 3901 3076 3974 promissionibus
3099 3918 3214 3957 non
3242 3901 3406 3970 fallit,
3433 3901 3530 3970 qui
3566 3917 3681 3958 non

2041 3993 2376 4050 exsistentia
2407 3996 2568 4048 vocat
2598 4000 2656 4046 ut
2687 3989 3049 4058 exsistenlia,
3081 3990 3176 4059 qui
3231 3989 3482 4045 viviﬁcat
3534 4007 3684 4045 mor-

2043 4081 2354 4153 tuos,idem
2381 4089 2486 4142 est,
2511 4081 2606 4152 qui
2631 4076 3263 4135 suscitavitDominum
3290 4081 3548 4133 nostrum
3579 4078 3686 4132 Je-

2046 4189 2174 4229 sum
2205 4171 2501 4226 Cbristum
2534 4184 2601 4224 ex
2635 4166 2916 4224 mortuis:
2955 4165 3181 4221 etiamsi
3214 4164 3540 4238 perniciosa
3567 4165 3690 4222 haec

2047 4263 2444 4334 apostatarum
2465 4257 2724 4314 doctrina
2749 4256 2807 4312 in
2830 4256 2942 4312 duo
2973 4253 3222 4326 imperia
3251 4262 3301 4310 et
3323 4254 3461 4309 deos
3484 4254 3692 4309 distin-

2045 4352 2205 4421 guat.
2238 4347 2320 4402 Tu
2353 4363 2483 4402 vero
2513 4350 2570 4402 et
2599 4344 2877 4416 reliquos,
2910 4343 3013 4415 qui
3044 4343 3106 4398 in
3143 4341 3316 4397 veteri
3345 4345 3691 4398 testamento

2048 4455 2166 4510 prae
2196 4436 2414 4494 casteria
2462 4436 3017 4500 commonstrantur,
3063 4431 3377 4503 perpende,
3431 4431 3692 4484 Abraha-

2050 4544 2236 4596 mum,
2268 4526 2576 4594 Jacobum,
2624 4522 2970 4594 Josephum,
3019 4521 3208 4592 ipsum
3250 4520 3423 4575 etiam
3469 4521 3688 4590 Mosen,

2046 4635 2196 4690 quos
2226 4617 2414 4687 dignis
2445 4613 2720 4671 laudibus
2759 4611 3050 4682 excipiens
3078 4609 3316 4675 Paulus,
3369 4623 3690 4680 eorumque

2046 4709 2216 4763 tidem
2251 4702 2645 4771 celebrans,de
2667 4701 2823 4756 Mose
2841 4698 3002 4754 addit
3026 4715 3038 4752 :
3071 4697 3216 4765 Quod
3239 4705 3290 4752 et
3323 4698 3687 4767 ignominiam

2045 4796 2253 4852 Christi
2279 4792 2572 4864 pertulerit
2593 4789 2660 4846 3".
2699 4788 2845 4844 Dicit
2873 4787 3050 4852 enim,
3109 4786 3260 4857 quod
3295 4785 3681 4858 ignominiam

2040 4882 2256 4941 Christi
2288 4879 2580 4937 thesauris
2611 4876 2838 4950 Egypti
2871 4873 3156 4948 potiorem
3189 4872 3484 4939 habuerit,
3517 4889 3585 4930 ea
3614 4876 3686 4931 de

2042 4989 2239 5041 causa,
2296 4970 2434 5042 quia
2482 4965 2797 5040 respexerit
2844 4964 3189 5029 mercedem,
3240 4978 3415 5034 quam
3467 4962 3688 5020 scilicet

2039 5064 2190 5120 Deus
2226 5060 2334 5134 ipsi
2360 5062 2631 5130 praestare
2657 5053 2933 5129 potuerit.
2961 5053 3071 5110 Sed
3096 5049 3243 5106 nihil
3267 5051 3497 5121 attinet,
3539 5051 3688 5106 viros

1305 5192 1352 5228 ³⁸
1379 5193 1521 5250 ibid.
1552 5196 1644 5249 20.
1723 5193 1789 5229 ⁸⁸⁸
1817 5192 1960 5248 ibid.
1994 5191 2085 5246 23.
2161 5188 2206 5224 ³⁷
2238 5187 2413 5244 Hebr.
2439 5201 2518 5256 x1,
2547 5184 2643 5246 26;,

1433 5317 1673 5375 VARIIE
1715 5315 2104 5374 LECTIONES
2145 5314 2235 5370 ET
2275 5311 2507 5368 NOTtE.

268 5439 750 5583 Epi’gg.?fxig>uc
806 5460 882 5497 τε.
954 5438 1298 5498 Subindicat
1351 5440 1548 5498 locum
1612 5442 1920 5499 Paulinum

338 5585 448 5655 (54)
500 5584 703 5643 Αὐτόν.
735 5584 935 5655 Malim
975 5583 1168 5655 legere
1212 5581 1411 5641 αὐτῶν.
1463 5585 1526 5641 Id
1583 5584 1738 5642 enim
1781 5583 1915 5652 sibi,

271 5653 328 5709 ni
348 5653 546 5726 fallor,
576 5657 820 5714 Photius
845 5654 988 5724 vult,
1011 5653 1195 5712 Deum
1227 5658 1537 5715 credentes
1567 5657 1919 5714 domesticos

270 5739 400 5784 suos
425 5728 743 5801 appellare,
777 5745 840 5787 se
869 5743 1002 5786 vero
1034 5743 1234 5786 eorum
1277 5727 1464 5786 Deum
1514 5729 1702 5787 vocari
1749 5726 1914 5786 velle.

2098 5441 2212 5510 (55)
2236 5437 2302 5511 _’_A
2319 5429 2638 5511 μφιϐολίαν.
2670 5431 2872 5511 Nescio
2905 5430 3042 5511 quid
3076 5428 3184 5485 sibi
3228 5427 3338 5511 hoc
3390 5426 3514 5511 loco
3561 5428 3675 5511 ista

2028 5498 2137 5568 vos
2167 5498 2329 5565 velit:
2355 5498 2548 5563 Malim
2580 5505 2773 5576 legere
2799 5498 3128 5576 ὁμολογίαν,
3153 5508 3248 5555 aut
3281 5498 3469 5576 simile
3500 5501 3674 5570 quid,

2029 5598 2147 5668 per.
2161 5581 2314 5668 quod
2343 5574 2873 5650 confessio,scilicet
2893 5574 3050 5643 fidei,
3065 5574 3137 5629 de
3157 5588 3271 5644 qua
3289 5575 3424 5626 ante
3454 5585 3671 5638 sermo,

2027 5652 2336 5710 indicetur.
