4084 6210
364 378 478 441 155

1562 375 1826 437 ΡΗΟΤΙΙ
1873 379 2405 440 PATRIARCHZE
2448 377 2564 438 CP.

3645 377 3769 439 156

365 514 650 588 ejusmodi
700 513 1098 570 enumerando
1140 525 1495 584 percensere.
1543 509 1800 583 Occupat
1846 514 2002 569 enim

2122 517 2425 588 παρασχεῖν
2484 511 2634 584 αὐτῷ
2681 509 2710 564 6
2767 508 2917 571 Θεός.
2974 511 3074 565 Καὶ
3129 510 3183 566 τί
3249 507 3332 566 δεῖ
3412 514 3772 589 καταριθμεῖν

365 623 473 663 nos
505 605 734 661 divinus
765 604 873 674 vir,
909 602 1219 674 inquiens:
1253 601 1466 655 Deseret
1497 615 1586 654 me
1623 603 1836 672 tempus
1865 605 2003 658 reci-

365 700 571 752 tantem
600 693 664 750 de
697 693 956 758 Gideone,
983 694 1224 757 Baraco,
1248 690 1498 747 Simsone
1522 699 1572 746 et
1596 692 1849 762 Jephtha,
1896 696 2007 748 Da-

365 783 490 840 vide
515 786 670 854 item,
703 783 950 838 Samuetc
979 790 1029 837 et
1056 779 1354 852 praphetis,
1373 781 1468 850 qui
1504 795 1604 851 per
1630 779 1789 849 ﬁdem
1820 780 2005 837 debel-

373 875 561 931 tarunt
600 889 790 942 regna,
826 871 1039 942 operati
1065 874 1196 924 sunt
1216 869 1516 940 justitiam,
1557 873 1832 926 consecuti
1879 876 2005 927 sunt

365 964 775 1037 promissiones,
808 977 904 1017 ora
937 961 1152 1014 leonum
1175 957 1592 1027 continuerunt,
1620 961 2006 1016 exstinxerunt

370 1056 482 1110 vim
536 1053 702 1124 ignis,
752 1049 1068 1122 e/fugerunt
1105 1065 1202 1104 ora
1247 1048 1442 1117 gladii,
1483 1050 1828 1106 corroborati
1879 1059 2007 1106 sunt

370 1144 441 1199 ab
487 1142 811 1212 inﬁrmitate
840 1139 905 1193 ³⁸.
951 1141 1160 1194 Postea
1205 1141 1441 1193 sanctas
1489 1154 1686 1194 eorum
1735 1144 1792 1196 et
1837 1139 2009 1196 mira-

373 1232 517 1288 biles
547 1231 807 1288 actiones
837 1233 894 1285 et
917 1226 1313 1299 perpessiones
1337 1231 1400 1282 ut
1419 1233 1475 1282 et
1490 1230 2008 1286 commorationem

371 1321 431 1376 in
461 1320 691 1377 deserto
724 1336 788 1374 ac
822 1317 1157 1390 patientiam
1189 1317 1433 1372 dicendo
1483 1323 1826 1388 persecutus
1874 1320 2011 1374 sub-

373 1409 584 1483 iungit,
618 1408 829 1478 Quibus
860 1406 1096 1462 mundus
1125 1422 1239 1460 non
1259 1413 1376 1462 erat
1408 1405 1608 1476 dignus
1622 1406 1688 1463 39.
1724 1407 1843 1463 lmo
1877 1424 2012 1466 vero

375 1501 446 1554 ad
467 1499 847 1554 imitationem
867 1511 1070 1552 eorum
1094 1510 1201 1550 nos
1214 1495 1809 1567 excitaturus,eosque
1830 1497 2014 1553 instar

374 1586 737 1643 incitamenti
768 1585 841 1641 ad
881 1583 1138 1639 studium
1173 1583 1398 1638 virtutis
1446 1583 1611 1638 nobis
1658 1601 2010 1657 proponens,

374 1677 537 1732 addit
569 1693 582 1732 :
618 1677 848 1731 Tantam
887 1673 1141 1729 habentes
1187 1672 1590 1740 circumiectam
1639 1676 1858 1730 testium
1904 1691 2012 1730 nu-

377 1766 517 1834 bem,
559 1765 796 1836 deposito
826 1765 980 1819 omni
1002 1778 1188 1829 onere,
1220 1767 1271 1817 et
1298 1767 1515 1833 peccato
1548 1778 1645 1818 nos
1677 1764 2008 1819 circumval-

2117 603 2243 666 τοὺς
2311 601 2542 677 ἅνδρας;
2611 598 2916 676 Ιῐρολαὸὼν
2972 601 3076 677 γὰρ
3141 603 3290 675 ἡμᾶς
3357 604 3386 657 6
3473 605 3770 680 μετάρσιος

2119 689 2398 767 ἅνθρωπός
2482 709 2667 769 φησιν·
2763 689 3068 764 Ἐπιλείψει
3159 712 3225 763 με
3311 689 3669 767 διηγούμενον
3733 695 3765 750 ὁ

2121 781 2320 856 χρόνος
2375 778 2498 854 περὶ
2556 776 2777 847 Γεδεὼν,
2839 779 3015 852 Βαράκ
3070 800 3127 834 τε
3190 779 3280 835 καὶ
3363 783 3606 857 Σαμψὼν
3669 784 3765 840 καὶ

2116 870 2342 948 Ἰεφθάε,
2393 866 2554 924 Δαυίδ
2613 889 2671 924 τε
2731 867 2821 922 καὶ
2891 869 3162 942 Σαμουὴλ
3217 870 3308 925 καὶ
3373 876 3479 927 τῶν
3535 894 3764 950 προφη-

2116 963 2244 1028 τῶν,
2313 959 2366 1013 οἳ
2435 955 2524 1012 διὰ
2606 958 2838 1019 πίστεως
2919 960 3356 1034 κατηγωνίσαντο
3452 961 3762 1036 βασιλείας,

2118 1047 2430 1123 εἰργάσαντο
2533 1043 2896 1119 δικαιοσύνην,
3024 1045 3287 1123 ἐπέτυχον
3394 1048 3766 1127 ἐπαγγελιῶν,

2120 1135 2346 1216 ἔφραξαν
2403 1137 2646 1210 στόματα
2705 1135 2935 1192 λεόντων
2998 1140 3136 1211 (56),
3223 1133 3440 1194 ἔσϐεσαν
3527 1139 3762 1214 δύναμιν

2119 1227 2307 1303 πυρὸς,
2429 1225 2624 1304 ἔφυγον
2730 1225 2974 1300 στόματα
3089 1227 3388 1303 μαχαίρας,
3521 1227 3772 1285 ἐνεδυνα-

2124 1317 2381 1390 μώθησαν
2437 1316 2542 1372 ἀπὸ
2601 1317 2890 1376 ἀσθενείας.
2953 1317 3082 1371 Εἶτα
3126 1320 3215 1372 καί
3255 1317 3324 1372 τά
3378 1319 3498 1391 ἱερά
3551 1321 3766 1375 τούτων

2119 1404 2209 1460 καὶ
2269 1405 2540 1478 Θαυμάσια
2579 1402 2713 1481 ἔργα
2768 1406 2856 1459 καὶ
2916 1406 3061 1476 πάθη
3123 1403 3355 1478 διεξιὼν,
3408 1407 3498 1462 καὶ
3553 1409 3654 1478 τήν
3715 1409 3774 1464 ἐν

2121 1493 2324 1568 ἐρημίᾳ
2354 1489 2637 1568 διατριϐὴν
2670 1493 2760 1548 καὶ
2799 1494 3106 1569 καρτερίαν,
3145 1494 3359 1573 ἐπάγει,
3401 1497 3495 1551 Ὠν
3547 1497 3649 1552 οὐκ
3693 1498 3770 1567 ἧν

2121 1583 2268 1654 ἄξιος
2299 1585 2326 1639 6
2357 1584 2584 1656 κόσμος.
2617 1583 2695 1641 Οὔ
2731 1582 2894 1656 μόνον
2929 1583 3007 1654 δὲ,
3041 1583 3185 1640 ἀλλά
3215 1587 3301 1641 καὶ
3335 1587 3472 1661 πρὸς
3513 1588 3614 1657 τήν
3666 1586 3770 1642 αὖ-

2119 1675 2227 1726 τῶν
2274 1669 2552 1747 διεγείρων
2601 1674 2750 1745 ἡμᾶς
2790 1673 3048 1745 μίμησιν,
3095 1674 3186 1728 καὶ
3239 1672 3420 1748 ὥσπερ
3471 1672 3770 1750 παράκλη-

2123 1781 2204 1814 σιν
2251 1761 2325 1822 εἰς
2375 1761 2567 1830 ἀρετῆς
2617 1759 2911 1835 ἀντίληψιν
2957 1760 3193 1824 ἐκείνους
3239 1764 3516 1838 προτιθεὶς
3574 1763 3770 1843 ἐπιφέ-

373 1855 543 1923 lante,
577 1857 637 1910 in
662 1853 940 1926 patientia
969 1867 1258 1908 curramus
1297 1853 1355 1907 in
1402 1850 1577 1908 stadio
1620 1853 1779 1908 nobis
1819 1868 2009 1925 propo-

2122 1869 2221 1924 ρει’
2290 1853 2554 1905 Τοσοῦτον
2634 1848 2853 1925 ἔχοντες
2937 1851 3310 1925 περικείμενον
3389 1855 3524 1926 ἡμῖν
3603 1853 3768 1932 νέφος

366 1947 492 2013 sito,
525 1945 873 2015 respicientes
903 1944 963 1998 in
1010 1941 1143 2013 ﬁdei
1186 1944 1472 1998 auctorem
1516 1947 1574 1998 et
1613 1951 2012 2000 consummato-

372 2051 485 2091 rem
507 2036 711 2101 Iesum,
734 2034 830 2104 qui
864 2037 942 2088 est
966 2030 1233 2088 Dominus
1260 2035 1442 2086 noster
1467 2033 1620 2087 Iesus
1659 2031 1916 2088 Christus
1944 2031 2012 2088 ‘°.

379 2125 583 2196 Itaque
613 2124 663 2178 is
693 2123 827 2178 ﬁdei
859 2121 1042 2187 illius,
1075 2120 1133 2176 in
1165 2136 1281 2192 qua
1313 2125 1507 2191 patres
1551 2122 1733 2177 nostri
1782 2121 2014 2179 candidi

376 2217 433 2270 et
463 2211 615 2267 ﬁrmi
641 2213 1104 2282 permanserant,
1135 2213 1339 2266 auctor
1369 2210 1496 2278 fuit,
1526 2214 1583 2265 et
1611 2214 1825 2266 nostra:
1854 2227 2016 2285 atque

376 2318 440 2358 ac
471 2300 706 2358 illorum
738 2299 946 2356 salutis
976 2302 1426 2355 consummator.
1455 2299 1616 2363 Quod
1641 2298 1691 2356 si
1712 2317 1846 2356 vero
1868 2301 2014 2358 nihil

373 2390 528 2448 aliud
563 2391 636 2446 ab
666 2405 859 2446 errore
887 2387 1014 2446 illos
1045 2405 1330 2457 revocare,
1364 2392 1422 2444 et
1452 2389 1522 2444 ad
1565 2389 1836 2460 pietatem
1889 2407 2014 2461 per-

371 2481 600 2538 trahere
648 2484 865 2552 posset,
924 2486 1074 2535 certe
1117 2478 1357 2534 decebat
1401 2493 1500 2532 eos
1548 2477 1634 2533 vel
1673 2494 1742 2534 ex
1786 2478 1857 2536 iis
1887 2495 2012 2550 quae

374 2586 509 2626 mox
566 2570 899 2638 afferentur,
959 2567 1257 2623 veritatem
1311 2581 1645 2638 agnoscere.
1703 2567 1798 2623 Ait
1855 2569 2012 2626 enim

375 2660 635 2718 Paulus:
673 2659 812 2728 Quid
855 2658 1036 2728 igitur
1080 2658 1371 2713 dicemus?
1412 2658 1553 2713 Num
1600 2658 1692 2714 tea:
1729 2663 2014 2730 peccatum

372 2753 452 2805 est
477 2747 670 2803 ?Absit
699 2746 782 2802 “l
816 2747 887 2802 Et
916 2746 1057 2802 alibi
1092 2761 1105 2802 :
1139 2745 1274 2803 Novi
1313 2748 1484 2816 enim,
1526 2747 1665 2819 quod
1708 2748 1798 2802 (ex
1842 2747 2014 2819 spiri-

370 2839 542 2894 tuatis
572 2842 671 2908 est,
704 2852 802 2909 ego
834 2852 958 2893 vero
986 2837 1233 2892 carnalis
1260 2852 1382 2892 sum
1411 2837 1477 2892 ⁸³.
1511 2837 1580 2892 Ει
1607 2836 1814 2893 iterum
1844 2852 1859 2893 :
1909 2838 2012 2893 De-

373 2927 544 2984 lector
575 2927 691 3000 tege
718 2927 1014 2983 secundum
1045 2928 1361 2982 interiorem
1390 2927 1663 2982 hominem
1685 2926 1970 2982 “.Bursus
1994 2942 2009 2982 :

374 3020 564 3089 Itaque
595 3016 710 3090 ipse
739 3034 844 3091 ego
889 3025 1067 3073 mente
1094 3015 1311 3088 quidem
1343 3016 1519 3072 servio
1559 3016 1668 3085 legi
1694 3017 1811 3085 Dei,
1849 3033 2017 3073 carne

370 3123 494 3164 vero
527 3106 634 3179 legi
656 3105 866 3180 peccati
895 3105 958 3160 “.
997 3106 1135 3163 Caro
1162 3107 1310 3162 enim
1334 3107 1668 3178 concupiscit
1683 3111 1874 3163 contra
1897 3105 2012 3177 spi-

370 3198 563 3268 ritum,
619 3196 857 3270 spiritus
888 3213 1016 3254 vero
1071 3203 1272 3252 contra
1327 3211 1551 3252 carnem
1606 3194 1674 3263 ‘5,
1743 3196 1850 3252 hoc
1908 3202 2011 3260 est,

371 3286 589 3354 anima,
614 3286 940 3342 secundum
965 3284 1278 3356 imaginem
1300 3285 1400 3342 Dei
1425 3285 1683 3353 condita,
1708 3289 1765 3340 et
1783 3284 2011 3356 corpori

367 3376 438 3430 ab
469 3375 673 3431 eadem
706 3391 886 3430 manu
917 3375 1164 3431 formato
1189 3375 1416 3443 juncta,
1441 3373 1512 3428 ad
1538 3373 1820 3444 originem
1844 3391 2010 3429 suam

367 3465 673 3519 transferri
695 3464 873 3534 cupit.
907 3463 1049 3519 Caro
1078 3479 1233 3530 vero,
1264 3461 1323 3516 id
1355 3466 1463 3528 est,
1495 3461 1758 3517 carnales
1790 3462 2010 3531 cupidi-

367 3555 514 3607 tates
544 3550 647 3622 (ita
669 3551 825 3607 enim
847 3555 901 3607 et
924 3551 1036 3606 sub
1055 3550 1242 3621 priore
1265 3553 1322 3605 et
1340 3549 1447 3604 sub
1471 3549 1785 3619 posteriore
1805 3549 2010 3621 gratia,

370 3641 508 3712 quia
544 3656 646 3712 pro
678 3643 885 3712 gratia,
920 3639 1102 3711 gratia
1132 3639 1302 3694 nobis
1333 3639 1466 3694 data
1496 3643 1606 3706 est,
1637 3637 1876 3694 allectus
1907 3639 2012 3696 hos

369 3728 661 3802 appellare
694 3729 781 3784 fas
804 3729 939 3800 est),
962 3727 1068 3796 hae,
1095 3729 1358 3800 inquam,
1379 3726 1643 3784 carnales
1664 3726 2012 3798 cupiditates

370 3835 484 3875 non
517 3819 686 3876 facile
716 3818 998 3876 voluntati
1019 3818 1228 3874 animae
1261 3818 1791 3887 obsecundant,sed
1815 3819 2012 3892 saepis-

367 3907 514 3964 sime
545 3916 600 3964 et
627 3908 883 3982 graviter
911 3909 1232 3976 decertant,
1284 3907 1505 3964 malum
1539 3907 1821 3964 habentes
1852 3923 2010 3965 com-

368 3998 716 4069 militonem,
742 3997 855 4056 nisi
884 3999 1014 4071 quis
1034 3997 1282 4071 vigilans
1306 3996 1588 4064 studiose,
1612 4002 1668 4054 et
1686 4014 1785 4068 per
1814 4013 2011 4068 preces

363 4105 684 4162 supernum
717 4093 1062 4146 consecutus
1087 4090 1374 4160 impetum
1419 4088 1491 4143 de
1519 4088 1638 4143 illis
1671 4087 2008 4160 triumphat.

2128 1938 2436 2012 μαρτύρων,
2521 1933 2682 2014 ὄγκον
2762 1940 3088 2012 ἀποθέμενοι
3187 1941 3378 2010 πάντα,

2124 2028 2509 2103 εὐπερίστατον
2593 2027 2882 2103 ἁμαρτίαν,
2950 2027 3018 2084 δι’
3115 2031 3398 2103 ὑπομονῆς
3475 2032 3769 2106 τρέχωμεν

2126 2116 2201 2179 εἷς
2258 2119 2348 2172 τὸν
2407 2117 2755 2192 προκείμενον
2811 2121 2949 2192 ἡμῖν
3005 2121 3208 2194 ἀγῶνα,
3294 2121 3601 2197 ἀφορῶντες
3683 2119 3768 2182 εἰς

2124 2207 2214 2262 τὸν
2265 2214 2365 2276 τῆς
2420 2207 2652 2271 πίστεως
2705 2207 2955 2285 ἀρχηγὸν
3012 2209 3101 2262 καὶ
3157 2208 3452 2277 τελειωτήν
3505 2211 3766 2280 Ἰησοῦνο

2125 2297 2183 2358 6';
2258 2295 2400 2351 ἐστιν
2459 2298 2486 2351 6
2547 2297 2744 2370 Κύριος
2810 2299 2972 2370 ἡμῶν
3022 2299 3234 2369 Ἰησοῦς
3291 2298 3541 2373 Χριστός.
3603 2300 3775 2356 Ὥστε

2123 2387 2214 2441 καὶ
2263 2391 2331 2460 τῇ
2379 2384 2431 2440 ἐν
2554 2387 2729 2442 πίστει
2759 2393 2991 2462 γενναῖοι
3022 2393 3111 2443 καί
3154 2384 3364 2463 βέϐαιοι
3399 2391 3774 2462 μεμενήκασιν

2126 2478 2178 2532 οἱ
2202 2478 2430 2553 πατέρες
2458 2480 2642 2550 ἡμῶν,
2671 2475 2882 2554 γέγονεν
2911 2479 3182 2556 ἀρχηγὸς,
3215 2480 3306 2534 καὶ
3335 2486 3434 2548 τῆς
3487 2483 3650 2552 ἡμῶν
3709 2499 3774 2535 τε

2123 2567 2382 2622 κάκείνων
2434 2567 2706 2642 σωτηρίας
2748 2566 3067 2637 τελειωτής.
3119 2567 3180 2624 El
3224 2566 3280 2623 δὲ
3336 2569 3426 2624 καὶ
3487 2566 3658 2642 μηδὲν
3700 2570 3772 2638 ἦν

2124 2653 2302 2727 ἕτερον
2333 2662 2432 2725 τῆς
2475 2655 2685 2726 πλάνης
2719 2656 2908 2718 αὐτοὺς
2943 2655 3306 2731 ἀποστπέψαι,
3360 2657 3451 2712 καὶ
3498 2656 3770 2730 μεθελκῦ-

2125 2767 2212 2800 σαι
2246 2747 2348 2815 τὴν
2379 2740 2649 2800 εὐσέϐειαν
2681 2743 3026 2819 βιαζόμενον,
3072 2743 3201 2801 ἀλλ’
3253 2744 3345 2801 οὗν
3372 2753 3654 2821 προσῆκον
3699 2745 3774 2815 ἦν

2123 2835 2306 2897 αὐτοῖς
2339 2831 2428 2889 διὰ
2448 2839 2556 2890 τῶν
2607 2834 3000 2908 ῥηθησομένων
3046 2836 3238 2891 θᾶττον
3292 2837 3620 2910 μεταμαθεῖν
3668 2837 3774 2903 τήν

2125 2924 2406 2996 ἀλήθειαν.
2460 2924 2613 3000 Λέγει
2662 2925 2765 3000 γὰρ
2819 2926 2846 2980 6
2885 2924 3122 2988 Παῦλος
3174 2927 3236 2981 Τί
3295 2925 3385 2981 οὖν
3443 2925 3709 3001 ἐροῦμενς
3744 2926 3774 2981 ὁ

2123 3015 2292 3087 νόμος
2348 3013 2624 3088 ἁμαρτία;
2695 3015 2770 3087 μή
2866 3013 3098 3091 γένοιτο.
3175 3015 3275 3070 Καὶ
3361 3014 3548 3071 πάλιν.
3634 3013 3774 3070 Οἶδα

2125 3103 2227 3180 γὰρ
2296 3101 2380 3158 ὅτι
2459 3104 2487 3158 6
2571 3102 2746 3175 νόμος
2827 3101 3195 3177 πνευματικός
3275 3103 3440 3176 ἐστιν,
3519 3103 3624 3178 ἐγὼ
3713 3103 3775 3160 δε

2127 3192 2381 3266 σαρκικός
2440 3191 2599 3264 εἰμι·
2660 3191 2795 3246 καί·
2854 3189 3170 3266 Συνήδομαι
3254 3198 3333 3265 τῷ
3404 3194 3560 3268 νόμφ
3634 3193 3776 3249 κατά

2121 3284 2212 3338 τὸν
2273 3277 2379 3336 ἔσω
2431 3280 2736 3356 ἄνθρωπον.
2806 3281 2907 3336 Καὶ
2973 3280 3161 3339 πάλιν.
3224 3284 3366 3356 Ἀρα
3428 3283 3522 3356 μὲν
3599 3283 3775 3344 αὐτὸς

2123 3372 2233 3446 ἐγὼ
2270 3372 2350 3442 τῷ
2394 3372 2488 3443 μὶν
2533 3372 2618 3426 νοί
2667 3369 2945 3426 δουλεύσω
2995 3374 3150 3445 νόμῳ
3199 3377 3353 3442 Θεοῦ,
3410 3375 3479 3444 τῇ
3537 3371 3595 3428 δὲ
3639 3375 3775 3448 σαρ-

2123 3460 2175 3514 κὶ
2235 3461 2392 3532 νόμῳ
2451 3459 2744 3534 ἁμαρτίας.
2803 3460 2909 3516 Καὶ
2951 3461 3054 3538 γὰρ
3111 3464 3146 3531 ἠ
3206 3463 3300 3534 μὲν
3358 3461 3484 3537 σάρξ
3515 3461 3776 3535 ἐπιθυμεῖ

2120 3550 2256 3604 κατὰ
2313 3553 2409 3604 τοῦ
2494 3548 2825 3622 πνεύματος,
2879 3550 2940 3605 τὸ
3030 3549 3087 3606 δί
3171 3555 3384 3624 πνεῦμα
3465 3551 3602 3606 κατὰ
3666 3558 3773 3620 τῆς

2121 3640 2339 3712 σαρκὸς,
2397 3639 2670 3692 τουτέστιν
2721 3640 2756 3708 ἡ
2819 3640 2912 3711 μὲν
2963 3642 3116 3714 ψυχή
3187 3642 3304 3694 κατ’
3361 3639 3543 3695 εἰκόνα
3632 3643 3772 3695 Θεοῦ

2119 3725 2477 3802 γεγενημένη,
2527 3726 2614 3782 καὶ
2664 3727 2744 3800 τῷ
2792 3725 3172 3784 διαπλασθέντι
3227 3729 3373 3805 παρᾶ
3437 3735 3538 3798 τῆς
3598 3727 3773 3798 αὐτῆς

2121 3817 2313 3893 χειρὸς
2343 3818 2556 3890 σώματι
2589 3819 2913 3896 συναφθεῖσα
2943 3819 3079 3891 πρὸς
3131 3818 3194 3873 τὸ
3241 3817 3548 3893 ἀρχέτυπον
3597 3819 3774 3874 πόθον

2119 3905 2236 3983 ἔχει
2283 3905 2656 3985 ἀναφέρεσθαι.
2720 3913 2764 3962 Η
2813 3905 2869 3962 δὲ
2915 3907 3061 3981 σὰρξ,
3120 3908 3254 3982 ὅπερ
3301 3908 3440 3963 ἐστὶν
3491 3908 3546 3962 αἱ
3576 3927 3773 3982 σαρκι-

2119 3997 2208 4052 καὶ
2251 3996 2552 4070 ἐπιθυμίαι·
2607 3995 2772 4068 (οὕτω
2816 3996 2922 4071 γάρ
2964 3994 3077 4052 ἐστι
3126 3998 3214 4052 καὶ
3263 4001 3332 4071 τῇ
3376 3995 3505 4073 πρὶν
3555 3997 3644 4050 καὶ
3693 3998 3767 4069 τῇ

2123 4088 2235 4158 μετ’
2266 4086 2433 4153 αὐτὴν
2467 4086 2675 4160 χάριτι·
2709 4084 2798 4140 καὶ
2830 4085 2936 4159 γὰρ
2964 4085 3084 4140 ἀντὶ
3135 4087 3364 4160 χάριτος
3410 4086 3576 4161 χάρις
3625 4087 3766 4158 ἡμῖν

3487 1941 3577 1997 καὶ
3661 1943 3769 2012 τήν

359 4173 518 4246 ἐδόθη
563 4180 676 4252 (57)
725 4178 793 4232 τὰ
847 4178 1070 4232 τοιαῦτα
1115 4175 1573 4247 κατονομάζεσθαι
1622 4176 1807 4246 πάθη).
1858 4175 2032 4229 Αὗται
2084 4175 2176 4228 οὗν
2227 4174 2280 4228 αἱ
2325 4173 2572 4248 σαρκικαὶ
2623 4172 2908 4246 ἐπιθυμίαι
2954 4173 3015 4229 οὐ
3058 4172 3260 4250 ῥᾳδίως
3318 4176 3635 4230 συνέπονται
3683 4179 3768 4247 τῷ

362 4265 633 4337 θελήματι
700 4273 800 4334 τῆς
858 4269 1062 4338 ψυχῆς,
1105 4263 1231 4316 ἀλλ’
1288 4263 1379 4316 ἐπὶ
1440 4260 1678 4322 πολλοῖς
1731 4262 1819 4315 καὶ
1879 4260 2084 4337 σφόδρα
2137 4259 2504 4336 διαμάχονται
2556 4263 2648 4316 τὸν
2697 4264 2934 4337 πονηρὸν
2990 4262 3214 4338 ἔχουσαι
3259 4269 3684 4340 συναγωνιστὴν,
3719 4262 3767 4317 εί

366 4355 442 4426 μή
473 4373 556 4414 τις
611 4355 799 4427 νήφων
862 4353 954 4424 μὲν
1015 4349 1317 4423 ἐπιμελῶς,
1349 4343 1523 4403 ἕλκων
1585 4346 1641 4403 δὲ
1698 4347 1787 4403 διὰ
1842 4352 2160 4428 προσευχῆς
2187 4350 2278 4404 καὶ
2331 4352 2432 4420 τήν
2483 4350 2682 4407 ἄνωθεν
2734 4351 2932 4428 ῥοπὴν,
2983 4355 3169 4424 στήσει
3217 4355 3479 4428 τρόπαιον
3519 4354 3636 4408 κατ’
3665 4353 3767 4406 αὖ·

361 4442 470 4498 τῶν
501 4444 633 4516 (58).

437 4534 585 4591 XIV.
601 4534 710 4589 Sed
727 4532 880 4586 unde
894 4529 1156 4587 nonnihil
1173 4529 1496 4598 divertit,eo
1511 4530 1867 4600 regrediatur
1879 4546 2001 4586 ora-

2181 4531 2280 4588 ῙΔ“.
2328 4529 2486 4587 Ἀλλ’
2533 4530 2654 4587 ὅθεν
2701 4533 2729 4586 6
2770 4529 2936 4607 λόγος
2989 4533 3183 4608 μικρὸν
3229 4533 3536 4608 παρεξῆλθε
3593 4533 3762 4589 πάλιν

365 4623 466 4680 tio.
482 4622 771 4678 Prasdictis
794 4620 944 4678 enim
969 4620 1128 4676 addit
1148 4620 1270 4676 haec
1291 4621 1490 4676 dicens
1515 4635 1528 4675 :
1552 4623 1754 4692 Itaque
1775 4621 1866 4676 tea:
1887 4621 2006 4693 qui-

363 4712 486 4766 dem
500 4716 689 4767 sancta
704 4715 802 4780 est,
820 4715 869 4768 et
888 4719 1219 4784 przeceptum
1239 4714 1504 4780 sanctum,
1521 4715 1571 4766 et
1587 4711 1801 4782 justum
1829 4715 1882 4766 et
1913 4715 2002 4768 bo-

361 4799 572 4856 num“.
590 4799 692 4858 Ubi
709 4800 929 4857 clarum
953 4809 1166 4859 estnon
1183 4799 1357 4857 aliam
1379 4799 1565 4874 legem
1586 4816 1713 4856 esse
1725 4804 2005 4871 sanctam,

437 4946 485 4983 ³⁸
514 4944 687 5004 Hebr.
732 4963 811 5015 χι,
844 4946 932 5015 33,
978 4947 1068 5002 34.
1171 4944 1220 4981 3°
1249 4945 1389 5004 ibid.
1435 4945 1525 5001 38.

361 5017 410 5054 *ι
439 4990 705 5076 mili-'23.
732 4990 1012 5075 "'hviiid‘.’
1026 4990 1121 5074 '2'6.
1201 4990 1541 5074 ια’ἷὸἷὰλὶ

1629 4944 1677 4980 ⁴⁰
1705 4944 1878 5003 Hebr.
1913 4961 2015 5015 xu,
2075 4950 2124 5016 l,
2168 4945 2222 5000 2.

2116 4617 2374 4676 ἐπανίτω.
2425 4624 2552 4683 Τοῖς
2596 4623 2700 4697 γὰρ
2752 4623 3178 4698 προειρημένοις
3236 4624 3487 4679 συνάπτει
3559 4621 3760 4700 λέγων.

2113 4712 2273 4764 Ὥστε
2323 4711 2350 4765 6
2407 4711 2500 4783 μὲν
2543 4713 2710 4783 νόμος
2769 4715 2946 4789 ἅγιος,
2982 4713 3069 4768 καὶ
3119 4716 3154 4784 ἡ
3211 4712 3407 4783 ἐντολή
3458 4713 3606 4789 ἁγία,
3668 4713 3762 4767 καὶ

2116 4796 2321 4870 δικαία,
2369 4799 2460 4854 καὶ
2507 4799 2707 4877 ἀγαθή.
2761 4801 2860 4856 Καὶ
2906 4798 3104 4874 δῆλον,
3163 4804 3237 4865 ὠς
3297 4801 3395 4858 οὐκ
3461 4800 3606 4872 ἄλλη
3664 4802 3765 4874 μὶν

2325 4944 2370 4979 ⁸1
2403 4945 2564 5002 Rom.
2623 4962 2720 5017 vu,
2752 4946 2806 5003 3.
2908 4947 2956 4983 “
3011 4947 3156 5005 ibid.
3216 4948 3301 5004 14.
3407 4947 3624 5004 “ibid.
3661 4948 3758 5004 22.

1523 5159 1764 5217 VARUE
1804 5159 2191 5220 LECTIONES
2230 5160 2320 5217 ET
2357 5159 2590 5218 NOTAE.

435 5308 550 5381 (56)
609 5302 855 5381 Λεόντων
906 5301 1181 5381 στόματα.
1228 5307 1359 5381 ﬁmo
1418 5303 1477 5360 in
1535 5319 1662 5381 me.
1705 5303 2008 5360 desidera-

367 5375 598 5462 bantur,
631 5379 848 5462 omissa
878 5375 1369 5462 eciliCet_librarii,
1402 5393 1435 5431 a
1464 5375 1708 5448 repetita
1729 5391 1867 5432 voce
1889 5393 2006 5428 στο-

370 5471 514 5525 ματα
544 5447 793 5520 decepti,
825 5447 1202 5520 negligentia.
1537 5447 1545 5448 “

437 5524 550 5595 (57)
603 5521 746 5576 Ἀντί
793 5519 1034 5595 χάριτος
1086 5517 1268 5595 χάρις.
1330 5518 1516 5595 Locu‘s
1574 5517 1930 5595 est_goannis
1961 5535 2001 5595 ι,

365 5591 458 5666 46,
487 5591 654 5665 quem
687 5591 1013 5666 varii'v'arie
1042 5591 1423 5663 explicarunt.
1466 5592 1608 5666 Cum
1655 5591 1878 5666 lfioslro,
1929 5592 1999 5647 ad

363 5661 549 5739 legem
583 5669 639 5739 et
670 5663 1062 5739 Evangelium,
1097 5661 1372 5739 tanquam
1399 5661 1601 5739 gratias
1651 5663 2001 5739 documenta

359 5732 473 5795 sibi
503 5738 750 5796 invicem
780 5732 1167 5805 succedentia,
1206 5732 1571 5806 respiciente,
1617 5748 1686 5790 ex
1710 5732 1998 5790 veteribus

2116 5303 2335 5376 faciunt
2364 5303 2831 5376 Chrysoatomus,
2865 5304 3026 5362 hom.
3060 5305 3150 5371 14,
3181 5304 3243 5360 in
3271 5303 3468 5375 Joan.,
3499 5307 3556 5360 et
3575 5303 3760 5361 Theo-

2254 5381 2440 5450 actus,
2459 5375 2516 5431 in
2540 5376 2592 5431 h.
2614 5375 2686 5450 1.;
2706 5393 2774 5450 es
2791 5376 3211 5450 recentioribus
3230 5392 3388 5445 vero,
3402 5377 3754 5450 postBezam

2113 5375 2188 5447 ph
2217 5376 2440 5442 'lactus,
2459 5375 2516 5431 in
2540 5376 2592 5431 h.
2614 5375 2686 5444 1.;
2706 5393 2774 5432 ex
2791 5376 3211 5433 recentioribus
3230 5381 3531 5450 vero,post
3547 5377 3754 5433 Bezam

2113 5394 2522 5521 etheinsium,
2555 5447 2869 5504 novissime
2899 5449 3036 5504 Rev.
3089 5447 3363 5521 Salomon
3416 5448 3756 5521 Deylingius

2113 5519 2508 5604 ilefo‘seruatt.
2542 5522 2738 5604 sacris,
2773 5527 2920 5604 part:
2946 5537 3031 5604 in,
3059 5535 3222 5576 num.
3255 5519 3345 5576 33.

2182 5591 2295 5662 (58)
2326 5591 2534 5645 Αὐτῶν.
2571 5591 2653 5664 ita
2678 5590 2798 5664 legi
2823 5591 2995 5664 jubet
3019 5590 3218 5664 nexus
3262 5590 3566 5660 orationis,
3613 5591 3754 5664 quia

2111 5677 2298 5736 sermo
2330 5664 2531 5736 est_de
2575 5661 2887 5736 ἐπιθυμίαις
2931 5663 2992 5718 in
3040 5662 3293 5735 plurium
3343 5679 3587 5720 numero
3629 5661 3750 5719 Ms.

2110 5734 2355 5792 habebat
2380 5733 2573 5802 αὐτῆς.
