4084 6210
259 408 364 466 157

1327 407 1642 468 CONTRA
1687 405 2156 468 MANICHJEOS
2201 409 2442 469 LIBER
2485 407 2591 470 Ill.

3547 418 3666 478 158

255 539 393 613 ἁγία,
425 536 578 608 ἄλλη
612 535 671 593 δὲ
701 534 907 610 δικαία,
949 536 1096 608 ἄλλη
1149 535 1206 592 δὲ
1252 537 1456 613 ἀγαθὴ,
1502 536 1630 593 ἀλλ’
1659 540 1694 608 ἡ
1741 537 1909 593 αὐτοῦ

2033 538 2197 596 aliam
2215 541 2457 611 justam,
2481 540 2656 597 aliam
2680 542 2920 615 bonam,
2945 561 3122 615 quam
3147 544 3341 616 ipsum
3363 545 3502 618 legis
3524 564 3663 619 prae-

251 633 345 683 τοῦ
373 626 552 699 νόμου
585 626 791 698 ἐντολή
819 627 910 682 καὶ
943 632 1039 682 τοῦ
1067 626 1233 682 αὑτοῦ
1265 630 1400 682 Θεοῦ
1429 626 1519 682 καὶ
1551 623 1785 697 δικαίου,
1817 627 1905 682 καὶ

259 717 435 793 ἁγίου,
491 717 584 772 καὶ
631 717 856 792 ἀγαθοῦ.
913 718 996 786 Ἐξ
1052 718 1113 770 οὗ
1157 715 1262 792 γὰρ
1315 715 1466 792 βρύει
1513 716 1575 771 τὸ
1627 711 1782 789 ἅγιον
1820 716 1908 771 καὶ

264 805 467 862 δίκαιον
506 806 600 860 καὶ
639 807 862 881 ἀγαθὸν,
902 806 1148 882 χορηγὸς
1193 804 1288 878 μέν
1336 803 1444 860 ἐστι
1492 803 1697 861 τούτων
1751 804 1910 868 αὐτὸς

264 898 349 952 καὶ
381 895 572 968 δοτήρ.
618 898 768 951 Κατά
791 897 854 950 τὸ
888 895 1065 950 αἴτιον
1101 893 1156 950 δὲ
1182 897 1288 969 πρὸ
1318 895 1552 966 πάντων,
1598 896 1672 949 ὧν
1714 895 1910 957 ἄλλοις

265 991 552 1060 μετασχεῖν
608 985 908 1060 παρέσχεν,
960 984 1118 1047 αὐτὸς
1173 985 1412 1059 ὑπάρχει
1455 990 1643 1055 ταῦτα,
1709 985 1770 1040 οὖ
1823 1006 1913 1058 με·

257 1075 500 1153 τυχὼν,
564 1072 626 1128 οὗ
687 1071 754 1128 δι’
817 1069 1260 1147 ὑπερϐλόζουσαν
1313 1073 1626 1149 ἀγαθότητα
1669 1072 1911 1148 μετέχει,

256 1165 336 1218 καὶ
372 1164 404 1217 ’ἀ
441 1163 698 1238 μετέσχε,
747 1163 1036 1236 μετουσίας
1084 1159 1437 1236 ἀγαθοειδοῦς
1481 1165 1617 1234 (59).
1671 1164 1765 1218 Καὶ
1814 1161 1911 1217 ἀλ-

257 1253 434 1328 λαχοῦ
468 1251 529 1307 δὲ
559 1251 724 1306 πάλιν
760 1253 786 1306 ὁ
821 1251 988 1314 αὐτὸς
1017 1258 1116 1320 τῆς
1147 1250 1408 1322 ἀληθείας
1449 1253 1615 1326 κήρυξ
1672 1253 1794 1327 βοᾷ,
1843 1253 1912 1307 Τὸ

259 1341 538 1414 δικαίωμα
591 1339 938 1414 πληροῦσθαι
996 1345 1090 1394 τοῦ
1148 1339 1323 1413 νόμου
1372 1338 1424 1394 ἐν
1477 1345 1594 1402 τοῖς
1650 1344 1724 1414 μή
1777 1340 1913 1396 κατὰ

259 1433 430 1505 σάρκα
494 1433 913 1504 περιπατοῦσιν,
979 1426 1126 1484 ἀλλά
1216 1429 1353 1484 κατά
1444 1434 1680 1502 πνεῦμα,
1764 1451 1916 1484 τουτ-

260 1521 425 1589 έστιν,
462 1519 514 1574 ἐν
549 1521 634 1580 οἷς
673 1519 729 1572 αἱ
777 1519 1009 1592 πονηραὶ
1059 1519 1279 1593 πράξεις
1325 1517 1414 1572 καὶ
1468 1519 1770 1593 ὑποσποραὶ
1815 1522 1913 1574 τοῦ

260 1611 524 1685 Ἐχθροῦ,
570 1607 659 1662 καὶ
690 1608 756 1661 τὰ
786 1608 1158 1681 ἁμαρτήματα
1185 1606 1346 1686 ἴσχὺν
1388 1607 1489 1663 οὐκ
1534 1605 1670 1683 ἔχει,
1718 1607 1847 1663 ἀλλ’
1876 1610 1911 1678 ἡ

257 1699 392 1754 κατά
450 1701 690 1770 πνεῦμα,
749 1695 1027 1752 τουτέστιν
1083 1698 1116 1766 ἡ
1177 1698 1296 1751 κατ’
1351 1697 1549 1771 ἀρετήν
1621 1698 1711 1752 καὶ
1769 1697 1913 1752 θείαν

261 1787 578 1862 συνέργειαν
605 1789 974 1862 κατορθοῦται
1007 1784 1278 1844 πολιτεία.
1314 1786 1380 1841 Ei’
1427 1784 1483 1841 δὲ
1530 1790 1592 1842 τὸ
1641 1784 1915 1857 δικαίωμα

2020 635 2274 703 ceptum,
2298 636 2355 687 et
2375 632 2639 702 ejusdem
2665 633 2766 689 Dei
2789 636 3098 706 tumjusti,
3133 640 3258 691 tum
3290 639 3498 702 sancti,
3533 643 3662 694 tum

2020 717 2264 774 boni.Ex
2281 735 2392 790 quo
2412 719 2564 774 enim
2581 721 2816 776 scaturit
2832 732 3122 791 sanctum,
3149 728 3206 778 et
3230 725 3538 793 justum,et
3563 725 3666 781 bo-

2021 806 2342 872 num,idem
2365 811 2453 863 est
2473 807 2709 864 illorum
2733 814 2933 864 auctor
2954 815 3008 866 et
3029 810 3358 884 largitor.In
3379 818 3665 885 quantum
3717 853 3724 856 -

2020 911 2152 951 vero
2176 913 2353 952 causa
2368 898 2634 964 est,idem
2661 915 2775 970 pra:
2797 900 3070 956 omnibus
3093 919 3161 957 ex
3183 904 3376 959 omnia
3390 908 3498 970 est,
3515 922 3669 976 quo-

2021 1001 2153 1040 rum
2176 985 2322 1041 alios
2343 987 2658 1058 participes
2689 988 2843 1058 fecit,
2867 990 3098 1045 etiamsi
3134 1007 3248 1046 non
3271 994 3468 1050 eodem
3495 995 3666 1050 modo

2024 1073 2360 1146 possideat;
2394 1092 2461 1130 ex
2483 1077 2652 1148 cujus
2673 1077 2849 1132 etiam
2875 1077 3132 1134 bonitate
3153 1082 3668 1152 superabundante

2023 1166 2082 1219 lit
2116 1171 2199 1233 ut,
2233 1165 2517 1238 quidquid
2552 1167 2679 1237 ejus
2712 1168 2998 1240 particeps
3027 1173 3136 1238 est,
3158 1169 3218 1224 in
3251 1173 3669 1229 communione

2021 1254 2339 1309 Boniformi
2359 1258 2612 1310 exsistat.
2646 1256 2715 1310 Et
2737 1255 2871 1311 alibi
2896 1257 3048 1313 idem
3075 1259 3330 1315 veritatis
3350 1277 3534 1332 praeco
3551 1261 3671 1316 cla-

2023 1348 2161 1410 mat,
2190 1353 2464 1415 praecepta
2491 1345 2622 1416 legis
2652 1345 2874 1416 impleri
2902 1345 2960 1402 in
2992 1349 3082 1416 iis,
3117 1351 3211 1419 qui
3237 1365 3346 1404 non
3376 1349 3671 1405 secundum

2021 1449 2244 1488 carnem
2265 1427 2576 1504 ambulant,
2607 1433 2702 1490 sed
2717 1435 3014 1490 secundum
3031 1436 3290 1508 spiritum
3301 1437 3671 1506 47,hocest,in

2022 1521 2503 1593 quibusactiones
2520 1522 2683 1578 malae
2697 1527 2752 1579 et
2765 1524 2985 1579 semina
2998 1525 3201 1596 hostis,
3228 1531 3530 1598 etpeccata
3550 1527 3668 1584 vim

2028 1629 2140 1667 non
2157 1612 2500 1680 habent,scd
2522 1613 2669 1668 ratio
2686 1613 2814 1668 vitaz
2843 1615 3166 1670 secundum
3183 1616 3477 1686 spiritum,
3497 1617 3555 1671 id
3587 1621 3674 1672 est

2027 1701 2294 1756 virtutem
2315 1707 2373 1759 et
2390 1703 3287 1772 Dciauxiliumordinatur.Quod
3311 1706 3355 1762 si
3375 1722 3506 1762 vero
3531 1723 3673 1776 prae-

2026 1795 2191 1862 cepta
2222 1792 2364 1862 legis
2399 1809 2507 1848 non
2551 1809 2581 1846 a
2607 1793 3002 1863 peccatoribus
3035 1799 3090 1849 et
3119 1795 3288 1867 genio
3318 1794 3674 1868 indulgenti-

265 1880 370 1933 τοῦ
397 1875 567 1947 νόμου
598 1875 698 1930 οὐκ
728 1873 778 1929 ἐν
807 1879 929 1936 τοῖς
979 1872 1244 1948 ἐμπαθέσι
1291 1876 1383 1929 καὶ
1436 1874 1792 1951 ἁμαρτωλοῖς
1839 1896 1922 1931 τε-

2033 1879 2140 1934 bus
2174 1880 2510 1951 implentur,
2547 1881 2644 1936 sed
2672 1897 2703 1934 a
2733 1881 3133 1952 spiritualibus
3164 1887 3220 1938 et
3241 1883 3436 1939 divino
3458 1883 3677 1939 auxilio

271 1965 480 2033 λεῖται,
532 1963 651 2019 ἀλλ’
712 1963 764 2018 ἐν
819 1969 938 2026 τοῖς
985 1969 1378 2036 πνευματικοῖς
1425 1964 1514 2018 καὶ
1576 1967 1921 2040 θεοσυνεργ-ἀ.

273 2077 420 2125 τοις,
454 2059 567 2116 πῶς
613 2053 680 2109 οὗ
719 2054 1000 2132 φρίττουσι
1058 2050 1236 2129 λέγειν
1289 2056 1424 2110 αὐτὸ
1471 2061 1713 2129 πονηρᾶς
1753 2075 1920 2128 νομο·

269 2144 486 2212 θεσίας;
519 2142 693 2198 Πάλιν
726 2140 783 2198 δὲ
821 2143 876 2198 ἐν
909 2140 1104 2206 ἄλλοις
1134 2145 1197 2200 τὸ
1237 2141 1497 2217 διάπυρον
1542 2151 1643 2214 τῆς
1691 2143 1922 2206 πίστεως

275 2232 442 2288 αὐτοῦ
498 2233 592 2287 καὶ
647 2236 746 2287 τοῦ
810 2233 1014 2294 πάντας
1073 2231 1319 2288 σπεύδειν
1377 2235 1638 2304 σωθῆναι,
1699 2233 1788 2288 καὶ
1846 2233 1922 2296 εἷς

275 2323 408 2395 ὅπερ
471 2321 634 2376 αὐτὸν
694 2322 722 2376 ὁ
789 2318 1022 2400 σφοδρὸς
1077 2320 1214 2396 ἔρως
1281 2319 1465 2392 ἐκίνει,
1524 2323 1775 2398 κατέχειν
1827 2320 1928 2378 οὐκ

275 2409 446 2486 ἔχων,
474 2409 754 2466 τουτέστιν
801 2409 878 2471 εἷς
912 2409 974 2465 τὸ
1007 2409 1209 2474 πάντας
1253 2415 1333 2483 τῷ
1379 2414 1598 2486 Χριστῷ
1645 2431 1927 2487 προσαγα-

275 2505 410 2576 γεῖν.
455 2498 741 2578 Ηῦχόμην
794 2498 905 2574 ἐγὼ
963 2499 1125 2562 αὐτὸς
1183 2498 1423 2575 ἀνάθεμα
1480 2501 1610 2555 εἶναι
1667 2501 1773 2556 ἀπὸ
1829 2504 1926 2556 τοῦ

281 2592 522 2662 Χριστοῦ
593 2589 732 2662 ὑπὲρ
792 2592 900 2643 τῶν
964 2586 1215 2667 ἀδελφῶν
1316 2610 1421 2663 μου
1486 2595 1596 2645 τῶν
1654 2594 1923 2665 συγγενῶν

283 2699 387 2752 μου
419 2678 560 2733 κατὰ
611 2677 805 2753 σάρκα,
864 2677 1074 2754 μεγάλῃ
1133 2680 1318 2755 κράζει
1377 2683 1444 2754 τῇ
1503 2683 1680 2756 φωνῇ·
1740 2681 1814 2735 ὧν
1871 2681 1927 2734 αἱ

279 2765 534 2838 διαθῆκαι
610 2767 702 2822 καὶ
769 2768 823 2822 αἱ
891 2769 1209 2841 νομοθεσίαι
1287 2770 1399 2824 καὶ⁸
1458 2770 1512 2824 αἱ
1606 2767 1926 2845 ἐπαγγελίαι

281 2858 371 2912 καὶ
430 2857 484 2911 αἱ
541 2858 813 2929 λατρεῖαι,
865 2858 953 2911 καὶ
1013 2859 1442 2937 περιφανέστατα
1491 2856 1722 2931 δεικνὺς,
1760 2860 1925 2914 πόθεν

271 2950 440 3002 ταῦτα
469 2946 561 3000 καὶ
619 2944 770 3009 τίνος
817 2945 1048 3020 ἢρτηται
1099 2947 1377 3023 προνοίας·
1432 2952 1490 3004 '0
1541 2944 1614 3004 ὥν
1661 2948 1748 3004 ἐπὶ
1791 2949 1928 3004 πάν-

271 3056 378 3090 των
452 3035 583 3097 Θεὸς
653 3032 958 3110 εὐλογητὸς
1056 3036 1133 3099 εἰς
1225 3039 1350 3100 τοὺς
1418 3037 1642 3101 αἰῶνας.
1722 3041 1925 3113 Ἀμήν.

269 3127 439 3179 Ὥστε
465 3128 567 3179 τοῦ
596 3122 684 3180 ἐπὶ
715 3125 932 3180 πάντων
966 3129 1100 3181 Θεοῦ
1130 3126 1222 3181 καὶ
1278 3127 1334 3181 αἱ
1381 3128 1696 3201 νομοθεσίαι
1735 3130 1826 3184 καὶ
1875 3128 1931 3183 αἱ

2032 1965 2206 2034 nixis,
2232 1967 2524 2038 quomodo
2549 1983 2664 2022 non
2697 1967 2934 2022 horrent
2956 1968 3057 2023 illa
3077 1969 3145 2023 ad
3171 1969 3389 2024 Malum
3423 1970 3633 2026 referre
3651 1970 3679 2024 ‘l

2031 2053 2185 2108 Alibi
2219 2055 2373 2110 idem
2400 2057 2674 2110 fervorem
2703 2056 2990 2126 ﬁdeisuae,
3018 2056 3399 2128 studiumque
3417 2058 3680 2114 omnium

2034 2144 2280 2200 salutem
2314 2143 2710 2214 promovendi,
2742 2145 3038 2201 continere
3065 2162 3177 2200 non
3203 2146 3426 2213 valens,
3458 2155 3555 2200 aut
3587 2162 3677 2201 re-

2035 2234 2282 2306 primere
2322 2233 2403 2303 id,
2437 2233 2508 2288 ad
2542 2233 2691 2304 quod
2715 2232 2910 2306 ipsum
2937 2234 3245 2290 vehemens
3267 2252 3431 2290 amor
3454 2251 3681 2307 permo-

2033 2325 2219 2392 vebat,
2253 2323 2512 2379 studium
2537 2321 2757 2378 scilicet
2787 2339 2992 2378 omnes
3024 2323 3092 2378 ad
3125 2323 3424 2381 Christum
3466 2313 3692 2396 peritu?

2034 2414 2224 2482 cendi,
2252 2411 2400 2469 elata
2422 2427 2558 2467 voce
2577 2412 2788 2467 clamat
2811 2428 2824 2467 :
2850 2411 3102 2484 Optarim
3122 2427 3220 2481 ego
3241 2415 3358 2484 ipse
3375 2412 3680 2468 anathema

2033 2519 2148 2560 esse
2176 2519 2208 2558 a
2241 2502 2452 2556 Christo
2479 2516 2576 2572 pro
2609 2501 2881 2571 fratribus
2916 2503 3074 2570 meis,
3105 2501 3252 2556 mihi
3278 2501 3420 2573 quod
3463 2501 3534 2556 ad
3561 2517 3684 2556 car-

2034 2607 2159 2648 nem
2188 2589 2449 2660 cognatis,
2481 2603 2713 2660 quorum
2741 2597 2868 2644 sunt
2898 2595 3238 2660 testamenta,
3256 2593 3305 2646 et
3326 2589 3603 2662 legislatio
3634 2596 3688 2645 et

2032 2677 2425 2752 promissiones
2453 2684 2508 2734 et
2537 2678 2715 2733 cultus
2743 2674 2810 2734 ‘3.
2844 2678 2982 2743 Quae
3013 2679 3213 2734 omnia
3244 2679 3396 2734 unde
3427 2677 3685 2751 profecta

2035 2769 2156 2826 Sint
2185 2773 2241 2824 et
2271 2785 2304 2823 a
2334 2768 2499 2838 cujus
2529 2784 2671 2822 cura
2703 2768 3014 2837 pendeant,
3041 2765 3364 2825 clarissime
3389 2768 3576 2835 docet,
3599 2768 3684 2823 in-

2039 2858 2245 2930 quiens
2270 2873 2284 2912 :
2320 2857 2424 2926 Qui
2451 2860 2530 2912 est
2550 2872 2714 2928 super
2739 2856 2926 2913 omnia
2956 2858 3096 2912 Deus
3127 2857 3438 2914 benedictus
3485 2857 3546 2913 in
3577 2871 3681 2914 sw-

2037 2948 2183 3004 cula.
2217 2947 2388 3002 Amen
2419 2945 2484 2999 ‘9.
2519 2945 2720 3017 Itaque
2753 2945 2872 3012 Dei,
2898 2963 3076 3018 super
3105 2946 3306 3003 omnia
3335 2945 3690 3016 exsistentis,

2041 3041 2182 3094 sunt
2212 3039 2268 3092 et
2297 3035 2472 3107 legcs,
2501 3042 2552 3090 et
2584 3033 2778 3090 cultus
2822 3043 2874 3090 et
2904 3034 3347 3107 promissiones,
3383 3037 3441 3091 in
3472 3035 3688 3106 quibus

2043 3130 2231 3199 patres
2266 3125 2612 3196 placuerunt
2642 3125 2776 3190 Deo,
2806 3127 2863 3180 et
2892 3140 2961 3179 ex
2990 3123 3226 3196 quibus,
3280 3124 3433 3194 quod
3478 3124 3550 3179 ad
3580 3123 3692 3178 hu-

270 3212 523 3288 λατρεῖαι
575 3214 663 3268 καὶ
725 3214 781 3268 αἱ
827 3212 1170 3291 ἐπαγγελίαι,
1217 3215 1269 3271 ἐν
1321 3219 1407 3279 αἶς
1449 3190 1512 3271 ὀἱ
1568 3217 1794 3293 πατέρες
1849 3217 1922 3273 εὖ·

2043 3190 2402 3281 manitatem,
2443 3218 2602 3269 ortus
2633 3217 2722 3269 est
2753 3190 3042 3268 Christus.
3074 3190 3224 3268 Alibi
3257 3190 3572 3268 Mosaicam
3605 3211 3688 3266 le-

269 3303 582 3377 ηρέστησαν
628 3303 770 3376 Θεῷ,
797 3303 888 3358 καὶ
948 3302 1000 3377 ἐξ
1032 3304 1107 3358 ὧν
1155 3305 1293 3360 κατά
1339 3305 1402 3360 τὸ
1449 3305 1788 3380 ἀνθρώπινον
1835 3305 1930 3361 ἀν-

271 3388 608 3463 εϐλάστησεν
651 3393 680 3447 ὁ
708 3391 962 3467 Χριστός.
1016 3394 1113 3448 Καὶ
1159 3392 1211 3450 ἐν
1257 3391 1455 3457 ἄλλοις
1504 3392 1561 3450 δὲ
1611 3393 1779 3472 λόγον
1835 3397 1927 3468 μὲν

274 3479 626 3536 ἀδιάπτωτον
693 3485 790 3535 τοῦ
847 3485 982 3536 Θεοῦ
1031 3483 1123 3538 τὸν
1171 3483 1465 3540 Μωσαϊκὸν
1529 3484 1696 3558 νόμον
1753 3485 1927 3558 ὑμνεῖ·

275 3569 345 3625 Οό
375 3570 479 3645 γὰρ
523 3569 863 3643 ἐκπέπτωκε,
913 3570 1100 3648 φησὶν,
1154 3573 1182 3627 ὁ
1231 3571 1401 3647 λόγος
1450 3577 1546 3629 τοῦ
1590 3577 1746 3630 Θεοῦ.
1801 3574 1929 3650 Περὶ

275 3656 332 3714 δέ
361 3680 424 3735 γε
453 3663 554 3715 τοῦ
603 3654 800 3714 Ἰακὼὸ
852 3660 941 3716 καὶ
992 3664 1089 3716 τοῦ
1141 3660 1306 3716 Ἡσαῦ
1356 3657 1744 3736 διαλαμϐάνων
1797 3665 1930 3736 (60),

277 3749 413 3812 ὡςὸ
461 3748 664 3823 μείζων
721 3747 998 3805 δουλεύσει
1042 3754 1122 3822 τῷ
1180 3749 1445 3824 ἐλάττονι,
1499 3752 1792 3826 μονονουχὶ
1841 3753 1930 3808 καὶ

281 3839 412 3902 τοὺς
435 3838 610 3893 πάλαι
641 3845 742 3908 τῆς
790 3837 1002 3909 πλάνης
1050 3839 1320 3914 ὑπηρέτας
1374 3839 1730 3915 ἐπιστομίζει.
1785 3842 1931 3912 Φησὶ

277 3928 404 4003 γάρ*
458 3928 552 3996 Μὴ
613 3925 795 3982 ἀδικία
852 3927 997 4002 πυρᾶ
1041 3933 1122 4001 τῷ
1187 3934 1303 4003 Θεῷ
1349 3950 1364 4000 ;
1424 3931 1502 4003 μὴ
1553 3930 1784 4003 γένοιτο.
1845 3935 1930 4004 Τῷ

277 4018 380 4093 γὰρ
435 4023 632 4076 Πωσεῖ
689 4017 858 4095 λέγει·
925 4017 1196 4090 Ἐλεήσω,
1254 4021 1313 4076 ὃν
1371 4021 1432 4074 ἂν
1486 4019 1646 4090 ἐλεῶ,
1706 4023 1796 4076 καὶ
1854 4021 1931 4076 οἰ-

271 4110 571 4180 κτειρήσω,
606 4108 664 4162 ὃν
725 4108 786 4162 ἃν
846 4107 1119 4184 οἰκτείρω.
1165 4110 1262 4163 Καὶ
1287 4107 1376 4164 ’ίνα
1433 4111 1508 4184 μή
1563 4107 1692 4184 δόξῃ
1741 4132 1826 4174 τις
1876 4110 1927 4181 ἐξ

275 4195 493 4251 οἳκείων
528 4197 706 4251 πόνων
737 4197 828 4251 καὶ
889 4194 1134 4273 ἱδρώτων
1187 4198 1366 4274 χωρὶς
1415 4205 1516 4269 τῆς
1554 4196 1750 4255 ἄνωθεν
1803 4220 1928 4255 συν-

275 4285 483 4362 εργείας
532 4286 596 4342 τὸ
635 4290 740 4341 πᾶν
789 4284 1025 4342 ἐκτελεῖν
1072 4291 1178 4343 τῶν
1238 4290 1702 4363 κατορθωμάτων,
1753 4289 1928 4345 συνεί-

279 4394 380 4449 ρει·
425 4377 570 4448 ’Ἄρα
595 4376 710 4445 οὗν,
754 4376 812 4431 ὃν
855 4374 1024 4448 θέλει,
1065 4375 1229 4447 ἐλεεῖ,
1279 4379 1340 4432 ’ὸν
1394 4378 1563 4449 θέλει,
1615 4378 1927 4454 σκληρύνει.

276 4465 372 4517 τὸν
405 4464 572 4519 αὐτὸν
605 4464 736 4520 Θεὸν
768 4465 854 4520 καὶ
887 4469 982 4520 τοῦ
1011 4463 1198 4528 ἐλέους
1227 4472 1347 4528 τοῖς
1385 4469 1522 4542 πρὸς
1576 4467 1737 4523 αὐτὸν
1787 4469 1930 4543 ὁρῶ-

277 4572 356 4606 σιν
391 4552 719 4631 ὗπάρχοντα
747 4555 954 4629 πηγὴν,
987 4554 1076 4610 καὶ
1115 4561 1224 4610 τῶν
1267 4556 1343 4620 εἰς
1393 4555 1561 4633 ὀφρὺν
1609 4556 1929 4632 ἐπηρμένων

276 4637 662 4719 διελέγχοντα,
719 4642 809 4698 καὶ
851 4640 1295 4713 καταϐάλλοντα,
1343 4646 1405 4700 τὸ
1453 4646 1776 4716 ἀλαζονικὸν
1835 4649 1927 4703 καὶ

274 4731 543 4806 σκληρόν·
573 4733 666 4787 τὸν
703 4730 862 4788 αὐτὸν
897 4731 953 4788 δὲ
983 4735 1136 4803 Θεὸν,
1167 4735 1226 4797 ὃς
1265 4733 1376 4790 ἐστι
1428 4737 1617 4810 Πατήρ
1664 4739 1760 4792 τοῦ
1808 4743 1931 4792 Κυ-

272 4819 392 4891 ρίου
423 4823 593 4894 ἡμῶν
645 4824 830 4892 Ἰησοῦ
879 4827 1112 4898 Χριστοῦ
1159 4822 1547 4902 φιλάνθρωπον
1595 4825 1683 4880 καὶ
1731 4825 1926 4893 ἀγαθὸν

267 4909 545 4982 ἆνυμνῶν,
600 4910 690 4966 καί
729 4912 1050 4986 πειθαρχεῖν
1105 4913 1199 4986 μὲν
1244 4913 1393 4988 αὐτῷ
1440 4914 1662 4982 πάντας,
1721 4911 1929 4988 μηδένα

274 4994 316 5016 ἢκ
992 5001 1004 5020 \
1099 5005 1126 5017 η
1252 5000 1277 5024 ,ο
1711 5007 1738 5020 ο
1865 5009 1894 5022 ~

271 5011 327 5054 οε
379 4999 866 5072 κατεξανίστασθαι
924 4997 1014 5055 δια
1059 5021 1168 5056 των
1219 5003 1428 5058 οικοθεν
1489 5001 1779 5079 λογισμων
1827 5023 1928 5073 της

265 5087 589 5165 ἀπορρήτου
619 5085 1000 5164 κυϐερνήσεως
1043 5091 1212 5147 αὐτοῦ
1259 5089 1527 5169 ἐπιφέρει·
1580 5097 1791 5152 Μενοῦν
1841 5113 1926 5168 γε,

273 5176 298 5192 ν

266 5177 309 5230 ὧ
376 5177 652 5254 ἄνθρωπε,
721 5178 786 5234 σὺ
881 5180 968 5242 τίς
1031 5181 1080 5236 εἴ
1150 5182 1179 5236 ὁ
1252 5179 1785 5257 ἀνταποκρινόμενος
1846 5186 1927 5255 τῷ

332 5337 382 5372 ⁸⁷
411 5339 585 5398 Rom.
619 5356 742 5412 vm,
773 5339 828 5400 4.
903 5339 952 5376 ⁴⁸
981 5341 1149 5400 Rom.
1185 5357 1262 5412 ιχ,
1293 5342 1347 5398 3.
1423 5339 1473 5375 ⁴⁹
1502 5340 1644 5397 ibid.
1678 5345 1731 5396 ti.

2039 3319 2170 3376 gem
2197 3307 2256 3358 ut
2272 3302 2509 3358 verbum
2529 3300 2628 3357 Dei
2649 3317 2764 3356 non
2784 3302 3012 3357 irritum
3031 3302 3499 3372 celebrat.Neque
3515 3302 3686 3368 enim,

2040 3393 2252 3464 inquit,
2282 3392 2486 3448 cecidit
2507 3392 2731 3446 verbum
2760 3391 2873 3447 Dei.
2907 3391 3069 3446 Idem
3101 3389 3320 3461 aliquid
3363 3390 3434 3445 de
3481 3391 3689 3444 Iacobo

2039 3487 2097 3538 et
2122 3485 2308 3538 Esauo
2331 3497 2646 3552 occupans,
2693 3480 2836 3552 quod
2862 3479 3069 3536 scilicet
3093 3481 3274 3553 major
3320 3481 3550 3535 serviret
3577 3477 3690 3534 mi-

2039 3573 2185 3641 nori,
2221 3572 2431 3628 erroris
2461 3569 2841 3627 administros
2871 3574 2991 3626 tam
3019 3575 3261 3638 veteres,
3287 3585 3462 3640 quam
3487 3584 3689 3625 recens

2040 3665 2288 3730 exertos,
2307 3661 2594 3718 confutet.
2621 3660 2708 3715 Ait
2729 3659 2882 3715 enim
2910 3675 2923 3714 :
2951 3660 3089 3714 Num
3127 3658 3406 3728 iniustitia
3431 3662 3510 3715 est
3544 3657 3691 3728 apud

2039 3753 2253 3808 Deum?
2295 3751 2494 3808 Absit!
2525 3749 2655 3806 Mosi
2700 3750 2849 3806 enim
2898 3751 3083 3822 inquit
3104 3767 3123 3805 :
3154 3749 3476 3815 Miserebor,
3532 3749 3691 3818 cujus

2038 3843 2358 3910 miserebor,
2381 3845 2434 3896 et
2451 3841 2684 3896 clemens
2704 3855 2815 3907 ero,
2833 3838 2927 3894 cui
2947 3840 3188 3895 clemens
3210 3855 3300 3894 ero
3312 3837 3453 3894 “.Et
3467 3853 3536 3893 ne
3554 3837 3688 3909 quis

2039 3930 2304 4003 cpinetur
2336 3945 2398 3985 se
2439 3945 2544 3984 suo
2575 3927 2772 3984 labore
2793 3932 2851 3983 et
2873 3929 3084 3984 sudore
3106 3928 3231 3984 sine
3251 3927 3448 3982 divino
3471 3925 3686 3982 auxilio

2042 4025 2326 4092 praecepta
2355 4017 2551 4073 omnia
2583 4016 2856 4088 perﬁcere
2886 4032 3076 4085 posse,
3111 4015 3444 4084 subjungit:
3479 4016 3684 4084 Itaque,

2036 4110 2189 4181 cujus
2219 4107 2357 4176 vult,
2388 4105 2704 4173 miseretur,
2737 4111 2788 4160 et
2815 4119 2974 4176 quem
3003 4105 3142 4172 vult,
3177 4100 3488 4158 indurat“.
3516 4101 3686 4157 Eum-

2039 4198 2173 4253 dem
2205 4197 2400 4269 itaque
2431 4197 2611 4250 Deum
2645 4192 2964 4261 celebrans,
3002 4199 3279 4264 tanquam
3313 4190 3409 4262 qui
3461 4188 3686 4245 miseri-

2039 4287 2248 4343 cordia:
2280 4289 2337 4343 in
2371 4285 2500 4342 illos
2529 4284 2629 4357 qui
2662 4283 2853 4355 ipsum
2883 4282 3216 4355 respiciant,
3250 4281 3380 4338 fons
3419 4279 3682 4349 exsistat,

2039 4378 2424 4449 superborum
2453 4391 2588 4431 vero
2629 4377 2685 4430 et
2723 4372 3010 4429 alatorum
3061 4373 3276 4428 fastum
3319 4387 3384 4427 ac
3433 4369 3687 4442 superci-

2041 4468 2186 4524 lium
2242 4466 2528 4538 deprimat
2584 4469 2642 4520 at
2707 4467 3013 4531 coerceat;
3067 4463 3362 4530 eumdem,
3419 4461 3685 4531 inquam,

2038 4557 2246 4626 Deum,
2278 4555 2378 4628 qui
2409 4560 2498 4612 est
2539 4554 2705 4609 Pater
2750 4552 2984 4608 Domini
3031 4551 3214 4607 nostri
3260 4551 3400 4606 Jesu
3446 4547 3682 4617 Christi,

2040 4650 2328 4704 amantem
2362 4643 2670 4700 hominum
2702 4649 2755 4698 et
2776 4642 2994 4696 bonum
3016 4639 3680 4708 celebrans,omnesque,

2040 4745 2099 4792 ut
2127 4735 2236 4806 ipsi
2269 4735 2562 4799 obediant,
2596 4730 2794 4786 nullus
2846 4744 2977 4784 vero
3023 4729 3274 4796 resistat,
3316 4725 3682 4798 argumentis

2037 4823 2374 4880 domesticis
2421 4829 2473 4878 et
2521 4837 2590 4876 ex
2637 4819 2980 4876 abscondita
3027 4833 3220 4874 rerum
3263 4814 3682 4889 gubernatione

2036 4912 2230 4970 ductis
2249 4911 2676 4977 exhortaturus,
2696 4906 3042 4978 subjungit:
3092 4907 3402 4976 Enimvero,
3439 4921 3469 4962 ο
3497 4907 3678 4974 homo,

2035 5005 2128 5076 qui
2160 5011 2219 5058 tu
2247 5018 2301 5058 es
2327 4999 2658 5073 respondens
2688 4999 2792 5054 Deo
2822 4995 2919 5052 52?
2963 4996 3224 5068 Cumque
3264 4999 3463 5069 postea
3515 5010 3678 5052 eum-

2037 5093 2167 5149 dem
2191 5091 2344 5148 clare
2364 5089 2731 5146 Conditorem
2755 5086 3168 5152 renuntiasset,
3184 5101 3288 5143 nec
3309 5085 3678 5143 Conditorem

2035 5183 2250 5252 solum,
2274 5181 2378 5238 sed
2402 5185 2459 5238 et
2474 5179 2732 5252 judicem
2763 5177 3124 5246 absolutum,
3147 5183 3204 5234 et
3233 5177 3332 5249 qui
3362 5175 3678 5248 unicuique

1806 5340 1855 5376 5°
1886 5339 2028 5396 ibid.
2065 5340 2152 5395 15.
2227 5337 2273 5372 ⁵1
2303 5338 2448 5393 ibid.
2485 5338 2570 5393 18.
2647 5335 2692 5370 ⁵³
2720 5334 2864 5392 ibid.
2893 5335 2985 5390 20.

1435 5487 1678 5544 VARI/E
1719 5485 2105 5544 LECTIONES
2146 5484 2234 5540 ET
2274 5483 2505 5540 NOTzE.

339 5622 452 5705 (59)
484 5617 894 5705 Ἀγαθοειδοῦς.
928 5626 1016 5683 Ita
1041 5623 1167 5696 lego
1213 5640 1312 5696 pro
1356 5616 1713 5696 ἂγαθοειδῶς,
1763 5621 1922 5693 quod

273 5699 460 5839 eligi?)
484 5692 934 5840 ξῗέίλαμὸάνων,
981 5783 1276 5842 occupans.
1349 5764 1585 5825 Scilicet
1631 5764 1922 5837 exceptio-

2032 5633 2188 5690 nem,
2222 5633 2349 5690 quaa
2381 5616 2506 5672 fieri
2535 5617 2780 5688 poterat.
2814 5616 2986 5690 Hanc
3002 5612 3158 5690 enim
3177 5608 3339 5690 verbi
3367 5607 3536 5690 istius
3567 5606 3675 5690 hoc

2032 5689 2157 5746 loco
2174 5679 2482 5745 notionem
2513 5679 2642 5745 esse
2669 5703 2894 5744 censeo.
2947 5684 3173 5741 Confer.
3225 5679 3523 5736 Lamberti
3563 5679 3672 5736 Bos

2032 5761 2544 5819 Animadversiones
2573 5759 2645 5818 ad
2675 5759 2980 5832 Scriptores
3012 5755 3238 5821 Grzcos,
3271 5767 3326 5821 p.
3358 5749 3449 5806 86.
