4084 6210
322 353 436 415 159

1519 345 1788 408 ΡΗΟΤΠ
1831 347 2356 410 ΡΑΤΒΙΑΒΟΗᾸΞ
2401 349 2518 409 CP.

3599 351 3717 410 160

319 491 400 560 id,
433 490 586 562 quod
612 488 902 560 judicium
933 486 1116 555 affert,
1149 484 1402 554 irrogare
1442 483 1638 554 possit,
1691 485 1955 541 eumdem

2087 487 2238 556 Βεῷ;
2296 483 2422 538 Εἶτα
2487 485 2677 537 τοῦτον
2737 480 2986 552 πλάστην
3053 481 3321 555 λαμπρῶς
3381 481 3724 558 ἀνακράζων,

322 581 404 636 ait
425 579 511 634 ira
535 579 668 634 ferri
699 578 760 634 in
792 594 951 643 vasa,
986 576 1043 630 in
1076 574 1314 631 exitium
1351 576 1568 643 parata,
1601 572 1832 629 divitias
1861 589 1964 628 au-

322 673 440 725 tem
472 667 666 739 gloriae
698 685 818 723 suae
847 665 1083 737 largiter
1113 661 1408 733 impertire
1435 661 1552 716 illis
1594 661 1690 732 qui
1741 661 1967 717 miseri-

322 759 517 814 cordia
547 773 654 812 sua
685 755 848 828 digni
877 754 1016 810 sint.
1050 753 1235 821 Atque
1257 749 1434 821 hujus
1462 750 1637 805 etiam
1663 767 1776 806 non
1797 751 1968 822 parti-

324 847 483 920 cipes
511 846 687 902 factos
708 859 835 900 esse
863 842 1112 907 nuntiat,
1133 843 1486 912 praeparatos
1508 839 1733 896 scilicet
1755 843 1811 895 et
1832 844 1967 896 ante

323 941 557 994 vocatos
571 937 640 990 ad
660 934 984 992 fruitionem
1001 931 1584 1000 bonorum,tanquam
1600 930 1698 1001 qui
1711 930 1967 987 credide-

325 1027 441 1082 rint
455 1026 511 1080 in
526 1023 838 1080 Dominum
855 1024 1116 1076 nostrum
1129 1019 1331 1074 Jesum
1344 1018 1642 1074 Christum
1655 1018 1821 1074 .Alibi
1833 1035 1966 1075 vero

326 1115 535 1170 iterum
550 1109 996 1181 scribens,quod
1010 1125 1209 1164 verum
1223 1114 1406 1164 Deum
1421 1107 1613 1180 gratiae
1631 1125 1750 1163 sua:
1773 1108 1966 1180 paeni-

325 1208 446 1260 tere
472 1219 586 1258 non
614 1202 883 1273 possit,et
904 1198 1059 1271 quod
1083 1199 1212 1270 ejus
1240 1198 1412 1253 fuerit
1435 1197 1680 1268 pOpulus
1703 1197 1970 1254 israeliti-

326 1308 451 1359 cus,
475 1298 527 1346 et
550 1291 660 1360 lex,
684 1294 741 1345 et
767 1292 1073 1361 praecepta,
1108 1291 1163 1342 et
1187 1287 1342 1358 quod
1370 1303 1483 1340 non
1511 1302 1713 1341 omnes
1735 1291 1972 1358 propter

324 1379 849 1451 transgressionem
880 1394 913 1432 a
931 1376 1180 1430 filiorum
1199 1377 1332 1446 jure
1357 1374 1806 1442 removerit,ait:
1829 1375 1971 1429 Num

327 1469 533 1542 repulit
565 1470 704 1524 Deus
731 1468 993 1540 populum
1021 1482 1202 1532 suum,
1235 1480 1398 1536 quem
1444 1466 1816 1534 praecognovit
1834 1464 1879 1498 ⁵³
1900 1466 1921 1488 ‘
1944 1464 1971 1519 ?

325 1560 823 1631 Perspicuumque
857 1556 1092 1621 faciens,
1125 1571 1299 1626 quem
1326 1554 1502 1610 Deum
1535 1554 1704 1622 dicat,
1737 1558 1794 1609 et
1817 1553 1971 1609 unde

329 1651 475 1706 fides
509 1650 610 1704 fiat
631 1649 781 1720 quod
809 1649 1085 1720 populum
1110 1661 1284 1702 suum
1314 1661 1428 1700 non
1453 1645 1750 1717 repulerit,
1773 1643 1972 1700 addit:

327 1739 462 1794 Nam
494 1745 544 1793 et
573 1739 688 1808 ipse
715 1752 811 1806 ego
841 1737 1095 1792 Israelita
1113 1751 1257 1805 sum,
1278 1749 1348 1790 ex
1368 1733 1572 1790 semine
1610 1734 1901 1803 Abraami,
1926 1736 1977 1790 et

2073 573 2160 626 καὶ
2195 570 2256 626 οὗ
2288 570 2534 642 πλάστην
2568 573 2756 645 μόνον,
2789 568 2937 626 ἀλλὰ
2973 571 3063 625 καὶ
3113 571 3303 644 κριτὴν
3357 567 3731 642 αὒτεξοόσιονν

2075 663 2290 716 καὶτοῦ
2331 658 2601 735 διανέμειν
2652 660 2863 733 ἑκάστῳ
2909 661 3044 732 (61),
3095 659 3155 713 ἂν
3200 661 3234 727 ἠ
3283 658 3461 734 κρίσις
3510 659 3728 736 ἤνεγκε,

2077 747 2364 821 δεσπότην,
2403 752 2502 820 τὴν
2563 750 2657 823 μὲν
2701 750 2872 823 ὀργήν
2922 748 3099 826 φέρειν
3151 744 3475 820 ἐκδιδάσκει,
3526 749 3614 804 ἐπὶ
3662 751 3738 806 τὰ

2078 841 2241 912 σκεύη
2283 841 2351 896 τὰ
2396 839 2799 915 κατηρτισμένα
2845 838 2921 902 είς
2965 839 3265 895 ἀπώλειαν·
3308 841 3402 894 τὸν
3451 838 3508 895 δὲ
3555 841 3734 897 πλοῦ-

2075 952 2171 988 τον
2202 938 2302 1001 τῆς
2336 928 2496 1004 δόξης
2527 930 2692 986 αὐτοῦ
2721 936 2840 995 τοῖς
2876 933 2974 985 τοῦ
3014 929 3200 994 ἐλέους
3245 927 3734 1004 ἐπιδαψιλεύεσθαι

2077 1021 2270 1094 ἀξίοις,
2315 1019 2388 1076 Οὗ
2437 1021 2525 1075 καὶ
2583 1023 2730 1093 ἡμᾶς
2791 1021 3062 1095 μετόχους
3119 1017 3526 1096 εὐαγγελίζεται
3584 1021 3731 1075 εἶναι

2077 1112 2170 1165 ἅτε
2227 1107 2293 1180 δὴ
2352 1111 2902 1184 προητοιμασμένους
2958 1109 3049 1164 καὶ
3106 1108 3586 1183 προκεκλημένους
3649 1110 3736 1174 εἰς

2077 1202 2177 1269 τὴν
2205 1197 2507 1254 ἀπόλαυσιν
2555 1205 2662 1254 τῶν
2711 1202 2950 1274 ὰγαθῶν,
3000 1200 3128 1261 τοὺς
3177 1200 3597 1262 πεπιστευκότας
3649 1199 3735 1264 εἰς

2077 1289 2170 1343 τὸν
2231 1289 2426 1362 Κύριον
2485 1290 2644 1361 ἡμῶν
2697 1289 2907 1359 Ἰησοῦν
2958 1287 3212 1361 Χριστόν.
3272 1289 3360 1344 Ἐν
3418 1287 3614 1352 ἄλλοις
3671 1286 3734 1343 δὲ

2079 1375 2244 1431 πάλιν
2277 1375 2698 1451 ἀμεταμέλητον
2734 1378 2897 1452 χάριν
2949 1377 3274 1453 ἀναγράφων
3322 1381 3420 1431 τοῦ
3460 1376 3734 1447 ἀληθινοῦ

2083 1469 2238 1535 Θεοῦ,
2271 1465 2362 1520 καὶ
2401 1464 2484 1520 ὅτι
2534 1463 2736 1520 ἐκείνου
2783 1467 2848 1534 ἦν
2896 1466 2924 1520 6
2975 1463 3328 1539 Ἰσραηλίτης
3369 1463 3522 1535 λαὸς,
3571 1465 3661 1520 καὶ
3694 1468 3734 1535 ἡ

2080 1555 2395 1627 νομοθεσία,
2453 1555 2542 1610 καὶ
2601 1556 2665 1610 τὰ
2721 1555 3136 1629 προστάγματα.
3191 1553 3280 1608 καὶ
3335 1554 3417 1609 ὅτι
3471 1555 3549 1627 μὴ
3598 1553 3733 1608 πάν-

2087 1663 2176 1706 τες
2236 1641 2325 1698 διὰ
2379 1645 2476 1713 τήν
2536 1641 2688 1698 ἐνίων
2744 1639 3047 1713 παράϐασιν
3131 1649 3231 1713 τῆς
3297 1643 3568 1704 υἱοθεσίας
3644 1642 3738 1714 ἐξ-

2087 1734 2330 1807 εκήρυξε,
2377 1733 2562 1812 φησίν·
2617 1735 2702 1804 Μὴ
2753 1733 3009 1788 ἀπώσατο
3059 1733 3086 1788 6
3136 1736 3266 1796 Θεὸς
3309 1733 3400 1788 τὸν
3449 1731 3581 1788 λαὸν
3633 1732 3738 1788 αὖ-

327 1829 475 1884 tribu
505 1807 848 1897 Benjaminis
878 1825 944 1881 ⁵⁸.
971 1828 1171 1896 Itaque
1200 1824 1300 1896 qui
1329 1840 1443 1880 non
1468 1822 1680 1894 repulit
1699 1823 1970 1888 Paulum,

2087 1827 2198 1895 τοῦ,
2257 1823 2314 1878 ὃν
2361 1807 2651 1899 προεγνω;
2703 1824 2808 1880 Καὶ
2867 1824 3074 1886 δεικνὺς
3124 1822 3366 1898 ἐναργῶς
3420 1821 3541 1878 τίνα
3597 1823 3732 1879 Θεὸν

329 1916 422 1971 sed
453 1931 582 1971 eum
616 1914 844 1970 vocavit
885 1913 943 1967 in
994 1912 1358 1980 electionem,
1407 1909 1562 1966 idem
1610 1915 1720 1980 est,
1771 1911 1870 1982 qui
1915 1915 1974 1966 et

329 2003 626 2068 Israelem,
663 2001 940 2073 populum
976 2017 1173 2067 suum,
1207 2001 1264 2055 in
1289 2000 1442 2055 idem
1475 2000 1688 2070 posuit,
1721 2015 1974 2072 eumque

329 2109 443 2148 non
474 2091 709 2162 repulit,
744 2091 844 2146 sed
878 2106 980 2160 per
1008 2089 1182 2143 ﬁdem
1214 2088 1277 2143 in
1300 2087 1592 2144 Christum
1627 2088 1887 2158 perfecit.

2081 1908 2252 1987 λέγει,
2292 1913 2381 1968 καὶ
2413 1914 2574 1968 πόθεν
2607 1915 2642 1983 ἡ
2675 1911 2874 1985 πίστις,
2906 1913 2990 1968 ’ὸτι
3018 1913 3109 1968 τὸν
3154 1913 3284 1968 λαὸν
3317 1913 3482 1967 αὐτοῦ
3511 1913 3586 1985 μή
3623 1913 3736 1967 ἀπ-

2084 2002 2282 2057 ώσατο.
2346 2001 2446 2057 Καὶ
2497 2002 2597 2078 γὰρ
2665 2002 2798 2078 ἐγὼ,
2855 2003 3040 2079 φησὶν,
3096 1999 3446 2077 Ἰσραηλίτης
3498 2001 3612 2073 εἰμί
3671 2001 3739 2056 ἐκ

2089 2092 2396 2164 σπέρματος
2463 2086 2736 2166 Ἀϐραὰμ,
2804 2089 2982 2166 φυλῆς
3038 2090 3312 2164 Βενιαμίν.
3360 2093 3519 2146 Ὥστε
3574 2091 3602 2145 6
3645 2091 3729 2162 μή

327 2177 671 2250 ἀποσάμενος
703 2175 944 2243 Παῦλον,
976 2174 1122 2230 ἀλλὰ
1179 2172 1410 2236 καλέσας
1468 2173 1628 2230 αὐτὸν
1690 2174 1766 2237 εἷς
1820 2173 2082 2254 ἐκλογήν,
2133 2177 2288 2242 οὗτός
2345 2178 2484 2235 ἐστιν
2545 2181 2572 2234 6
2625 2180 2714 2234 καὶ
2759 2180 2849 2235 τὸν
2890 2179 3112 2253 Ἰσραὴλ
3163 2178 3295 2234 λαὸν
3357 2179 3514 2234 αὑτοῦ
3559 2178 3726 2252 Θὲμε-

326 2287 445 2338 νος,
477 2269 566 2322 καὶ
602 2267 679 2342 μή
710 2264 1070 2339 ἀπωσάμενος
1101 2269 1314 2336 τοῦτον,
1341 2264 1489 2322 ἀλλὰ
1516 2263 1604 2320 διὰ
1640 2273 1740 2336 τῆς
1770 2267 2006 2333 πίστεως
2034 2277 2132 2340 τῆς
2168 2270 2242 2332 είς
2274 2271 2505 2345 Χριστὸν
2537 2269 2830 2332 τελειώσας
2872 2269 3084 2332 αὐτούς.

398 2358 509 2417 XV.
543 2359 695 2414 Alibi
725 2359 986 2429 ejusdem
1027 2358 1128 2413 Dei
1154 2362 1210 2413 et
1240 2363 1401 2412 vetus
1441 2364 1493 2412 et
1532 2373 1744 2414 novum
1793 2363 1978 2414 testa-

328 2452 594 2505 mentum
625 2463 754 2503 esse
785 2445 1175 2518 proclamans,
1216 2445 1296 2501 ita
1336 2449 1399 2500 ut
1429 2445 1538 2501 hoc
1569 2449 1852 2517 tanquam
1909 2463 1978 2503 ex

328 2535 492 2591 illius
524 2535 718 2590 radice
749 2532 1218 2606 progerminarit,
1253 2537 1570 2605 utrumque
1596 2549 1728 2589 vero
1759 2535 1975 2590 sancti-

328 2624 466 2680 tatis
489 2623 563 2679 sit
586 2623 898 2694 particeps,
923 2622 1004 2677 ait
1026 2638 1041 2676 :
1067 2623 1128 2677 Si
1147 2636 1270 2678 vero
1281 2621 1558 2693 primitiae
1576 2623 1976 2692 sanctae,etiam

331 2729 509 2768 massa
538 2711 685 2769 erit:
727 2715 778 2766 et
818 2712 871 2768 si
909 2711 1076 2766 radix
1113 2715 1332 2780 sancta,
1373 2713 1541 2767 etiam
1570 2712 1713 2766 rami
1740 2711 1810 2769 5‘.
1860 2714 1976 2768 Et:

328 2804 448 2859 Non
475 2807 536 2857 tu
554 2799 796 2857 radicem
813 2803 948 2872 fers,
972 2799 1064 2856 sed
1084 2799 1250 2856 rudia:
1268 2809 1318 2856 te
1337 2799 1415 2868 5-";
1439 2800 1574 2856 item
1594 2817 1607 2856 :
1643 2800 1707 2856 Si
1726 2802 1865 2857 Deus
1885 2819 1976 2857 ra-

330 2892 456 2961 mis,
486 2894 690 2946 natura
719 2891 947 2956 talibus,
980 2904 1088 2946 non
1140 2888 1377 2962 pepercit
1429 2887 1788 2956 (ceciderunt
1824 2890 1978 2946 enim

332 2980 597 3036 membra
618 2979 802 3035 Deum
833 2978 1191 3034 tentantium
1223 2977 1282 3033 in
1315 2979 1563 3042 deserto,
1597 2982 1656 3034 et
1694 2995 1821 3035 reos
1869 2979 1978 3036 cri-

2153 2361 2251 2416 IE‘.
2286 2357 2459 2414 Πάλιν
2509 2357 2566 2414 δὲ
2613 2364 2709 2414 τοῦ
2762 2361 2875 2420 ἑνὸς
2924 2363 3059 2416 Θεοῦ
3099 2360 3199 2431 τήν
3245 2379 3303 2416 τε
3353 2357 3592 2415 Παλαιὰν
3636 2358 3736 2413 καὶ

2079 2445 2178 2514 τὴν
2222 2447 2426 2516 Καινὴν
2491 2446 2896 2521 ἀνακηρύττων,
2946 2447 3036 2501 καὶ
3085 2446 3160 2508 ὡς
3198 2445 3257 2502 ἐκ
3307 2445 3465 2521 ῥίζης
3516 2445 3736 2515 ἐκείνης

2078 2533 2278 2604 ταύτην
2311 2533 2599 2608 προελθεῖν
2640 2536 2730 2590 καὶ
2769 2535 3058 2611 ἁγιότητος
3111 2535 3364 2611 ἑκατέραν
3419 2541 3738 2610 μετασχεῖν,

2082 2621 2227 2677 οὕτω
2258 2623 2440 2699 φησίν·
2487 2624 2548 2680 Εἰ
2579 2621 2636 2679 δὶ
2683 2627 2718 2694 ἡ
2759 2627 2983 2701 ἀπαρχὴ
3035 2625 3179 2700 ἁγία,
3235 2625 3326 2679 καὶ
3372 2625 3434 2679 τὸ
3483 2625 3736 2698 φύραμα·

2082 2713 2172 2766 καί
2204 2712 2314 2782 εὶὴ
2349 2711 2472 2786 ῥίζα
2519 2711 2668 2790 ἀγία,
2719 2715 2808 2768 καὶ
2860 2724 2912 2769 ot
2957 2711 3175 2770 κλάδοι·
3226 2711 3338 2768 καί⁹
3391 2714 3467 2768 Οὐ
3519 2713 3580 2767 σὺ
3633 2713 3740 2782 τὴν

2086 2799 2236 2876 ῥίζαν
2295 2803 2606 2876 βαστάζεις,
2657 2800 2784 2857 ἀλλ’
2842 2804 2877 2872 ἡ
2939 2802 3061 2877 ῥίζα
3104 2803 3181 2858 σέ·
3241 2800 3354 2857 καί’
3405 2801 3468 2856 El
3517 2803 3546 2856 6
3603 2803 3738 2864 Θεὸς

2080 2893 2188 2944 τῶν
2263 2890 2402 2946 κατὰ
2470 2891 2625 2968 φύσιν
2719 2887 2936 2947 κλάδων
3028 2891 3128 2946 οὐκ
3219 2889 3466 2968 ἐφείσατο
3558 2885 3738 2964 (ἔπεσε

2081 2977 2181 3052 γὰρ
2210 2983 2318 3034 τῶν
2371 2978 2798 3055 ἐκπειρασάντων
2849 2981 2916 3035 τὰ
2952 2980 3107 3036 κῶλα
3156 2979 3206 3035 ἐν
3256 2985 3326 3054 τῇ
3379 2979 3591 3053 ἐρήμῳ,
3636 2977 3735 3033 καὶ

331 3069 513 3126 minis
540 3069 738 3125 multas
771 3072 1187 3140 oppresserunt
1209 3069 1435 3140 prauae),
1466 3084 1596 3123 eave
1625 3083 1694 3123 ne
1713 3068 1856 3124 idem
1883 3083 1974 3124 nec

2087 3065 2271 3122 πολλὰ
2295 3065 2440 3124 ἄλλα
2473 3067 2712 3143 μετῆλθε
2758 3069 2904 3140 πάθη
2959 3069 3089 3133 τοὺς
3141 3068 3469 3142 ὑπαιτίους),
3528 3070 3734 3141 μήπως

329 3159 438 3216 tibi
464 3165 676 3230 parcat,
709 3173 890 3228 seque
922 3172 1036 3213 non
1068 3156 1249 3213 alium
1284 3156 1412 3225 tibi,
1454 3157 1632 3214 alium
1677 3157 1819 3219 illis,
1871 3159 1972 3214 sed

2087 3155 2115 3210 6
2146 3153 2305 3219 αῦτὸς
2334 3153 2459 3212 οὐδὲ
2507 3161 2602 3212 σοῦ
2651 3156 2923 3236 φείσηται,
2977 3157 3076 3213 οὐκ
3122 3155 3293 3220 ἄλλος
3347 3158 3441 3231 μὲν
3487 3155 3734 3229 ἐκείνων,

329 3247 602 3306 eumdem
635 3262 896 3318 prorsus,
929 3247 1220 3302 exhibeat.
1247 3247 1319 3302 Et
1347 3247 1596 3302 iterum:
1637 3247 1760 3303 Vide
1791 3249 1975 3320 itaque

333 3337 726 3407 benignitatem
753 3344 804 3393 et
829 3338 1166 3393 severitatem
1192 3340 1212 3390 !
1241 3335 1416 3406 Cujus
1449 3341 1642 3392 autem
1673 3335 1702 3388 ?
1738 3336 1970 3405 Christi,

331 3426 676 3483 severitatem
707 3424 925 3496 quidem
958 3427 1020 3480 in
1051 3425 1251 3496 lapsos,
1297 3427 1352 3479 in
1396 3429 1447 3479 te
1494 3441 1620 3480 vero
1659 3425 1978 3494 benignita-

333 3521 442 3572 tem
470 3516 532 3571 ⁵⁸.
566 3515 714 3580 Quid
744 3530 878 3571 vero
899 3514 1010 3570 sibi
1041 3512 1242 3568 volunt
1273 3512 1560 3583 primitiis,
1594 3517 1650 3568 et
1679 3529 1894 3581 massa,
1920 3519 1978 3568 et

334 3604 518 3673 radix,
552 3607 608 3661 et
637 3603 807 3672 rami,
849 3607 904 3659 et
943 3606 1147 3674 sponte
1195 3601 1339 3669 nati,
1389 3605 1446 3656 et
1491 3618 1597 3673 per
1646 3602 1976 3658 insitionem

332 3693 500 3762 tales,
537 3693 646 3748 nisi
692 3692 845 3764 quod
891 3690 1358 3747 convenientiam
1409 3693 1466 3746 et
1512 3690 1880 3758 affinitatem,
1927 3699 1982 3747 et

338 3783 622 3854 originem
656 3781 728 3836 ab
759 3781 961 3836 eodem
995 3779 1324 3852 legislatore
1353 3780 1750 3845 derivandam,
1778 3780 1980 3837 claris-

335 3871 484 3927 sima
513 3887 650 3927 voce
674 3869 972 3925 inculcant
991 3869 1018 3924 Τ
1046 3869 1140 3924 Ait
1170 3885 1304 3925 vero
1335 3869 1542 3925 iterum
1569 3871 1637 3926 de
1659 3869 1776 3926 illis
1803 3871 1980 3927 Israe-

335 3960 478 4026 litis,
524 3961 622 4032 qui
673 3959 745 4016 ad
799 3958 1008 4014 Christi
1057 3958 1227 4015 ﬁdem
1279 3960 1538 4015 nondum
1589 3959 1979 4016 accesserint:

334 4049 646 4106 Secundum
680 4049 1033 4120 Evangelium
1075 4048 1294 4120 quidem
1325 4048 1545 4104 inimici
1591 4054 1716 4104 sunt
1759 4053 1983 4120 prapter

334 4156 449 4206 nos,
473 4139 772 4197 secundum
795 4138 1118 4196 electionem
1140 4155 1262 4195 vero
1278 4138 1472 4194 dilecti
1489 4142 1710 4208 prapler
1717 4143 1900 4210 patres
1911 4137 1979 4194 ⁵⁷.

338 4229 423 4284 Ibi
455 4245 595 4284 sane
627 4243 725 4282 eos
759 4226 998 4282 dilectos
1029 4225 1430 4280 declaraturus
1470 4226 1831 4279 vocationem
1879 4225 1980 4280 Dei

338 4318 646 4380 memorat,
689 4328 862 4382 quem
914 4315 1198 4367 donorum
1249 4327 1489 4364 suorum
1541 4311 1818 4380 pmnitere
1867 4329 1980 4366 non

339 4404 844 4479 possit.Donorum
865 4403 1010 4456 enim
1032 4415 1262 4455 suorum
1283 4407 1332 4454 et
1355 4401 1656 4454 vocationis
1677 4402 1846 4455 Deum
1865 4416 1984 4472 pa:-

2083 3242 2256 3307 ἂλλος
2315 3242 2372 3300 δὲ
2428 3250 2546 3316 σοῦ,
2601 3245 2788 3302 ἀλλ²ὁ
2839 3246 3018 3310 αὐτός.
3073 3247 3171 3301 Καὶ
3228 3245 3416 3302 πάλινο
3467 3244 3576 3301 Ἴδε
3631 3247 3732 3301 οὗν

2082 3336 2436 3409 χρηστότητα
2496 3335 2585 3389 καὶ
2641 3336 2973 3409 ἀποτομίαν.
3027 3335 3229 3406 Τίνος;
3297 3340 3562 3411 Χριστοῦ,
3642 3333 3737 3390 ἐπὶ

2090 3424 2183 3496 μὲν
2250 3421 2377 3486 τδὺς
2445 3425 2704 3486 πεσόντας
2785 3423 3113 3497 ἀποτομίαν,
3171 3422 3260 3479 ἐπὶ
3336 3421 3394 3480 δὲ
3465 3425 3522 3479 σὲ
3577 3444 3730 3503 χρη-

2088 3509 2339 3582 στότητα.
2373 3512 2431 3567 Τί
2471 3511 2517 3567 δ’
2561 3513 2621 3567 ἂν
2675 3513 2968 3588 βούλοιντο
2997 3516 3032 3583 ἡ
3065 3513 3312 3589 ἀπαρχὴ,
3367 3515 3456 3569 καὶ
3508 3513 3570 3569 τὸ
3620 3514 3727 3590 φό-

2089 3621 2255 3676 ραμα,
2282 3602 2372 3655 καὶ
2402 3603 2437 3670 ἡ
2481 3601 2620 3677 ῥίξα,
2674 3602 2766 3656 καὶ
2818 3604 2868 3656 o't
2908 3600 3126 3671 κλᾶδοι,
3175 3603 3263 3658 καὶ
3314 3603 3367 3657 οἱ
3413 3601 3730 3677 αὐτοφυεῖς,

2087 3692 2176 3746 καὶ
2213 3691 2263 3746 οἱ
2297 3689 2367 3745 δι’
2395 3689 2797 3766 ἐγκεντρίσεως,
2826 3691 2875 3746 εἰ
2928 3693 3002 3765 μὴ
3052 3693 3151 3761 τήν
3200 3690 3586 3767 ἀλληλουχίαν
3639 3690 3734 3746 καὶ

2091 3779 2422 3856 συγγένειαν,
2480 3779 2569 3834 καὶ
2629 3779 2713 3834 ὅτι
2767 3785 2864 3835 τοῦ
2921 3779 3083 3836 αὐτοῦ
3137 3782 3464 3855 νομοθέτου,
3523 3784 3738 3858 φωναῖς

2092 3866 2352 3940 δηλοῦσιν
2408 3867 2864 3946 ἐναργεστάταις;
2926 3870 3071 3940 Φησὶ
3119 3867 3176 3924 δὲ
3227 3867 3391 3924 πάλιν
3451 3868 3572 3945 περὶ
3625 3873 3741 3922 τῶν

2091 3957 2250 4014 οὔπω
2279 3962 2346 4033 τῇ
2407 3957 2582 4014 πίστει
2627 3962 2860 4034 Χριστοῦ
2907 3957 3477 4034 προσδεδραμηκότων
3523 3958 3746 4030 Ἰσραη-

2092 4049 2282 4103 λιτῶν
2343 4048 2490 4104 Κατά
2532 4048 2623 4120 μὶν
2680 4045 2742 4101 τῦ
2801 4046 3138 4124 Εὖαγγέλιον
3195 4045 3387 4126 ἐχθροὶ
3442 4044 3510 4101 δι’
3558 4047 3740 4118 ἡμᾶς,

2092 4139 2227 4192 κατὰ
2297 4133 2355 4190 δὲ
2428 4135 2662 4212 ἐκλογὴν
2740 4137 3011 4211 ἀγαπητοὶ
3099 4134 3186 4191 διὰ
3262 4137 3390 4197 τοὺς
3474 4136 3736 4209 πατέρας

2090 4226 2246 4279 Ὅθεν
2306 4221 2491 4295 δηλῶν
2551 4226 2635 4280 ὅτι
2691 4225 2988 4301 ἀγαπητοὶ,
3047 4227 3109 4282 τὸ
3166 4224 3582 4299 ἀμεταμέλητον
3622 4228 3737 4278 τῶν

2092 4314 2448 4387 χαρισμάτων
2515 4315 2602 4368 καὶ
2671 4316 2769 4385 τήν
2837 4312 3041 4384 κλῆσιν
3107 4314 3338 4390 παράγει
3403 4318 3500 4369 τοῦ
3571 4317 3731 4370 Θεοῦ.

2091 4399 2513 4474 Ἀμεταμὲλητα
2580 4404 2705 4479 γὰρ,
2777 4403 2930 4482 φησὶ,
2998 4405 3064 4459 τὰ
3144 4405 3452 4479 χαρίσματα
3535 4402 3626 4458 καὶ
3695 4405 3734 4472 ἡ

338 4461 518 4552 nitere
536 4509 650 4548 non
663 4493 837 4563 potest
856 4489 920 4542 ⁸⁸.
940 4489 1008 4544 Ει
1031 4504 1044 4543 :
1080 4488 1212 4555 (tua
1242 4494 1372 4543 ante
1397 4487 1606 4560 scripta
1625 4492 1775 4557 sunt,
1811 4461 1878 4544 in.
1893 4506 1974 4546 ve-

2091 4461 2309 4560 xX‘ﬁotc'
2345 4461 2441 4546 τοῦ
2501 4461 2850 4555 Θεοῦ,μΚαί’.
2893 4461 3027 4548 ο’Θσα
3091 4461 3435 4569 πρὶέγρᾶφη,
3497 4491 3573 4553 εἷς
3631 4461 3736 4560 τήν

337 4594 508 4642 stram
536 4584 838 4640 doctrinam
857 4579 1062 4652 scripta
1080 4583 1226 4634 sunt.
1259 4579 1374 4634 Cur
1391 4578 1419 4634 ?
1454 4587 1515 4634 ut
1556 4595 1656 4651 per
1680 4581 1984 4652 potentiam

338 4678 391 4731 et
417 4671 845 4729 consolationem
877 4667 1313 4742 Scripturarum,
1344 4669 1450 4725 sub
1475 4668 1688 4740 quibus
1708 4673 1873 4726 vetus
1894 4670 1983 4726 in-

339 4763 624 4837 telligitur
647 4766 1084 4830 testamentum,
1113 4776 1260 4833 spem
1301 4758 1603 4816 habeamus
1649 4759 1716 4816 5'.
1767 4761 1984 4817 Deinde

339 4869 539 4910 verum
571 4852 753 4909 Deum
789 4853 1077 4924 patientiae
1109 4854 1164 4906 et
1198 4849 1609 4907 consolationis
1641 4851 1825 4907 Deum
1857 4867 1984 4908 esse

341 4943 794 4999 conﬁrmaturus
824 4941 998 5007 (absit
1019 4940 1198 5006 enim,
1233 4945 1294 4994 ut
1325 4940 1474 4995 servi
1504 4939 1638 4995 Mali
1661 4940 1803 4996 adeo
1832 4941 1986 4996 iusa-

343 5033 527 5098 niant,
562 5040 618 5086 ut
649 5030 879 5087 hostem
910 5030 1094 5086 Deum
1125 5029 1541 5086 consolationis
1597 5033 1654 5085 et
1696 5030 1982 5100 patientia:

343 5120 679 5196 appellent),
713 5120 911 5177 addit:
944 5120 1082 5176 Deus
1111 5135 1234 5175 vero
1259 5121 1544 5191 patientia
1576 5123 1626 5174 et
1654 5119 1982 5175 consolatio-

341 5211 431 5268 nis
459 5211 546 5267 det
573 5210 744 5277 vobis,
777 5213 839 5265 ut
868 5209 1009 5266 idem
1048 5210 1202 5264 inter
1242 5224 1334 5264 vos
1371 5208 1647 5278 sentiatis,
1687 5208 1984 5264 secundum

345 5301 623 5357 Christum
649 5301 856 5367 Jesum,
891 5301 951 5353 ut
991 5313 1098 5354 uno
1142 5299 1327 5352 animo
1373 5306 1425 5353 et
1455 5313 1563 5354 uno
1609 5313 1701 5354 ore
1747 5295 1983 5353 laudetis

413 5407 670 5534 “'4Rom.
701 5422 781 5472 χι,
814 5406 865 5475 1,
970 5404 1016 5440 ⁵³
1057 5404 1200 5460 ibid.
1275 5402 1325 5437 ⁵⁴
1353 5403 1495 5460 ibid.
1530 5406 1618 5460 16.

342 5497 434 5552 xv,
468 5497 521 5534 ιι.

1722 5404 1769 5439 ⁵⁸
1798 5403 1940 5460 ibid.
1978 5404 2064 5460 18.

2090 4579 2358 4655 ἡμετέραν
2419 4577 2772 4636 διδασκαλίαν
2848 4583 3191 4662 προεγράφηο
3252 4579 3393 4636 διατί
3437 4598 3451 4649 ;
3503 4579 3596 4636 ’ίνα
3642 4577 3738 4635 διὰ

2087 4677 2188 4741 τῆς
2258 4672 2544 4744 ὑπομονῆς
2601 4672 2692 4726 καὶ
2783 4679 2884 4742 τῆς
2947 4670 3345 4745 παρακλήσεως
3423 4675 3533 4726 τῶν
3599 4675 3742 4744 Γρα-

2091 4766 2230 4839 φῐὺν,
2287 4759 2319 4815 ἆ
2368 4759 2507 4815 ἐστιν
2542 4763 2576 4830 ἡ
2611 4761 2845 4833 Παλαιὰ,
2904 4762 3002 4830 τὴν
3061 4757 3258 4817 ἐλπίδα
3311 4755 3551 4838 ἔχωμεν.
3602 4759 3742 4815 Εἶτα

2088 4853 2188 4916 τῆς
2223 4851 2506 4924 ὑπομονῆς
2537 4853 2626 4906 καὶ
2668 4857 2766 4919 τῆς
2810 4849 3210 4926 παρακλήσεως
3257 4849 3386 4905 Θεὸν
3429 4849 3743 4923 ἀνακηρύτ-

2089 4960 2198 4994 των
2241 4938 2332 4993 τὸν
2377 4937 2630 5008 ἀληθινὸν
2679 4941 2766 5012 (οὐ
2822 4941 2926 5016 γὰρ
2981 4939 3043 4994 ἃν
3102 4938 3185 5010 εἷή
3245 4938 3377 5001 Θεὸς
3443 4936 3742 5010 παρακλή-

2091 5048 2226 5090 σεως
2259 5028 2346 5082 καὶ
2385 5029 2689 5101 ὑπομονῆς,
2723 5027 2838 5084 οὐδ’
2867 5029 2927 5084 ἂν
2987 5028 3156 5084 πλέον
3210 5027 3492 5102 ἐκμανοῖεν
3543 5027 3598 5080 oi
3638 5029 3743 5080 τοῦ

2093 5119 2340 5190 Πονηροῦ
2371 5117 2707 5190 θεράποντες,
2755 5116 2782 5172 ὁ
2834 5117 3111 5193 Ἐχθρὸς),
3158 5120 3219 5175 Ὀ
3276 5113 3334 5171 δὲ
3381 5115 3532 5183 Θεὸς,
3580 5114 3746 5191 φησὶ,

2090 5212 2190 5276 τῆς
2259 5205 2544 5279 ὓπομονῆς
2597 5207 2686 5262 καὶ
2777 5213 2877 5277 τῆς
2935 5204 3336 5284 παρακλήσεως
3411 5201 3527 5276 δῴη
3585 5203 3744 5274 ὑμῖν,

2089 5296 2153 5351 τὸ
2219 5294 2348 5350 αὐτὸ
2443 5299 2656 5369 φρονεῖν
2747 5295 2800 5351 ἑν
2890 5293 3192 5367 ἀλλήλοις,
3286 5293 3422 5349 κατὰ
3507 5291 3743 5366 Χριστὸν

2165 5403 2214 5438 ⁵⁵
2243 5404 2386 5460 ibid.
2417 5407 2508 5459 22.
2611 5403 2658 5438 ⁵⁷
2689 5405 2828 5460 ibid.
2864 5404 2956 5460 28.
3059 5402 3109 5438 ⁵⁸
3137 5403 3277 5461 ibid.
3309 5403 3398 5457 29.
3502 5400 3547 5436 “
3577 5399 3750 5455 Rom.

1529 5582 1773 5642 νΑῐιιιΕ
1813 5583 2204 5640 LECTIONES
2247 5583 2334 5638 ET
2373 5583 2602 5640 NOTIE.

417 5694 537 5769 (61)
567 5690 836 5765 Ἑκάστῳ.
871 5692 1038 5750 Forte
1071 5691 1164 5749 hic
1194 5690 1412 5748 excidit
1442 5689 1493 5760 ὅ,
1526 5694 1676 5762 quod
1709 5693 1775 5750 ad
1805 5708 1974 5748 sensu

2087 5689 2434 5764 .mplendum
2467 5691 2680 5764 requiri
2709 5691 2956 5748 videtur.
