4084 6210
273 371 378 430 161

1341 360 1649 422 CONTRA
1693 359 2165 423 MANICHAEOS
2214 362 2437 423 LIBER
2483 364 2592 424 IIl.

3554 377 3669 436 162

269 501 502 570 Ἰησοῦν,
558 493 654 551 ’ἕνα
703 489 1056 569 ὁμοθυμαδὸν
1123 491 1177 548 ἐν
1233 491 1307 547 ἑνὶ
1367 493 1598 567 στόματι
1655 489 1914 566 δοξάζητε

2041 497 2245 551 Patrem
2272 495 2494 553 Domini
2511 497 2688 554 nostri
2704 499 2828 556 Iesu
2845 499 3054 558 Christi
3070 503 3272 561 “.Non
3297 505 3475 562 alium
3499 513 3668 579 atque

273 590 360 644 τὸν
439 587 658 658 Πατέρα
731 589 832 640 τοῦ
911 582 1110 658 Κυρίου
1183 584 1346 656 ἡμῶν
1416 585 1596 653 Ἰησοῦ
1653 587 1918 658 Χριστοῦ.

279 681 384 734 Οὐκ
439 675 614 732 ἄλλον
651 675 744 729 καὶ
803 672 998 741 ἄλλον,
1041 670 1185 728 ἀλλά
1236 673 1328 727 τὸν
1389 673 1922 750 προκαταγγείλαντα

287 770 375 843 μὲν
405 769 502 836 τήν
550 758 765 820 ἔλευσιν
797 768 897 820 τοῦ
947 763 1099 831 Υίοῦ,
1148 761 1499 838 παρασχόντα
1539 761 1596 817 δὲ
1641 768 1736 827 τὰς
1785 769 1920 838 Γρα-

285 859 402 936 φάς,
432 853 731 912 καλέσαντα
772 851 830 908 δὲ
859 852 937 914 είς
967 853 1067 921 τὴν
1098 856 1195 908 τοῦ
1226 853 1352 906 Υίοῦ
1395 850 1561 908 αὐτοῦ
1591 853 1797 920 πίστιν,
1829 853 1919 908 τὸν

279 955 374 1017 τῆς
405 942 810 1019 παρακλήσεως
856 942 946 998 καὶ
983 943 1268 1016 ὑπομονῆς
1317 943 1470 1012 Θεὸν,
1500 943 1590 996 τὸν
1639 943 1738 1011 τῆς
1782 943 1924 1016 ὁμο-

280 1036 552 1115 φροσύνης
612 1031 841 1108 δοτῆρα,
901 1033 964 1086 οὗ
1023 1031 1101 1093 εἷς
1166 1028 1324 1101 δόξαν
1381 1026 1720 1107 προσέλαϐεν
1777 1033 1926 1104 ἡμᾶς

277 1129 302 1182 6
359 1125 622 1200 Χριστὸς,
692 1121 945 1183 διάκονος
998 1121 1357 1196 γεγενημένος
1425 1125 1523 1191 τῆς
1593 1127 1922 1196 περιτομῆς.

274 1217 360 1273 Ἐν
417 1212 618 1276 ἄλλοις
675 1211 733 1268 δὲ
787 1211 955 1267 πάλιν
1017 1210 1179 1286 φησίν
1217 1230 1230 1243 ⁸
1302 1211 1776 1285 Περιτετμημὲνος
1840 1232 1923 1273 τις

272 1303 522 1374 ἐκλήθη;
625 1305 701 1378 μή
797 1301 1160 1356 ἐπισπάσθω·
1255 1301 1306 1355 ἐν
1410 1296 1742 1376 ἀκροϐυστίᾳ
1840 1321 1922 1363 τις

270 1394 525 1464 Edim-1;;
609 1394 685 1465 μὴ
761 1388 1204 1466 περιτεμνέσθω.
1280 1392 1316 1460 ἡ
1402 1392 1674 1464 περιτομή
1770 1387 1919 1444 οὐδέν

271 1485 380 1540 ἐστι
416 1505 429 1516 ·
497 1481 588 1538 καὶ
644 1483 679 1551 ἡ
749 1475 1082 1556 ἀκροϐυστία
1149 1476 1301 1534 οὐδέν
1359 1479 1498 1534 ἐστιν
1535 1499 1548 1511 ·
1611 1480 1725 1534 εἶτα
1783 1500 1922 1553 προ-

271 1575 438 1650 σχεςί
496 1568 644 1626 ἀλλά
690 1571 923 1645 τήρησις
973 1568 1206 1625 ἐντολῶν
1257 1573 1412 1626 Θεοῦ.
1467 1571 1542 1626 Οὐ
1603 1572 1760 1626 θεῶν.
1807 1575 1923 1624 Τῶν

272 1661 329 1718 δὲ
397 1661 644 1718 ἐντολῶν
703 1662 738 1730 ἡ
800 1660 895 1733 μὲν
957 1657 1205 1714 ἐκέλευσε
1271 1658 1702 1734 περιτέμνεσθαι,
1761 1661 1795 1728 ἡ
1863 1657 1920 1716 δὶ

275 1759 354 1830 μή
390 1774 404 1786 '
460 1757 534 1809 ὧν
575 1754 822 1828 ἑκάτερον
865 1754 980 1826 (62)
1028 1753 1208 1807 ἀνεῖπε
1243 1755 1340 1807 τοῦ
1387 1753 1553 1808 αὐτοῦ
1592 1757 1750 1823 Θεοῦ,
1795 1750 1923 1808 ἀλλ’

2029 584 2231 652 alium,
2269 586 2368 642 sed
2401 603 2556 656 eum,
2582 586 2682 658 qui
2713 594 2844 646 ante
2880 593 3170 650 nuntiavit
3196 594 3508 652 adventum
3540 598 3668 654 Filii

2029 675 2145 742 sui,
2177 677 2275 747 qui
2322 677 2652 750 Scripturas
2701 682 2957 749 tradidit,
3003 683 3222 756 quique
3267 686 3338 740 ad
3390 685 3562 742 ﬁdem
3609 687 3666 743 in

2030 763 2242 821 Filium
2282 783 2457 822 suum
2505 768 2748 834 vocavit,
2785 771 2968 826 Deum
3018 773 3435 830 consolationis
3469 783 3525 831 et
3567 792 3670 847 pa-

2033 854 2266 923 tientiae,
2299 857 2619 912 concordiae
2665 859 2946 926 datorem,
2981 862 3037 917 in
3071 863 3238 932 cujus
3283 863 3530 936 gloriam
3563 881 3670 922 nos

2029 945 2353 1015 assumpsit
2371 943 2662 1016 Christus,
2681 946 2948 1004 minister
2969 949 3432 1008 circumcisionis
3455 954 3668 1010 factus.

2029 1030 2183 1088 Alibi
2211 1049 2345 1089 vero
2377 1034 2584 1091 iterum
2618 1037 2695 1091 ait
2727 1053 2742 1091 :
2790 1039 3155 1095 Circumcisus
3185 1039 3395 1112 aliqui:
3447 1050 3672 1099 vocatu:

2029 1129 2126 1192 est,
2157 1138 2228 1178 ne
2272 1126 2554 1189 attrahat;
2594 1125 2989 1199 (praeputium)
3035 1129 3098 1184 in
3152 1133 3421 1202 praeputio
3461 1133 3670 1205 aliquis

2030 1219 2248 1267 vocatus
2276 1221 2372 1284 est,
2405 1230 2473 1270 ne
2503 1216 2928 1273 circumcidatur
2956 1236 2976 1274 :
3014 1220 3357 1276 circumcisio
3387 1221 3534 1276 nihil
3564 1226 3666 1288 est,

2028 1310 2078 1357 et
2105 1305 2446 1374 praeputium
2473 1304 2628 1360 nihil
2657 1310 2735 1362 est
2762 1305 2806 1342 ⁶ί
2842 1323 2854 1361 :
2889 1310 3118 1364 attende
3149 1324 3284 1365 vero
3315 1311 3385 1364 ad
3419 1327 3668 1381 sequen-
3723 1371 3728 1378 ,

2030 1391 2148 1448 tia:
2181 1395 2274 1450 sed
2303 1395 2604 1454 observatio
2632 1401 3018 1454 mandatorum
3049 1401 3144 1456 Dei
3173 1399 3238 1468 δε,
3266 1417 3381 1457 non
3403 1402 3668 1458 deorum.

2030 1483 2361 1541 Mandatum
2393 1503 2525 1542 vero
2573 1486 2729 1543 aliud
2757 1488 2936 1558 jussit
2964 1489 3323 1559 circumcidi,
3366 1491 3520 1546 aliud
3554 1508 3670 1548 non

2032 1572 2171 1629 item
2197 1590 2210 1628 :
2235 1579 2292 1631 et
2314 1580 2628 1648 utrumque
2652 1583 2842 1634 tamen
2867 1577 3131 1648 ejusdem
3157 1579 3238 1634 ait
3259 1595 3384 1636 esse
3408 1580 3530 1651 Dei,
3553 1597 3670 1637 non

2033 1672 2224 1720 autem
2256 1667 2519 1724 deorum.
2547 1671 2749 1740 Itaque
2783 1685 2936 1724 unus
2960 1673 3110 1725 Deus
3137 1685 3305 1726 verus
3334 1674 3446 1739 est,
3476 1674 3533 1726 et
3562 1672 3672 1726 Pa-

2031 1757 2118 1811 ter
2147 1755 2378 1811 Domini
2410 1758 2592 1812 nostri
2629 1758 2768 1815 Jesu
2802 1757 3034 1829 Christi,
3059 1759 3158 1830 qui
3191 1765 3245 1815 et
3284 1759 3676 1816 circumcisio-

279 1846 415 1922 οὐχὶ
443 1846 598 1900 θεῶν.
637 1845 801 1898 "una
831 1843 908 1904 εἷς
937 1842 1064 1904 Θεὸς
1097 1843 1125 1896 6
1167 1839 1428 1910 ἀληθινὸς
1467 1841 1558 1897 καὶ
1600 1843 1786 1916 Πατὴρ
1825 1845 1922 1896 τοῦ

2041 1860 2164 1900 nem
2191 1861 2293 1916 per
2311 1846 2708 1904 Abrahamum
2738 1847 2796 1903 in
2822 1849 3082 1920 mysterii
3107 1849 3674 1906 consummationem

280 1936 488 2009 Κυρίου
523 1936 680 2007 ἡμῶν
723 1933 911 2003 Ἰησοῦ
956 1932 1212 2006 Χριστοῦ,
1263 1931 1290 1985 ὁ
1335 1931 1424 1985 καὶ
1471 1932 1572 2001 τήν
1618 1933 1922 2006 περιτομὴν

283 2022 378 2079 διὰ
424 2028 517 2078 τοῦ
553 2019 806 2096 Ἀϐραὰμ
862 2021 938 2084 εἷς
1000 2020 1304 2096 μυστηρίου
1358 2020 1642 2076 τελείωσιν
1700 2019 1923 2096 χρόνοις

277 2112 605 2189 ὡρισμένοις
653 2107 802 2181 δοὺς,
861 2112 948 2166 καὶ
1008 2109 1137 2175 τοὺς
1188 2109 1240 2166 ἐν
1300 2106 1634 2185 ἀκροϐυστίᾳ
1686 2107 1774 2165 διὰ
1823 2115 1921 2166 τοῦ

270 2203 404 2259 Υἰοῦ
435 2204 606 2258 αὐτοῦ
634 2199 1044 2278 προσειληφώς.

346 2295 454 2350 IE'.
523 2291 782 2367 Ἑτέρωθι
845 2288 903 2345 δὶ
961 2288 1153 2367 λέγει’
1212 2294 1303 2346 Δεῖ
1355 2290 1418 2346 τὸ
1467 2290 1700 2370 φθαρτὸν
1759 2295 1920 2346 τοῦτο

271 2386 458 2458 (ποῖον
496 2381 532 2451 ἢ
593 2381 656 2436 τὸ
721 2381 988 2454 ἡμέτερον
1048 2383 1208 2454 σῶμα
1231 2384 1273 2451 ;)
1334 2377 1654 2434 ἐνδύσασθαι
1717 2380 1922 2458 ἀφθαρο

273 2473 416 2540 σίαν,
485 2469 619 2548 φησί
659 2471 797 2544 (63].
857 2467 948 2523 καὶ
1002 2469 1065 2524 τὸ
1124 2469 1322 2540 θνητὸν
1379 2472 1541 2524 τοῦτο
1609 2466 1922 2524 ἐνδύσασθαι

275 2559 592 2616 ἀθανασίαν.
638 2557 746 2614 Καὶ
793 2562 912 2617 πῶς
953 2555 1094 2612 ἐστιν
1145 2555 1350 2632 ἀγαθοῦ
1399 2561 1557 2626 Θεοῦ,
1608 2556 1653 2612 εί
1697 2555 1925 2631 πλάσμα

276 2650 344 2719 ἦν
391 2650 454 2705 τὸ
504 2652 666 2721 σῶμα
710 2651 808 2702 τοῦ
859 2649 1133 2721 Πονηροῦ,
1180 2644 1238 2701 ἒκ
1287 2648 1525 2722 φθαρτοῦ
1576 2647 1670 2721 μὶν
1719 2647 1921 2724 ἄφθαρ-

275 2761 393 2809 τον,
465 2738 525 2794 ἐκ
585 2735 638 2794 δὲ
696 2738 897 2808 θνητοῦ
963 2734 1220 2791 ἀθάνατον
1291 2737 1423 2791 αὐτὸ
1494 2737 1922 2810 μετασκευάσαη

276 2833 406 2885 ’Ὅτε
443 2831 548 2906 γάρ
580 2829 644 2883 τὸ
674 2829 915 2903 πονηρὸν
948 2831 1107 2901 σῶμα
1154 2829 1244 2881 καὶ
1275 2826 1505 2899 πλάσμα
1545 2830 1642 2881 τοῦ
1673 2825 1924 2901 Πονηροῦ

277 2917 338 2974 ἐκ
383 2921 590 2988 θνητοῦ
644 2918 738 2991 μὲν
789 2916 865 2980 εἷς
925 2917 1229 2985 ἀθανασίαν,
1291 2915 1365 2977 εἷς
1419 2915 1718 2994 ἀφθαρσίαν
1767 2914 1824 2971 δὲ
1863 2915 1922 2972 ἐκ

277 3010 520 3087 φθαρτοῦ
549 3006 696 3075 παρά
722 3010 819 3062 τοῦ
851 3004 1056 3080 ἀγαθοῦ
1091 3007 1435 3080 μεταποιηθῇ
1469 3011 1624 3074 Θεοῦ,
1658 3007 1723 3061 οὗ
1759 3007 1920 3080 μόνον

275 3096 375 3150 οὐκ
431 3095 720 3167 ἀληθεύσει
780 3097 808 3150 ὁ
877 3093 1042 3170 λόγος
1099 3096 1127 3149 ὁ
1185 3093 1586 3171 γεγραμμένος,
1649 3096 1731 3150 ὅτι
1782 3101 1922 3150 Κατ-

273 3185 444 3256 επόθη
492 3187 522 3239 ὁ
565 3185 791 3244 θάνατος
845 3182 922 3246 εἷς
965 3188 1138 3254 νῖκος,
1188 3184 1279 3238 καὶ
1338 3183 1420 3238 ὅτι
1476 3182 1562 3239 ἐπὶ
1604 3182 1750 3240 τέλει
1813 3189 1922 3240 τῶν

284 3275 504 3329 αἰώνων
559 3274 774 3328 πάντων
835 3271 1158 3342 ἐκπεσεῖται,
1217 3273 1306 3327 καὶ
1365 3273 1440 3326 ὧν
1501 3273 1650 3336 ὅπως
1719 3271 1924 3344 δήποτε

273 3365 451 3438 ἦρχεν
480 3365 509 3417 6
544 3363 802 3442 Ἐχθρὸς,
836 3363 930 3416 οἷα
957 3360 1369 3436 προσκειμένων
1399 3361 1566 3416 αὐτοῦ
1593 3367 1709 3424 τοῖς
1743 3357 1925 3440 ἔργοις

271 3457 370 3509 τοῦ
413 3455 671 3526 Πονηροῦ
709 3471 721 3485 ο
771 3449 918 3507 ἀλλά
963 3450 1056 3506 καὶ
1101 3451 1164 3506 τὸ
1213 3448 1476 3505 ἀνάπαλιν
1525 3456 1818 3522 τηνικαῦτα
1863 3453 1924 3507 τὸ

273 3543 472 3617 κράτος
511 3539 920 3615 ἀναμφήριστόν
967 3559 1026 3594 τε
1074 3538 1162 3593 καὶ
1216 3535 1515 3614 ἀδιάδοχον
1570 3541 1791 3614 σχήσει,
1823 3543 1920 3595 τοῦ

280 3635 479 3702 θνητοῦ
541 3629 631 3685 καὶ
688 3631 928 3708 φθαρτοῦ
984 3628 1307 3701 πλάσματος
1366 3628 1534 3683 αὐτοῦ
1593 3629 1666 3690 εἷς
1721 3630 1925 3684 ἀθανα-

286 3725 400 3775 σίαν
461 3719 556 3775 καὶ
613 3719 906 3796 ἀφθαρσίαν
963 3718 1288 3792 ἀνηγμένου.
1341 3718 1480 3788 ’Όρα
1539 3715 1591 3772 δέ
1655 3739 1747 3791 μοι
1806 3717 1927 3773 κάν-

285 3813 464 3865 τεῦθεν
523 3809 614 3864 τὸν
672 3806 912 3864 πλοῦτον
963 3815 1063 3877 τῆς
1145 3805 1335 3885 σοφίας
1392 3804 1633 3875 Παύλου,
1707 3809 1792 3877 ἣν,
1851 3807 1927 3870 ὡς

286 3896 482 3971 ἔοικεν,
512 3897 696 3972 ἀρθεὶς
737 3897 826 3952 τὸν
855 3899 1038 3972 τρίτον
1072 3898 1186 3971 (64)
1219 3897 1473 3970 ούρανοῦ,
1509 3895 1746 3969 ἐμυήθη,
1781 3897 1929 3959 ὅπως

288 3987 552 4067 διαφορὰν
587 3988 684 4061 μὲν
730 3994 832 4058 τῆς
873 3990 1076 4052 Καινῆς
1123 3987 1212 4041 καὶ
1258 3993 1358 4056 τῆς
1411 3984 1649 4047 Παλαιᾶς
1699 3984 1924 4060 εἰσάγει.

289 4073 630 4154 Προϐλέπων
691 4075 748 4132 δὲ
821 4078 920 4145 τήν
980 4076 1308 4131 ἀποστασίαν
1369 4075 1458 4129 καὶ
1514 4079 1685 4129 πᾶσαν
1761 4075 1926 4141 αὐτῆς

284 4167 565 4223 ἐκκόπτων
629 4164 1040 4242 ματαιολογίαν,
1100 4164 1256 4226 εὐθὺς
1331 4163 1496 4219 πάλιν
1571 4166 1738 4219 ταῦτα
1801 4186 1928 4219 συν-

287 4258 553 4334 επιφέρει.
633 4255 786 4332 Λέγει
857 4256 953 4328 μὲν
1025 4255 1130 4330 γὰρ
1188 4255 1324 4326 (65),
1403 4253 1541 4309 ὥστε
1598 4251 1663 4311 Ε⁹ί
1719 4275 1800 4316 τις
1875 4253 1926 4308 ἐν

285 4349 506 4420 Χριστῷ
562 4346 725 4414 καινὴ
803 4343 1001 4414 κτίσις,
1054 4343 1455 4413 ἀνακαινίζεσθε
1505 4362 1518 4376 ·
1595 4344 1662 4398 τὰ
1729 4343 1933 4418 ἀρχαῖα

2031 1937 2297 2006 tempore
2335 1936 2574 1992 definito
2619 1938 2836 2008 sanxit,
2871 1954 3106 2009 eosque,
3140 1939 3238 2011 qui
3283 1939 3341 1994 in
3391 1939 3674 2012 praeputio

2031 2027 2219 2092 erant,
2247 2039 2350 2095 per
2380 2024 2587 2081 Filium
2620 2042 2798 2082 suum
2829 2027 2899 2082 ad
2935 2042 2996 2083 se
3025 2029 3260 2099 recepit.

2101 2289 2215 2345 XV.
2251 2289 2404 2347 Alibi
2453 2307 2630 2347 vero:
2679 2295 2904 2365 Oportet
2933 2293 3287 2366 corruptibile
3333 2293 3434 2350 hoc
3463 2295 3672 2366 (quod-

2035 2395 2169 2434 nam
2200 2394 2333 2436 vero
2363 2381 2521 2436 aliud
2544 2397 2722 2452 quam
2743 2398 2956 2454 corpus
2980 2388 3242 2439 nostrum
3265 2381 3315 2456 ‘2)
3337 2383 3566 2440 induere
3582 2386 3668 2440 in-

2034 2469 2570 2542 corruptibilitalem,
2603 2474 2655 2527 et
2693 2473 2924 2528 mortale
2953 2473 3050 2528 hoc
3098 2473 3568 2530 immortalitatem
3599 2473 3668 2530 ⁸³.

2033 2559 2332 2625 Quomodo
2354 2575 2488 2615 vero
2509 2560 2674 2616 decet
2703 2559 2887 2618 Deum
2912 2560 3148 2629 bonum,
3184 2561 3234 2617 si
3265 2579 3478 2634 corpus
3509 2579 3672 2619 crea-

2034 2649 2167 2702 tura
2179 2646 2308 2702 Mali
2321 2650 2570 2713 esset,ex
2583 2646 2946 2719 corruptibili
2961 2647 3197 2720 quidem
3209 2649 3438 2704 incorru
3448 2647 3672 2720 ptibile,

2034 2751 2102 2790 ex
2133 2735 2362 2792 mortali
2393 2751 2524 2792 vero
2552 2737 2739 2792 facere
2772 2737 3098 2794 immortale
3120 2739 3148 2792 ‘l
3178 2738 3238 2794 Si
3277 2739 3433 2794 enim
3467 2753 3675 2811 corpus

2036 2825 2254 2880 malum
2272 2829 2328 2881 et
2340 2829 2606 2881 creatura
2619 2824 2755 2881 mali
2769 2843 2837 2882 ex
2851 2826 3078 2883 mortali
3095 2826 3152 2882 in
3169 2827 3646 2885 immortalitatem
3659 2872 3673 2896 ,

2034 2929 2101 2969 ex
2123 2914 2486 2986 corruptibili
2501 2931 2635 2972 vero
2651 2915 2709 2970 in
2725 2914 3333 2987 incorruptibilitatem
3350 2936 3383 2974 a
3397 2919 3509 2974 Deo
3525 2918 3673 2974 bono

2033 3003 2467 3070 transferretur,
2503 3021 2617 3061 non
2671 3003 2861 3061 solum
2913 3023 3026 3062 non
3069 3023 3267 3065 verum
3320 3007 3487 3074 foret,
3521 3006 3676 3079 quod

2033 3093 2316 3164 scriptum
2339 3097 2428 3148 est
2450 3109 2463 3147 :
2493 3093 2904 3166 Morsabsorpta
2923 3105 2998 3150 est
3019 3097 3080 3150 in
3099 3097 3389 3152 victoriam
3410 3096 3478 3164 5‘,
3496 3096 3677 3168 quod-

2033 3199 2144 3254 que
2175 3185 2232 3238 in
2264 3184 2378 3240 ﬁne
2407 3184 2751 3240 saeculorum
2775 3185 3001 3240 excidet
3031 3185 3103 3241 iis
3134 3186 3431 3254 omnibus,
3467 3187 3523 3240 in
3548 3203 3673 3256 qua:

2031 3271 2168 3328 olim
2203 3277 2550 3344 potestatem
2582 3273 2786 3328 habuit
2815 3273 3024 3342 hostis,
3045 3277 3320 3346 tanquam
3355 3273 3513 3343 talia,
3547 3291 3674 3346 qua:

2033 3361 2306 3433 operibus
2338 3361 2462 3431 ejus
2494 3361 2664 3418 malis
2682 3363 3122 3419 accommodata
3143 3364 3259 3419 sint
3285 3378 3300 3431 ;
3334 3363 3432 3419 sed
3459 3369 3516 3418 et
3545 3379 3674 3419 con-

2034 3450 2211 3506 traria
2239 3449 2355 3506 illis
2386 3451 2582 3506 omnia
2611 3450 2936 3507 certissime
2983 3451 3440 3524 ﬁrmissimeque
3483 3452 3674 3509 locum

2036 3540 2354 3605 habebunt,
2377 3539 2425 3595 si
2461 3540 2720 3596 mortalis
2743 3544 2799 3596 et
2828 3541 3231 3614 corruptibilis
3263 3541 3390 3611 ejus
3415 3549 3678 3598 crealura

2034 3629 2385 3684 immortalis
2405 3633 2462 3685 et
2483 3647 2514 3686 a
2534 3631 2905 3703 corruptione
2929 3630 3112 3688 libera
3131 3631 3358 3688 reddita
3383 3631 3574 3687 fuerit.
3593 3635 3674 3685 Tu

2035 3735 2168 3775 vero
2188 3719 2321 3775 vide
2342 3719 2486 3774 mihi
2511 3724 2567 3774 et
2587 3719 2681 3774 hic
2714 3720 2946 3776 divitias
2967 3721 3266 3791 sapientiae
3292 3721 3456 3777 Pauli
3476 3724 3676 3792 (quam

2035 3807 2096 3864 in
2130 3807 2366 3864 tertium
2392 3809 2602 3864 coelum
2626 3809 2900 3865 sublatus
2927 3809 3201 3866 didicisse
3230 3811 3499 3880 videtur),
3533 3827 3681 3881 quo-

2039 3899 2208 3952 modo
2231 3897 2615 3952 differentiam
2650 3899 2779 3953 novi
2815 3903 2870 3952 et
2901 3900 3108 3954 veteris
3143 3900 3475 3954 testamenti
3507 3915 3684 3970 expo-

2038 3991 2158 4041 nat.
2189 3985 2515 4041 Przevidens
2551 4002 2680 4041 vero
2704 3987 3059 4056 apostasiam
3097 3988 3268 4055 hanc,
3303 3989 3550 4059 ejusque
3580 4004 3682 4042 va-

2038 4074 2296 4146 niloquia
2343 4075 2539 4130 omnia
2589 4090 2920 4143 eversurus,
2955 4075 3164 4130 statim‘
3207 4075 3317 4130 ista
3359 4075 3680 4145 subjungit.

2035 4164 2130 4219 Ait
2157 4165 2312 4220 enim
2347 4180 2361 4220 :
2395 4165 2457 4219 Si
2485 4164 2606 4234 quis
2639 4164 2697 4217 in
2731 4161 2962 4233 Christo,
2993 4171 3204 4219 natura
3245 4179 3408 4229 nova,
3452 4177 3687 4218 renove-

2041 4255 2208 4320 mini,
2240 4259 2434 4310 vetera
2471 4253 2840 4318 transierunt,
2866 4268 2986 4308 ecce
3031 4254 3216 4310 omnia
3265 4255 3410 4323 facta
3439 4259 3564 4308 sunt
3591 4266 3686 4308 no-

2040 4361 2109 4400 va
2137 4343 2204 4398 ⁸⁸.
2236 4346 2316 4400 Tu
2343 4359 2474 4400 vero
2495 4342 2625 4400 vide
2647 4342 3041 4414 prudentiam,
3058 4342 3406 4415 sapientiam
3423 4343 3684 4399 etdexle-

289 4437 589 4512 παρῆλθεν,
670 4431 788 4489 ἰδοὺ
863 4436 1052 4512 γέγονε
1123 4434 1191 4488 τά
1261 4433 1437 4488 πάντα
1519 4434 1697 4491 καινά.
1773 4431 1926 4489 ³Αλλ¹

2044 4435 2271 4490 ritatem
2310 4433 2439 4491 viri.
2473 4434 2677 4489 Omnia
2717 4449 2862 4502 vero,
2893 4433 3102 4505 inquit,
3137 4433 3195 4488 id
3229 4440 3314 4489 est
3344 4438 3400 4488 et
3439 4437 3600 4488 vetus
3631 4435 3689 4486 et

293 4527 390 4601 δρα
417 4529 482 4582 τὸ
533 4522 860 4600 δραστήριον
891 4523 980 4578 καὶ
1020 4524 1184 4598 σοφὸν
1224 4522 1314 4578 καὶ
1363 4519 1660 4596 περιδέξιον
1706 4525 1800 4576 τοῦ
1851 4523 1938 4576 ἀν-

297 4614 440 4692 δρός.
473 4616 552 4670 Τὰ
584 4613 642 4670 δὲ
687 4616 881 4683 πάντα,
922 4614 1078 4691 φησί,
1110 4613 1200 4668 καὶ
1250 4615 1284 4682 ἡ
1327 4614 1435 4667 Νέα
1481 4609 1736 4683 δηλονότι
1779 4613 1867 4668 καὶ
1900 4614 1935 4682 ἡ

295 4705 532 4776 Παλαιὰ,
599 4704 660 4760 ἐκ
725 4709 822 4758 τοῦ
890 4707 1047 4776 Θεοῦ,
1123 4707 1219 4758 τοῦ
1293 4701 1731 4774 καταλλάξαντος
1789 4705 1937 4775 ἡμᾶς

292 4795 490 4870 ἑαυτῷ,
569 4793 659 4850 διὰ
731 4799 827 4850 τοῦ
903 4795 1100 4869 Κυρίου
1175 4795 1338 4867 ἡμῶν
1417 4795 1597 4864 Ἰησοῦ
1671 4793 1935 4865 Χριστοῦ.

295 4886 502 4942 Οὐκοῦν
547 4885 639 4940 καὶ
704 4888 811 4938 τῶν
856 4881 1236 4958 παρελθόντων
1283 4882 1372 4937 καὶ
1423 4885 1533 4938 τῶν
1581 4881 1860 4956 παρόντων
1909 4885 1936 4938 6

291 4979 384 5032 τοῦ
426 4981 700 5051 Σωτῆρος
747 4975 908 5048 ἡμῶν
957 4973 1140 5043 Ἰησοῦ
1182 4975 1427 5045 Χριστοῦ
1475 4971 1677 5047 ἀγαθὸς
1727 4974 1936 5046 Πατὴρ,

358 5104 404 5141 ⁸ο
433 5103 606 5162 Rom.
635 5119 730 5175 xv,
757 5103 812 5158 5.
888 5103 932 5140 ‘1
965 5102 985 5158 Ι
1017 5102 1145 5159 Cor.
1173 5116 1270 5171 vn,
1304 5101 1390 5157 13.
1468 5099 1517 5135 σε
1546 5100 1687 5156 ibid.
1764 5099 1813 5135 ⁸³
1839 5101 1859 5156 Ι
1890 5100 1926 5156 C

2049 5116 2144 5156 xv.
2175 5099 2266 5158 53.
2339 5097 2388 5134 ⁶⁴
2417 5095 2559 5154 ibid.
2591 5097 2682 5152 54.
2758 5095 2808 5130 ⁸⁵
2838 5097 2888 5154 ΙΙ
2921 5099 3048 5156 Cor.
3081 5115 3134 5169 ν,
3170 5100 3258 5159 17.

2048 4541 2262 4582 novum
2293 4529 2732 4594 testamentum,
2765 4539 2834 4579 ex
2865 4525 2972 4579 Deo
3001 4531 3150 4593 sunt,
3183 4527 3279 4594 qui
3313 4519 3691 4578 reconciliavit

2046 4631 2143 4671 nos
2166 4613 2277 4670 sibi
2295 4614 2404 4686 ipsi
2421 4630 2519 4686 per
2543 4615 2738 4670 Domin
2748 4630 2840 4668 um
2860 4618 3106 4668 nostrum
3127 4613 3309 4668 Iesum
3327 4611 3606 4668 Christum
3623 4611 3689 4665 ⁸⁸.

2047 4707 2248 4774 Itaque
2278 4703 2465 4758 bonus
2497 4702 2668 4758 Pater
2715 4703 3037 4760 Servatoris
3068 4701 3246 4756 nostri
3291 4701 3428 4756 Jesu
3477 4699 3692 4756 Christi

2047 4791 2203 4848 idem
2234 4795 2358 4848 erat
2389 4803 2443 4846 et
2471 4791 2636 4846 dator
2667 4795 2722 4846 et
2771 4795 3117 4862 procurator
3155 4794 3212 4846 et
3241 4794 3445 4846 auctor
3496 4805 3692 4845 rerum

2047 4882 2473 4956 praeteritarum
2505 4887 2562 4938 et
2603 4880 3001 4954 prasentium.
3047 4881 3346 4946 Quomodo
3378 4897 3516 4937 vero
3565 4897 3696 4937 cor-

2047 4989 2156 5044 pus
2200 4977 2463 5028 creatura
2505 4969 2693 5027 hostis
2747 4969 2941 5038 fuerit,
2990 4986 3126 5026 cum
3183 4969 3342 5028 idem
3388 4988 3422 5026 a
3475 4969 3696 5042 Spiritu

3354 5097 3401 5134 ⁸⁸
3429 5096 3572 5154 ibid.
3611 5096 3697 5151 18.

1457 5233 1702 5291 νΑΒΙίΕ
1740 5234 2132 5292 LECTIONES
2170 5229 2260 5290 ET
2297 5232 2531 5290 NOTE.

362 5371 474 5444 (62)
510 5365 822 5444 Ἑκᾴτερον.
857 5369 940 5425 Ita
985 5365 1359 5424 scribendum
1393 5367 1482 5421 est
1530 5380 1634 5436 pro
1676 5361 1942 5439 ἑκατέρω,

298 5441 440 5515 quod
461 5441 589 5498 'ms.
617 5441 814 5515 habet.

364 5517 478 5586 (63)
508 5512 680 5582 Φησὶ.
712 5512 969 5569 Verbum
1008 5510 1119 5586 hoc
1147 5509 1340 5586 locum
1385 5507 1478 5562 hic
1520 5505 1740 5586 libra_rii
1771 5507 1944 5586 culpa

302 5577 666 5651 mutasse,'et
697 5586 768 5656 ad
791 5587 962 5656 σῶμα
1000 5583 1363 5656 referendum
1388 5593 1514 5656 esse
1544 5577 1945 5656 credo._Ant'e-

299 5659 506 5730 cedens
538 5646 699 5714 enim
733 5646 899 5730 λέγει’
921 5655 1070 5729 regit
1119 5653 1352 5726 phrasin
1385 5646 1697 5704 ἐνδύσασθαι
1739 5648 1942 5726 ἀφθαρο

298 5729 436 5790 σίαν.

2122 5364 2236 5437 (64)
2267 5359 2614 5437 Τὸν-τρίτον.
2654 5358 2736 5437 Ita
2765 5376 2879 5417 ms.
2913 5361 2982 5437 Et
3002 5363 3414 5437 grammatica:
3446 5361 3703 5437 rationes

2052 5443 2108 5506 et
2128 5433 2347 5492 sensus
2377 5433 2490 5506 legi
2536 5433 2761 5506 iubent,
2797 5435 2956 5505 quod
3000 5433 3052 5491 II
3081 5435 3213 5494 Cor.
3243 5452 3346 5506 xu,
3374 5435 3433 5503 2,
3467 5433 3701 5505 legitur,

2049 5504 2153 5569 ἓως
2184 5509 2281 5562 τοῦ
2307 5500 2496 5578 τρίτόυ
2527 5500 2783 5578 ούρανοῦ,

2119 5581 2240 5651 (65)
2294 5573 2748 5651 Ἀνακαινίζεσθε.
2810 5575 3068 5635 Verbum
3134 5581 3246 5637 hoc
3303 5574 3706 5651 explicationis

2055 5649 2177 5707 loco
2204 5649 2237 5706 τι
2268 5649 2476 5705 Photio
2509 5649 2774 5721 additum
2807 5664 2931 5704 esse
2962 5655 3122 5721 puto,
3159 5659 3218 5707 ut
3258 5649 3702 5720 intelligeretur,

2053 5728 2328 5781 sanctum
2353 5718 2877 5792 Apostolumnova
2901 5718 3176 5778 creaturae
3201 5718 3703 5790 studium—urgere.
