4084 6210
327 331 445 394 163

1542 328 1804 388 ΡΗΟΤΙΙ
1851 327 2386 393 PATRIARCHIE
2429 333 2548 393 CP.

3610 329 3729 388 164

326 470 494 524 actus
514 468 707 523 orator
724 464 884 522 Isaias
909 463 1248 522 vaticinium
1269 460 1558 531 adhibeat,
1573 461 1831 518 etdieat:
1867 461 1962 518 Vos

2095 461 2236 522 ιύτὸς
2276 463 2342 531 ἦν
2391 461 2482 518 καὶ
2531 458 2726 537 δοτὴρ,
2755 461 2846 517 καὶ
2878 461 3189 536 προνοητὴς
3220 453 3310 514 καὶ
3363 456 3729 535 δημιουργός⁶

325 557 473 611 enim
526 553 792 627 templum
849 555 948 610 Dei
1009 554 1122 609 vivi
1177 553 1341 614 estis;
1409 553 1550 606 sicut
1608 549 1754 607 dicit
1815 551 1969 607 Deus.

327 645 470 714 Quia
519 645 777 701 habitabo
826 645 887 699 in
917 643 1049 714 illis,
1105 648 1159 696 et
1187 641 1499 709 ambulabo,
1533 643 1582 696 et
1622 655 1716 696 ero
1748 639 1973 695 itlorum

322 738 488 805 Deus,
522 737 628 808 ipsi
646 751 776 791 vero
797 737 964 789 erunt
981 733 1121 788 mihi
1136 732 1368 803 papulas
1389 729 1459 786 δ”.
1483 730 1543 786 Si
1568 730 1740 803 igitur
1759 730 1970 786 Christi

326 841 436 882 nos
471 842 676 882 sumus
708 823 1018 895 templum,
1047 824 1218 892 prout
1251 822 1459 878 Paulus
1495 820 1732 886 clamat,
1767 824 1971 877 testem

329 916 578 973 atI‘erens
598 915 824 979 Isaiam,
842 928 1030 983 neque
1050 911 1200 967 alius
1218 911 1319 967 fuit
1335 916 1510 977 Deus,
1525 911 1624 983 qui
1644 927 1742 984 per
1760 911 1972 968 Isaiam

325 1005 556 1062 locutus
574 1008 860 1072 est,quam
878 1002 1000 1071 ipse
1015 1001 1115 1056 Dei
1131 999 1428 1073 Filius,cuj
1441 1019 1510 1057 us
1523 1001 1809 1072 templum
1827 999 1973 1056 divi-

330 1109 441 1149 nus
471 1091 686 1148 Paulus
717 1107 830 1146 non
862 1106 990 1145 esse
1017 1089 1199 1158 novit,
1229 1094 1286 1145 et
1316 1091 1463 1147 tales
1493 1095 1678 1157 vocat,
1712 1090 1812 1146 ubi
1841 1094 1972 1145 tan-

330 1184 461 1238 dem
487 1187 576 1237 est
605 1183 869 1237 creatura
897 1179 1080 1236 Mali?
1109 1179 1206 1236 ubi
1239 1180 1352 1238 duo
1382 1183 1440 1237 et
1467 1181 1737 1252 opposita
1757 1180 1867 1236 sibi
1893 1181 1974 1236 in-

327 1272 511 1328 vicem
547 1271 831 1341 principia
849 1268 876 1324 ι

2086 555 2208 614 Πῶς
2243 549 2288 606 δ’
2319 549 2380 606 ἂν
2413 550 2497 622 εἷή
2529 552 2759 625 πλάσμα
2789 551 2850 607 τὸ
2871 553 3032 623 σῶμα
3069 553 3166 604 τοῦ
3195 549 3453 624 Ἑχθροῦ,
3489 549 3585 603 τοῦ
3634 545 3734 602 αὖ·

2084 643 2181 694 τοῦ
2210 639 2664 718 πνευματοφόρου
2709 639 2962 713 ῥήτορος,
2993 638 3092 705 τήν
3127 634 3351 692 Ἠσαίου
3390 634 3735 714 προφητείαν

2084 727 2458 802 οἰκειουμένου
2521 728 2608 783 καὶ
2659 726 2914 802 λέγοντος
2952 748 2965 762 ·
3016 731 3194 798 Ὑμεῖς
3248 726 3378 789 ναὸς
3431 726 3537 800 γὰρ
3595 726 3738 778 Θεοῦ

2084 816 2201 874 ἔστε
2261 823 2504 886 ζῶντοςο
2561 817 2738 878 καθὼς
2795 817 2940 872 εἶπεν
3003 817 3030 870 6
3083 817 3234 884 Θεὸς,
3285 815 3412 872 ’Ότι
3459 813 3734 882 ὲνοικήσω

2084 906 2136 962 ἐν
2197 907 2384 968 αὐτοῖς
2437 907 2527 961 καὶ
2595 907 3071 981 ἐμπεριπατήσωο
3131 904 3224 958 καὶ
3284 900 3477 976 ἔσομαι
3545 901 3731 957 αὐτῶν

2075 997 2235 1069 Θεὸς,
2301 997 2390 1052 καὶ
2449 995 2605 1051 αὐτοὶ
2671 993 2880 1051 ἔσονταί
2943 1014 3033 1068 μοι
3089 991 3265 1063 λαός;
3320 991 3385 1049 Εἰ
3437 989 3528 1046 οῦν
3589 996 3734 1060 Χριε

2084 1091 2217 1141 στοῦ
2251 1086 2345 1158 μὲν
2387 1088 2550 1159 ἡμεῖς
2577 1085 2720 1153 ναὸς,
2771 1084 2846 1148 ὡς
2893 1084 3112 1144 Παῦλος
3163 1083 3287 1157 βοᾷ,
3341 1082 3584 1156 μάρτυρα
3629 1081 3734 1135 τὸν

2081 1175 2302 1231 Ἠσαίαν
2360 1175 2644 1250 προῖστάς,
2700 1175 2790 1228 καὶ
2855 1174 2956 1228 οὐκ
3008 1170 3180 1233 ἄλλος
3239 1171 3306 1240 ἦν
3373 1171 3521 1238 Θεὸς,
3581 1171 3608 1223 ὁ
3677 1168 3737 1224 έν

2083 1263 2277 1336 Ἠσαίᾳ
2305 1263 2577 1335 λαλήσας,
2608 1262 2736 1319 ἀλλ’
2776 1263 2936 1326 αὐτὸς
2965 1264 2992 1318 6
3021 1266 3120 1318 τοῦ
3151 1266 3286 1317 Θεοῦ
3328 1261 3472 1330 Υἱὸς,
3515 1259 3576 1314 οὗ
3607 1261 3738 1314 ναὸν

327 1361 476 1432 ἡμᾶς
531 1359 558 1413 ὁ
607 1358 883 1420 θεσπέσιος
937 1355 1151 1419 Παῦλος
1202 1355 1318 1412 οἶδε
1375 1357 1464 1413 καὶ
1507 1355 1795 1428 ἀποκαλεῖ,
1846 1359 1957 1411 ποῦ
2002 1357 2065 1410 τὸ
2118 1353 2347 1427 πλάσμα
2391 1358 2488 1408 τοῦ
2551 1356 2842 1427 Πονηροῦς
2891 1355 2997 1406 ποῦ
3069 1347 3127 1406 δὲ
3175 1352 3210 1420 ἡ
3262 1347 3432 1419 διπλῆ
3499 1348 3590 1404 καὶ
3650 1347 3744 1402 ἀν-

325 1447 608 1521 τικειμένη
644 1448 790 1522 ἀρχή
820 1465 834 1515 ;

397 1538 733 1594 XVI.Porro
758 1537 912 1592 idem
944 1541 1212 1608 retegens
1237 1535 1499 1592 veritatis
1532 1537 1979 1608 lucem,nosquo

328 1629 398 1683 ad
426 1628 737 1700 puritatem
769 1629 826 1681 et
856 1625 1242 1682 secessionem
1267 1625 1338 1681 ab
1368 1625 1620 1697 impuris
1650 1625 1976 1681 faciendam

326 1721 694 1784 cohortatus,
717 1719 776 1771 ut
808 1715 866 1770 in
903 1713 1054 1771 filios
1084 1718 1140 1771 et
1171 1714 1322 1770 tilias
1356 1716 1453 1771 Dei
1484 1715 1826 1781 referamur,
1857 1717 1970 1770 ait:

334 1808 427 1864 Vos
451 1807 598 1864 enim
628 1804 790 1862 eritis
821 1805 968 1858 mihi
991 1803 1052 1859 in
1081 1803 1226 1873 ﬁlios
1253 1809 1305 1858 et
1335 1804 1494 1875 ﬁlias
1521 1804 1586 1860 ⁸⁸.
1610 1805 1975 1860 Commemo-

329 1900 420 1952 rat
447 1911 581 1952 vero
612 1894 787 1950 etiam
811 1909 968 1963 eum,
992 1891 1089 1962 qui
1113 1893 1232 1948 haec
1255 1892 1327 1948 sit
1350 1893 1840 1964 pollioitus,quod
1865 1890 1976 1948 sci-

331 1985 464 2041 licet
498 1985 777 2040 Dominus
809 1982 883 2037 sit
914 1982 1307 2053 omnipotens.
1331 1981 1519 2037 Simul
1550 1982 1725 2038 etiam
1759 1981 1976 2048 innuit,

333 2075 404 2130 ad
429 2089 576 2144 quos
600 2071 928 2142 pertineant
952 2070 1037 2125 bas
1061 2070 1506 2142 promissiones,
1531 2086 1738 2140 nempe
1769 2071 1840 2124 ad
1874 2086 1980 2126 nos

330 2177 436 2234 per
453 2165 666 2232 patres.
692 2159 1008 2229 Subjungit
1029 2158 1181 2214 enim
1207 2175 1219 2213 :
1243 2160 1367 2216 Hae
1396 2158 1570 2230 igitur
1586 2161 1856 2230 promissa
1879 2159 1982 2215 ha—

329 2251 535 2317 bentes,
565 2246 774 2317 dilecti,
804 2246 1158 2319 puriﬁcemus
1188 2263 1284 2304 nos
1313 2249 1456 2319 ipsos
1484 2247 1552 2304 ab
1581 2249 1834 2304 omnibus
1861 2264 1978 2303 sor-

328 2340 489 2398 dibus
517 2341 702 2396 carnis
731 2347 783 2394 et
809 2338 1072 2410 spiritus,
1099 2339 1451 2409 perﬁcientes
1480 2339 1982 2408 sanctiﬁcationem

329 2428 393 2486 in
423 2430 619 2486 timore
647 2428 745 2483 Dei
791 2427 858 2482 δν.
892 2427 1091 2497 Itaque
1139 2426 1310 2483 nobis
1343 2428 1459 2482 haec
1509 2428 1792 2498 promissa
1830 2428 1982 2483 facta

333 2522 493 2585 sunt,
525 2517 693 2573 initio
725 2517 875 2572 facto
919 2532 952 2572 a
988 2515 1275 2586 patribus.
1309 2516 1380 2572 Et
1422 2517 1591 2586 cujus
1619 2515 1721 2572 Dei
1752 2516 1848 2572 ille
1895 2519 1982 2572 est

331 2606 607 2679 populus,
638 2605 900 2676 ejusdem
932 2620 1140 2660 sumus
1171 2608 1228 2660 et
1264 2621 1368 2660 nos
1405 2621 1418 2660 :
1451 2609 1510 2660 et
1537 2606 1686 2662 sicut
1712 2605 1981 2663 homines

335 2696 467 2769 puri
501 2695 762 2766 castique
791 2693 1002 2750 veteris
1030 2694 1361 2750 testamenti
1383 2694 1665 2765 templum
1689 2703 1826 2752 sunt
1858 2696 1980 2762 Dei,

336 2785 422 2840 ita
453 2799 683 2856 quoque
706 2783 836 2854 puri
869 2782 928 2837 in
965 2799 1111 2839 novo
1143 2787 1489 2840 testamento
1519 2783 1797 2856 templum
1824 2785 1980 2856 ejus-

335 2873 470 2930 dem
504 2873 604 2929 Dei
637 2876 796 2928 sunt.
847 2871 1000 2928 Dum
1041 2875 1233 2928 autem
1275 2887 1407 2928 eum
1457 2873 1807 2931 conditorem
1858 2890 1979 2930 om-

342 2965 506 3020 nium
539 2961 685 3016 idem
709 2960 970 3016 veritatis
1004 2977 1189 3032 prisco
1220 2961 1540 3032 saepissime
1561 2961 1836 3034 appellat,
1867 2979 1978 3018 non

340 3052 535 3108 minus
580 3052 810 3106 Patrem
843 3049 1070 3105 Domini
1127 3050 1306 3106 nostri
1352 3050 1494 3107 Jesu
1539 3051 1775 3117 Christi,
1809 3069 1982 3125 quam

335 3157 536 3198 verum
559 3141 688 3210 ejus
721 3139 932 3196 Filium
965 3139 1258 3211 praedicat,
1281 3140 1339 3195 in
1372 3140 1443 3196 iis
1474 3157 1707 3213 quoque
1737 3142 1899 3211 locis,
1923 3143 1979 3198 in

333 3231 550 3303 quibus
587 3229 838 3302 gratiam
885 3228 998 3285 sibi
1029 3230 1244 3298 datam,
1279 3235 1336 3286 et
1385 3230 1503 3286 vim
1556 3233 1814 3303 mysterii
1868 3233 1982 3289 sibi

335 3321 539 3377 crediti
587 3317 855 3376 celebrat.
887 3321 1124 3374 Moncns
1171 3319 1349 3387 enim,
1383 3320 1516 3386 sibi,
1569 3321 1814 3377 minimo
1863 3339 1988 3378 om-

335 3410 524 3477 nium,
558 3410 754 3464 datam
787 3423 916 3463 esse
946 3409 1194 3478 gratiam
1236 3409 1628 3465 annuntiandi
1670 3410 1988 3482 gentilibus

337 3498 570 3554 divitias
591 3496 1126 3568 imperscrutabiles
1143 3497 1379 3567 Christi,
1405 3502 1461 3553 et
1489 3499 1728 3554 docendi
1755 3516 1982 3567 omnes,

339 3604 465 3659 qua:
519 3586 598 3642 sit
655 3585 975 3642 ceconomia
1034 3586 1288 3656 mysterii
1349 3603 1383 3642 a
1460 3586 1690 3643 saeculis
1743 3589 1802 3643 in
1870 3589 1986 3645 Deo

347 3675 715 3741 absconditi;
775 3675 970 3730 statim
1020 3674 1226 3730 addit:
1263 3675 1368 3743 Qui
1413 3677 1602 3730 omnia
1645 3678 1849 3733 creavit
1891 3694 1990 3749 per

341 3767 525 3821 Jesum
575 3763 878 3820 Christum.
927 3765 1130 3833 Itaque
1189 3763 1452 3819 omnium
1507 3764 1775 3822 conditor
1821 3767 1990 3823 Pater

343 3858 452 3922 est,
503 3853 769 3910 omnium
827 3869 962 3907 vero
1020 3852 1286 3909 conditor
1338 3854 1513 3910 etiam
1572 3854 1774 3911 Filius.
1827 3857 1990 3914 Sicut

346 3945 501 4000 enim
554 3948 782 4014 natura,
837 3941 921 3998 ita
977 3946 1034 3997 et
1109 3947 1384 4014 potestas,
1442 3949 1497 4000 et
1565 3945 1903 4018 imperium,
1937 3954 1992 4003 et

347 4034 625 4108 potentia,
666 4041 718 4089 et
750 4033 964 4090 creatio
995 4033 1312 4089 visibilium
1346 4035 1610 4090 omnium
1644 4046 1696 4092 et
1724 4037 1989 4094 invisibi-

341 4125 501 4196 lium,
534 4141 600 4180 ac
627 4139 819 4180 rerum
849 4139 917 4179 ex
934 4139 1047 4180 non
1071 4123 1488 4180 exsistentibus
1519 4126 1591 4179 ad
1623 4126 1990 4182 existentiam

345 4212 654 4287 productio
703 4212 1036 4268 communia
1078 4213 1308 4282 utrique
1353 4217 1410 4267 et
1441 4212 1692 4270 indivisa
1737 4219 1893 4270 sunt.
1928 4216 1994 4270 Et

342 4305 476 4374 post
507 4317 692 4370 pauca
726 4317 739 4354 :
775 4301 1075 4365 Propterea
1104 4300 1258 4368 ﬂecto
1288 4314 1466 4367 genua
1509 4314 1628 4354 mea
1666 4303 1740 4356 ad
1772 4305 1993 4357 Patrem

348 4389 570 4447 Domini
599 4387 779 4444 nostri
816 4392 950 4444 Jesu
982 4385 1206 4454 Christi,
1240 4403 1307 4441 ex
1349 4403 1450 4457 quo
1481 4391 1658 4443 omnis
1686 4392 1994 4458 palemitas

346 4483 405 4536 in
436 4479 569 4535 cwto
597 4485 650 4533 et
688 4477 746 4530 in
788 4481 940 4531 terra
984 4474 1304 4529 nominatur
1332 4475 1394 4528 7°.
1430 4474 1632 4533 Omnis
1676 4480 1993 4550 paternitas

353 4569 567 4642 inquit,
602 4582 716 4623 non
772 4567 1016 4619 autem:
1068 4561 1281 4630 aliqua,
1331 4562 1447 4619 alia
1490 4579 1621 4620 vero
1671 4582 1785 4623 non
1833 4567 1993 4626 item.

353 4657 551 4726 Neque
600 4655 669 4710 de
726 4652 887 4710 omni
935 4649 1152 4708 ccelesti
1203 4651 1392 4708 solum
1439 4652 1722 4728 loquitur,
1775 4657 1874 4713 sed
1925 4660 1996 4716 de

351 4744 532 4813 omni,
552 4743 666 4798 sive
682 4741 973 4800 caelestem
997 4741 1178 4814 dicas,
1201 4741 1321 4799 sive
1346 4746 1704 4818 terrestrem,
1727 4746 1846 4803 sive
1866 4765 1996 4804 om-

351 4849 508 4898 nem,
542 4831 662 4888 sive
715 4837 940 4904 partem
973 4849 987 4888 :
1032 4831 1297 4889 omnium
1346 4831 1580 4890 illorum
1621 4836 1881 4894 conditor
1910 4844 1999 4896 est

350 4922 507 4979 Deus
539 4930 593 4978 et
641 4921 810 4978 Pater
843 4922 1071 4978 Domini
1121 4923 1304 4980 nostri
1333 4923 1476 4981 Jesu
1524 4924 1735 4982 Christi
1769 4943 1782 4983 :
1817 4944 1884 4984 ex
1930 4944 1996 4984 eo

350 5014 506 5072 enim
535 5013 726 5070 omnis
778 5014 1095 5086 paternitas
1134 5014 1194 5070 in
1229 5014 1371 5071 coelo
1416 5019 1471 5070 et
1518 5014 1576 5070 in
1628 5019 1800 5086 terra,
1847 5018 2000 5076 sicut

351 5103 502 5162 clare
532 5102 770 5173 Paulus,
792 5106 1104 5174 -spectator
1131 5101 1284 5158 idem
1316 5108 1370 5158 et
1409 5104 1608 5160 doctor
1647 5117 1837 5163 rerum
1870 5108 2038 5165 abs-'

354 5192 748 5262 conditorum,
818 5191 1172 5262 pronuntiat,
1230 5191 1590 5258 nominatur.
1647 5195 1801 5252 Alibi
1866 5213 1998 5254 vero

353 5284 558 5339 eodem
594 5283 765 5340 modo
796 5283 867 5339 de
889 5283 1004 5338 Deo
1035 5282 1331 5339 disserens
1360 5283 1440 5339 ait
1474 5299 1488 5340 :
1534 5286 1650 5341 Una
1680 5285 1828 5356 ﬁdes,
1861 5304 2002 5344 unus

353 5370 681 5444 baptismus,
739 5389 884 5428 unus
933 5373 1073 5428 Deus
1131 5377 1182 5426 et
1238 5373 1409 5429 Pater
1463 5376 1738 5442 omnium,
1779 5379 1876 5448 qui
1920 5385 2002 5435 est

348 5477 514 5534 super
540 5463 729 5517 omnia
777 5465 826 5519 et
879 5476 980 5533 per
1015 5461 1226 5531 omnia,
1258 5463 1308 5518 et
1355 5463 1416 5518 in
1454 5463 1612 5520 nobis
1657 5466 1906 5522 omnibus
1935 5467 2000 5524 τί.

2157 1534 2248 1608 1g
2255 1535 2286 1590 ’.
2320 1535 2438 1590 Ἔτι
2488 1529 2545 1587 δὲ
2594 1530 2984 1587 ἀνακαλύπτων
3033 1531 3096 1585 τὸ
3141 1535 3241 1599 τῆς
3293 1525 3551 1597 ἀληθείας
3600 1526 3741 1605 φέγ-

2085 1643 2206 1698 γος,
2262 1623 2351 1676 καὶ
2403 1620 2668 1688 καθαροὺς
2716 1623 2863 1694 ἡμᾶς
2911 1620 3003 1674 καὶ
3051 1617 3470 1697 ἀφωρίσμένους
3521 1634 3741 1690 παραγ-

2085 1711 2301 1786 γέλλων
2353 1711 2488 1766 εἶναι
2535 1717 2642 1766 τῶν
2697 1711 3038 1785 ἀκαθάρτων,
3082 1710 3155 1771 ὡς
3205 1707 3266 1763 ἂν
3318 1707 3393 1768 εἷς
3447 1705 3596 1766 υἱοὺς
3639 1702 3736 1757 καὶ

2087 1801 2404 1878 θυγατέρας,
2455 1799 2638 1874 ἐπάγει
2695 1799 2786 1855 καὶ
2858 1800 2950 1855 τὸν
3012 1793 3478 1874 ἐπαγγειλάμενον
3537 1797 3736 1862 ταῦτα,

2087 1890 2172 1946 ὅτι.
2212 1892 2406 1965 Κύριός
2457 1890 2569 1946 ἐστι
2615 1889 3008 1965 παντοκράτωρ
3041 1909 3053 1922 ·
3107 1885 3485 1944 συνδιαπλέκει
3537 1882 3593 1938 δὲ
3641 1883 3739 1938 καὶ

2087 1981 2224 2055 πρὸς
2291 1981 2440 2042 τίνας
2498 1981 2550 2035 αἱ
2607 1977 2948 2056 ἐπαγγελίαι,
3015 1977 3099 2033 ὅτι
3149 1975 3238 2032 διὰ
3309 1981 3420 2031 τῶν
3478 1971 3737 2048 πατέρων

2089 2070 2224 2144 πρὸς
2282 2072 2431 2143 ἡμᾶς
2466 2089 2478 2102 ·
2558 2068 2798 2148 ἐπιφέρει
2855 2069 2957 2142 γάρ
2995 2086 3008 2100 °
3086 2066 3288 2128 Ταύτας
3346 2063 3438 2120 οῦν
3513 2060 3742 2138 ἔχοντες

2089 2161 2184 2223 τὰς
2258 2159 2604 2235 ἐπαγγελίας,
2680 2159 2977 2234 ἀγαπητοὶ,
3054 2156 3431 2232 καθαρίσωμεν
3503 2151 3734 2214 ἑαυτοὺς

2091 2249 2197 2304 ἀπὸ
2272 2250 2470 2310 παντὸς
2559 2246 2852 2322 μολυσμοῦ
2949 2248 3144 2321 σαρκὸς
3217 2245 3306 2300 καὶ
3400 2241 3738 2316 πνεύματος,

2092 2337 2468 2400 ἐπιτελοῦντες
2560 2336 2870 2412 ἁγιωσύνην
2960 2335 3012 2392 ἐν
3091 2331 3247 2414 φόϐῳ
3339 2337 3496 2391 Θεοῦ.
3571 2335 3743 2386 ’Ὥστε

2089 2431 2254 2501 ἡμεῖς
2288 2430 2381 2501 μὲν
2423 2426 2808 2501 ἐπηγγέλμεθα
2847 2426 3032 2483 ταῦτα.
3083 2426 3384 2498 ἀρξαμένης
3424 2429 3522 2492 τῆς
3573 2421 3744 2493 ἐπαγ-

2088 2515 2272 2593 γελίας
2311 2517 2415 2572 ἀπὸ
2462 2520 2566 2570 τῶν
2617 2517 2882 2591 πατέρων.
2926 2517 3024 2570 Καὶ
3063 2515 3231 2588 οὗπερ
3281 2513 3482 2573 ἐκεῖνος
3528 2511 3555 2566 6
3599 2507 3740 2572 λαὸς

2091 2611 2254 2674 Θεοῦ,
2292 2609 2389 2661 τοῦ
2419 2606 2586 2661 αὐτοῦ
2615 2604 2707 2660 καὶ
2736 2607 2918 2677 ἡμεῖς·
2953 2604 3043 2660 καὶ
3077 2605 3151 2666 ὡς
3191 2606 3298 2657 τῶν
3331 2601 3384 2656 ἐν
3416 2607 3483 2670 τῆ
3519 2597 3742 2669 Παλαιᾷ

2092 2697 2142 2750 οἱ
2171 2695 2395 2769 καθαροὶ
2424 2696 2548 2758 ναὸς
2579 2699 2676 2750 τοῦ
2707 2699 2865 2765 Θεοῦ,
2907 2692 3050 2748 οὕτω
3089 2693 3178 2747 καὶ
3212 2693 3262 2746 o't
3292 2690 3344 2747 ἐν
3370 2693 3440 2764 τῇ
3482 2689 3589 2760 Νέᾳ
3633 2709 3742 2743 κα·-

2091 2787 2245 2860 θαροὶ
2276 2786 2401 2847 ναὸς
2440 2789 2538 2840 τοῦ
2589 2785 2754 2840 αὐτοῦ
2803 2787 2958 2840 Θεοῦ.
2994 2782 3222 2853 Κτίστην
3270 2779 3328 2836 δὲ
3373 2780 3588 2836 πάντων
3625 2777 3738 2833 πά-

2091 2874 2180 2931 λιν
2212 2874 2484 2936 πολλάκις
2516 2876 2545 2930 6
2573 2874 2730 2937 αὐτὸς
2751 2881 2852 2943 τῆς
2880 2873 3143 2944 ἀληθείας
3171 2869 3518 2948 διαγγέλλων
3538 2868 3735 2941 κήρυξ,

2090 2967 2180 3021 τόν
2213 2986 2272 3021 τε
2305 2965 2518 3040 Πατέρα
2555 2969 2651 3020 τοῦ
2701 2964 2897 3038 Κυρίου
2927 2967 3089 3034 ἡμῶν
3129 2964 3310 3032 Ἰησοῦ
3349 2961 3608 3036 Χριστοῦ,
3635 2956 3737 3010 καὶ

2092 3053 2252 3110 αὐτὸν
2276 3055 2366 3110 τὸν
2394 3054 2656 3125 ἀληθινὸν
2706 3053 2868 3109 αὐτοῦ
2925 3054 3048 3108 Υἱὸν
3126 3048 3282 3108 οὐδὲν
3328 3053 3490 3119 ἧττον
3541 3068 3743 3120 καταγε-

2092 3144 2301 3220 γέλλει,
2332 3148 2423 3199 καί
2453 3141 2506 3198 ἐν
2537 3145 2622 3205 οἷς
2654 3143 2812 3215 ὑμνεῖ
2840 3147 2939 3212 τήν
2967 3144 3129 3218 χάριν
3163 3141 3262 3209 τὴν
3293 3137 3536 3194 δοθεῖσαν
3566 3135 3747 3207 αὐτῷ,

2096 3236 2185 3290 καὶ
2241 3237 2340 3288 τοῦ
2396 3231 2907 3296 καταπιστευθέντος
2968 3229 3271 3306 μυστηρίου
3321 3229 3422 3297 τὴν
3481 3225 3744 3296 δύναμιν.

2097 3324 2282 3381 Εἰπὼν
2312 3323 2433 3397 γάρ,
2457 3322 2530 3384 ὡς
2562 3346 2588 3374 ‹‹
2615 3321 2775 3394 Ἐμοὶ
2804 3326 2883 3393 τῷ
2911 3319 3318 3395 ἐλαχιστοτέρῳ
3341 3317 3556 3372 πάντων
3581 3311 3750 3382 ἐδόθη

2096 3415 2130 3482 ἡ
2183 3413 2345 3486 χάρις
2400 3411 2532 3480 αῦτη
2594 3409 2645 3464 ἐν
2704 3416 2820 3472 τοῖς
2875 3407 3077 3465 ἔθνεσιν
3139 3403 3594 3482 εὐαγγελίσασθαι
3651 3400 3754 3456 τὸν

2096 3501 2492 3576 ἀνεξιχνίαστον
2556 3500 2793 3556 πλοῦτον
2861 3504 2958 3554 τοῦ
3027 3501 3264 3571 Χριστοῦ
3337 3495 3426 3550 καὶ
3513 3491 3752 3570 φωτίσαι

2095 3592 2320 3661 πάντας,
2366 3590 2450 3653 τίς
2492 3591 2526 3658 ἠ
2578 3587 2867 3660 οἰκονομία
2895 3592 2992 3643 τοῦ
3041 3585 3346 3661 μυστηρίου
3396 3586 3494 3638 τοῦ
3541 3581 3752 3635 ἀποκε-

2095 3678 2411 3754 κρυμμένου
2442 3678 2546 3732 ἀπὸ
2575 3681 2680 3732 τῶν
2714 3676 2926 3731 αἰώνων
2966 3676 3017 3731 ἐν
3058 3680 3137 3748 τῷ
3169 3679 3306 3746 Θεῷ,
3341 3699 3363 3727 ι
3399 3670 3588 3726 αὐτίκα
3621 3690 3758 3723 συν-

2098 3771 2254 3824 άπτει
2291 3788 2304 3800 ο
2355 3771 2435 3839 τῷ
2463 3767 2529 3821 τὰ
2577 3766 2746 3822 πάντα
2793 3766 3030 3822 κτίσαντι
3076 3762 3164 3819 διὰ
3225 3765 3405 3833 Ἰησοῦ
3455 3761 3695 3835 Χριστοῦ
3730 3774 3747 3792 σ

2100 3859 2235 3914 ὥστε
2275 3856 2489 3912 πάντων
2543 3855 2636 3930 μέν
2668 3856 2896 3926 κτίστης
2945 3857 2972 3910 6
3026 3855 3234 3927 Πατὴρ,
3267 3853 3480 3907 πάντων
3531 3847 3588 3903 δὲ
3634 3845 3752 3902 κτί-

2100 3970 2235 4019 στης
2264 3948 2291 4002 6
2324 3947 2469 4009 Υιός.
2499 3947 2696 4002 Κοινὸν
2721 3947 2826 4020 γὰρ
2858 3946 2945 4000 καὶ
2969 3941 3262 4020 ἀδιάφορον
3287 3939 3468 4017 ὥσπερ
3556 3935 3744 4012 φύσις,

2099 4037 2189 4093 καὶ
2221 4039 2255 4106 ἡ
2290 4036 2501 4106 ἒξουσία
2532 4035 2621 4090 καὶ
2667 4037 2702 4103 ἡ
2749 4032 3017 4110 βασιλεία,
3049 4034 3137 4088 καὶ
3188 4034 3222 4101 ἡ
3257 4027 3592 4103 δημιουργία
3637 4030 3755 4081 τῶν

2103 4127 2312 4200 ὁρατῶν
2341 4146 2401 4180 τε
2443 4123 2656 4180 πάντων
2701 4123 2789 4178 καὶ
2821 4123 3085 4197 ἀοράτων,
3118 4121 3208 4176 καὶ
3256 4122 3291 4189 ἡ
3333 4117 3384 4192 ἐξ
3433 4117 3533 4173 οὐκ
3578 4112 3756 4170 ὄντων

2103 4215 2178 4275 εἰς
2215 4216 2278 4268 τὸ
2320 4215 2454 4268 εἶναι
2502 4215 2800 4289 προαγωγή
2849 4213 2941 4268 καὶ
2991 4211 3269 4276 οὖσίωσις.
3316 4213 3416 4266 Καὶ
3465 4207 3579 4282 μετ’
3629 4206 3756 4264 ὀλί-

2102 4322 2199 4376 γον
2236 4322 2249 4336 ·
2310 4301 2517 4356 Τούτου
2577 4307 2738 4378 χάριν
2797 4304 3033 4376 κάμπτω
3093 4301 3158 4357 τὰ
3205 4299 3414 4376 γόνατά
3474 4319 3578 4372 μου
3618 4297 3761 4370 πρὸς

2101 4391 2190 4446 τὸν
2251 4391 2460 4465 Πατέρα
2509 4395 2606 4445 τοῦ
2665 4391 2862 4466 Κυρίου
2919 4393 3083 4464 ἡμῶν
3144 4391 3324 4460 Ἰησοῦ
3381 4390 3640 4461 Χριστοῦ,
3705 4385 3758 4456 ἐξ

2026 4506 2070 4570 D
2104 4479 2165 4534 οὗ
2215 4485 2361 4535 πᾶσα
2416 4480 2617 4556 πατρὶα
2669 4479 2722 4536 ἐν
2771 4480 2984 4556 οὐρανῷ
3037 4481 3128 4535 καὶ
3184 4477 3273 4534 ἐπὶ
3323 4483 3429 4553 γῆς
3489 4475 3762 4549 ὀνομάζε-

2103 4591 2213 4628 ται.
2255 4601 2326 4614 -
2371 4575 2520 4625 Ιιᾶσα
2561 4569 2786 4644 πατρὶα,
2819 4570 3008 4645 φησὶν,
3057 4569 3235 4647 οὐχί·
3285 4568 3370 4628 τὶς
3430 4566 3550 4640 μὲν,
3589 4565 3675 4626 τὶς
3711 4561 3760 4620 δ’

2109 4658 2191 4731 οὔ,
2225 4657 2348 4716 οὐδὲ
2378 4664 2522 4715 πᾶσα
2561 4661 2596 4730 ἡ
2646 4658 2898 4733 οὐράνιος
2943 4659 3108 4732 μόνη,
3156 4656 3304 4713 ἀλλᾶ
3349 4655 3446 4711 κᾶν
3496 4654 3755 4730 οὐράνιον

2107 4748 2290 4824 εἴπῃς,
2347 4748 2442 4805 κᾶν
2494 4747 2756 4826 ἐπίγειον,
2815 4747 2908 4804 κᾶν
2975 4751 3164 4823 μέρος,
3218 4745 3427 4802 τούτων
3495 4743 3754 4799 ἁπάντων

2109 4837 2219 4894 ἐστὶ
2252 4836 2594 4913 δημιουργὸς
2627 4839 2654 4892 6
2704 4839 2832 4900 Θεὸς
2863 4838 2953 4893 καὶ
3007 4838 3193 4912 Ηατήρ
3231 4839 3328 4891 τοῦ
3361 4833 3560 4908 Κυρίου
3592 4834 3760 4905 ἡμῶν

2107 4928 2288 4999 Ἰησοῦ
2319 4931 2553 5003 Χριστοῦ
2590 4947 2602 4961 ο
2645 4927 2698 4998 ἐξ
2748 4928 2918 4983 αὐτοῦ
2968 4927 3072 5004 γαρ
3113 4930 3257 4981 πᾶσα
3303 4923 3508 4999 πατριά
3549 4922 3601 4978 έν
3652 4919 3762 4976 οὖ-

2109 5022 2255 5094 ρανῷ
2283 5019 2374 5072 καὶ
2413 5017 2500 5072 ἐπὶ
2546 5024 2672 5094 γῆς,
2712 5019 2786 5078 ὡς
2838 5017 3196 5092 ἀνακηρύττει
3245 5013 3520 5087 λαμπρῶς
3568 5013 3597 5068 6
3643 5014 3760 5067 τῶν

2107 5104 2437 5181 ἀπορρήτων
2481 5107 2572 5162 καὶ
2621 5108 2814 5176 θεατὴς
2861 5110 2948 5162 καί
3003 5103 3350 5173 διδάσκαλος,
3402 5103 3757 5176 ὀνομάζεται.

2111 5197 2211 5253 Καὶ
2242 5194 2295 5251 ἒν
2325 5195 2520 5260 ἄλλοις
2554 5194 2610 5252 δὲ
2637 5198 2704 5252 τὰ
2727 5195 2863 5251 αὐτὰ
2893 5194 3190 5271 θεολογῶν,
3224 5197 3318 5257 Εἷς
3349 5195 3574 5268 Κύριος,
3597 5191 3761 5267 φησὶ,

2113 5287 2210 5362 μία
2286 5287 2485 5359 πίστις,
2561 5287 2617 5343 ’ἐν
2694 5287 2995 5362 βάπτισμα,
3070 5287 3150 5348 εἷς
3224 5285 3358 5347 Θεὸς
3430 5281 3522 5338 καὶ
3569 5282 3765 5356 Πατὴρ

2109 5378 2346 5448 πάντων,
2405 5379 2432 5433 ὁ
2491 5377 2578 5432 ἐπὶ
2633 5377 2869 5448 πάντων,
2929 5375 3021 5430 καὶ
3093 5372 3182 5430 διὰ
3240 5373 3477 5444 πάντων,
3534 5371 3626 5428 καὶ
3706 5369 3765 5425 έν

2111 5473 2271 5524 πᾶσιν
2330 5469 2488 5541 ἡμῖν.
2547 5463 2896 5526 ’Δδιάστατον
2946 5461 3004 5521 δὲ
3057 5463 3152 5520 καί
3206 5463 3523 5540 ἀμέριστον,
3578 5458 3772 5537 ὥσπερ

425 5669 472 5709 ⁸⁷
505 5671 552 5729 II
582 5669 711 5730 Cor.
746 5687 821 5744 v1,
857 5671 942 5728 16.
1021 5671 1064 5710 ⁸⁸
1095 5672 1236 5729 ibid.
1273 5672 1357 5729 18.
1435 5671 1482 5710 ⁶⁰
1510 5673 1559 5730 II
1590 5674 1718 5733 Cor.
1751 5695 1850 5754 vn,
1884 5682 1934 5738 1.

2095 5678 2298 5752 prcs.
2331 5698 2410 5754 ιιι,
2447 5681 2530 5738 14.
2607 5679 2652 5720 ⁷¹
2688 5680 2899 5755 Ephes.
2931 5698 3007 5752 ιν,
3039 5680 3094 5736 5.
