4084 6210
286 341 400 402 165

1357 339 1669 401 CONTRA
1716 341 2192 406 MANICHIEOS
2239 346 2463 408 LIBER
2509 349 2619 410 ΙΙΙ.

3573 371 3688 434 166

277 477 379 544 τήν
404 474 566 551 φύσιν
600 470 690 528 xui
738 472 800 527 τὸ
849 467 1088 544 θέλημα,
1121 468 1263 527 οὕτω
1293 471 1382 528 καὶ
1421 473 1522 543 τὴν
1563 472 1914 552 δημιουργίαι

353 563 368 577 \
449 562 464 577 ι
610 560 620 576 ρ
800 556 852 577 ’δ
878 559 891 577 1
1045 564 1071 574 η·
1118 565 1159 577 π
1275 560 1287 576 \
1466 562 1479 577 ε
1598 567 1623 577 ο
1671 565 1726 577 --ο
1771 569 1796 577 ,η
1911 565 1914 575 ι

2049 478 2314 552 Cumque
2341 481 2498 539 idem
2531 489 2728 542 nosset
2757 491 2984 547 Patrem
3016 496 3071 549 et
3099 493 3334 569 Filium,
3363 501 3506 560 sicut
3534 508 3686 577 quod

281 563 370 618 καὶ
410 562 474 616 τὸ
521 560 721 634 κράτος
771 556 931 622 εἰδώς
978 564 1074 616 τοῦ
1117 560 1347 634 Πατρὸς,
1391 562 1482 616 καὶ
1529 567 1626 617 τοῦ
1671 565 1822 632 Υἱοῦ,
1867 565 1933 620 τὰ

280 651 416 708 αὐτὰ
461 652 551 706 καὶ
602 650 726 724 περὶ
771 652 869 704 τοῦ
911 655 1172 725 Σωτῆρος
1226 650 1742 727 πεπαρῥησιασμένῃ
1794 653 1931 729 κρά-

283 748 363 811 ζει
409 745 586 817 φωνῇ.
635 741 722 794 Ἐν
779 738 929 810 αύτῷ
966 739 1088 814 γὰρ,
1141 740 1297 816 φησί,
1338 739 1555 812 ἐκτίσθη
1619 743 1686 796 τὰ
1733 742 1926 799 πάντα.

285 830 529 905 Πρόσεγε
561 848 574 862 ⁸
628 829 706 882 Τὰ
732 827 930 896 πάντα,
961 829 1026 882 τὰ
1071 827 1122 882 ἐν
1155 833 1272 891 τοῖς
1321 829 1583 904 οὐρανοῖς
1617 832 1706 885 καὶ
1744 831 1811 887 τὰ
1841 831 1927 888 ἐπὶ

279 923 378 989 τῆς
407 925 533 994 γῆς.
578 917 676 972 Καὶ
725 915 815 972 ἵνα
865 918 943 990 μή
994 918 1028 986 ἡ
1085 917 1248 990 μανία
1298 917 1508 994 λήρους
1556 917 1763 982 ἅλλοῦς
1809 928 1926 985 ταῖς

278 1009 449 1082 ἱεραῖς
506 1011 715 1082 φῶναῖς
768 1000 1048 1080 ὑποϐάλῃ,
1107 1003 1186 1060 ἔτι
1239 1008 1376 1062 κατὰ
1433 1007 1714 1084 συνέχειαν
1776 1007 1930 1080 ἐπεξ-

272 1101 512 1173 ηγεῖται,
541 1095 664 1150 τίνα
702 1095 807 1149 εἰσί
837 1094 904 1148 τὰ
935 1093 986 1148 ἐν
1015 1100 1136 1157 τοῖς
1170 1093 1424 1170 οὐρανοῖς
1455 1099 1546 1152 xui
1594 1097 1660 1152 τὰ
1688 1096 1778 1154 ἐπὶ
1825 1105 1926 1168 τῆς

274 1191 399 1259 γῆς,
432 1184 523 1238 ὅτι
553 1183 623 1238 τὰ
670 1182 840 1258 ὁρατὰ
875 1181 968 1237 καὶ
1014 1183 1082 1237 τὰ
1124 1181 1350 1257 ἀόρατα,
1400 1185 1491 1239 καὶ
1542 1190 1711 1241 ταῦτα
1757 1185 1928 1242 πάντα

272 1275 322 1330 ἑν
355 1275 515 1344 αὐτῷ
564 1294 700 1350 φησι
726 1273 988 1342 ἐκτίσθαι,
1031 1272 1119 1328 καὶ
1155 1270 1225 1327 δι’
1275 1273 1444 1328 αὐτοῦ
1490 1275 1579 1329 καὶ
1621 1275 1696 1338 εἷς
1742 1275 1925 1334 αὐτόν.

272 1369 396 1426 Πῶς
431 1362 527 1418 οὗν
573 1365 611 1433 ἡ
660 1363 994 1432 ἀποστατική
1045 1360 1218 1417 λύσσα
1244 1368 1354 1418 τῶν
1388 1363 1484 1438 μὲν
1513 1365 1718 1439 ὁρατῶν
1754 1364 1928 1422 ἄλλον

275 1455 506 1530 πράττει
551 1453 816 1524 ποιητήν,
871 1448 1043 1506 ἄλλον
1095 1449 1152 1506 δὲ
1200 1457 1307 1506 τῶν
1367 1453 1652 1528 ἆοράτωνς
1706 1456 1766 1510 Εἰ
1821 1457 1926 1531 γὰρ

267 1547 446 1601 πάντα
508 1540 602 1598 διὰ
653 1545 889 1619 Χριστοῦ
945 1542 1034 1596 xui
1093 1540 1172 1604 εἷς
1234 1543 1474 1618 Χριστὸν
1527 1541 1788 1618 ἔκτισται,
1837 1546 1926 1601 καὶ

271 1632 435 1696 αὐτός
479 1631 596 1688 ἐστι
642 1631 750 1707 πρὸ
789 1631 1024 1704 πάντων,
1055 1633 1144 1689 καὶ
1189 1635 1256 1689 τὰ
1303 1635 1476 1690 πάντα
1516 1635 1566 1692 ἐν
1621 1635 1768 1709 αὖτῷ
1802 1659 1928 1692 συν-

273 1725 493 1794 έστηκε,
524 1725 632 1778 ποῦ
681 1724 717 1790 ἡ
769 1719 1106 1799 δημιουργία
1152 1727 1250 1778 τοῦ
1301 1725 1578 1799 Ἐχθροῦς
1626 1725 1722 1781 Kui
1762 1726 1923 1791 αὐτὸς

2041 568 2113 624 ad
2150 574 2412 628 naturam
2445 577 2501 629 et
2529 575 2908 645 voluntatem,
2942 581 3022 637 ita
3062 588 3118 640 et
3149 568 3416 656 quodad
3449 568 3686 652 creatio-

2041 673 2173 713 nem
2206 663 2263 715 et
2288 663 2630 732 potentiam,
2665 666 3084 738 inseparabiles
3123 690 3251 732 esse
3292 683 3348 734 et
3383 679 3685 754 indivisos,

2039 748 2241 805 eadem
2273 751 2447 808 etiam
2478 755 2546 808 de
2577 755 2875 814 Servatore
2905 759 3086 818 libera
3123 781 3260 822 voce
3296 748 3682 844 proloquitur;

2038 838 2099 892 In
2123 840 2238 909 ipso
2259 843 2428 910 enim,
2452 843 2747 916 inquiens,
2771 858 2956 906 creata
2981 865 3108 910 sunt
3128 838 3314 915 omnia
3336 861 3398 915 ⁷³.
3419 838 3678 922 Attende.

2039 926 2263 996 Omnia,
2297 947 2422 1001 qua
2455 933 2510 988 in
2546 935 2704 992 coelis
2731 942 2787 994 et
2813 939 2873 996 in
2905 945 3059 999 terra
3091 953 3245 1002 sunt.
3271 949 3338 1004 Et
3371 967 3444 1008 ne
3475 953 3682 1012 insana

2037 1017 2246 1076 cohors
2282 1036 2470 1093 nugas
2499 1040 2636 1081 suas
2663 1027 2855 1085 verbis
2885 1033 3067 1089 sacris
3093 1036 3396 1108 aifricaret,
3441 1043 3498 1096 in
3530 1045 3682 1102 serie

2039 1107 2316 1164 orationis
2345 1111 2633 1183 edisserit,
2676 1132 2943 1186 quaenam
2993 1123 3108 1178 sint
3135 1141 3204 1180 ea
3233 1125 3290 1182 in
3325 1107 3480 1186 costis
3529 1137 3584 1187 et
3615 1135 3678 1192 in

2036 1197 2226 1266 terra;
2256 1198 2422 1256 docet
2454 1201 2607 1257 enim
2639 1203 2894 1262 visibilis
2921 1213 2976 1265 et
3015 1211 3354 1286 invisibilia,
3387 1227 3440 1274 et
3479 1222 3677 1279 omnia

2035 1283 2096 1339 in
2127 1301 2192 1340 eo
2223 1293 2414 1345 creata
2442 1305 2594 1358 esse,
2644 1297 2700 1348 et
2729 1311 2830 1366 per
2868 1313 3022 1367 eum,
3075 1308 3131 1358 et
3163 1303 3221 1360 in
3265 1305 3480 1377 ipsum.
3524 1311 3676 1375 Quo-

2037 1374 2206 1430 modo
2237 1376 2433 1449 itaque
2463 1385 2863 1451 apostatarum
2894 1387 3086 1446 rabies
3115 1374 3304 1450 alium‘
3333 1397 3673 1470 visibilium,

2034 1462 2215 1518 alium
2265 1465 2644 1526 invisibilium
2705 1489 2898 1531 rerum
2960 1479 3319 1538 conditorem
3378 1487 3558 1543 facit?
3612 1490 3673 1546 Si

2035 1552 2192 1609 enim
2224 1555 2416 1612 omnia
2465 1575 2566 1630 per
2594 1560 2892 1620 Christum
2935 1571 2994 1622 et
3042 1568 3100 1624 in
3150 1571 3438 1630 Christum
3485 1583 3675 1636 creata

2033 1646 2189 1711 sunt,
2215 1647 2273 1700 et
2303 1645 2455 1702 idem
2486 1652 2574 1704 est
2603 1661 2735 1707 ante
2764 1655 2984 1723 omnia,
3003 1661 3058 1713 et
3088 1661 3287 1718 omnia
3316 1662 3373 1719 in
3397 1664 3522 1736 ipso
3545 1685 3676 1724 con-

2033 1731 2271 1799 sistunt,
2302 1734 2400 1790 ubi
2449 1739 2684 1795 tandem
2716 1746 2804 1798 est
2833 1746 3045 1802 creatio
3087 1747 3322 1808 hostis?
3351 1731 3501 1810 Sa'ne
3547 1756 3674 1828 ipse

279 1813 376 1884 μὲν
411 1813 439 1866 ὂ
470 1811 695 1886 ’Δγαθὸς
728 1813 981 1889 προάγει⁸
1024 1812 1281 1890 προάγων
1327 1811 1384 1868 δὲ
1411 1815 1648 1889 συνέχει,
1680 1817 1914 1917 συνέζων

2032 1819 2128 1877 ille
2157 1821 2349 1881 bonus
2371 1829 2520 1883 Deus
2541 1830 2844 1902 producit;
2870 1836 3198 1906 producens
3222 1857 3352 1898 vero
3377 1811 3673 1917 continet;

280 1899 343 1957 δὲ
395 1902 486 1957 xui
527 1904 622 1970 τῆς
675 1898 942 1975 διαμονῆς
999 1908 1334 1979 προνοεῖται.
1385 1906 1481 1960 ’Ex
1527 1905 1683 1969 ποίας
1740 1905 1920 1980 ἄλλης

281 1989 550 2068 ἐνεργείας
599 1988 838 2047 δώσουσι
893 1995 1000 2048 τῶν
1052 1996 1149 2048 τοῦ
1213 1997 1348 2049 Θεοῦ
1414 1991 1918 2072 δημιουργημάτων

277 2082 382 2150 τήν
409 2079 647 2150 ἐξουσίαν
679 2086 758 2154 τῷ
791 2082 1028 2156 Ἐχθρῷ,
1061 2081 1108 2137 εἰ
1141 2084 1218 2155 μὴ
1251 2081 1355 2159 ἄρα
1377 2081 1446 2138 δι’
1476 2084 1678 2154 αὑτων,
1711 2085 1761 2140 ἐν
1795 2087 1840 2158 ᾧ
1863 2107 1922 2142 τε

263 2168 568 2244 πληρωταὶ
601 2174 712 2226 τῶν
742 2168 1070 2243 θελημάτων
1113 2170 1212 2228 εἰσὶ
1246 2177 1344 2228 τοῦ
1381 2174 1639 2250 Ἐχθροῦ,
1671 2174 1760 2230 καὶ
1794 2175 1845 2230 ἐν
1875 2177 1920 2250 ᾧ

271 2261 350 2333 μὴ
390 2259 686 2338 πεφρίκασι
727 2261 1058 2336 θεομαχεῖνς
1102 2261 1265 2318 Οὗτοι
1296 2263 1402 2340 γὰρ
1432 2263 1569 2318 κατὰ
1607 2268 1705 2319 τοῦ
1733 2270 1920 2321 κοινοῦ

269 2350 553 2404 Δεσπότου
610 2348 702 2405 καὶ
745 2349 996 2406 πλάστου
1053 2350 1230 2426 στόμα
1285 2351 1652 2416 πλατύναντες
1710 2353 1917 2433 δύσφη-

273 2460 399 2512 μον,
431 2439 526 2494 καὶ
569 2440 708 2494 κατὰ
745 2446 846 2509 τῆς
897 2437 1297 2518 δημιουργικῆς
1337 2441 1504 2498 αὐτοῦ
1557 2442 1920 2519 ἐπανιστάμε-

265 2535 351 2584 νοι
407 2529 760 2604 κυριότητος,
799 2530 888 2584 καὶ
947 2535 1062 2592 τοῖς
1118 2530 1376 2594 ἒκτόποις
1433 2533 1652 2588 πάθεσιν
1715 2534 1918 2590 ὑποκα-

269 2618 620 2682 τακλίναντες
679 2617 926 2691 ἑαυτοὺς,
981 2619 1031 2690 ἐξ
1087 2621 1161 2676 ὧν
1209 2642 1268 2676 τε
1315 2623 1667 2698 θεομαχοῦσι,
1717 2626 1808 2679 καί
1866 2623 1914 2695 ἐξ

270 2709 346 2763 ὧν
379 2707 555 2784 δρῶσι
589 2708 659 2764 τὰ
704 2707 935 2783 ἄθεσμα,
985 2709 1208 2773 ἑαυτοὺς
1257 2709 1532 2790 ὑπὲιρηναν
1574 2712 1648 2775 ὡς
1695 2712 1916 2784 ἀληθῶς

271 2795 746 2874 δημιουργήματα
775 2798 865 2854 καὶ
898 2795 1130 2861 δούλους
1165 2799 1262 2854 τοῦ
1293 2802 1552 2879 Ἐχθροῦ.
1587 2804 1652 2880 ᾪ
1699 2803 1800 2876 γάρ
1833 2825 1914 2867 τις

269 2887 530 2960 ἥττηται,
568 2889 754 2962 τούτῳ
781 2888 872 2944 καὶ
908 2886 1263 2947 δεδούλωται.
1302 2889 1454 2946 Ἀλλ’
1486 2891 1664 2966 ὥσπερ
1707 2893 1914 2956 ἑκόντες

267 2979 409 3052 πρὸς
457 2979 526 3032 τὰ
571 2977 722 3049 πὲίθη
776 2979 1207 3054 κατασυρόμενοι
1254 2981 1392 3052 (66),
1437 2981 1524 3036 xui
1574 2981 1712 3037 κατὰ
1753 2987 1914 3040 τοῦτο

263 3073 367 3136 τῆς
400 3063 811 3142 δημιουργικῆς
843 3068 1106 3143 Προνοίας
1145 3069 1237 3124 καὶ
1265 3076 1365 3139 τῆς
1395 3070 1531 3146 πρὸς
1579 3072 1670 3126 τὸν
1718 3070 1912 3144 ἀληθι-

2029 1910 2330 1969 continens
2362 1930 2493 1970 vero
2545 1919 2828 1991 prospicit
2859 1931 2920 1977 ut
2963 1937 3347 1996 perseverent.
3379 1935 3501 1997 Quo
3539 1951 3674 1992 vero

2031 1998 2144 2055 alio
2175 2008 2515 2072 argumento
2543 2005 2698 2064 hosti
2748 2015 3096 2080 potestatem
3127 2017 3187 2072 in
3233 2028 3527 2078 creaturas
3572 2024 3674 2080 Dei

2031 2087 2433 2160 vindicabunt,
2467 2111 2641 2166 quam
2673 2113 2742 2153 ex
2772 2115 2860 2168 eo,
2893 2106 3048 2172 quod
3079 2105 3187 2175 ipsi
3223 2109 3533 2178 perﬁciunt
3574 2130 3673 2170 vo-

2030 2176 2316 2235 luntatem
2374 2180 2580 2252 hostis,
2631 2191 2688 2241 et
2745 2205 2859 2244 non
2917 2197 3193 2249 verentur
3224 2176 3426 2254 —Deum
3474 2198 3670 2270 ipsum

2030 2270 2408 2338 oppugnare?
2459 2273 2572 2344 Ipsi
2631 2274 2810 2344 enim,
2865 2278 3006 2335 dum
3056 2286 3257 2340 contra
3298 2301 3672 2346 communem

2034 2355 2348 2414 Dominum
2377 2364 2434 2416 et
2481 2363 2842 2420 conditorem
2874 2366 3089 2425 infame
3135 2387 3200 2427 os
3233 2375 3524 2446 aperiunt,
3567 2379 3670 2434 do-

2031 2445 2398 2520 miniumque
2441 2451 2587 2520 ejus,
2630 2455 2780 2526 quod
2832 2455 3082 2513 Creatori
3131 2445 3430 2534 competit,
3480 2481 3670 2539 oppu-

2028 2539 2232 2605 gnant,
2292 2537 2790 2614 insolentibusque
2843 2545 3148 2604 affectibus
3209 2551 3432 2622 seipsos
3485 2537 3670 2626 subji-

2028 2622 2214 2692 ciunt,
2244 2627 2372 2682 tum
2406 2645 2602 2701 pugna
2631 2647 2736 2686 sua
2765 2631 2824 2688 in
2859 2635 3060 2705 Deum,
3083 2641 3208 2694 tum
3242 2639 3462 2700 illicitis
3494 2622 3685 2700 actio--

2028 2711 2204 2770 nibus
2235 2716 2505 2786 probant,
2557 2735 2618 2775 se
2647 2719 2804 2792 ipsos
2850 2739 2981 2781 vere
3025 2733 3325 2787 creaturas
3372 2736 3430 2788 et
3476 2749 3674 2791 servos

2027 2987 2236 3053 sponte
2267 2989 2466 3040 nostra
2495 2986 2554 3042 in
2587 2989 2830 3047 ati‘ectus
2862 2998 3084 3051 nostros
3110 2996 3331 3069 abrepti
3365 3002 3670 3072 providen-

2029 3072 2106 3127 tia
2134 3071 2422 3132 Creatoris
2453 3077 2696 3150 ejusque
2727 3085 2790 3136 ut
2819 3083 2938 3138 veri
2969 3087 3285 3144 conditoris
3307 3071 3672 3161 possessione

263 3157 358 3210 νὸν
410 3155 662 3228 πλάστην
708 3157 1035 3221 οἰκειώσεως
1086 3155 1474 3234 διαπίπτομεν,
1523 3161 1614 3216 τὸν
1666 3163 1912 3238 Πονηρὸν

2027 3162 2368 3234 excidimus,
2416 3169 2673 3226 vicissim
2707 3186 2836 3228 vero
2879 3174 3098 3232 malum
3139 3179 3444 3238 dominum
3496 3185 3668 3241 nobis

267 3243 330 3302 δὲ
370 3243 640 3318 δεσπότην
687 3248 904 3310 ἑαυτοῖς
952 3247 1330 3325 ἐπεισάγομεν,
1382 3251 1470 3306 καὶ
1522 3251 1621 3320 τήν
1663 3250 1913 3328 γλῶσσαν

270 3335 481 3406 ὁξύνειν
518 3337 656 3392 κατὰ
709 3334 806 3392 τοῦ
858 3332 1141 3412 εὒεργὲτου
1197 3337 1286 3393 καὶ
1354 3338 1597 3395 πλάστου
1657 3341 1760 3396 ὑπὸ
1819 3345 1916 3398 τοῦ

269 3426 558 3500 Πολεμίου
602 3427 1033 3501 ἀναπεισθόμεθα
1064 3445 1076 3459 ⁸
1122 3427 1293 3491 οὕτως
1341 3427 1402 3483 ἂν
1455 3434 1563 3485 τῶν
1613 3433 1797 3486 παθῶν
1851 3432 1913 3488 τὸ

264 3518 467 3580 σκότος
511 3515 854 3595 ἐκφύγοιμεν,
895 3517 987 3571 καὶ
1033 3519 1133 3588 τήν
1183 3538 1240 3572 τε
1289 3519 1472 3594 ψυχὴν
1516 3523 1606 3574 xui
1649 3521 1710 3574 τὸ
1756 3525 1915 3594 σῶμα

265 3608 405 3659 Θεοῦ
457 3601 927 3681 δημιουργήματα
983 3605 1274 3683 ἐπιγνῶναι
1331 3606 1674 3681 θελήσωμεν,
1721 3608 1913 3665 αὐτίκα

269 3693 364 3765 μὲν
397 3690 701 3766 ἐλαύνομεν
728 3697 827 3760 τῆς
855 3696 972 3749 καθ’
1002 3697 1163 3768 ἡμῶν
1195 3693 1510 3771 τυραννίδος
1542 3698 1631 3752 τὸν
1658 3699 1910 3773 Ἐχθρὸν,

260 3783 353 3839 καὶ
449 3782 763 3861 ὀφθαλμοῖς
830 3784 1044 3860 ὁρῶμεν
1129 3785 1551 3860 κεκαθαρμένοις
1636 3785 1908 3861 μηδεμίαν

261 3869 462 3946 ἔχοντα
489 3873 610 3927 καθ’
641 3874 801 3947 ἡμῶν
848 3875 986 3947 μήτε
1016 3873 1198 3950 ἰσχὺν,
1235 3877 1374 3947 μήτε
1401 3875 1720 3950 κυριότητα,
1765 3877 1912 3933 ἀλλὰ

263 3961 716 4034 συμπατούμενον
745 3963 834 4016 καὶ
879 3959 1283 4040 διαγελώμενον
1318 3965 1404 4044 ὑφ’
1442 3967 1624 4038 ἡμῶν,
1665 3965 1824 4022 αὐτόν
1851 3988 1910 4022 τε

259 4050 350 4105 xui
409 4057 584 4106 πᾶσαν
644 4051 810 4108 αὐτοῦ
878 4053 978 4122 τήν
1038 4050 1282 4126 δύναμιν.
1344 4053 1466 4110 Ἐπὶ
1517 4052 1714 4111 ἀσπίδα
1781 4057 1907 4132 γαρ,

265 4140 424 4213 φησὶ,
482 4141 576 4194 καὶ
660 4139 975 4215 βασιλίσκον
1035 4137 1274 4216 ἐπιϐήσῃ
1335 4143 1426 4198 καὶ
1509 4147 1908 4216 καταπατήσεις

251 4228 458 4285 «λέοντα
503 4230 596 4285 xui
641 4226 926 4305 δράκοντα.
959 4233 1106 4295 "Eoi;
1153 4229 1200 4286 δ’
1257 4230 1315 4295 ἃν
1364 4237 1484 4298 ταῖς
1530 4234 1906 4314 ψυχοφθόροις

256 4317 488 4388 ἡδοναῖς
524 4315 883 4392 ἰλυσπώμεθα
911 4322 1041 4392 (67),
1077 4321 1168 4376 καὶ
1219 4320 1393 4376 ὀπίσω
1429 4328 1537 4378 τῶν
1581 4323 1904 4398 ἐπιθυμιῶν,

257 4409 396 4483 πρὸς
439 4408 502 4471 ἃς
544 4411 692 4481 ἡμᾶς
743 4409 770 4464 ὁ
818 4410 1055 4484 Ἐχθρὸς
1106 4413 1348 4479 συνωθεῖ,
1388 4412 1765 4488 πορευώμεθα,
1817 4415 1903 4470 xui

251 4491 546 4569 τέμνωμεν
577 4498 648 4568 τῇ
688 4493 913 4572 γλώσσῃ
945 4497 1033 4552 xui
1072 4502 1153 4571 τῷ
1189 4499 1316 4573 βίῳ,
1347 4498 1435 4554 xui
1478 4496 1795 4579 διχάζωμεν
1828 4504 1903 4567 εἷς

257 4585 580 4662 μαχομένας
631 4585 824 4660 μοίρας
873 4591 971 4641 τοῦ
1020 4587 1222 4661 ἂγαθοῦ
1265 4589 1354 4643 xui
1400 4589 1516 4653 ἑνὸς
1565 4597 1699 4646 Θεοῦ
1744 4591 1904 4666 ἡμῶν

249 4677 350 4744 τήν
392 4675 556 4755 φύσιν
600 4675 692 4728 καὶ
733 4675 832 4743 τήν
880 4673 1186 4750 βασιλείαν,
1236 4679 1323 4733 καὶ
1373 4680 1436 4734 τὸ
1483 4686 1584 4750 τῆς
1633 4679 1900 4759 δημιουρ-

248 4766 368 4841 γίας
421 4766 664 4838 ἀξίωμα,
700 4764 962 4840 οὐμενοῦν
1009 4765 1108 4822 οὐκ
1155 4767 1216 4823 ἃν
1257 4770 1421 4843 ἡμῶν
1471 4768 1651 4826 οὐδενί
1690 4771 1901 4849 γένοιτο

249 4855 348 4922 τῆς
413 4855 874 4925 ὑπεξουσιότητος
933 4857 1021 4911 καί
1087 4856 1403 4932 τυραννίδος
1470 4858 1899 4936 ἐλευθερωθῆναι

251 4949 346 5000 τοῦ
378 4946 642 5021 Ἐχθρυῦ,
673 4943 763 5000 xui
807 4944 946 5018 πρὸς
989 4945 1081 5000 τὸν
1125 4945 1382 5018 ἀληθινὸν
1428 4950 1590 5022 ἡμῶν
1637 4952 1767 5006 Θεὸν
1811 4953 1900 5007 καὶ

252 5033 528 5104 πλάστην,
560 5033 652 5088 xui
699 5034 762 5088 τὸ
801 5038 917 5111 φῶς
959 5040 1062 5104 τῆς
1091 5034 1168 5098 εἲς
1216 5037 1382 5093 αὐτὸν
1429 5034 1702 5105 εὐσεϐείας
1750 5039 1900 5096 ἐναυ-

251 5127 538 5198 γασθῆναι.
572 5123 672 5178 Διὰ
720 5123 826 5200 γὰρ
865 5126 964 5180 τοῦ
1013 5123 1202 5201 σχίσαι
1248 5127 1348 5197 τήν
1402 5125 1530 5202 μίαν
1581 5128 1760 5209 ἀρχὴν
1810 5131 1898 5186 xui

313 5261 360 5296 ⁷³
390 5259 602 5331 Ephes.
635 5275 716 5325 iv,
746 5258 802 5314 6.
878 5259 922 5295 ⁷³
953 5259 1100 5317 Psal.
1135 5277 1225 5331 xc,
1260 5262 1345 5318 13.

2026 3252 2388 3322 asciscimus,
2421 3260 2478 3310 et
2520 3258 2591 3312 ad
2621 3261 2945 3320 acuendam
2995 3265 3054 3320 in
3095 3266 3522 3326 benefactorem
3555 3273 3665 3328 lin-

2023 3356 2194 3412 guam
2217 3342 2287 3398 ab
2312 3342 2473 3400 hoste
2489 3346 2700 3404 adduci
2721 3366 2828 3405 nos
2845 3353 3138 3426 patimur;
3163 3355 3322 3425 ita,si
3345 3358 3662 3419 affectuum

2023 3430 2331 3502 caliginem
2367 3433 2682 3507 fugiamus,
2708 3438 2876 3496 facile
2897 3446 2953 3498 et
2970 3443 3226 3501 animam
3250 3451 3307 3504 et
3327 3465 3538 3522 corpus
3560 3468 3664 3523 pro
3747 3483 3750 3488 -

2023 3519 2303 3576 creaturis
2368 3521 2467 3578 Dei
2544 3541 2860 3596 agnoscere
2931 3531 3197 3606 velimus,
3269 3519 3664 3598 tum—statim

2023 3606 2248 3664 hostem
2277 3627 2310 3666 a
2357 3615 2657 3684 tyrannico
2690 3616 2749 3672 in
2783 3634 2890 3675 nos
2937 3619 3182 3694 imperio
3213 3627 3577 3698 repellimus,
3610 3634 3666 3687 et

2022 3698 2185 3767 puris
2215 3700 2398 3756 oculis
2416 3719 2546 3759 cum
2571 3705 2732 3761 nulla
2755 3708 3034 3768 adversus
3057 3729 3162 3771 nos
3185 3715 3236 3770 vi
3259 3720 3665 3790 autpotestate

2022 3786 2396 3859 instructum,
2449 3793 2550 3847 sed
2611 3797 3007 3856 concultatum
3069 3803 3264 3874 potius
3311 3823 3345 3861 a
3377 3786 3566 3864 inobis
3611 3814 3666 3866 et

2020 3890 2154 3932 cum
2187 3879 2348 3934 omni
2378 3896 2486 3936 sua
2515 3884 2774 3952 potentia
2804 3884 3058 3945 ludibrio
3092 3891 3355 3950 habitum
3380 3897 3664 3969 conspici-

2021 3982 2172 4024 mus.
2203 3967 2378 4039 Super
2407 3970 2598 4040 aspide
2625 3973 2796 4044 enim,
2828 3975 3036 4047 inquit,
3070 3991 3123 4036 et
3155 3982 3418 4041 basilisca
3447 3967 3664 4055 gradie-

2018 4057 2120 4122 ris,
2152 4056 2467 4130 tecumque
2497 4063 2548 4115 et
2594 4061 2884 4118 draconem
2921 4069 3272 4127 conculcabis
3301 4071 3368 4127 ⁷³.
3419 4074 3661 4137 Quando

2019 4164 2148 4205 vero
2179 4149 2238 4205 in
2278 4150 2696 4224 voluptatibus,
2731 4156 2938 4213 animae
2982 4161 3266 4231 pestibus,
3307 4164 3658 4239 volutamur,

2017 4243 2074 4293 et
2105 4239 2469 4312 cupiditates,
2501 4241 2559 4296 in
2593 4259 2740 4314 quas
2793 4245 2978 4305 hostis
3010 4267 3116 4306 nos
3163 4252 3432 4326 impellit,
3465 4261 3658 4314 secta-

2018 4343 2172 4399 mur,
2209 4345 2273 4385 ac
2303 4333 2428 4386 tum
2482 4330 2685 4405 lingua
2712 4341 2839 4392 tum
2889 4337 3005 4396 vita
3045 4341 3241 4399 minus
3290 4348 3347 4400 et
3379 4345 3510 4402 boni
3560 4348 3658 4405 Dei

2017 4419 2202 4474 nostri
2234 4424 2504 4478 naturam
2538 4430 2592 4478 el
2617 4423 2948 4497 imperium,
2973 4437 3024 4486 et
3047 4433 3281 4488 creandi
3309 4433 3652 4506 dignitatem

2014 4523 2281 4565 secamus
2313 4515 2368 4568 et
2399 4511 2456 4566 in
2490 4515 2790 4585 oppositas
2821 4523 3018 4589 partes
3060 4521 3398 4593 dividimus,
3432 4527 3653 4582 nemini

2012 4603 2283 4655 nostrum
2314 4605 2430 4657 tam
2483 4601 2652 4660 beato
2682 4621 2808 4662 esse
2855 4606 3070 4677 licebit,
3111 4615 3176 4666 ut
3222 4613 3293 4667 ab
3339 4613 3522 4670 hostis
3553 4633 3653 4672 su-

2013 4704 2216 4759 prema
2237 4696 2524 4761 potestate
2555 4697 2610 4748 et
2633 4696 2939 4766 tyrannide
2961 4697 3255 4768 liberetur,
3276 4706 3334 4758 et
3355 4703 3430 4758 ad
3451 4721 3653 4762 verum

2010 4775 2194 4832 Deum
2228 4783 2490 4836 nostrum
2545 4799 2610 4837 ac
2641 4785 2999 4842 conditorem
3050 4787 3356 4862 lucemque
3404 4794 3653 4864 pietatis,

2011 4865 2122 4938 ipsi
2165 4869 2493 4938 probandae,
2527 4873 2900 4943 perducatur.
2946 4877 3132 4935 Deum
3185 4881 3343 4938 enim
3384 4901 3652 4942 secamus

2011 4973 2196 5012 unum
2228 4966 2279 5014 et
2311 4958 2463 5015 idem
2487 4961 2861 5034 principium,
2893 4972 2946 5022 et
2977 4983 3082 5024 nos
3105 4969 3177 5025 ab
3209 4971 3336 5043 ipso
3359 4975 3654 5032 abstrahi-

2012 5062 2166 5116 mus,
2199 5051 2374 5120 atque
2423 5051 2566 5106 adeo
2619 5067 2816 5109 verum
2867 5061 3186 5116 creatorem
3237 5067 3295 5118 et
3339 5065 3650 5123 Dominum

2011 5136 2379 5210 abrogamus,
2413 5139 2621 5212 hostis,
2653 5143 2760 5201 hoc
2798 5143 2927 5217 ipso
2976 5165 3248 5221 magnam
3280 5153 3340 5211 in
3386 5173 3492 5213 nos
3538 5172 3651 5229 po-

1415 5405 1656 5467 VARI/E
1698 5411 2083 5475 LECTIONES
2122 5419 2214 5474 ET
2253 5419 2485 5478 ΝΟΤίΕ.

307 5542 423 5626 (ὃρ)
462 5537 932 5626 κατασυρόμενσι.
980 5543 1066 5602 Ita
1104 5541 1250 5626 Olege
1307 5560 1409 5626 pro
1461 5549 1893 5626 κατασυρόμενα,

242 5615 393 5708 quod
428 5617 639 5708 codex“
661 5614 1017 5708 exhibeam:
1068 5614 1425 5708 εἰκῇ-παθη
1450 5635 1555 5708 vox
1596 5614 1898 5708 referenda

239 5685 339 5756 sit,
367 5703 492 5744 cum
517 5687 720 5761 potius
753 5687 822 5743 ad
847 5685 1056 5748 txdvuc
1080 5687 1368 5760 pertinere
1399 5685 1583 5749 nexus
1613 5694 1892 5754 orationis

2005 5559 2296 5614 ostendat.

2079 5626 2192 5715 (67)
2224 5627 2622 5715 ’tluoacbagtia.
2657 5636 2735 5715 De
2777 5635 2890 5696 hoc
2937 5640 3108 5700 verbo
3151 5644 3278 5715 lege
3317 5646 3642 5706 Samuelem

2003 5701 2354 5760 Bocbartum
2387 5700 2446 5760 in
2468 5700 2813 5779 'Hierozoico,
2845 5721 2989 5782 part.
3021 5732 3084 5789 ii,
3117 5700 3334 5787 p.798.
