4084 6210
441 312 551 370 167

1646 310 1915 371 ΡΗΟῚῚΙ
1959 310 2490 373 PATllIARCH/E
2533 311 2648 372 CP.

3711 321 3825 379 168

425 452 694 504 testatem
729 451 955 517 nactus,
989 465 1120 506 eum
1151 463 1364 520 magna
1391 445 1650 503 efﬁcacia
1671 461 1776 502 nos
1799 443 2044 516 impellit

2181 441 2385 514 ταύτης
2416 445 2562 515 ἡμᾶς
2608 443 2806 505 αὐτοὺς
2852 443 3177 519 ἀπορῥῆξαι,
3207 443 3297 500 καὶ
3347 445 3439 501 τὸν
3491 447 3586 519 μέν
3628 445 3825 517 ἀληθιο

423 553 568 609 quos
616 537 835 594 scilicet
882 538 995 595 sibi
1051 538 1130 593 ita
1185 537 1301 608 iam
1353 533 1632 591 obnoxios
1678 533 1955 604 reddidit,
2005 537 2068 589 ut

422 633 649 684 creator
679 632 734 683 et
767 629 1050 685 Dominus
1082 625 1426 698 appelletur.
1462 625 1584 689 Quo
1609 623 1748 695 quid
1773 623 1854 679 vel
1891 623 2065 679 mise-

423 733 556 772 rum
581 718 762 787 magis
785 716 873 772 vel
905 717 1146 787 impium
1180 713 1418 786 cogitari
1457 714 1692 784 potest?
1721 713 2066 769 Accedimus

429 806 673 874 scilicet,
705 805 903 862 relicto
930 806 1218 870 Creatore,
1253 803 1322 858 ad
1371 802 1622 870 hostem,
1649 806 1706 857 et
1736 803 2065 858 deserentes

427 895 780 951 Servatorem
833 895 902 950 ad
942 893 1286 964 perditorem
1328 891 1668 949 currimus:
1711 890 2068 963 despicimus

421 1002 578 1053 eum,
613 985 711 1055 qui
758 999 994 1054 regnum
1026 981 1307 1037 caelorum
1357 980 1525 1037 nobis
1578 980 1762 1048 affert,
1799 981 1899 1051 qui
1933 995 2064 1035 vero

418 1074 488 1129 ad
523 1088 752 1145 poenam
802 1071 914 1127 sibi
955 1075 1214 1143 paratam
1266 1088 1369 1127 nos
1415 1069 1717 1142 pertrahit,
1751 1085 1883 1125 eum
1934 1083 2063 1124 eum

415 1162 611 1218 studio
643 1167 963 1232 sectamur,
995 1167 1052 1218 et
1080 1178 1215 1220 cum
1247 1162 1552 1232 deceptore
1595 1160 1818 1232 decepti
1863 1159 1974 1231 ipsi
2004 1159 2064 1216 in

417 1251 747 1321 gehennam
787 1252 941 1323 ignis
971 1251 1170 1307 interni
1201 1251 1575 1306 condemnari
1615 1249 1908 1306 volumus.

2175 532 2266 587 νὸν
2315 534 2555 601 ποιητὴν
2606 532 2696 586 καὶ
2746 533 3023 602 Δεσπότην
3070 534 3350 604 ἀθετῆσαι,
3399 533 3649 611 μεγάλην
3704 539 3823 592 καθ’

2174 623 2334 694 ἡμῶν
2385 616 2678 694 λαμϐάνων
2730 623 2830 691 τήν
2880 622 3057 697 ἀρχὴν
3105 624 3132 678 ὁ
3180 625 3434 699 Ἐχθρὸς,
3482 627 3658 681 πείθει
3703 626 3824 681 τότε

2177 709 2311 783 μετὰ
2349 707 2570 778 πολλῆς
2615 715 2716 779 τῆς
2761 709 3022 782 ἐξουσίας,
3069 710 3160 773 οὓς
3210 709 3320 782 ἤδη
3375 707 3565 768 ἔλαϐεν
3621 715 3822 770 ὑποκὺ-

2175 803 2372 873 ψαντας
2407 798 2571 854 αὐτοῦ
2604 805 2721 860 ταῖς
2755 801 2973 873 ὁρμαῖς,
3019 803 3109 856 καὶ
3141 803 3378 871 ποιητὴν
3420 803 3508 858 καὶ
3541 805 3818 877 Δεσπότην

2173 887 2330 942 αὑτὸν
2363 887 2750 964 ἀνομολογεῖν.
2787 887 2882 942 Καὶ
2917 890 2968 943 τί
3000 889 3059 944 ἂν
3094 890 3177 961 εἴη
3211 891 3410 946 τούτου
3443 892 3815 969 ἀθλιώτερονς

2176 977 2584 1040 Καταλιπόντες
2632 979 2726 1033 τὸν
2782 979 3136 1055 Δημιουργὸν
3183 979 3541 1054 προέλθωμεν
3576 986 3686 1056 (68)
3742 988 3820 1055 τῷ

2175 1065 2414 1140 Ἐχθρῷ,
2464 1064 2554 1119 καὶ
2606 1065 2698 1120 τὸν
2757 1072 2987 1141 Σωτῆρα
3040 1069 3311 1143 φυγόντας
3366 1074 3446 1140 τῷ
3496 1071 3816 1145 φθοροποιῷ

2173 1152 2570 1230 προσδραμεῖν,
2603 1155 2693 1208 καὶ
2730 1155 2821 1209 τὸν
2870 1156 3183 1226 παρέχοντα
3218 1157 3313 1230 μὲν
3361 1160 3460 1227 τήν
3509 1163 3617 1213 τῶν
3647 1159 3813 1234 οὐρα-

2173 1249 2277 1298 νῶν
2335 1242 2614 1319 βασιλείαν
2665 1241 2953 1313 ὑπεριδεῖν,
3003 1249 3083 1318 τῷ
3141 1244 3198 1300 δὲ
3237 1247 3373 1319 πρὸς
3430 1249 3530 1316 τήν
3577 1250 3814 1322 ἡτοιμαο

411 1341 623 1413 σμένην
678 1341 823 1413 αὐτῷ
866 1340 1093 1396 κόλασιν
1143 1336 1361 1395 ἕλκοντι
1411 1337 1718 1402 σπουδαίως
1775 1337 2220 1406 κατακολουθεῖν,
2269 1334 2358 1389 καὶ
2410 1333 2488 1396 εἷς
2551 1335 2650 1403 τὴν
2697 1332 2914 1411 γέενναν
2956 1340 3054 1390 τοῦ
3112 1334 3478 1409 ἀτελευτήτου
3524 1338 3695 1414 πυρὸς
3739 1344 3818 1412 τῷ

410 1430 687 1486 ἀπατεῶνι
717 1432 843 1492 τοὺς
875 1429 1244 1501 ἀπατηθέντας
1277 1427 1848 1504 συγκαταδικάζεσθαι.

482 1523 651 1579 XVII.
685 1526 775 1593 At,
825 1541 857 1580 ο
914 1541 1014 1580 vos
1076 1528 1292 1579 natura:
1351 1527 1561 1578 nostra:
1607 1527 1664 1578 et
1720 1521 2050 1588 creationis,

413 1628 527 1684 quo
557 1617 747 1668 tamen
781 1614 932 1669 dono
964 1621 1016 1668 et
1047 1613 1180 1683 jure
1209 1612 1526 1680 excidistis,
1559 1610 1894 1682 participes,
1933 1609 2051 1665 evi-

413 1701 590 1772 gilate
637 1703 874 1756 tandem
924 1700 1263 1771 aliquando,
1313 1704 1372 1756 et
1427 1699 1655 1756 animas
1705 1703 1926 1754 vestras
1985 1698 2057 1752 ad

412 1806 787 1846 communem
820 1790 1139 1846 Dominum
1168 1793 1225 1845 et
1255 1789 1615 1846 conditorem
1644 1791 1932 1856 nostrum,
1958 1786 2061 1841 be-

413 1879 766 1935 nefactorem
826 1878 967 1934 item
1028 1887 1082 1933 et
1153 1877 1528 1946 provisorem,
1592 1875 1926 1941 convertite,
1986 1874 2057 1929 ad

411 1984 570 2037 eum,
613 1967 876 2038 inquam,
910 1967 1010 2038 qui
1061 1982 1274 2038 corpus
1325 1965 1617 2032 formavit,
1650 1964 1748 2036 qui
1798 1963 2058 2019 animam

410 2055 740 2126 inspiravit,
776 2054 877 2125 qui
909 2057 1146 2126 propter
1179 2070 1278 2110 vos
1308 2067 1543 2108 carnem
1577 2050 1920 2123 assumpsit,
1955 2051 2054 2124 qui

410 2142 587 2198 homo
631 2143 820 2198 factus
859 2146 970 2209 est,
1002 2149 1057 2198 et
1099 2141 1432 2208 cruciﬁxus,
1466 2145 1522 2196 et
1575 2139 2056 2197 resurrectionem

411 2234 647 2305 proprio
691 2249 798 2288 suo
847 2248 1086 2304 corpore
1136 2232 1412 2288 restituit.
1474 2231 1787 2304 Agnoscite
1836 2230 2056 2286 bonum

413 2324 542 2394 ejus
596 2327 846 2388 Patrem,
880 2322 981 2392 qui
1029 2337 1132 2393 per
1178 2321 1388 2376 Filium
1443 2326 1498 2376 et
1546 2320 1830 2392 Spiritum
1883 2335 2055 2375 suum

410 2415 679 2467 sanctum
713 2410 908 2466 omnia
929 2427 998 2466 ex
1029 2428 1142 2466 non
1167 2409 1584 2466 exsistentibus
1609 2408 1894 2480 produxit,
1919 2407 2055 2463 visi-

411 2500 551 2556 bilia
579 2504 636 2556 et
683 2499 1022 2567 invisibilia,
1072 2502 1409 2570 potestates,
1461 2504 1520 2553 et
1567 2496 1950 2569 principatus,
2000 2505 2056 2552 et

405 2588 594 2659 ipsum
609 2604 834 2658 quoque
847 2587 1074 2642 hostem
1092 2604 1106 2654 ;
1123 2603 1236 2642 non
1252 2587 1482 2657 quidem
1495 2585 1723 2642 malitiae
1735 2585 2052 2657 quidquam

410 2676 493 2732 illi
527 2675 790 2731 tribuens
823 2691 837 2730 :
870 2673 1058 2731 absit!
1094 2675 1384 2745 quomodo
1406 2674 1562 2730 enim
1593 2693 1625 2730 a
1647 2675 1798 2730 bono
1829 2675 2052 2731 malum

420 2764 708 2836 proficisci
735 2765 967 2835 posset?
987 2765 1084 2820 sed
1109 2763 1387 2820 bonitatis
1411 2763 1749 2836 participem
1781 2764 2051 2834 reddens,

419 2871 594 2924 quam
618 2855 741 2925 ipse
779 2853 838 2909 in
865 2852 1147 2909 malitiam
1168 2853 1468 2922 convertit,
1493 2870 1608 2909 non
1633 2852 1828 2909 minus
1851 2867 1916 2910 ac
1948 2852 2052 2922 illi,

412 2942 513 3014 qui
545 2942 657 3014 ipsi
691 2959 844 2998 nunc
875 2942 1292 3013 obsequuntur.
1326 2948 1471 2999 Nam
1504 2947 1560 2998 et
1601 2942 1708 3010 illi,
1737 2947 2048 3014 postquam

403 3030 716 3102 imperium
738 3030 797 3086 in
823 3031 1104 3087 rationem
1129 3047 1315 3100 suam,
1341 3047 1621 3104 magnum
1641 3048 1781 3087 sane
1804 3031 2044 3098 bonum,

401 3121 557 3176 nacti
579 3126 739 3186 sunt,
772 3137 875 3192 per
904 3120 1058 3192 quod
1092 3120 1212 3191 ipse
1244 3121 1419 3176 etiam
1453 3122 1685 3176 Creator
1715 3136 2043 3192 repraesen-

399 3214 578 3279 tatur,
602 3209 661 3265 id
691 3209 954 3280 quidem,
979 3225 1148 3264 usum
1184 3209 1309 3280 ejus
1341 3214 1750 3280 pervertentes,
1774 3209 1833 3264 in
1859 3210 2042 3264 maxi-

398 3315 562 3355 mum
595 3298 812 3354 malum
847 3300 1361 3354 transformarunt.
1387 3299 1548 3363 Quod
1588 3300 1744 3355 enim
1770 3299 1840 3354 ad
1866 3300 2043 3354 Crea-

399 3395 581 3443 torem
613 3386 969 3442 laudandum
1015 3392 1379 3458 acceperant,
1417 3405 1482 3444 eo
1514 3389 1579 3443 ad
1631 3387 2041 3444 celebrandum

395 3476 620 3532 hostem
649 3477 740 3532 usi
791 3482 974 3532 sunt:
1008 3481 1209 3548 etquo
1261 3480 1412 3532 recte
1462 3477 1553 3532 usi
1605 3476 1728 3531 ﬁeri
1777 3481 2044 3546 poterant

397 3565 653 3621 heredes
685 3565 845 3635 regni
891 3564 1164 3634 cmlestis,
1197 3581 1264 3621 eo
1295 3565 1459 3620 abusi
1488 3564 1815 3636 gehennam
1861 3565 2037 3636 ignis,

395 3652 622 3709 diabolo
668 3653 871 3725 parati,
925 3652 1150 3724 ingredi
1211 3651 1554 3708 allaborant.
1607 3652 1713 3708 Sed
1775 3651 2040 3724 evigilata

394 3745 655 3812 tandem,
685 3745 920 3813 surgite,
955 3742 1209 3813 vigilate,
1246 3748 1310 3798 ut
1355 3748 1608 3815 potestas
1641 3743 1824 3799 hostis
1859 3744 2040 3816 repel-

390 3832 548 3888 latur
577 3849 611 3889 a
659 3832 873 3891 vobis:
923 3848 1113 3904 neque
1145 3834 1212 3889 ad
1263 3849 1360 3889 vos
1408 3833 1588 3904 rapite
1637 3833 1900 3904 Apostoli
1948 3834 2036 3890 vel

394 3923 591 3992 potius
647 3921 893 3991 Spiritus
949 3920 1136 3977 sancti
1213 3922 1617 3993 praedictiones
1687 3923 2035 3995 implendas.

391 4011 645 4084 Spiritus
684 4011 841 4068 enim
870 4011 1086 4068 diserte
1117 4011 1198 4067 ait
1230 4027 1245 4068 :
1295 4012 1512 4070 Ultimis
1547 4012 1883 4083 temporibus
1913 4014 2038 4083 qui-

386 4101 511 4157 dam
545 4120 578 4157 a
606 4102 715 4172 ﬁde
761 4101 1033 4170 recedent,
1081 4100 1430 4157 attendentes
1477 4103 1702 4173 spiritui
1744 4102 1954 4157 erroris
1981 4107 2034 4158 et

385 4190 656 4246 doctrinis
685 4190 1102 4257 daemoniorum,
1134 4205 1232 4259 per
1257 4189 1571 4260 hypocrisin
1603 4189 2032 4260 falsiloquorum

388 4294 618 4348 quorum
641 4277 980 4332 conscientia
1000 4279 1243 4332 cauterio
1274 4277 1459 4332 inusta
1481 4286 1594 4331 est:
1621 4277 2032 4346 prohibentium

387 4367 610 4435 nubere,
669 4365 977 4420 iubentium
1011 4362 1287 4417 abstinere
1333 4380 1368 4417 a
1425 4364 1563 4418 cibis
1609 4379 1740 4434 quos
1792 4365 1931 4419 Deus
1977 4367 2032 4419 in

2156 4382 2374 4434 ιεκαυτη
2383 4385 2409 4437 ρ
2422 4368 2686 4439 ιασμένων

385 4472 547 4511 usum
576 4452 818 4511 condidit
848 4451 933 4518 74;
986 4467 1136 4521 quis,
1185 4451 1394 4522 inquit,
1444 4450 1616 4518 Deus,
1668 4467 1783 4507 non
1833 4458 2028 4508 autem

387 4544 568 4601 hostis
614 4542 891 4599 condidit.
946 4540 1162 4604 Quibus
1212 4541 1453 4596 autem?
1495 4539 1814 4607 Fidelibus,
1849 4545 1906 4598 et
1936 4543 2032 4612 iis,

386 4634 488 4703 qui
519 4633 821 4690 veritatem
872 4633 1258 4702 agnoverunt,
1292 4630 1446 4701 quod
1481 4645 1551 4685 ne
1600 4629 1755 4687 ullus
1788 4631 1888 4686 tibi
1938 4648 2030 4687 er-

383 4723 550 4777 randi
612 4725 920 4793 prtstextus
975 4717 1356 4791 relinquatur,
1429 4719 1628 4776 statim
1705 4719 2028 4792 subjungit.

450 4861 498 4898 τε
529 4862 550 4917 Ι
582 4861 731 4918 Tim.
767 4878 840 4932 ιν,
874 4862 984 4918 4-3.

2237 1522 2327 1572 lZ'.
2372 1512 2548 1583 Ἀλλ’,
2599 1516 2643 1569 ὥ
2674 1516 2928 1571 κοινωνοὶ
2978 1523 3085 1586 τῆσ
3115 1519 3274 1590 ἡμῶν
3325 1517 3535 1596 φύσεως
3584 1519 3675 1574 καὶ
3716 1517 3817 1591 δη-

2165 1603 2478 1679 μιουργίας,
2512 1601 2606 1658 κᾶν
2657 1603 2897 1675 έξίστητε
2943 1612 3042 1674 τῆς
3087 1603 3312 1674 δωρεᾶς,
3365 1608 3462 1681 ὀψέ
3511 1613 3637 1685 γοῦν
3679 1609 3805 1664 ἀνα-

2165 1695 2431 1766 νήψαντες
2483 1693 2833 1768 ἐπιστρέψατε
2888 1695 2984 1758 τὰς
3039 1693 3262 1767 καρδίας
3322 1697 3475 1770 ὑμῶν
3535 1697 3674 1772 πρός
3717 1699 3810 1753 τὸν

2167 1784 2350 1838 κοινὸν
2385 1782 2660 1853 Δεσπότην
2697 1785 2784 1838 καὶ
2821 1785 3188 1860 Δημιουργὸν,
3222 1785 3355 1860 πρὸς
3392 1786 3484 1841 τὸν
3527 1786 3811 1862 εὐεργέτην

2167 1870 2256 1924 καὶ
2287 1873 2624 1944 προνοητήν,
2659 1871 2795 1946 πρὸς
2843 1873 2935 1927 τὸν
2987 1870 3358 1929 διαπλάσαντα
3400 1875 3461 1929 τὸ
3512 1879 3691 1948 σῶμα,
3723 1875 3814 1931 καὶ

2167 1957 2534 2033 ἐμπνεύσαντα
2562 1963 2660 2030 τήν
2709 1964 2918 2037 ψυχὴν,
2967 1964 3102 2039 πρὸς
3140 1965 3231 2020 τὸν
3281 1962 3350 2019 δι’
3399 1967 3547 2038 ἡμᾶς
3593 1987 3812 2041 σαρκω-

2166 2046 2340 2117 θέντα,
2402 2049 2492 2102 καὶ
2550 2048 3054 2124 ένανθρωπήσαντα,
3113 2053 3206 2107 καὶ
3263 2052 3656 2128 σταυρωθέντα,
3715 2055 3808 2110 καὶ

2163 2139 2263 2206 τήν
2294 2139 2576 2193 ἀνάστασιν
2610 2136 2697 2194 διὰ
2736 2144 2830 2194 τοῦ
2871 2139 3076 2196 οἰκείου
3115 2143 3368 2215 σώματος
3413 2142 3804 2218 έγκαινίσαντα.

2169 2227 2467 2303 Ἐπίγνωτε
2526 2228 2618 2282 τὸν
2671 2227 2868 2301 ἀγαθὸν
2923 2229 3131 2306 Πατέρα
3190 2231 3375 2298 αὑτοῦ,
3437 2232 3492 2294 ὃς
3559 2230 3646 2286 διὰ
3702 2236 3805 2287 τοῦ

2165 2316 2292 2370 Υἱοῦ
2323 2317 2411 2369 καὶ
2463 2313 2550 2370 διὰ
2595 2320 2693 2371 τοῦ
2725 2316 2883 2392 ἁγίου
2934 2320 3244 2392 Πνεύματος
3289 2319 3453 2376 αὑτοῦ
3482 2321 3654 2376 πάντα
3706 2322 3813 2377 ὑπ-

2164 2403 2382 2474 έστησεν
2417 2404 2475 2459 ἐκ
2517 2406 2593 2478 μὴ
2640 2402 2833 2475 ὄντων,
2866 2407 2932 2462 τα
2979 2409 3146 2483 ὁρατὰ
3192 2410 3282 2464 καὶ
3329 2411 3396 2465 τὰ
3444 2411 3672 2485 ἀόρατα,
3710 2410 3810 2472 τὰς

2163 2491 2441 2567 δυνάμεις,
2473 2495 2569 2556 τὰς
2601 2493 2862 2567 ἐξουσίας,
2891 2499 2982 2552 καὶ
3012 2497 3171 2552 αὐτὸν
3204 2499 3294 2553 τὸν
3338 2498 3558 2575 ἐχθρὸν,
3591 2500 3652 2555 οὑ
3702 2521 3804 2556 ποο

2160 2581 2353 2656 νηρίας
2415 2579 2698 2655 μεταδούς,
2749 2587 2883 2656 μήτι
2928 2587 3184 2662 γένηταιί
3244 2587 3404 2643 πόθεν
3450 2589 3555 2663 γὰρ
3612 2589 3664 2643 έν
3724 2594 3807 2662 τῷ

2161 2669 2347 2744 ἀγαθῷ
2376 2673 2410 2741 ἡ
2447 2669 2732 2744 μετάδοσις
2762 2675 2856 2727 τοῦ
2890 2679 3096 2746 κακοῦς
3129 2675 3254 2731 ἀλλ’
3287 2677 3626 2754 ἀγαθότητος
3663 2680 3800 2737 ἀπό-

2163 2759 2349 2816 λαυσιν
2399 2762 2723 2840 παρασχὼν,
2757 2764 2820 2832 ἦν
2870 2761 3072 2826 ἐκεῖνος
3132 2763 3424 2840 μετέϐαλεν
3469 2768 3546 2830 εἰς
3585 2771 3801 2844 κακίαν,

2163 2848 2343 2923 ὥσπερ
2375 2852 2463 2905 καὶ
2499 2853 2550 2905 οἱ
2599 2856 2693 2906 νῦν
2725 2854 3153 2928 πειθαρχοῦντες
3202 2857 3370 2930 αὐτῷ.
3422 2859 3524 2915 Καὶ
3571 2861 3672 2936 γὰρ
3715 2861 3805 2916 καὶ

2162 2939 2310 2994 οὗτοι
2370 2936 2630 3004 λαϐόντες
2676 2944 2815 3018 μέγα
2872 2943 3066 3018 ἀγαθὸν
3121 2947 3182 3000 τὸ
3237 2945 3633 3004 αὐτοδὲσποτον
3688 2957 3798 3006 τῶν

2159 3025 2460 3104 λογισμῶν,
2497 3027 2566 3084 δι’
2598 3031 2660 3085 οὗ
2690 3032 2778 3086 καὶ
2834 3031 3083 3104 πλάστης
3124 3035 3464 3107 εἰκονίζεται,
3514 3038 3805 3117 μετέστρε-

2155 3119 2255 3189 ψαν
2313 3123 2498 3190 τοῦτο,
2558 3121 2657 3189 τὴν
2727 3125 2924 3195 χρῆσιν
2981 3122 3145 3178 αὑτοῦ
3207 3122 3605 3203 διαφθείραντες
3664 3130 3803 3205 πρὸς

2151 3204 2378 3281 ἔσχατον
2411 3209 2594 3262 κακόν·
2629 3209 2698 3264 δι’
2730 3232 2790 3265 ου
2821 3211 2927 3285 γὰρ
2962 3214 3142 3285 ὑμνεῖν
3177 3209 3375 3271 ἔλαϐον
3403 3217 3492 3271 τὸν
3530 3204 3800 3294 δημιουρ-

2147 3296 2264 3367 γὸν,
2294 3300 2475 3370 τούτῳ
2501 3299 2637 3374 πρὸς
2677 3299 2878 3372 ὕμνους
2912 3300 3218 3376 ἐχρήσαντο
3258 3309 3355 3360 τοῦ
3393 3309 3658 3382 Έχθροῦ.
3694 3310 3796 3364 Καὶ

2149 3385 2230 3440 ὅτι
2264 3386 2309 3457 ᾧ
2362 3387 2686 3461 χρωμένους
2735 3389 2858 3460 ένῆν
2901 3398 3002 3460 τῆς
3059 3394 3168 3448 τῶν
3220 3392 3462 3469 οὐρανῶν
3512 3397 3798 3470 βασιλείας

2147 3474 2536 3550 κληρονόμους
2583 3477 2845 3552 γενέσθαι,
2895 3481 3074 3553 τούτῳ
3133 3486 3567 3558 παραχρώμενοι
3618 3508 3794 3543 σπου-

2148 3560 2368 3632 δάζουσι
2397 3567 2496 3633 τήν
2526 3568 2740 3640 γέενναν
2777 3572 2874 3622 τοῦ
2904 3571 3092 3644 πυρὸς,
3124 3572 3152 3626 ὃ
3186 3574 3519 3646 ἡτοίμασται
3544 3580 3624 3648 τῷ
3671 3574 3797 3631 δια·

2148 3648 2320 3725 δόλῳ,
2358 3653 2626 3711 ὑπελθεῖν.
2659 3655 2816 3712 Ἀλλ’
2856 3658 3187 3733 ἀνανήψατε,
3221 3659 3564 3734 διανάστητε,
3595 3686 3799 3741 γρηγο-

2147 3745 2364 3817 ρήσατε,
2398 3742 2537 3800 ὥστε
2566 3751 2662 3800 τοῦ
2695 3749 2932 3824 Ἐχθροῦ
2970 3752 3067 3819 τήν
3100 3749 3338 3821 ἐξουσίαν
3380 3753 3796 3826 ἀποσκευασθῆ-

2143 3853 2225 3886 ναι
2259 3833 2348 3911 ἀφ’
2389 3834 2566 3906 ὑμῶν,
2602 3832 2743 3907 μηδὲ
2785 3835 2865 3914 ἐφ’
2900 3837 3039 3912 ὑμᾶς
3083 3845 3459 3914 παραστήσατε
3505 3847 3599 3906 τὰς
3650 3845 3794 3901 ἀπο-

2145 3921 2400 3983 στολικὰς
2433 3924 2790 4000 προφητείας,
2843 3925 3057 4000 μᾶλλον
3092 3926 3146 3984 δὲ
3185 3931 3281 3991 τὰς
3313 3937 3408 3987 τοῦ
3451 3936 3792 4006 Πνεὺματος,

2142 4010 2549 4086 πληρουμένας.
2595 4015 2694 4068 Καὶ
2726 4016 2830 4090 γὰρ
2880 4017 2941 4070 τὸ
2983 4023 3199 4092 Πνεῦμα
3244 4021 3424 4094 ῥητῶς
3465 4022 3612 4097 λέγει
3647 4045 3659 4058 ·
3697 4026 3790 4082 Ἐν

2145 4097 2388 4171 ὑπέροις
2481 4106 2697 4170 καιροῖς
2788 4102 3183 4174 ἀποστήσονταί
3280 4129 3424 4171 τινες
3497 4113 3598 4175 τῆς
3691 4113 3792 4166 πί-

2144 4190 2310 4271 στεῶς
2369 4190 2731 4264 προσέχοντες
2787 4192 3052 4265 πνεύμασι
3109 4194 3324 4267 πλάνης
3374 4199 3489 4271 (69)
3546 4198 3634 4254 καὶ
3704 4196 3794 4254 δι-

2145 4270 2464 4337 δασκαλίαις
2599 4275 2896 4352 δαιμόνων,
3037 4281 3316 4359 ὑποκρίσει
3434 4270 3791 4362 ψευδολόγων

2796 4370 2895 4438 τὴν
3007 4369 3144 4426 ἰδίαν
3259 4373 3581 4448 συνείδησιν,
3683 4399 3798 4432 κω·

2141 4447 2382 4536 λυόντων
2455 4462 2674 4530 γαμεῖν,
2732 4458 3027 4534 ἀπέχεσθαι
3076 4461 3382 4536 βρωμάτων
3459 4465 3494 4519 ἃ
3655 4467 3794 4530 Θεὸς

2141 4533 2347 4596 ἔκτισεν
2401 4543 2477 4606 εἷς
2529 4533 2869 4620 μετάληψιν,
2905 4550 2996 4618 “Α,
3046 4533 3232 4627 φησὶν,
3283 4554 3311 4607 ὁ
3378 4555 3530 4624 Θεὸς,
3599 4555 3710 4630 οὑχ
3763 4556 3792 4610 ὁ

2141 4630 2376 4705 Ἐχθρὸς
2416 4631 2611 4691 ἔκτισε.
2641 4634 2744 4691 Καὶ
2791 4637 2974 4708 τίσιν;
3011 4638 3099 4694 ἵνα
3144 4638 3390 4715 μηδεμία
3436 4664 3522 4698 σοι
3569 4643 3792 4716 πλάνης

2140 4721 2408 4799 πρόφασις
2460 4722 2766 4802 ὑπολειφθῇ
2796 4731 2912 4782 τοῖς
2966 4735 3181 4791 πιστοῖς
3227 4730 3379 4794 εὐθὺς
3424 4735 3796 4808 συναρμόττει

1540 5003 1778 5062 VARle
1818 5006 2208 5065 LEGTIONES
2247 5009 2337 5064 ET
2375 5009 2604 5067 NOT/E.

451 5151 582 5236 (ϐξ),
612 5146 1000 5236 ρροέλθωμεν,
1033 5148 1228 5233 ⁹εει-ἱεὶς
1283 5147 1566 5236 orationis
1623 5147 1813 5236 legere
1855 5149 2025 5220 jubet

381 5220 672 5298 προελθεῖν
698 5223 816 5294 μὶν,
850 5220 1001 5279 sicut
1030 5221 1089 5277 in
1131 5221 1518 5294 sequentibus
1548 5220 1802 5277 occurrit
1852 5239 2024 5296 προσ-

381 5293 630 5352 δραμεῖν.
655 5302 765 5352 etc.

417 5313 554 5352 σαμε
566 5314 630 5352 ιν.
655 5309 765 5352 Θῐοο

415 5316 944 5440 ρῗιᾙίέἰάδῄλιυ.
982 5365 1045 5440 in
1085 5363 1199 5440 hoc
1231 5363 1393 5420 Pauli
1440 5363 1585 5440 loco
1628 5363 1826 5435 legunt
1876 5381 2022 5440 non-

379 5433 526 5498 nulli
549 5433 626 5494 'ex
647 5433 934 5495 veteribus
964 5435 1300 5493 doctoribus
1326 5452 1434 5508 pro
1476 5433 1730 5504 πλάνοις,
1764 5437 1914 5507 quod
1961 5435 2020 5492 in

378 5511 679 5571 hodiernis
729 5509 1028 5565 codicibus
1056 5512 1260 5564 exstat.
1315 5507 1409 5562 Sic
1458 5511 1514 5562 et
1561 5509 1730 5578 pauci
1779 5508 2020 5578 quidam

380 5599 558 5642 manu
582 5581 800 5638 exarati
822 5580 1087 5638 eamdem
1113 5579 1420 5635 lectionem
1444 5582 1786 5648 sequuntur,
1806 5578 1924 5635 sive
1955 5597 2023 5634 ex

378 5656 536 5718 facili
592 5652 897 5726 utriusque
943 5653 1124 5720 vocis,
1175 5667 1242 5708 ex
1289 5652 1486 5707 eadem
1542 5652 2020 5721 pronuntiatione

2133 5155 2277 5236 orta,
2315 5155 2908 5236 permutationeLsive
2929 5174 3029 5230 per
3048 5158 3438 5236 glossemarex
3461 5165 3678 5236 I_Joan.
3701 5179 3786 5231 IV,

2133 5227 2186 5288 6,
2231 5227 2517 5314 petitum,
2548 5242 2676 5298 quis
2736 5227 3418 5314 Miltii—est'usententia.
3482 5234 3566 5291 ibi
3615 5227 3783 5314 enini

2131 5293 2343 5368 πνεῧμα
2382 5293 2594 5368 ,πλάνης
2647 5309 3019 5358 memoratur.
3067 5303 3256 5360 Nolim
3297 5321 3436 5361 sane
3477 5321 3609 5363 cum
3653 5307 3790 5364 Jos.

2133 5366 2319 5448 Medo,
2342 5367 2424 5448 τὸ,
2458 5366 2695 5448 πλάνης,
2721 5388 2824 5444 pro
2846 5375 3102 5448 genuina
3123 5377 3368 5433 lectione
3389 5377 3604 5434 habere
3632 5379 3790 5436 etde

2132 5439 2461 5524 idololatria.
2505 5439 2996 5524 explica—reLquod
3059 5452 3378 5524 utrumque
3427 5450 3499 5524 i_s_
3536 5450 3668 5524 facit
3715 5451 3786 5524 in

2131 5510 2497 5594 Fragmentis
2545 5510 2747 5594 sacris.
2792 5510 3078 5594 Non__tam
3129 5510 3298 5574 enim.
3325 5521 3396 5576 de
3445 5521 3787 5578 idololatria

2131 5587 2459 5653 speciatim,
2485 5601 2660 5656 quam
2696 5590 2765 5640 de
2799 5587 2972 5644 variis
3005 5594 3297 5647 erroribus
3331 5607 3655 5648 sermonem
3681 5594 3786 5650 hic

2131 5669 2278 5720 esse,
2311 5657 2616 5728 sequentia
2645 5664 2934 5720 commata
2963 5662 3255 5720 evincunt.
