4084 6210
239 375 350 436 169

1316 374 1628 435 CONTRA
1672 371 2146 436 MANICHIEOS
2190 373 2422 437 LIBER
2466 373 2576 437 ΙΙΙ.

3527 385 3646 445 170

236 508 319 562 καὶ
356 505 698 582 ἰπεγνωκόσι
751 508 853 577 τήν
904 506 1184 577 ἀλήθειαν.
1234 510 1396 562 ’Ὠστε
1443 512 1547 568 πᾶς
1600 507 1696 579 μὶν
1729 507 1756 561 ὁ
1788 527 1880 561 πι-

2024 513 2196 580 taque
2227 508 2416 564 fidelis
2446 509 2661 580 omnis,
2693 514 2750 566 et
2781 511 2881 584 qui
2912 512 3216 569 veritatem
3249 515 3510 587 agnovit,
3533 517 3648 574 scit

243 598 356 652 στός
412 597 506 651 καὶ
565 593 892 670 ἐπεγνωκὼς
947 597 1046 665 τὴν
1098 593 1359 666 ἀλήθειαν
1409 593 1529 650 οἶδε
1574 597 1746 652 πάντα
1795 597 1883 651 καὶ

1998 599 2194 653 omnia
2223 604 2282 653 et
2310 612 2445 654 cum
2478 599 2753 655 omnibus
2785 600 2958 656 etiam
2995 601 3155 658 cibos
3177 607 3469 659 creaturas
3505 605 3646 662 boni

245 685 368 759 μετά
416 683 660 754 πάντων,
719 684 811 738 καὶ
862 685 930 739 τὰ
983 685 1248 758 βρώματα
1294 683 1564 756 κτίσματα
1608 684 1742 738 εἶναι
1789 687 1886 740 τοῦ

2024 685 2098 740 )ei
2129 701 2276 740 esse.
2311 685 2416 750 Qui
2446 701 2578 741 vero
2603 688 2865 757 quaedam
2887 703 2957 743 ex
2979 689 3097 745 illis
3126 691 3196 745 ad
3235 689 3414 747 alium
3454 691 3647 761 refert,

245 777 440 850 ἀγαθοῦ
501 779 660 830 Θεοῦ.
702 775 760 828 '0
809 771 866 828 δὲ
914 772 991 835 sic
1034 771 1218 846 ἕτερον
1277 773 1553 852 ἀναφέρων
1611 772 1660 846 ἐξ
1714 775 1892 829 αὐτῶν

247 884 380 931 τινα,
438 863 598 924 οὗτος
666 859 779 916 ἐστι
838 861 962 936 περὶ
1022 860 1083 916 οὗ
1131 861 1194 917 τὸ
1253 861 1406 936 ἃγιον
1469 861 1586 916 εἶπε
1653 865 1890 934 Πνεῦμα·

243 953 420 1007 Ἔστιν
506 952 535 1006 ὁ
609 951 1010 1025 προσεσχηκὼς
1111 950 1381 1025 πνεύμασι
1481 950 1696 1022 πλάνης
1804 950 1894 1013 καὶ

247 1037 620 1104 διδασκαλίαις
687 1037 1015 1112 δαιμονίων,
1081 1040 1171 1094 καὶ
1236 1046 1337 1108 τῆς
1403 1037 1647 1110 ἀληθοῦς
1730 1041 1893 1113 ἡμῶν

251 1134 349 1184 τῶν
408 1134 750 1202 Χριστιανῶν
819 1129 1055 1192 πίστεως
1123 1128 1453 1199 ἀποστάτηςο
1513 1128 1636 1202 περὶ
1680 1129 1755 1184 ὧν
1803 1127 1894 1183 καὶ

252 1218 471 1293 ἑτέρωθι
538 1221 567 1273 ὁ
632 1223 730 1274 τοῦ
796 1219 1109 1292 Πνεύματος
1187 1219 1476 1298 ὑποφήτης
1538 1219 1891 1296 προφητεύειο

247 1309 323 1362 Ἐν
393 1306 658 1383 ἐσχάταις
724 1307 979 1383 ἡμέραις,
1037 1307 1237 1382 λέγων,
1314 1305 1658 1379 ἒνστήσονται
1713 1311 1894 1382 καιροὶ

249 1396 507 1471 χαλεποίο
569 1395 776 1452 ἔσονται
835 1397 939 1471 γὰρ
1009 1397 1063 1452 οἷ’
1127 1399 1405 1472 ἂνθρωποι
1464 1395 1743 1472 φίλαυτοι,
1802 1419 1897 1474 φι-

249 1485 541 1562 λάργυροι,
620 1484 902 1557 ἀλαζόνες,
1004 1486 1350 1566 βλάσφημοι,
1432 1491 1678 1564 γονεῦσιν
1742 1487 1900 1542 ἀπει-

247 1577 371 1637 θεῖς.
410 1575 514 1631 Καὶ
563 1576 633 1630 τά
688 1572 836 1631 ἄλλα
883 1575 1158 1631 ἀκόλουθα
1204 1575 1521 1652 καταλέγων
1570 1577 1740 1646 πάθη,
1799 1583 1898 1645 τῆς

245 1663 587 1741 προφητείας
673 1665 839 1740 πέρσς
913 1669 1169 1720 ποιεῖται’
1278 1666 1574 1743 Μόρφωσιν
1681 1663 1900 1741 ἔχοντες

236 1749 538 1820 εὐσεϐείας,
603 1754 705 1822 τήν
765 1751 824 1808 δὲ
901 1749 1126 1826 δύναμιν
1186 1753 1358 1823 αὐτῆς
1415 1755 1738 1829 ἠρνημένοι.
1798 1754 1900 1810 Καὶ

237 1843 298 1897 ’ὸν
401 1842 604 1914 τρόπον
707 1845 913 1908 Ἰαννῆς
1013 1842 1104 1897 καὶ

243 1936 460 2001 Musaei,
522 1929 664 1986 οὕτω
735 1931 827 1986 καὶ
888 1932 1037 1986 οὗτοι
1105 1929 1447 1986 ἀνθίστανται
1515 1933 1582 2004 τῇ
1641 1930 1888 2003 ἀληθείᾳ.

245 2020 350 2074 Καὶ
396 2020 496 2097 γάρ
553 2021 828 2076 συντάττει
885 2021 982 2089 τὴν
1042 2023 1136 2093 μέν
1197 2019 1454 2090 ἀλήθειαν
1517 2025 1598 2091 τῷ
1662 2023 1890 2092 Μωυσῇ,

238 2109 372 2170 τοὺς
405 2107 461 2164 δὶ
489 2109 886 2180 ἀνθεστηκότας
933 2113 1003 2183 τῇ
1051 2108 1283 2180 ἀληθείᾳ
1328 2113 1408 2181 τῷ
1459 2109 1633 2181 Ἰαννῇ
1679 2109 1768 2163 καὶ
1814 2112 1894 2180 τῷ

239 2194 500 2272 Ἰαμόρῇ.
535 2199 598 2254 Εἴ
639 2195 696 2254 δὲ
748 2200 983 2267 Μωυσῆς
1036 2199 1131 2272 μὲν
1180 2199 1268 2253 καὶ
1331 2200 1365 2268 ἡ
1427 2197 1660 2268 ἀλήθεια
1715 2195 1767 2251 ἐν
1825 2195 1894 2271 τῇ

245 2288 382 2362 αὐτῇ
411 2288 586 2358 τάξει,
629 2289 833 2357 Ἰαννῆς
881 2284 937 2342 δὲ
985 2289 1074 2342 καὶ
1127 2283 1390 2360 Ἰαμϐρῆς
1446 2288 1560 2360 (70)
1609 2285 1896 2360 σύστοιχοι

243 2384 361 2440 τοῖς
413 2375 822 2448 ἀνθισταμένοις
865 2381 934 2450 τῇ
993 2375 1244 2447 ἀληθείᾳ,
1293 2381 1411 2438 πῶς
1460 2374 1526 2430 οὐ
1575 2374 1690 2429 κατ’
1723 2375 1899 2429 αὐτῶν

245 2469 280 2538 ἡ
355 2466 679 2541 προφητεία
743 2469 911 2521 ταῦτα
1001 2470 1304 2539 προεῖπεν;
1371 2465 1434 2520 Οἱ
1501 2465 1606 2539 γὰρ
1663 2464 1902 2525 Μωσέως

251 2556 562 2616 λυττῶντες
586 2553 926 2610 ἀνθίστανται
989 2553 1083 2628 μὲν
1127 2557 1197 2627 τῇ
1248 2551 1502 2625 ἀληθείᾳ,
1562 2552 1903 2608 συνίστανται

249 2643 426 2700 δὲκαὶ
487 2641 940 2722 συνδυσφημοῢσι
1003 2646 1078 2714 τῷ
1134 2643 1312 2715 Ἰαννῇ
1363 2642 1451 2696 καὶ
1516 2645 1597 2713 τῷ
1645 2637 1902 2715 Ἰαμϐρῇ.

247 2735 344 2790 Καὶ
381 2733 438 2804 ἒξ
470 2735 536 2789 οὗ
591 2731 825 2807 ψεύδους
870 2732 1180 2808 ἐπήρθησαν
1236 2732 1287 2786 οἱ
1338 2730 1563 2787 παλαιοὶ
1607 2731 1906 2788 ἀποστάται

255 2823 441 2879 στάσιν
471 2823 612 2878 κατά
651 2822 894 2883 Μωσέως
950 2821 1268 2892 ἀναστῆσαι,
1315 2818 1402 2876 διὰ
1459 2825 1556 2876 τοῦ
1603 2820 1770 2876 αὐτοῦ
1817 2821 1909 2876 καὶ

253 2915 306 2968 οἱ
334 2913 450 2968 νὲοι
475 2912 918 2982 ἠλαζονεύσαντο
947 2912 1084 2966 κατά
1119 2931 1179 2966 τε
1223 2915 1332 2966 τῶν
1378 2913 1683 2966 Μωσαϊκῶν
1729 2909 1917 2984 γριιιμ-⁴

257 3003 473 3075 μάτων,
505 3002 596 3056 καὶ
627 3004 724 3056 τοῦ
763 3003 930 3055 ταῦτα
974 3000 1442 3074 νομοθετήσαντος
1485 2997 1772 3076 τυραννίδι
1818 3019 1912 3054 κι-

253 3096 388 3148 νεῖν.
451 3088 608 3158 Πλήν
663 3087 752 3143 ἐπὶ
800 3088 862 3142 τὸ
921 3093 1110 3165 χεῖρον
1165 3086 1380 3149 τούτοις
1411 3089 1445 3156 ἡ
1480 3083 1732 3162 διαφορά.
1782 3092 1908 3148 Τοῖς

2005 774 2056 830 is
2082 778 2188 842 est,
2220 775 2288 830 de
2321 790 2434 846 quo
2461 774 2711 845 Spiritus
2738 783 2976 833 sanctus
3010 779 3126 833 ait:
3162 782 3274 847 Bst,
3319 779 3417 852 qui
3463 784 3649 836 atten-

2005 863 2093 917 dit
2137 862 2422 932 spiritibus
2467 865 2671 919 erroris
2718 868 2767 920 et
2814 869 3079 922 doctrinis
3126 870 3460 933 dzmonum,
3512 873 3569 924 et
3619 886 3651 924 a

2003 967 2139 1005 vera
2164 950 2628 1007 Christianorum
2663 953 2775 1008 ﬁde
2796 954 3052 1010 defector
3069 955 3098 1009 ?
3123 955 3205 1011 De
3234 956 3452 1012 talibus
3477 956 3654 1013 etiam

2004 1039 2140 1093 alibi
2175 1039 2427 1110 Spiritus
2457 1046 2695 1096 sanctus
2741 1058 2924 1111 praeco
2972 1044 3326 1100 vaticinatur
3359 1061 3372 1100 :
3419 1047 3482 1100 In
3513 1047 3651 1103 ulti-

2008 1128 2112 1183 mis
2153 1128 2358 1196 diebus,
2392 1128 2689 1200 inquiens,
2732 1138 2978 1202 tempora
3028 1131 3292 1202 difﬁcilia
3331 1134 3653 1190 imminent.

2006 1218 2182 1272 Erunt
2219 1219 2368 1273 enim
2397 1217 2644 1273 homines
2671 1219 2762 1273 sui
2787 1223 3058 1286 amantes,
3091 1220 3280 1291 avari,
3303 1226 3650 1293 arrogantes.

2007 1305 2326 1376 blasphemi,
2355 1306 2681 1377 parentibus
2703 1307 3068 1378 immorigeri.
3091 1311 3411 1366 Recensitis
3443 1311 3656 1368 deinde

2007 1395 2139 1450 aliis
2176 1393 2471 1451 similibus
2503 1395 2760 1467 ﬂagitiis,
2791 1396 3051 1452 vaticinii
3086 1397 3240 1454 hunc
3270 1400 3407 1455 facit
3437 1399 3614 1456 tinem
3641 1415 3656 1456 :

2009 1487 2121 1558 Qui
2143 1486 2347 1542 habent
2360 1489 2597 1557 formam
2613 1486 2857 1558 pietatis,
2881 1489 2992 1542 vim
3021 1504 3144 1545 vero
3163 1491 3279 1560 ejus
3299 1491 3573 1562 abnegant
3587 1489 3654 1527 ⁷⁵·

2007 1576 2074 1630 Ει
2130 1574 2591 1646 quemadmodum
2645 1576 2848 1632 Jannes
2905 1581 2960 1632 et
3017 1577 3262 1634 Jambres
3337 1578 3660 1635 restiterunt

2008 1662 2158 1729 Mosi,
2195 1662 2272 1718 ita
2301 1671 2353 1718 et
2383 1662 2474 1718 illi
2501 1665 2765 1719 resistunt
2802 1663 2868 1720 ⁷⁸.
2902 1664 2987 1719 Ibi
3017 1666 3323 1738 oonjungit
3351 1668 3658 1723 veritatem

2008 1769 2140 1808 cum
2174 1753 2350 1818 Mose,
2381 1769 2480 1810 eos
2509 1759 2701 1808 autem
2736 1754 2858 1824 qui,
2908 1755 3138 1811 veritati
3180 1756 3476 1824 resistant,
3527 1772 3658 1812 cum

1205 1837 1469 1917 Ἰαμϐρῆς
1571 1842 1893 1913 ἀνθέστηκεν

2024 1843 2193 1898 lanae
2225 1847 2281 1897 et
2309 1842 2563 1898 Jambre.
2595 1843 2652 1899 Si
2683 1859 2816 1899 vero
2849 1842 3038 1900 Moses
3059 1852 3114 1900 et
3138 1844 3353 1901 veritas
3374 1847 3432 1900 in
3455 1845 3657 1900 eadem
3729 1899 3732 1902 .

2000 1931 2186 1986 classe
2217 1935 2378 2000 sunt,
2406 1930 2626 1986 Jannes
2659 1936 2856 1986 autem
2889 1937 2948 1987 et
2999 1933 3270 1988 Jambres
3303 1933 3662 2006 respondent

2001 2023 2074 2077 iis
2105 2022 2205 2094 qui
2242 2022 2526 2078 resistunt
2565 2022 2816 2090 veritati,
2869 2023 3163 2094 quomodo
3214 2039 3330 2078 non
3379 2024 3554 2079 etiam
3586 2024 3660 2080 de

2006 2112 2121 2169 illis
2153 2112 2451 2186 prophetia
2483 2113 2604 2168 haec
2647 2113 2987 2185 accipienda
3017 2113 3153 2168 est?
3201 2113 3286 2169 Illi
3326 2114 3482 2170 enim
3515 2115 3658 2171 dum

2005 2204 2064 2259 in
2131 2202 2333 2258 Mosen
2393 2189 2719 2268 insaniunt,
2780 2202 3060 2259 resistunt
3109 2203 3346 2274 quidem
3402 2203 3655 2269 veritati,

2008 2292 2298 2363 conjuncti
2333 2307 2468 2348 vero
2499 2296 2639 2347 sunt
2668 2306 2802 2346 cum
2832 2291 3016 2346 Janne
3047 2295 3103 2346 et
3127 2291 3385 2360 Jambre,
3408 2305 3660 2362 cumque

2009 2381 2082 2436 iis
2131 2379 2590 2436 calumniantur.
2650 2384 2772 2436 Imo
2822 2379 2991 2448 cujus
3040 2379 3324 2434 mendacii
3353 2379 3407 2434 vi
3437 2385 3659 2435 veteres

2008 2469 2094 2525 illi
2127 2472 2402 2540 apostataz
2433 2468 2504 2523 ad
2539 2468 2913 2525 rebellionem
2943 2472 3146 2524 contra
3178 2467 3374 2524 Mosen
3397 2468 3657 2523 excitan‘

2013 2560 2145 2614 dam
2180 2559 2429 2630 permoti
2462 2563 2620 2628 sunt,
2654 2559 2856 2614 eadem
2902 2562 2959 2614 et
2997 2559 3345 2614 recentiores
3392 2574 3455 2614 se
3494 2562 3664 2614 extu-

2015 2649 2206 2705 lerunt
2237 2649 2307 2705 ad
2342 2648 2740 2721 oppugnanda
2778 2648 2956 2704 Mosis
2997 2647 3212 2719 scripta
3259 2648 3523 2718 ejusque,
3564 2645 3664 2718 qui

2017 2735 2116 2792 illa
2157 2739 2346 2793 instar
2404 2735 2598 2808 legum
2659 2735 2920 2805 tradidit,
2981 2734 3334 2790 dominium.
3391 2736 3662 2790 Attamen

2017 2825 2172 2880 inter
2200 2841 2299 2882 eos
2350 2841 2418 2881 ea
2461 2829 2550 2880 est
2589 2824 2935 2891 differentia,
2987 2840 3115 2894 quis
3165 2824 3514 2879 recentiores
3563 2823 3670 2878 hoe

2021 2915 2248 2985 pejores
2281 2913 2484 2969 reddit.
2521 2912 2694 2983 Apud
2724 2912 2943 2984 priores
2976 2913 3132 2967 enim
3167 2910 3393 2966 malitia
3430 2909 3492 2966 in
3524 2926 3670 2966 con-

2020 3001 2152 3058 silio
2182 3001 2561 3067 subsistebat,
2593 3001 2732 3072 quia
2753 2999 3101 3073 supplicium
3135 3003 3268 3054 ante
3290 3003 3669 3055 consecutam

2021 3091 2305 3147 actionem
2330 3107 2450 3158 eos,
2475 3090 2574 3162 qui
2591 3088 2810 3160 aliquid
2835 3086 3458 3160 perpetraturimaium
3482 3092 3671 3156 erant,

262 3182 356 3254 μὲν
389 3179 494 3255 γὰρ
526 3178 579 3233 ἐν
613 3177 820 3252 μελέτῃ
867 3179 976 3251 (71)
1024 3176 1087 3232 τὸ
1133 3177 1298 3232 κάκὸν
1349 3173 1499 3246 ἕστη’
1541 3183 1642 3246 τῆς
1691 3176 1911 3252 πληγῆς

2027 3180 2139 3235 nisi
2172 3196 2204 3234 a
2251 3183 2464 3234 conatu
2497 3178 2756 3246 retraxit,
2796 3177 3036 3233 omnino
3084 3175 3342 3232 sustulit.
3395 3177 3467 3230 At
3506 3175 3565 3230 hi
3614 3177 3673 3230 et

259 3271 368 3342 πρὸ
399 3275 502 3338 τῆς
537 3268 783 3342 πράξεως
812 3267 938 3328 τοὺς
967 3266 1270 3341 πράξαντας
1302 3265 1387 3336 ἂν,
1429 3264 1473 3320 εἷ
1529 3266 1606 3338 μή
1657 3266 1916 3339 μετῆλθε,

259 3365 361 3427 τῆς
419 3356 795 3433 ἐγχειρήσεως
849 3353 1187 3431 ἀπαγούσης.
1257 3355 1318 3411 Οἱ
1378 3353 1434 3410 δὲ
1511 3353 1918 3427 μεμελετήκασι

262 3442 564 3511 δυσσεϐῶς,
591 3452 692 3515 τῆς
726 3443 1137 3522 φιλανθρωπίας
1195 3445 1313 3499 ἀντὶ
1363 3447 1459 3499 τοῦ
1514 3446 1784 3519 τιμωρίαν
1814 3444 1921 3500 λα·-

267 3531 382 3590 ὅεῖν
442 3537 545 3603 τήν
591 3534 880 3606 μετάνοιαν
937 3531 1332 3604 ἀναμενούσης,
1392 3534 1483 3586 οἶα
1528 3529 1595 3603 δὴ
1645 3553 1924 3611 καταφρο-

265 3625 425 3694 νηταὶ
456 3623 549 3678 καὶ
583 3621 820 3696 δευτέρῳ
850 3626 997 3694 κακῷ
1025 3623 1088 3677 τὸ
1126 3617 1408 3692 προλαϐὸν
1457 3627 1646 3696 χεῖρον
1695 3627 1921 3678 ποιοῦν.

266 3735 376 3783 τες,
403 3713 495 3768 καὶ
531 3714 632 3782 τὴν
662 3710 916 3786 γλῶσσαν
961 3710 1204 3780 ὁπλίζειν
1246 3711 1380 3766 κατὰ
1425 3715 1522 3766 τοῦ
1570 3714 1922 3786 Δημιουργοῦ

265 3808 372 3858 τῶν
403 3801 556 3857 ὅλων
592 3800 654 3856 οὗ
719 3798 1171 3874 διαλιμπάνουσι,
1227 3797 1318 3854 διὰ
1375 3801 1468 3872 μὲν
1527 3805 1637 3855 τῶν
1694 3797 1923 3874 ὕϐρεων,

269 3892 326 3952 ἃς
377 3887 715 3965 καταχέουσι
780 3893 877 3944 τοῦ
938 3889 1082 3944 θείου
1132 3888 1482 3964 θεράποντος,
1533 3884 1927 3964 συνεξυϐρίζον-

267 4001 378 4050 τες,
411 3980 506 4034 καὶ
559 3979 621 4042 ’ἀς
667 3976 909 4048 ἐδέξαντο
958 3977 1280 4051 νομοθεσίας
1328 3977 1674 4046 Δεσποτικάς,
1734 3975 1821 4032 διὰ
1869 3975 1925 4033 δὲ

267 4073 374 4122 τῶν
426 4067 510 4128 εἷς
565 4067 660 4130 τὰς
727 4068 1048 4140 νομοθεσίας
1090 4068 1388 4142 παρόινιῶν
1443 4068 1560 4122 κατ’
1617 4069 1782 4122 αὑτοῦ
1829 4071 1926 4122 τοῦ

270 4157 578 4232 νομοθέτου
644 4156 734 4212 καὶ
801 4155 1016 4212 πάντων
1085 4154 1431 4232 δημιουργοῦ
1519 4157 1613 4218 τᾶς
1681 4153 1927 4230 ἀσελγεῖς

271 4248 481 4310 ὲκείνας
523 4247 616 4302 καὶ
664 4245 887 4310 ἀθέτους
940 4245 1367 4322 ἀποῤῥίπτοντες
1427 4246 1631 4325 φωνάς.
1689 4246 1924 4318 Τοιαύτη

265 4341 364 4403 τῆς
395 4335 733 4398 ἀποστασίας
771 4338 806 4405 ἡ
865 4336 957 4391 νέα
996 4336 1087 4390 καὶ
1137 4335 1456 4413 πρόσφατος
1499 4335 1634 4390 κατά
1688 4339 1785 4392 τοῦ
1832 4344 1935 4406 Δη-

2027 3269 2294 3324 meditati
2324 3269 2464 3322 sunt
2487 3266 2726 3334 malum,
2750 3268 2808 3322 et
2834 3281 2965 3320 cum
2989 3265 3184 3320 divina
3206 3263 3542 3335 benignitas
3567 3277 3671 3334 pro

2029 3374 2199 3430 pmna
2229 3356 2540 3428 irroganda
2570 3355 2971 3427 pmnitentiam
2994 3354 3258 3426 ipsorum
3289 3360 3669 3426 exspectaret,

2029 3454 2304 3518 tanquam
2337 3448 2788 3518 contemptores,
2822 3443 3160 3516 malumque
3191 3443 3556 3515 geminantes
3585 3441 3674 3498 fa-

2030 3539 2198 3593 cinus
2239 3535 2599 3591 destinatum
2659 3537 3016 3606 perpetrant,
3077 3533 3456 3603 linguamque
3504 3546 3674 3587 suam

2031 3630 2232 3682 contra
2261 3624 2628 3681 Conditorem
2661 3623 2924 3679 omnium
2966 3637 3171 3678 acuere
3215 3638 3330 3678 non
3381 3619 3676 3686 desinunt,

2030 3715 2240 3770 iisdem
2273 3713 2567 3781 conviciis,
2601 3728 2724 3783 quas
2753 3711 2814 3766 in
2846 3711 3113 3768 divinum
3137 3711 3471 3766 ministrum
3495 3709 3679 3765 eti'un-

2031 3804 2180 3857 dunt
2210 3802 2384 3857 etiam
2423 3801 2580 3874 leges
2630 3799 2884 3867 Domini,
2938 3816 3082 3872 quas
3133 3805 3494 3869 receperunt,
3546 3812 3684 3869 pro-

2033 3891 2382 3955 scindentes,
2409 3888 2700 3960 suaquein
2725 3888 2884 3958 leges
2907 3887 3432 3958 iusolentiaipsum
3450 3901 3685 3957 quoque

2033 3978 2428 4051 legislatorem
2460 3978 2848 4048 omniumque
2875 3976 3186 4032 Dominum
3227 3974 3465 4030 vocibus
3516 3978 3683 4043 petu-

2035 4067 2296 4123 lantibus
2323 4073 2378 4122 et
2405 4065 2600 4136 impiis
2630 4069 2913 4137 petentes.
2942 4066 3128 4135 Atque
3158 4063 3241 4118 ita
3265 4062 3499 4133 quidem
3518 4075 3686 4118 com-

2035 4160 2234 4230 parata
2262 4159 2353 4211 est
2383 4170 2528 4210 nova
2559 4153 2661 4210 illa
2699 4157 2758 4210 et
2789 4169 2992 4210 recens
3033 4155 3433 4223 apostatarum
3481 4151 3687 4206 contra

2037 4247 2370 4304 Creatorem
2429 4243 2691 4301 omnium
2751 4241 3087 4311 insolentia,
3139 4239 3229 4296 vel
3297 4238 3492 4312 potius
3527 4236 3690 4294 varia

2045 4343 2492 4412 monstrosaque
2522 4356 2588 4396 ex
2619 4341 2888 4410 serpente
2938 4334 3240 4410 progenita
3290 4333 3510 4405 vipera,
3559 4345 3689 4402 quae

269 4429 552 4502 μιουργοῦ
595 4429 704 4480 τῶν
738 4424 882 4481 ὅλων
913 4425 1188 4500 τυραννίς,
1236 4424 1450 4499 μᾶλλον
1503 4423 1559 4480 δὲ
1587 4425 1649 4480 τὸ
1700 4423 1788 4480 διὰ
1831 4432 1913 4495 τῆ‹

2045 4433 2303 4485 ventrem
2336 4430 2540 4486 matris
2570 4429 2826 4498 coniicit,
2876 4430 2934 4482 et
2977 4424 3270 4496 copiosius
3317 4419 3696 4494 blasphemia

271 4494 523 4576 ΪΙαλάιάς
580 4512 817 4586 ἐκείνης,
885 4494 1066 4590 ὥσπερ
1116 4494 1178 4585 ἐξ
1211 4494 1436 4590 ἐχίδνης
1473 4512 1836 4592 πολύμορφόν

2048 4534 2337 4574 venenum
2368 4519 2427 4574 in
2459 4519 2784 4575 Creatorem
2811 4494 3197 4572 eii‘udit.—Sed
3226 4513 3297 4568 de
3335 4511 3427 4567 his
3470 4513 3694 4580 postea.

271 4605 360 4659 καὶ
419 4601 733 4658 ἀλλόκοτον
789 4603 1089 4678 ἀποτεχθὲν
1150 4602 1340 4677 θηρίον
1399 4605 1537 4676 (72),
1585 4603 1889 4680 καταφαγὸν
1951 4604 2047 4676 μὶν
2087 4606 2186 4675 σὴν
2233 4604 2464 4683 γαστέρα
2510 4611 2614 4676 τῆς
2657 4601 2944 4674 τεκούσης,
2991 4599 3157 4656 πλέον
3209 4597 3267 4654 δὲ
3313 4597 3406 4652 τὸν
3459 4595 3538 4650 ἰὸν
3596 4599 3698 4664 τῆς

271 4691 642 4770 βλασφημίας
671 4692 954 4747 ἂποπτύον
982 4693 1119 4747 κατά
1145 4695 1240 4747 τοῦ
1272 4696 1644 4767 Δημιουργοῦ.
1677 4689 1856 4749 una
1882 4695 2051 4748 ταῦτα
2086 4694 2180 4767 μὶν
2208 4693 2297 4749 καὶ
2328 4693 2569 4769 ὕστερον.

342 4803 392 4837 ⁷⁸
423 4803 476 4857 II
518 4799 672 4855 Tim.
710 4815 797 4868 ιιι,
827 4799 882 4855 5.
959 4800 1003 4835 ⁷⁸
1033 4799 1176 4857 ibid.
1212 4801 1264 4858 8.

1451 4891 1692 4949 VARUS
1727 4889 2124 4949 LECTIONES
2166 4892 2252 4949 ET
2297 4892 2529 4953 ΝΟΤιΕ.

349 5026 466 5096 (70)
501 5020 822 5096 Σύστοιγοι.
852 5023 978 5080 Vox
1017 5024 1130 5080 ista
1169 5025 1432 5081 eamdem
1483 5026 1576 5080 hic
1615 5024 1789 5081 habet
1839 5040 1942 5081 no-

275 5099 740 5172 tionem,_quam
773 5096 1376 5172 verbumeocnotxeiv,
1409 5114 1442 5153 a
1471 5113 1594 5172 quo
1616 5098 1933 5172 derivatur,

276 5175 486 5225 tuetur
514 5167 705 5240 Galat.
738 5183 814 5240 iv,
845 5167 935 5240 25,
969 5168 1040 5222 ad
1073 5167 1466 5240 quemflocum
1492 5167 1633 5225 ’vide
1654 5170 1944 5240 interpre-

277 5247 394 5305 tes,
421 5240 561 5296 etin
589 5238 1142 5308 primisErasmum
1177 5239 1558 5308 Schmidium,
1592 5238 1940 5296 nostratem.

360 5314 484 5382 (71)
543 5312 634 5362 Ἐν
674 5306 915 5382 μελέτῃ.
975 5312 1164 5365 Mente
1202 5309 1454 5382 scilicet
1527 5306 1694 5382 quasi
1749 5311 1942 5368 adhuc

278 5380 633 5438 voivebatur
661 5380 915 5448 facinus,
947 5387 1006 5436 et
1034 5382 1093 5436 in
1129 5380 1331 5452 primis
1360 5380 1701 5438 versabatur
1731 5383 1939 5439 initiis.

282 5456 372 5510 Ita
399 5451 677 5510 Libanius
698 5469 835 5509 voce
860 5453 964 5509 hac
991 5451 1174 5508 utitur
1195 5451 1322 5522 loco
1345 5469 1478 5507 mox
1500 5454 1728 5508 citando
1745 5471 1799 5522 p.
1819 5453 1940 5522 l68,

287 5527 387 5581 ubi
421 5527 487 5596 is,
533 5525 652 5596 ita}
706 5522 960 5596 Δείσαντα
1013 5523 1112 5596 τήν
1159 5521 1256 5596 τοῦ
1305 5521 1627 5596 πρέ-(ματος
1689 5521 1941 5596 μελέτην,

291 5597 371 5668 μὴ
403 5595 494 5650 καὶ
521 5593 674 5669 ,πρὸς
705 5595 767 5648 τὸ
801 5596 1055 5669 μέγιστον
1083 5594 1189 5649 ἀπὸ
1205 5597 1325 5669 ,τῶν
1346 5592 1670 5669 ξέλαττόνων
1684 5592 1700 5669 ξ’
1726 5592 1942 5669 βαδίσῃ.

288 5666 450 5724 Solet
482 5666 629 5723 alias
660 5666 916 5724 hac‘vo’x
951 5667 1218 5739 usurpari
1251 5683 1282 5720 ιι
1315 5666 1642 5722 rhetoribus
1667 5666 1944 5722 dedecla-

293 5741 659 5798 mationibus
691 5740 903 5810 quibus
926 5740 1201 5810 juventus
1221 5739 1292 5793 ad
1329 5739 1644 5796 masculam
1670 5739 1940 5811 eloquen-

619 5838 892 5902 ΡΑτιιοι..
940 5840 1046 5902 Gn.
1093 5839 1223 5901 CII.

2051 5009 2196 5066 tiam
2227 5011 2444 5068 erudiri
2477 5007 2628 5066 solet
2659 5023 2673 5064 :
2705 5005 2838 5064 vide
2875 5003 3134 5074 omnino,
3181 5001 3387 5060 Ezech.
3438 4995 3708 5074 Spanius-

2052 5083 2258 5158 mium,
2291 5084 2360 5138 ad
2391 5081 2788 5158 Julianiorat.
2809 5079 2876 5158 _i,
2922 5095 2979 5150 p.
3002 5077 3098 5158 _li
3121 5071 3322 5158 seqq,
3354 5071 3704 5158 etﬁodl‘rid.

2051 5143 2343 5228 Olearium
2385 5154 2457 5208 ad
2507 5143 2949 5218 Philostratu'm',
2998 5149 3070 5205 De
3119 5143 3274 5228 υἱιιῖ
3307 5143 3704 5218 saphistarum,

2054 5243 2487 5372 p.(fll2s;_'enptov.
2523 5295 2604 5372 De
2633 5289 3181 5372 venenatiebestiis
3221 5285 3492 5372 usurpari
3533 5283 3703 5372 epist.

2053 5356 2196 5427 Vide
2216 5356 2384 5425 'Sam.
2426 5367 2803 5434 Bochartum,
2836 5367 2998 5434 parte
3030 5379 3092 5430 ιι,
3116 5356 3538 5434 Hierozoicin.
3560 5356 3660 5434 371
3686 5373 3704 5423 ;

2052 5447 2109 5499 et
2141 5443 2507 5497 Lambertum
2559 5439 2682 5506 Bos,
2836 5427 3001 5512 Notis
3031 5427 3119 5512 ad
3169 5427 3704 5512 Novum.Fm_§lus;

2097 5554 2108 5566 .
2150 5514 2245 5568 90.
2294 5499 2679 5568 Transfertur.
2716 5507 2928 5564 deinde
2977 5506 3044 5562 ad
3087 5503 3364 5560 homines
3414 5501 3471 5554 in
3526 5499 3708 5553 Deum

2097 5554 2108 5566 .
2150 5531 2245 5568 νυ.
2294 5531 2668 5568 'I'ranswrtur
2716 5531 2928 5564 (minus
2977 5531 3044 5562 uu
3087 5531 3364 5560 uuuuuua
3416 5531 3471 5554 lu
3526 5531 3708 5553 ucuau

2053 5531 2392 5640 gominesve
2426 5583 2676 5639 maxime
2722 5580 2994 5652 injurios.
3025 5580 3171 5652 Lege
3215 5575 3515 5652 Joanpemn
3534 5574 3710 5652 [fear-

2054 5657 2280 5731 senium
2315 5656 2383 5710 ad
2423 5655 2631 5731 ignatii
2663 5641 2970 5731 Epistolas,
2995 5665 3076 5731 np.
3106 5641 3178 5702 Π
3202 5654 3316 5731 ;Ie.t
3361 5641 3706 5731 Godiridpjm

2053 5709 2346 5787 C‘learium
2370 5731 2426 5784 et
2445 5709 2773 5783 {irationem
2807 5709 3038 5778 Libanii
3065 5735 3166 5790 pro
3189 5709 3525 5772 ulciscenda
3553 5709 3706 5766 cede

3343 5814 3381 5871 6

4035 1321 4037 1346 l

4035 1573 4037 1600 ί

4036 1629 4037 1664 l

4035 1683 4037 1712 ί

4036 1799 4037 1826 l

4036 1839 4037 1856 ι

4036 1903 4037 1920 l

4035 2001 4037 2024 ί
