4084 6210
395 361 508 424 171

462 493 656 550 XVIII.
685 493 830 558 Quia
858 509 990 550 vero
1019 506 1207 549 sermo
1238 505 1406 546 meus
1435 492 1717 560 tanquam
1746 486 1808 543 in
1834 490 2034 543 trans-
2064 487 2114 553 Α

393 599 564 640 cursu
599 585 940 653 persecutus
987 589 1073 637 est
1119 578 1350 636 oracula
1397 594 1582 644 sacra,
1633 592 1766 647 quas
1809 575 2028 631 bonum

390 671 617 727 Patrem
649 671 878 728 Domini
908 670 1090 726 nostri
1117 669 1255 724 Jesu
1289 666 1525 732 Christi,
1557 671 1614 722 et
1644 666 1834 736 ipsum
1885 663 2028 719 dile-

389 766 548 818 ctum
564 761 776 818 Filium
791 761 1146 818 conditorem
1162 758 1339 828 hujus
1355 756 1690 823 universi,et
1704 759 2026 810 creatorem

386 852 670 920 omnium,
704 868 830 922 quas
861 851 1012 906 inter
1041 847 1343 906 sensibilis
1382 854 1436 902 et
1473 844 1866 917 intelligibilia
1916 862 2024 900 nu-

384 945 707 1010 merantur,
739 939 889 995 clare
919 938 1306 1010 pronuntiant
1350 945 1403 992 et
1428 935 1744 1005 celebrant,
1794 933 2024 990 consul-

383 1037 512 1087 tum
545 1030 688 1085 mihi
745 1029 977 1086 videtur
1031 1027 1221 1083 adhuc
1272 1025 1640 1082 manifestius
1695 1025 2022 1092 ostendere,

377 1119 650 1191 quisnam
683 1118 909 1188 primus
941 1120 997 1173 et
1021 1126 1212 1171 mente
1241 1119 1300 1170 et
1326 1115 1519 1171 verbis
1543 1113 1720 1184 hujus
1749 1113 1810 1169 in
1839 1113 2020 1168 Deum

373 1208 696 1264 insolentias
726 1211 927 1263 auctor
957 1205 1076 1261 illis
1105 1207 1370 1270 exsistat,
1393 1204 1493 1275 qui
1524 1203 1763 1260 omnino
1787 1218 2018 1274 pinnam

371 1296 556 1365 luent,
585 1298 738 1367 quod
771 1312 967 1367 regem
1000 1295 1179 1366 hujus
1212 1293 1464 1351 universi
1491 1309 1670 1365 super
1697 1308 1759 1348 se
1781 1307 2022 1363 regnare

373 1385 602 1455 nolunt,
645 1386 744 1442 sed
775 1401 910 1440 cum
935 1383 1066 1440 aliis
1097 1383 1271 1439 rebus
1301 1381 1681 1439 sensibilibus
1703 1381 1877 1438 etiam
1901 1396 2022 1437 cor-

370 1491 512 1546 pora
540 1491 643 1531 sua
672 1474 969 1532 Conditori
1002 1473 1376 1539 subtrahunt,
1404 1476 1461 1528 et
1475 1471 1627 1528 hosti
1659 1470 2015 1542 mancipant.

366 1563 492 1620 Non
558 1581 692 1622 vero
759 1564 992 1620 aliunde
1064 1564 1182 1619 haec
1248 1562 1660 1619 commentatio
1740 1559 2020 1632 repetitur

368 1669 546 1720 quam
569 1671 634 1710 ex
658 1653 774 1710 illis
802 1653 945 1725 ipsis
967 1653 1149 1710 sacris
1174 1656 1230 1709 et
1259 1670 1290 1708 a
1320 1651 1438 1709 Deo
1467 1650 1772 1724 inspiratis
1801 1649 2020 1706 Oracu-

365 1740 463 1799 lis.
501 1743 653 1799 Audi
682 1745 879 1816 itaque
907 1742 1323 1816 evangelistam
1375 1745 1633 1798 Lucam:
1668 1738 1814 1796 nihil
1858 1739 2016 1795 enim

365 1832 636 1904 prohibet
669 1833 862 1904 ipsum
896 1833 1122 1890 audire.
1172 1835 1228 1889 Is
1274 1831 1431 1888 enim
1471 1830 1868 1897 tentationem,
1900 1846 2017 1901 qua

363 1925 563 1978 noster
591 1921 728 1978 inde
751 1923 820 1978 ab
852 1923 1076 1994 origine
1099 1937 1295 1977 rerum
1322 1919 1727 1992 supplantator
1749 1935 2013 1975 commu-

365 2025 499 2066 nem
529 2011 793 2067 omnium
823 2011 1200 2066 Conditorem
1231 2011 1288 2065 in
1320 2013 1626 2080 assumpto
1673 2008 1875 2063 habitu
1907 2023 2012 2064 no.

364 2105 485 2155 stro
508 2101 844 2172 despectum
868 2116 1176 2171 aggressus
1197 2100 1369 2166 est,in
1392 2115 1558 2154 sacra
1576 2097 1823 2154 historia
1843 2113 2008 2153 enar-

365 2191 621 2255 raturus,
655 2194 713 2244 et
742 2193 874 2260 post
903 2188 1250 2244 recensitam
1285 2187 1536 2260 primam
1561 2186 1746 2252 illam,
1769 2186 2008 2243 alteram

1592 349 1858 413 PHOTII
1901 349 2429 412 PATRIARCHIE
2471 352 2592 412 CP.

3672 352 3788 415 172

2219 484 2328 544 III'.
2370 485 2519 540 Ἐπεὶ
2561 481 2618 539 δὲ
2664 484 2760 546 τὰς
2797 483 3108 560 ἱερολογίας
3158 486 3186 540 6
3233 483 3405 562 λόγος
3454 487 3528 550 ὡς
3571 486 3626 543 ἐν
3668 489 3790 544 ἐπι-

2141 569 2321 646 δρομῇ
2377 570 2622 642 διῆλθεν,
2671 575 2725 628 αἱ
2770 575 2862 629 τὸν
2914 575 3114 649 ἀγαθὸν
3174 573 3382 648 Πατέρα
3439 580 3537 631 τοῦ
3585 579 3788 652 Κυρίου

2137 663 2298 734 ἡμῶν
2362 663 2542 733 Ἰησοῦ
2595 667 2848 737 Χριστοῦ,
2895 663 2986 717 καὶ
3045 663 3201 720 αὐτὸν
3274 665 3364 720 τὸν
3427 667 3789 742 ἠγαπημένον

2130 751 2253 805 Υἱὸν
2287 748 2624 827 δημιουργὸν
2669 757 2766 808 τοῦ
2814 754 3014 816 παντὸς
3054 755 3143 808 καὶ
3193 754 3438 825 κτίστην,
3485 755 3582 810 ὅσα
3619 778 3680 812 τε
3728 756 3784 812 ἐν

2128 845 2245 903 τοῖς
2300 841 2582 913 αἶ’σθητοῖς
2638 842 2730 897 καὶ
2775 843 2875 898 ὅσα
2912 841 2965 898 ἐν
3009 849 3128 907 τοῖς
3175 849 3402 915 νοητοῖς
3460 845 3782 918 ἐξετάζεται,

2127 937 2438 1009 περιφανῶς
2468 932 2682 988 άνεῖπόν
2721 954 2779 989 τε
2827 935 2917 988 καὶ
2967 933 3317 1008 ἀνεκήρυξαν,
3361 933 3439 992 ἔτι
3485 957 3576 1009 μοι
3627 934 3784 993 δοκεῖ

2129 1018 2387 1092 διελθεῖν,
2430 1022 2518 1078 καὶ
2567 1021 2961 1101 ἐμφανέστερον
3013 1021 3294 1097 ἐπιδεῖξαι,
3327 1045 3409 1088 τις
3455 1045 3514 1080 τε
3554 1024 3718 1082 ἔστὶν⁹
3749 1027 3779 1082 6

2126 1114 2346 1186 πρῶτος
2377 1114 2573 1188 γνώμῃ
2612 1113 2706 1184 μὲν
2745 1112 3025 1187 τολμηρᾷ,
3068 1114 3279 1188 ῥήμασι
3327 1111 3385 1170 δὲ
3422 1121 3537 1177 τοῖς
3588 1115 3781 1177 αὐτοῖς

2127 1206 2226 1269 τῆς
2256 1201 2558 1280 θεομαχίας
2593 1199 2940 1272 διδάσκαλος,
2987 1202 3191 1273 ταύτης
3239 1201 3421 1278 ῥητῶς
3466 1205 3564 1272 τήν
3614 1202 3775 1276 δίκην

2124 1287 2382 1356 τίσουσιν,
2415 1290 2467 1344 οἱ
2496 1290 2588 1344 τὸν
2611 1295 2709 1346 τοῦ
2739 1291 2936 1352 παντὸς
2964 1290 3200 1346 Βασιλέα
3226 1293 3302 1364 μή
3322 1291 3648 1363 θελήσαντες
3675 1295 3778 1356 Βα-

2127 1377 2359 1436 σιλεύειν
2395 1379 2475 1459 ἐφ’
2506 1383 2732 1452 ἑαυτῶν,
2762 1379 2910 1436 ἀλλᾶ
2943 1381 3076 1454 μετὰ
3103 1385 3211 1436 τῶν
3263 1380 3452 1438 ἄλλων
3494 1383 3771 1454 αἴσθητῶν

2123 1469 2314 1524 καίτὰ
2343 1469 2568 1543 σώματα
2606 1470 2785 1526 αὐτῶν
2816 1475 2913 1526 τοῦ
2963 1468 3217 1526 Πλάστου
3271 1472 3364 1544 μὲν
3412 1469 3772 1545 διασπῶντες,

2125 1558 2479 1621 συνάπτοντες
2527 1557 2584 1615 δὲ
2628 1565 2709 1633 τῷ
2750 1561 2986 1634 Ἐχθρῷ.
3037 1559 3148 1615 Οὐκ
3191 1558 3423 1616 ἄλλοθεν
3473 1559 3530 1616 δὲ
3588 1561 3704 1618 οὐδ’
3733 1565 3772 1633 ἡ

2232 1646 2246 1666 ε
2358 1648 2371 1666 Ι
2617 1651 2629 1670 ν
2937 1646 2959 1666 ἢ
3180 1650 3192 1668 τ
3288 1649 3303 1666 \
3424 1651 3437 1669 ς
3546 1656 3570 1667 ο
3702 1649 3717 1670 ν,

2125 1667 2248 1723 περι
2279 1670 2486 1704 τουτων
2525 1670 2768 1724 προεισιν
2818 1649 3118 1722 άπόοειξις,
3168 1649 3313 1706 αλλα
3362 1647 3450 1705 δια
3503 1673 3610 1707 των
3662 1674 3772 1707 αυ-

2122 1741 2229 1791 τῶν
2277 1738 2644 1794 θεοπνεύστων
2689 1739 2778 1793 καὶ
2829 1739 2990 1812 ἱερῶν
3049 1737 3288 1814 Λογίων.
3340 1744 3540 1796 ’Ἄκουε
3589 1741 3771 1797 τοίνυν

2126 1829 2220 1880 τοῦ
2279 1824 2663 1902 εὐαγγελιστοῦ
2711 1833 2915 1882 Λουκᾶο
2978 1824 3133 1882 οὐδὲν
3207 1829 3314 1904 γὰρ
3388 1831 3512 1884 οἷον
3598 1829 3771 1886 αὐτοῦ

2122 1913 2354 1972 ἀκούειν.
2386 1916 2496 1985 Τὴν
2526 1920 2714 1990 πεῖραν
2748 1916 2926 1984 οὗτος,
2983 1913 3052 1970 δι’
3098 1918 3165 1985 ἧς
3199 1916 3227 1970 6
3259 1915 3352 1970 ἀπ’
3379 1917 3557 1993 ἀρχῆς
3605 1921 3773 1992 ἡμῶν

2121 2005 2443 2079 πτερνιστὴς
2475 2003 2825 2082 ἐπεχείρησεν
2885 2004 2936 2060 ἐν
2980 2005 3222 2080 ἡμετέρᾳ
3270 2010 3456 2083 μορφῇ
3507 2005 3770 2082 κατιδὼν,

2119 2091 2209 2146 καὶ
2258 2093 2349 2148 τὸν
2391 2096 2577 2149 κοινὸν
2626 2094 2876 2169 πειράσαι
2935 2093 3214 2165 Πλάστην,
3269 2095 3470 2166 ταύτην
3513 2093 3600 2151 διὰ
3658 2105 3765 2168 τῆς

2119 2181 2266 2257 ἱερᾶς
2322 2183 2565 2260 ἱστὸρίας
2615 2181 2927 2258 περιδιδούς
2971 2187 3107 2258 (73),
3152 2185 3242 2240 καὶ
3306 2184 3436 2258 μετὰ
3468 2186 3564 2254 τήν
3611 2188 3763 2260 πρώ-

2116 2291 2216 2342 την
2269 2272 2367 2340 τὴν
2429 2270 2677 2347 δευτέραν
2739 2271 2980 2343 ἐπεξιών·
3044 2273 3144 2328 Καὶ
3228 2272 3504 2350 ἀναγαγὼν
3566 2274 3760 2346 αὐτὸν,

2115 2360 2301 2436 φησὶν,
2355 2361 2382 2416 6
2441 2356 2700 2423 διάϐολος
2758 2359 2836 2422 εἷς
2891 2361 3017 2434 ὄρος
3078 2359 3306 2435 ὑψηλὸν,
3364 2357 3552 2433 ἔδειξεν
3609 2363 3767 2438 αὐτῷ

2113 2448 2286 2509 πάσας
2349 2450 2446 2511 τὰς
2509 2448 2787 2524 βασιλείας
2844 2457 2946 2521 τῆς
3019 2449 3370 2525 οἰκουμένης.
3455 2453 3558 2509 Καὶ
3613 2453 3768 2509 εἶπεν

2113 2535 2261 2610 αὐτῷ
2299 2534 2636 2604 ὁδιάϐολος.
2699 2541 2946 2616 Πρόσεχε
3000 2541 3094 2596 τὸν
3149 2539 3294 2611 νοῦν,
3341 2537 3606 2618 ἄνθρωπε,
3664 2541 3768 2598 πό-

2112 2627 2200 2680 θεν
2258 2632 2475 2703 πρῶτον
2530 2627 2753 2697 ἐξῆλθεν
2791 2632 2826 2699 ἠ
2868 2630 3144 2705 θεομάχος
3193 2626 3326 2701 αὕτη
3376 2633 3553 2708 φωνὴ,
3594 2631 3680 2693 τίς
3721 2635 3760 2704 ἡ

2115 2719 2326 2794 μυσαρὰ
2353 2722 2454 2785 τῆς
2501 2719 2829 2785 ἀποστασίας
2867 2721 3114 2797 ἀπαρχή.
3155 2720 3245 2782 Τίς
3291 2721 3566 2796 ἐτόλμησε
3610 2728 3764 2798 πρῶ·

2107 2829 2198 2869 τος
2255 2809 2321 2864 τὰ
2374 2808 2642 2884 περίγεια,
2701 2809 2854 2886 ἔργον
2923 2810 3012 2865 καὶ
3075 2809 3351 2885 βασιλείαν
3435 2811 3600 2868 εἰπεῖν
3657 2817 3763 2868 τοῖ’)

353 2898 452 2969 qui
487 2897 776 2954 homicida
815 2899 922 2954 fuit
960 2900 1032 2954 ab
1073 2899 1260 2968 initio,
1303 2901 1400 2971 qui
1447 2902 1672 2972 primus
1704 2901 1758 2956 in
1812 2901 1996 2956 Deum

2125 2899 2343 2971 Εχθροῦ
2369 2924 2383 2966 ;
2415 2898 2498 2953 ὅτι
2527 2903 2635 2954 τῶν
2672 2900 2920 2969 ζιζανίων
2963 2901 2992 2953 6
3024 2901 3474 2974 ἀνθρωποκτόνος
3518 2902 3758 2978 γεγονὼς

352 2988 630 3043 cervicem
678 2987 903 3057 extulit,
947 2988 1046 3060 qui
1089 3004 1193 3060 per
1240 2990 1454 3045 fastum
1502 2999 1556 3046 et
1605 2990 1996 3061 arrogantiam

2122 2985 2197 3041 ἱπ’
2227 2987 2428 3062 ἀρχῆς,
2455 2989 2482 3042 6
2510 2992 2727 3062 πρῶτος
2781 2987 3163 3064 τραχηλιάσας
3217 2990 3353 3046 κατὰ
3399 2994 3552 3063 Θεοῦ,
3593 2993 3622 3046 6
3663 2988 3761 3046 διὰ

350 3077 542 3132 instar
585 3077 836 3148 lulguris
866 3094 933 3133 ex
971 3077 1114 3134 ccelo
1147 3077 1452 3149 prolapsus
1499 3087 1599 3135 est.
1640 3079 1798 3134 Dixit
1841 3079 1996 3134 enim

2122 3077 2174 3132 τὸ
2235 3075 2589 3153 μεγάλαυχον
2638 3078 2727 3132 καὶ
2773 3079 2863 3133 τὸν
2913 3078 3152 3148 ἀλαζόνα
3201 3082 3324 3135 νοῦν
3359 3078 3515 3150 δίκην
3561 3081 3766 3153 ἄστρα·

349 3164 448 3221 illi
495 3165 743 3222 diabolus
769 3183 790 3222 :
830 3166 952 3222 Tibi
988 3167 1125 3223 dabo
1174 3167 1316 3223 hanc
1358 3172 1677 3238 potestatem
1718 3166 1783 3221 ⁷⁸.
1834 3167 1997 3239 Vide,

2122 3171 2220 3235 πῆς
2255 3166 2430 3220 πεσὼν
2480 3166 2539 3221 ἐκ
2585 3171 2682 3222 τοῦ
2735 3165 2986 3242 οὒρανοῦ·
3048 3169 3136 3223 καὶ
3199 3171 3345 3224 εἶπεν
3405 3169 3611 3241 αὐτῷὁ
3642 3167 3773 3224 διά-

349 3271 665 3328 quemnam
697 3256 992 3313 doctorem
1018 3257 1112 3313 hic
1141 3258 1427 3314 malorum
1453 3257 1792 3325 constituat,
1824 3274 1998 3329 quem

2122 3249 2300 3324 δολος,
2371 3255 2470 3310 Σοὶ
2560 3253 2719 3310 δώσω
2795 3259 2896 3325 τὴν
2969 3256 3209 3327 ἐξουσίαν
3282 3257 3506 3328 ταύτην.
3601 3261 3773 3334 ”Ορα,

350 3346 582 3416 ducem,
618 3361 789 3418 quem
814 3347 1257 3419 praeceptorem!
1285 3348 1328 3402 Ο
1367 3347 1638 3404 miseram
1668 3363 1858 3404 meam
1893 3364 1998 3402 na-

2122 3343 2226 3400 τίνα
2255 3341 2583 3400 διδάσκαλον
2639 3347 2702 3400 τὸ
2753 3353 2854 3414 τῆς
2901 3347 3166 3421 πονηρίας
3211 3347 3420 3417 καθίζει
3465 3344 3774 3423 συνέδριον,

349 3437 570 3501 turam,
603 3437 882 3504 quantam
906 3435 1062 3490 hosti
1095 3439 1436 3506 potestatem
1463 3435 1523 3491 in
1557 3452 1647 3492 me
1679 3434 1821 3491 fecit
1856 3435 1997 3490 Cum

2122 3434 2233 3487 τίνα
2303 3435 2659 3510 μυσταγωγὸν
2744 3435 2836 3490 καὶ
2895 3435 3242 3509 εἰσηγητήνι
3287 3444 3350 3490 Ὠ
3404 3435 3772 3513 ταλαιπώρου

352 3519 658 3590 Evangelia
690 3528 804 3577 tam
828 3520 980 3578 clare
1013 3523 1282 3594 prodant,
1321 3523 1476 3578 unde
1519 3524 1844 3594 provenerit
1873 3526 2000 3576 tan-

2122 3529 2208 3592 τῆς
2241 3520 2380 3596 ἐμῆς
2416 3523 2651 3600 φύσεως,
2708 3525 2768 3594 ἣν
2828 3525 3104 3601 παρέσχον
3162 3525 3398 3596 ἐξουσίαν
3454 3529 3570 3581 κατ’
3628 3525 3771 3599 ἐμοῦ

353 3616 474 3666 tum
506 3611 810 3682 apostasiae
843 3610 1087 3680 malum,
1121 3616 1178 3666 et
1209 3611 1340 3682 quis
1369 3612 1497 3682 ejus
1530 3613 1609 3668 sit
1638 3619 1876 3680 auctor;
1911 3626 1999 3666 er-

2122 3615 2188 3682 τῷ
2219 3613 2471 3687 Ἐχθρῷί
2515 3611 2700 3676 Οὕτως
2744 3613 3014 3688 λαμπρῶς
3073 3619 3180 3670 τῶν
3232 3613 3603 3692 Εὐαγγελίων,
3643 3615 3772 3670 ὅθεν

351 3700 513 3756 ronei
534 3704 729 3756 tamen
760 3699 1050 3765 homines,
1093 3704 1371 3771 tanquam
1403 3700 1694 3757 obturatis
1735 3700 2000 3768 auribus,

2122 3697 2308 3773 ἒρῥάγη
2369 3701 2459 3754 καὶ
2520 3701 2791 3778 προῆλθε,
2849 3699 3252 3776 κηρυττόντων,
3310 3703 3372 3758 τὸ
3427 3702 3772 3775 τηλικοῦτον

357 3793 458 3843 aut
489 3804 690 3844 earum
721 3805 831 3844 usu
863 3789 1094 3858 penitus
1118 3787 1326 3860 privati
1351 3788 1559 3846 nolunt
1588 3788 1800 3856 videre,
1832 3789 2002 3859 cujus

2122 3796 2210 3859 τῆς
2241 3791 2569 3853 άποστασίας
2620 3793 2808 3865 κακὸν,
2871 3792 2961 3846 καὶ
3015 3791 3102 3856 τίς
3157 3794 3185 3847 ὁ
3243 3791 3542 3867 ἀρξάμενος
3583 3793 3770 3868 ὥσπερ

357 3892 422 3933 se
479 3877 696 3935 faciant
750 3877 1096 3950 discipulos,
1167 3881 1225 3934 et
1288 3878 1458 3949 cujus
1507 3893 1672 3935 voces
1729 3894 1868 3934 suas
1926 3880 2006 3933 fa-

2122 3880 2377 3954 βύσαντες
2408 3882 2460 3935 οἱ
2490 3879 2859 3951 πλανηθέντες
2904 3882 2972 3936 τά
3019 3883 3152 3949 ῶτα,
3184 3881 3218 3952 ἢ
3251 3881 3535 3945 παντελῶς
3587 3883 3774 3940 αὐτῶν

359 3966 512 4023 ciant
542 3984 608 4024 ac
640 3967 944 4040 recipiant.
998 3969 1062 4024 Et
1090 3967 1233 4024 dixit
1279 3970 1334 4024 ei
1380 3968 1670 4025 diabolus:
1722 3967 1840 4024 Tibi
1868 3967 2006 4024 dabo

2122 3967 2461 4044 ἆφῃρημένοι
2489 3968 2588 4036 τὴν
2620 3974 2846 4042 χρῆσιν,
2877 3968 2976 4023 οὐκ
3015 3966 3263 4024 ἐθέλουσι
3302 3967 3558 4039 συνιδεῖν,
3625 3969 3782 4033 τίνος

355 4062 676 4126 potestatem
701 4058 844 4116 hanc
871 4073 1108 4124 omnem,
1137 4064 1193 4114 el
1213 4055 1462 4128 gloriam
1481 4074 1689 4124 eorum,
1714 4061 1846 4129 quia
1866 4056 2009 4112 mihi

2122 4055 2336 4119 ἑαυτοὺς
2369 4060 2594 4111 ποιοῦσι
2629 4057 2900 4128 μαθητὰς,
2956 4056 3044 4112 καὶ
3103 4056 3250 4121 τίνος
3297 4057 3622 4113 οἰκειοῦνται
3678 4059 3776 4114 καὶ

2119 4141 2527 4202 ὑποϐάλλονται
2585 4146 2788 4224 φωνάς.
2841 4145 2942 4201 Καὶ
2999 4148 3144 4203 εἶπεν
3199 4149 3348 4221 αὐτῷ
3395 4149 3422 4202 6
3473 4143 3774 4212 διάϐολοςο

363 2275 780 2347 expositurus:
822 2279 887 2332 Et
933 2276 1204 2333 adducens
1251 2275 1451 2348 ipsum,
1501 2275 1713 2348 inquit,
1758 2275 2008 2331 diabolus

361 2366 422 2420 in
453 2375 687 2422 montem
713 2367 1004 2433 excelsum,
1038 2366 1286 2422 ostendit
1317 2366 1370 2421 ei
1409 2366 1597 2421 omnia
1635 2379 1809 2434 regna
1838 2365 2004 2432 orbis,

363 2455 429 2510 Et
455 2454 600 2510 dixit
639 2457 692 2510 ei
737 2456 987 2511 diabolus
1030 2455 1096 2511 ⁷⁷.
1141 2456 1387 2511 Adverte
1437 2468 1707 2524 mentem,
1741 2472 1772 2510 ο
1807 2455 2003 2522 homo,

361 2546 425 2597 ut
455 2541 628 2608 scias,
661 2543 816 2598 unde
847 2544 1100 2614 primum
1133 2559 1239 2599 vox
1277 2543 1396 2597 haec
1427 2547 1541 2598 Deo
1581 2545 1823 2598 adversa
1870 2559 2003 2612 pro-

356 2632 505 2687 fecta
534 2630 630 2700 sit,
663 2636 720 2686 et
749 2633 1042 2702 quodnam
1076 2631 1149 2687 sit
1195 2632 1656 2687 abominandum
1701 2633 2004 2702 apostasia!

354 2719 609 2774 initium.
660 2721 800 2784 Quis
854 2721 1077 2792 primus
1123 2720 1421 2776 terrestria
1469 2737 1616 2793 opus
1661 2725 1719 2776 et
1757 2736 2000 2792 regnum

354 2810 544 2866 hostis
573 2810 765 2866 dicere
795 2828 974 2867 ausus
1002 2811 1138 2868 est?
1181 2829 1390 2884 nempe
1420 2819 1578 2869 sator
1618 2813 1998 2882 zizaniorum,

355 4148 559 4204 tradita
614 4152 762 4216 sunt,
819 4155 875 4204 et
928 4149 1236 4218 cuicunque
1280 4148 1522 4215 voluero,
1579 4150 1695 4219 ipse
1740 4146 1892 4203 trado
1938 4144 2000 4200 7°.

356 4235 625 4293 Percellit
653 4253 775 4304 vos,
809 4238 1103 4292 auditores
1154 4235 1255 4290 Dei
1307 4236 1720 4303 amantissimi,
1764 4235 2008 4290 audacia

359 4323 670 4392 mendacii,
721 4329 778 4378 et
825 4324 1148 4379 insolentia:
1194 4324 1540 4392 magnitudo
1595 4322 1653 4376 in
1709 4322 2004 4377 horrorem

358 4412 723 4484 inopinatum
757 4410 1026 4480 conjicit:
1061 4425 1154 4464 me
1184 4425 1314 4464 vero
1339 4409 1520 4464 multo
1544 4409 1731 4479 magis
1751 4409 2011 4480 percellit

357 4501 754 4574 pessimorum
789 4498 1021 4570 pessimi
1046 4496 1313 4568 magistri
1335 4496 2005 4568 discipulorum,prsace-

356 4595 580 4662 ptorem
598 4605 770 4647 suum
791 4587 1108 4661 superandi
1138 4585 1417 4642 studium.
1439 4586 1539 4641 Ille
1562 4585 2004 4656 enim,alioquin

353 4695 456 4750 per
486 4680 682 4735 omnia
712 4679 921 4747 audax,
954 4681 1012 4732 et
1045 4675 1374 4748 impudens,
1414 4684 1466 4731 et
1506 4675 1776 4744 mendax,
1825 4679 1884 4730 et
1925 4679 2005 4731 te-

353 4770 662 4838 merarius,
695 4769 966 4840 praedicat
991 4770 1184 4822 tamen
1219 4781 1281 4821 se
1313 4765 1384 4820 ab
1415 4764 1528 4820 alio
1560 4765 1730 4821 dante
1760 4780 2005 4837 regnum

351 4857 412 4912 in
443 4861 598 4913 terra
618 4862 858 4914 nactum
884 4873 1032 4914 esse.
1067 4855 1210 4912 Mihi
1242 4856 1419 4924 enim,
1465 4856 1673 4926 inquit,
1725 4855 1825 4912 illa
1874 4857 2008 4911 data

352 4950 493 5003 sunt
520 4965 534 5013 ;
567 4964 682 5003 non
716 4963 844 5003 vero
869 4962 884 5004 :
918 4961 1024 5020 ego
1051 4945 1171 5001 haec
1192 4963 1261 5002 ex
1279 4962 1394 5002 non
1418 4945 1836 5002 exsistentibus
1867 4962 2004 5001 con-

353 5035 496 5094 didi.
554 5037 632 5092 At
677 5035 919 5108 genuini
968 5035 1054 5092 illi
1102 5040 1162 5092 et
1223 5043 1574 5108 praceptore
1631 5052 1734 5092 suo
1783 5036 2007 5108 pejores

425 5167 472 5206 ⁷⁷
502 5169 708 5229 Matth.
738 5185 818 5238 tv,
848 5171 900 5226 8.
977 5169 1023 5206 ⁷⁸
1053 5167 1197 5226 ibid.
1274 5166 1321 5204 ’⁷⁸
1350 5167 1495 5224 ibid.
1526 5167 1582 5224 9.

2037 4459 2084 4524 D

2118 4233 2211 4288 Σοὶ
2258 4231 2418 4306 δώσῳ
2477 4237 2576 4305 τήν
2645 4234 2887 4308 ἐξουσίαν
2950 4237 3150 4306 ταύτην
3215 4238 3449 4307 ἅπασαν,
3510 4237 3599 4292 καὶ
3667 4241 3777 4309 τήν

2118 4319 2271 4394 δόξαν
2341 4324 2540 4393 αὐτῶν,
2603 4326 2686 4381 ὅτι
2773 4325 2897 4399 ἐμοὶ
2973 4323 3360 4402 παραδέδοται,
3420 4327 3510 4382 καὶ
3577 4329 3624 4400 ᾧ
3675 4328 3773 4384 ἐὰν

2115 4408 2280 4478 θὲλω,
2352 4409 2554 4488 δίδωμι
2612 4414 2802 4484 αὐτὴν.
2873 4413 3257 4486 Καταπλήττει
3337 4437 3396 4472 σε
3447 4420 3511 4471 τὸ
3568 4417 3778 4490 θράσος

2115 4502 2210 4554 τοῦ
2236 4498 2490 4574 ψεύδους,
2521 4500 2565 4556 ὦ
2597 4502 2855 4578 φιλόθεον
2886 4503 3106 4578 θέατρον
3136 4508 3271 4579 (74),
3303 4503 3392 4560 καί
3423 4504 3500 4568 εἷς
3551 4502 3774 4579 θάμϐος

2115 4586 2342 4658 ἐξαίσιον
2443 4591 2633 4667 ἀπάγει
2683 4599 2782 4662 τῆς
2867 4593 3183 4662 ἀλαζονείας
3240 4595 3304 4650 τὸ
3365 4594 3608 4671 μέγεθος·
3666 4594 3779 4668 ἐμὲ

2117 4675 2176 4733 δὲ
2209 4676 2422 4751 μᾶλλον
2460 4685 2557 4736 τοῦ
2596 4686 2766 4737 κακοῦ
2820 4679 3152 4738 διδασκάλου
3203 4688 3314 4740 τῶν
3353 4688 3535 4739 κακῶν
3588 4685 3784 4757 μαθη-

2115 4773 2224 4824 τῶν
2250 4771 2284 4838 ἡ
2321 4766 2554 4839 σπουδή,
2586 4771 2678 4824 καὶ
2720 4773 2804 4834 οἷς
2845 4772 2935 4826 τὸν
2975 4769 3300 4828 διδάσκαλον
3349 4770 3782 4848 ἐφιλονείκησαν

2121 4852 2576 4930 ὑπερϐάλλεσθαι.
2611 4861 2672 4916 Ὁ
2721 4861 2816 4933 μὲν
2866 4861 2993 4937 γὰρ,
3047 4861 3222 4917 καίτοι
3262 4862 3436 4917 πάντα
3483 4862 3787 4936 τολμηρὸς

2116 4945 2204 4998 καὶ
2235 4943 2593 5022 ἀναίσχυντος
2621 4947 2712 5002 καὶ
2743 4948 2980 5022 ψεύστης
3009 4950 3098 5004 καὶ
3129 4949 3326 5024 θρασὺς
3355 4948 3449 5005 ὢν.
3483 4951 3634 5024 ὅμως
3667 4949 3784 5006 ἃλ-

2119 5031 2220 5089 λου
2245 5029 2433 5097 δόντος
2467 5029 2655 5090 λαϐεῖν
2685 5038 2786 5109 τήν
2813 5037 3092 5112 βασιλείαν
3124 5040 3221 5109 τήν
3253 5038 3341 5094 ἐπὶ
3372 5044 3477 5118 γῆς
3498 5039 3788 5114 τερατεύε-

1536 5303 1779 5361 VARIIE
1817 5301 2210 5361 LECTIONES
2248 5303 2340 5360 ET
2376 5303 2600 5360 NOTAE.

358 5420 602 5493 Juliani,
634 5437 764 5494 qum
789 5422 978 5478 exstat
1007 5418 1069 5494 in
1108 5417 1288 5494 celeb.
1337 5415 1696 5494 Jo:_Alherti
1754 5413 1996 5471 Fabricii

360 5489 703 5553 Bibliotheca
734 5493 940 5560 Greca,
975 5490 1086 5548 vol.
1115 5489 1242 5556 Vll,
1275 5505 1331 5561 p.
1365 5489 1491 5545 166.

433 5567 546 5638 (73)
601 5553 943 5640 Περιδιδυύςί
1002 5553 1339 5635 Legenduin
1425 5563 1573 5640 pu_to_
1641 5553 2001 5640 παραδιδούςε

2108 5419 2220 5471 tari
2251 5419 2312 5471 in
2345 5431 2485 5473 mss.

2184 5486 2300 5559 (74)
2352 5485 2608 5559 Θὲατρον.
2668 5487 2857 5562 Habes
2912 5485 3010 5543 hic
3067 5503 3282 5562 novum
3329 5496 3778 5562 argumentum,

2114 5573 2227 5632 q_u_o
2258 5565 2526 5632 constare
2581 5559 2767 5632 possit
2814 5575 3147 5632 sermonem
3204 5559 3300 5616 hic
3353 5559 3485 5631 legi,
3535 5559 3781 5632 publice

361 5629 488 5713 quae
517 5629 624 5696 vox
653 5629 788 5694 huic
815 5629 1153 5713 argumento
1183 5629 1619 5713 accommodata
1648 5629 1757 5688 est.
1813 5630 2009 5687 Solent
2113 5629 2691 5713 olim'adnaudientes
2716 5631 2994 5713 habitum.
3027 5632 3167 5713 Vide
3189 5648 3313 5704 qua
3345 5629 3634 5690 in'limine
3654 5634 3782 5691 hu-

364 5700 561 5772 autem
591 5700 1034 5784 prepositiones
1062 5703 1211 5780 παρὰ
1239 5709 1294 5762 et
1321 5700 1444 5778 πιρί
1474 5703 1626 5760 inter
1663 5719 1722 5760 se
1765 5717 2008 5774 permu-

2107 5701 2209 5772 jus
2238 5700 2420 5758 libelli
2451 5720 2484 5759 a
2515 5718 2607 5758 me
2639 5702 2942 5762 observata
2972 5709 3130 5760 sunt.
