4084 6210
232 359 346 421 173

1307 362 1626 426 CONTRA
1667 361 2145 426 MANICHIEOS
2189 365 2424 426 LIBER
2465 365 2572 426 ῐῐῘ.

3514 376 3634 436 174

230 512 334 550 ται.
361 492 527 581 Ἐμοὶ
550 491 678 568 γὰρ,
695 490 855 572 φησὶ,
877 489 1266 581 παραδέδοται,
1289 491 1416 548 ἀλλ’
1447 495 1550 550 οὐκ
1578 493 1686 571 ἐγὼ
1707 499 1868 550 ταῦτά

1990 497 2288 570 discipuli,
2320 501 2474 571 quod
2507 517 2642 558 cum
2674 501 2914 560 horrore
2944 506 3094 576 dico,
3136 524 3206 564 ex
3235 525 3323 572 eo,
3352 511 3504 581 quod
3529 529 3635 570 ac-

229 579 287 634 ὲκ
343 581 422 654 μή
484 576 654 636 ὄντων
700 581 1000 656 ὑφέστηκα.
1049 581 1110 634 Oi
1161 578 1218 636 δὲ
1275 587 1514 658 γενναῖοι
1563 584 1651 637 καὶ
1701 583 1890 638 δυσσε-

229 661 480 742 ϐέστεροι
533 670 630 720 τοῦ
689 663 1024 721 διδασκάλου
1075 667 1336 737 μαθηταὶ,
1387 667 1449 721 τὸ
1509 669 1880 746 φρυαξάμενον

229 761 413 827 εἰπεῖν,
450 758 512 814 ἐκ
538 763 637 814 τοῦ
657 754 993 834 παραλαϐεῖν
1023 756 1170 838 ἔχειν
1200 760 1300 828 τὴν
1338 757 1619 834 βασιλείαν
1648 765 1756 815 τῶν
1790 759 1876 816 ἒπί

227 857 328 926 γῆς
365 856 468 917 τῆς
500 845 879 916 διδασκαλίας,
912 847 987 910 ὡς
1039 844 1234 919 ἔοικεν,
1267 849 1319 903 οἳ
1356 848 1523 905 πλέον
1565 847 1876 922 ἀσεϐοῦσιν,

231 932 591 1011 ἀμειϐόμενοι
638 934 980 1012 δημιουργὸν
1030 937 1120 991 καὶ
1169 937 1418 1008 πλάστην
1467 943 1574 994 τῶν
1628 939 1878 1015 ἐπιγείων

228 1025 718 1102 καταγγέλλουσιν.
757 1027 854 1081 Καὶ
904 1031 1072 1082 ταῦτα
1112 1032 1327 1102 φρονεῖν
1383 1028 1474 1083 καὶ
1523 1027 1696 1105 λέγειν
1743 1029 1874 1084 τολ-

231 1121 458 1191 μῶντες,
529 1111 655 1171 οὔτε
703 1115 1052 1192 πεφρίκασιν,
1102 1113 1226 1171 οὔτε
1284 1122 1510 1191 συνορᾷν
1565 1113 1878 1189 ἐϐουλήθη-

228 1227 332 1277 σαν,
373 1207 457 1268 εἰς
489 1207 612 1260 οἷον
654 1203 932 1267 ἀπωλείας
964 1206 1127 1277 βυθὸν
1157 1201 1506 1264 καταδύουσι.
1541 1209 1612 1262 Σὺ
1645 1205 1702 1262 δὲ
1735 1206 1876 1281 μηδὲ

223 1300 280 1352 τὸ
353 1298 485 1367 ἑξῆς
559 1293 948 1372 παραδράμῃς.
1026 1297 1186 1372 Λέγει
1259 1296 1383 1374 γὰρ,
1463 1299 1538 1352 Σὺ
1616 1297 1706 1354 οὖν
1785 1298 1871 1354 ἐὰν

222 1389 600 1461 προσκυνήσῃς
701 1386 932 1442 ἐνώπιόν
1037 1407 1165 1458 μου,
1280 1386 1427 1443 ἔσται
1526 1393 1623 1443 σοῦ
1707 1395 1871 1446 πᾶσα.

222 1480 376 1532 Ὥστε
409 1477 441 1531 ὁ
475 1475 746 1531 πιστεύων
786 1480 884 1532 τοῦ
933 1471 1196 1532 διαϐόλου
1228 1476 1362 1532 εἶναι
1410 1477 1478 1533 τὰ
1506 1477 1736 1553 ἐπίγεια,
1781 1479 1874 1534 καὶ

219 1567 340 1638 παρ’
387 1564 564 1620 αὑτοῦ
615 1561 918 1638 λαμϐάνειν
960 1565 1202 1639 νομίζων
1247 1566 1314 1620 τὰ
1362 1565 1414 1621 ἐν
1465 1566 1672 1636 αὐτοῖς,
1715 1568 1873 1632 οὗτός

219 1653 359 1710 ἐστιν
405 1656 438 1710 ὂ
491 1656 586 1710 τὸν
635 1650 896 1711 διάϐολον
938 1661 1279 1731 προσκυνῶν.
1333 1655 1408 1714 Οὐ
1453 1658 1558 1733 γὰρ
1617 1657 1696 1728 ἃν,
1747 1659 1875 1733 παρ’

216 1745 386 1800 αὐτοῦ
438 1739 632 1799 λαϐεῖν
687 1745 983 1820 ὁμολογῶν
1031 1744 1063 1799 ἃ
1107 1752 1209 1814 τῆς
1259 1749 1680 1819 προσκυνήσεως
1729 1747 1796 1816 ἦν
1843 1749 1871 1803 ὁ

2001 591 2169 658 cepit,
2192 589 2379 644 eidem
2413 589 2725 662 imperium
2760 592 2819 648 in
2851 599 3079 652 terrena
3105 598 3407 655 vindicant
3428 605 3638 657 creato-

1998 692 2116 731 rem
2141 676 2328 747 ipsum
2360 682 2418 733 et
2441 680 2795 736 conditorem
2830 686 3196 742 terrestrium
3225 687 3284 742 in
3308 689 3634 744 mercedem

1987 763 2209 821 scilicet
2258 777 2502 839 accepta:
2561 769 2632 824 ab
2683 785 2750 826 eo
2810 772 3154 844 disciplinae,
3205 778 3630 834 renuntiantes.

1987 857 2173 924 Atque
2195 855 2273 911 ita
2294 856 2507 913 sentire
2531 861 2587 913 et
2608 857 2768 930 loqui
2801 863 3078 918 audentes
3101 880 3204 919 nec
3237 865 3493 934 horrent,
3527 881 3632 922 nec

1985 941 2178 999 videre
2207 944 2473 1016 cupiunt,
2501 945 2558 1002 in
2593 952 2879 1018 quantum
2917 950 3076 1006 exitii
3107 952 3448 1010 barathrum
3492 971 3634 1026 prae-

1987 1032 2190 1102 cipites
2220 1039 2484 1102 agantur.
2518 1037 2603 1091 Tu
2655 1053 2788 1093 vero
2819 1055 2923 1093 nec
2969 1041 3271 1110 sequentia
3303 1046 3628 1113 praetereas.

1985 1121 2080 1176 Ait
2117 1123 2273 1178 enim
2304 1141 2317 1178 :
2352 1126 2424 1179 Tu
2461 1127 2642 1196 igitur
2665 1128 2714 1182 si
2742 1143 2827 1182 me
2869 1127 3206 1200 adoraveris,
3235 1133 3344 1188 erit
3388 1137 3484 1189 tua
3513 1151 3630 1190 om-

1985 1211 2094 1266 nis.
2130 1211 2238 1278 Qui
2271 1212 2453 1284 igitur
2495 1213 2678 1269 credit
2725 1219 2956 1272 terrena
3003 1234 3128 1275 esse
3158 1219 3396 1292 diaboli,
3430 1237 3628 1294 seque,

1985 1314 2108 1369 quae
2142 1301 2200 1355 in
2231 1301 2351 1357 illis
2373 1305 2531 1370 sunt,
2556 1302 2629 1358 ab
2662 1303 2790 1374 ipso
2823 1305 3085 1377 accipere
3115 1308 3413 1380 Opinatur,
3439 1310 3489 1366 is
3512 1311 3633 1366 dia-

1985 1386 2186 1444 bolum
2218 1390 2442 1446 adorat.
2475 1390 2674 1462 Neque
2704 1391 2883 1457 enim,
2919 1395 3017 1465 qui
3049 1395 3120 1452 ab
3160 1413 3226 1452 eo
3275 1414 3336 1454 se
3367 1399 3629 1471 accipere

1985 1478 2287 1546 proﬁtetur
2341 1495 2426 1549 ea,
2479 1496 2606 1551 quas
2666 1481 3019 1540 adorationis
3075 1487 3382 1556 praemium
3441 1493 3626 1556 erant,

1982 1568 2380 1624 adorationem
2412 1569 2599 1640 ipsam
2650 1569 2936 1642 denegare
2974 1573 3178 1643 possit.
3213 1576 3462 1640 Quinam
3493 1593 3626 1635 vero

1984 1655 2070 1711 illi
2099 1657 2311 1712 iuerint
2343 1658 2462 1727 alii,
2488 1675 2663 1729 quam
2697 1660 2818 1728 isti,
2850 1661 2949 1732 qui
2984 1662 3055 1718 ab
3087 1679 3155 1718 ea
3196 1680 3259 1719 se
3290 1663 3506 1721 habere
3536 1666 3626 1722 fa-

1982 1749 2181 1801 tentur
2211 1763 2441 1818 corpus,
2465 1751 2642 1818 atque
2664 1750 2774 1804 hoc
2801 1751 2873 1806 ad
2904 1751 3258 1808 creationem
3291 1758 3348 1809 et
3377 1769 3624 1826 regnum

219 1835 449 1908 μισθος,
480 1830 685 1887 δύναιτ’
725 1831 784 1888 ἂν
813 1835 914 1902 τήν
961 1834 1328 1908 προσκύνησιν
1376 1833 1750 1909 ἀπαρνεῖσθαι.
1783 1836 1868 1892 Τί-

1984 1835 2112 1905 ejus
2141 1837 2432 1906 pertinere
2461 1837 2709 1894 dicunt?
2740 1839 2862 1896 Imo
2896 1857 2999 1897 nec
3041 1857 3246 1912 corpus
3277 1823 3489 1912 solum,
3524 1845 3626 1900 sed

214 1946 308 1988 νες
362 1923 412 1978 δ’
460 1923 517 1978 ἃν
573 1925 676 1978 εἶεν
731 1925 912 1997 οὗτοι,
955 1926 990 1994 ἢ
1051 1926 1103 1980 οἱ
1151 1926 1278 1998 παρ’
1335 1924 1499 1980 αὐτοῦ
1561 1927 1656 1999 μὲν
1725 1925 1871 2002 ἔχειν

218 2013 635 2088 ὁμολογοῦντες
681 2013 745 2068 τὸ
794 2017 977 2086 σῶμα,
1029 2020 1129 2084 τῆς
1179 2013 1346 2069 αὐτοῦ
1407 2012 1461 2069 δὲ
1511 2012 1874 2090 δημιουργίας

212 2104 306 2158 καί
343 2101 628 2179 βασιλείας
663 2098 819 2177 ἔργον
854 2102 988 2158 εἶναι
1015 2107 1215 2174 τοῦτο;
1251 2105 1340 2158 καὶ
1382 2103 1443 2158 ού
1481 2105 1544 2160 τὸ
1578 2109 1737 2179 σῶμα
1770 2127 1874 2178 μο-

211 2213 316 2260 νον,
352 2191 508 2247 ἄλλᾶ
539 2191 628 2246 καὶ
674 2192 768 2246 τὸν
800 2190 963 2266 ἄρτον
999 2193 1089 2248 καὶ
1129 2195 1222 2249 τὸν
1274 2193 1442 2263 οἶνον,
1475 2195 1565 2249 καὶ
1608 2195 1670 2249 τὸ
1701 2192 1870 2269 ὕδωρ,

211 2280 293 2336 καὶ
323 2282 398 2335 τὰ
432 2278 580 2336 ἄλλα
626 2281 825 2350 πάντα,
861 2277 931 2335 δι’
979 2283 1118 2337 ὅσων
1147 2283 1209 2338 τὸ
1249 2283 1596 2356 ἀνθρώπινον
1648 2281 1869 2360 διακρα-

209 2375 380 2425 τεῖται
445 2370 538 2424 καὶ
596 2367 885 2448 συνέχεται
941 2369 1236 2448 σύγκριμα,
1309 2373 1397 2428 καὶ
1464 2373 1557 2428 τὸν
1613 2373 1868 2445 αἰσθητὸν

207 2463 403 2514 τοῦτον
468 2455 890 2534 διαπορεύονται
924 2459 1064 2536 βίον.
1098 2461 1196 2516 Καὶ
1255 2461 1358 2538 γὰρ
1416 2461 1507 2516 καὶ
1564 2461 1772 2518 τούτων
1830 2464 1865 2533 ἡ

208 2548 452 2619 αἰσθητὴ
522 2547 720 2620 κτίσις,
779 2548 848 2605 τὰ
905 2551 1000 2624 μὲν
1059 2549 1310 2626 προχέει,
1368 2552 1435 2604 τὰ
1493 2547 1549 2605 δὲ
1613 2557 1866 2627 γεωργεῖ.

208 2640 374 2694 Ὥστε
408 2639 464 2692 οἱ
515 2635 983 2715 δημιουργήματα
1035 2641 1128 2712 μὲν
1175 2643 1272 2694 τοῦ
1324 2635 1592 2695 διαϐόλου
1638 2640 1728 2695 καὶ
1768 2647 1868 2711 τῆς

211 2726 502 2800 βασιλείας
561 2726 752 2798 αὐτοῦ,
810 2727 878 2783 τὰ
932 2726 1184 2800 αἷσθητὰ,
1244 2727 1292 2798 ἐξ
1353 2729 1430 2783 ὧν
1487 2725 1685 2801 ἔμαθον
1741 2732 1867 2806 παρ’

208 2816 404 2886 αὐτοῦ,
484 2813 666 2891 δόγμα
740 2820 1044 2886 ποιοῦντες,
1127 2820 1295 2872 ταῦτα
1370 2815 1428 2872 δὲ
1508 2815 1655 2893 ἔχειν
1739 2821 1867 2894 παρ’

205 2909 406 2978 αύτοῦ,
439 2907 532 2962 καὶ
571 2909 790 2970 τούτοις
835 2907 1025 2982 διαζῇν
1065 2912 1184 2970 τοῖς
1225 2904 1410 2982 ἔργοις
1449 2903 1866 2977 ἐπιδεικνύντες,

205 2998 358 3052 οὗτοι
425 3000 673 3074 φανερῶς
721 2997 812 3051 καὶ
845 2991 1239 3072 ἀναμφιϐόλως
1295 2995 1420 3064 εἰσὶ,
1469 2996 1567 3051 κᾶν
1606 2997 1705 3066 τὴν
1751 3002 1862 3052 τῶν

197 3087 464 3160 ὁρώντων
519 3084 644 3160 ὄψιν
694 3084 786 3140 καὶ
843 3085 1012 3156 ἀκοήν
1071 3083 1324 3142 κλέπτειν
1381 3083 1857 3162 διαμηχανῶνται,

1982 1930 2039 1980 et
2068 1941 2279 1996 panem
2333 1929 2388 1980 et
2417 1927 2642 1994 vinum,
2676 1932 2731 1982 et
2781 1944 3016 1998 aquam,
3049 1932 3106 1983 et
3149 1930 3368 2002 reliqua
3407 1933 3622 2000 omnia,

1982 2030 2081 2085 per
2112 2031 2235 2086 quas
2267 2014 2574 2070 hominum
2598 2017 2930 2072 substantia
2952 2018 3281 2074 continetur
3309 2025 3366 2076 et
3390 2037 3627 2078 conser-

1979 2111 2162 2173 vatur,
2217 2104 2509 2175 vitamque
2557 2104 2708 2160 hanc
2760 2107 3098 2162 sensibilem
3147 2109 3435 2178 producit.
3477 2111 3623 2167 Nam

1981 2191 2277 2247 sensibilis
2321 2197 2588 2248 creatura
2632 2209 2833 2249 eorum
2877 2193 2994 2250 alia
3040 2197 3362 2267 profundit,
3397 2197 3507 2254 alia
3555 2215 3624 2254 ex

1979 2285 2130 2338 terra
2161 2282 2396 2353 profert.
2429 2284 2612 2354 Atque
2659 2282 2737 2338 ita
2766 2283 2873 2351 illi,
2907 2284 3007 2355 qui
3056 2285 3358 2343 sensibilis
3401 2286 3622 2342 diaboli

1979 2374 2272 2427 creaturas
2302 2371 2506 2428 dicunt
2526 2376 2584 2428 et
2613 2373 2684 2428 ad
2705 2372 3016 2444 imperium
3049 2375 3200 2445 ejus,
3224 2391 3327 2447 pro
3354 2375 3622 2433 doctrina

1979 2461 2050 2516 ab
2081 2461 2208 2532 ipso
2241 2460 2470 2528 hausta,
2504 2464 2888 2530 constituunt,
2921 2465 3093 2532 atque
3141 2463 3262 2519 haec
3294 2465 3366 2519 ab
3398 2465 3524 2536 ipso
3556 2481 3620 2522 se

1979 2549 2212 2616 habere,
2245 2554 2303 2606 et
2331 2551 2393 2606 in
2423 2550 2513 2606 his
2542 2550 2732 2608 vivere
2762 2567 2933 2622 opere
2962 2551 3088 2623 ipso
3119 2554 3459 2622 ostendunt,
3494 2571 3620 2610 ma-

1978 2639 2184 2695 nifeste
2201 2643 2257 2694 et
2276 2638 2537 2706 indubia,
2552 2639 2784 2696 etiamsi
2805 2639 3132 2696 videntium
3153 2641 3353 2698 oculos
3371 2648 3428 2697 et
3447 2659 3620 2698 aures

1979 2727 2177 2784 fallere
2223 2732 2530 2794 conentur,
2563 2728 2789 2785 cultum
2838 2729 2951 2802 ipsi
2998 2734 3301 2802 praestant.
3332 2733 3406 2787 At
3451 2732 3622 2788 facile

1975 2817 2266 2873 inveneris
2315 2817 2476 2872 aliud
2522 2818 2791 2874 amentiae
2840 2835 3064 2890 eorum,
3102 2838 3220 2892 qua
3267 2821 3618 2894 magistrum

1972 2906 2168 2978 ipsum
2209 2911 2504 2976 superant,
2537 2907 2892 2980 exemplum.
2925 2908 3026 2965 Ille
3064 2911 3217 2966 enim
3266 2910 3419 2967 brevi
3467 2915 3616 2968 tem-

1976 3012 2111 3066 pore
2139 2999 2306 3051 terna
2335 2995 2656 3052 tentatione
2687 2997 3002 3053 Dominum
3034 2999 3293 3069 adortus,
3325 3007 3379 3055 et
3411 3006 3493 3056 ter
3523 3001 3622 3057 ob-

1967 3085 2256 3156 jurgalus,
2287 3087 2519 3141 tandem
2559 3101 2619 3142 se
2663 3103 2697 3142 a
2741 3087 3053 3142 tentatione
3085 3086 3202 3154 illa,
3237 3088 3616 3161 fastuosaque

195 3179 286 3247 τῆν
351 3178 732 3253 προσκύνησιν
784 3175 934 3249 αύτῷ
988 3175 1482 3254 προσενηνοχότες.
1521 3177 1762 3251 Εὑρήσει
1812 3174 1858 3232 δ’

1978 3148 2158 3230 ἰιιεῖθι
2183 3148 2365 3245 impia
2393 3173 2724 3239 insolentia,
2748 3173 3050 3230 abstinuit.
3085 3174 3174 3229 Illi
3190 3148 3334 3231 Ivero
3366 3193 3480 3234 non
3514 3148 3615 3233 iri-

192 3266 249 3322 ἒν
279 3288 368 3330 τις
409 3267 627 3322 τούτων
665 3267 755 3322 καὶ
805 3267 984 3342 ὲτὲραν
1016 3267 1274 3322 ἀπόνοιαν
1319 3268 1418 3336 τὴν
1457 3263 1553 3322 τοῦ
1604 3263 1861 3321 διδασκά-

194 3356 292 3412 λου
342 3360 619 3418 νικῶσαν,
659 3357 715 3411 '0
768 3357 864 3430 μὶν
914 3357 1020 3430 γὰρ
1067 3356 1120 3412 ἐν
1173 3357 1376 3432 βραχεῖ
1419 3377 1479 3412 τε
1537 3355 1717 3432 χρόνῳ
1767 3356 1857 3412 καὶ

192 3448 346 3522 τρισὶ
380 3441 722 3522 προσϐαλὼν
761 3450 844 3518 τῷ
894 3444 1140 3520 Δεσπότῃ
1181 3445 1418 3520 πείραις,
1452 3447 1540 3502 καὶ
1599 3446 1860 3502 τοσαυτά-

197 3557 279 3597 κις
345 3533 705 3606 ἐπιτιμηθεὶς
782 3535 987 3604 ἀπέστη
1045 3537 1204 3589 τοῦτε
1278 3533 1553 3608 πειράζειν
1611 3539 1862 3604 τοιαῦτα,

197 3624 288 3678 καὶ
351 3629 466 3692 τῆς
527 3620 791 3692 ἀλαζόνος
845 3621 1052 3694 ἐκείνης
1101 3622 1191 3677 καὶ
1248 3621 1406 3677 ἆθὲου
1467 3621 1862 3699 μεγαλαυχίας.

194 3715 258 3766 Οἱ
290 3710 357 3767 δὲ
392 3709 458 3766 οἶ)
491 3711 611 3786 τρὶς
646 3711 812 3783 μόνον
853 3708 941 3766 διὰ
978 3714 1088 3767 τῶν
1123 3711 1304 3766 αὐτῶν
1335 3709 1747 3784 ἐπιτιμηθέντες
1779 3718 1866 3768 Δε-

195 3804 488 3857 σποτικῶν
527 3805 724 3878 φωνῶν
763 3802 875 3874 (οἷς
915 3801 1021 3876 γὰρ
1060 3801 1088 3856 ὁ
1137 3797 1470 3864 διδάσκαλος
1520 3800 1864 3873 ἐπιτιμηθεὶς

195 3890 447 3966 ἐσίγησε,
499 3887 591 3943 διὰ
634 3893 741 3943 τῶν
790 3889 967 3944 αὐτῶν
1017 3890 1068 3944 οἱ
1122 3890 1361 3964 μαθηταὶ
1408 3886 1870 3959 κατεδικάσθησαν

193 3981 295 4049 τήν
333 3980 551 4054 σιγήνγ
587 3977 734 4033 ἀλλὰ
767 3978 1042 4054 μυριάκις,
1079 3977 1293 4053 μᾶλλον
1325 3977 1382 4034 δὲ
1437 3980 1570 4053 ὑπὲρ
1610 3977 1866 4050 ἀριθμὸν,

191 4072 285 4124 καὶ
346 4067 646 4130 τοσούτοις
701 4065 893 4136 ἔτεσιν,
935 4068 984 4139 ἐξ
1046 4070 1108 4123 οὗ
1165 4068 1537 4124 διαπέπτωκεν
1590 4067 1779 4130 αὐτοῖς
1831 4069 1865 4137 ἡ

1971 3262 2106 3333 plici
2139 3265 2364 3318 tantum
2398 3261 2518 3318 vice
2549 3261 2752 3317 iisdem
2785 3261 3016 3317 Domini
3054 3263 3294 3320 vocibus
3343 3265 3613 3337 castigati

1971 3350 2208 3422 (quibus
2234 3349 2390 3408 enim
2439 3349 2630 3405 verbis
2669 3351 3061 3423 reprehensus
3108 3352 3376 3410 diabolus
3404 3353 3611 3422 tacuit,

1969 3439 2178 3496 iisdem
2202 3444 2259 3496 et
2287 3438 2562 3510 discipuli
2585 3440 2656 3496 ad
2688 3439 2986 3496 silentium
3018 3441 3281 3498 damnati
3305 3445 3484 3512 sunt),
3509 3441 3613 3499 sed

1971 3527 2154 3594 mille,
2171 3529 2286 3584 imo
2300 3529 2489 3599 potius
2504 3527 2752 3584 infinitis
2780 3527 3028 3598 vicibus,
3045 3529 3328 3603 annisque
3344 3529 3608 3598 totidem,

1971 3635 2039 3676 ex
2068 3634 2184 3690 quo
2233 3616 2600 3690 praeceptoris
2643 3617 2962 3674 insolentes
3006 3623 3063 3676 et
3110 3620 3304 3692 impiae
3353 3623 3506 3676 artes
3551 3621 3614 3676 in

1971 3709 2131 3780 ipsos
2156 3708 2510 3773 ceciderunt,
2534 3707 2750 3764 divinis
2774 3709 3028 3765 oraculis
3052 3710 3620 3782 reprehensi,adhuc

1971 3797 2340 3870 impudentes
2371 3801 2429 3852 et
2471 3802 2810 3868 arrogantes
2841 3815 2902 3855 se
2949 3798 3245 3856 Conditori
3285 3799 3616 3867 obvertunt,

1973 3888 2214 3958 ejusque
2242 3901 2482 3958 regnum
2503 3885 2617 3942 vita
2646 3891 2702 3942 et
2721 3887 2912 3942 verbis
2945 3888 3288 3957 dividentes,
3319 3888 3471 3944 hosti
3493 3904 3625 3959 per-

1973 3974 2516 4040 mittunt,nolentes
2538 3991 2690 4042 vere,
2713 3975 3120 4032 utcommunis
3144 3977 3423 4032 Conditor
3444 3992 3621 4048 super

1974 4083 2034 4125 se
2065 4070 2288 4137 regnet.

193 4163 290 4213 τοῦ
353 4155 699 4212 διδασκάλου
747 4156 962 4228 ἀλαζών
1019 4179 1078 4213 τε
1141 4159 1233 4214 καὶ
1293 4158 1570 4236 θεομάχος
1634 4157 1855 4231 μηχανή
1908 4153 2307 4227 ἐπιτιμσῦμενοι
2354 4156 2474 4212 ταῖς
2529 4154 2731 4215 θεϊκαῖς
2791 4157 2996 4230 φωναῖς
3054 4145 3131 4208 ἔτι
3187 4171 3619 4228 προσαναισχυν-

203 4253 364 4303 τοῦσι
415 4248 510 4302 καὶ
558 4244 1036 4317 καθαυταδίζονται
1086 4252 1183 4302 τοῦ
1229 4251 1604 4324 Δηιιιουργοῦ,
1653 4247 1743 4301 καὶ
1789 4247 1888 4316 τὴν
1956 4242 2233 4319 βασιλείαν
2279 4241 2444 4297 αὐτοῦ
2502 4241 2610 4316 βίῳ
2657 4243 2744 4297 καὶ
2797 4239 2954 4318 λόγῳ
3003 4239 3322 4317 διχάζοντες
3375 4240 3620 4322 ἐγχειρί-

197 4343 353 4406 ζουσι
385 4342 471 4410 τῷ
505 4337 750 4414 Ἐχθρῷ,
787 4339 862 4409 μὴ
897 4336 1149 4400 θέλοντες
1180 4338 1255 4400 ὠς
1279 4336 1500 4405 ἀληθῶς
1529 4337 1620 4392 τὸν
1652 4336 1834 4392 κοινὸν
1865 4334 2142 4405 Δεσπότην
2181 4330 2487 4408 βασιλεύειν
2528 4331 2609 4409 ἐφ’
2641 4332 2868 4389 ἑαυτῶν.

265 4429 376 4483 ΙΘ’·
439 4423 602 4483 Ἀλλ’
661 4422 890 4499 ἴδωμεν,
949 4427 994 4481 εἰ
1053 4424 1223 4496 δοκεῖ,
1281 4427 1371 4482 καὶ
1429 4427 1514 4488 τίς
1574 4425 1759 4489 αὐτοῖς
1822 4427 1857 4496 ἡ

2040 4425 2196 4482 XIX.
2239 4423 2349 4480 Sed
2400 4422 2723 4490 videamus,
2757 4424 2806 4481 si
2853 4423 3064 4496 placet,
3096 4440 3275 4496 quam
3325 4425 3516 4480 {erant
3553 4440 3624 4480 ex

197 4515 575 4579 ἆνταπόδοσις
626 4523 724 4587 τῆς
777 4519 1108 4594 συνηγορίας
1157 4518 1250 4573 καὶ
1300 4520 1726 4593 προσκυνήσεως
1776 4516 1865 4572 καὶ

196 4609 274 4670 εἰς
339 4605 580 4683 βασιλέα
629 4605 982 4682 ἀναρρήσεως
1042 4611 1141 4664 τοῦ
1199 4609 1440 4683 Ἐχθροῦ
1473 4626 1487 4640 ο
1547 4607 1638 4661 καὶ
1695 4605 1748 4660 τί
1803 4607 1865 4660 τὸ

198 4695 443 4752 ἔπαθλον
476 4697 566 4758 οἷς
613 4695 715 4750 οὐκ
761 4693 1035 4767 ἠθέλησαν
1070 4695 1376 4773 βασιλεύειν
1414 4695 1496 4776 ἐφ’
1541 4697 1743 4750 ἑαυτῶν
1776 4694 1866 4749 τὸν

203 4783 439 4858 βασιλέα
480 4787 579 4838 τοῦ
619 4783 842 4846 παντός.
898 4785 1276 4855 ’Δπεικάζουσι
1331 4785 1425 4859 μὲν
1473 4783 1566 4839 οὖν
1623 4784 1680 4838 αἱ
1726 4782 1865 4857 ἱεραὶ

199 4867 525 4946 παραϐολαὶ
559 4871 655 4926 τὸν
701 4873 899 4945 Κύριον
947 4874 1113 4946 ἡμῶν
1163 4873 1376 4943 Ἰησοῦν
1421 4873 1675 4946 Χριστὸν,
1730 4867 1869 4944 μᾶλ-

202 4959 302 5017 λον
337 4959 396 5017 δὲ
429 4961 602 5023 αὐτὸς
633 4962 844 5032 ἑαυτὸν,
876 4961 1146 5039 ἀνθρώπῳ
1192 4959 1412 5038 εὔγενεῖ,
1443 4961 1496 5017 τί
1525 4960 1627 5036 γάρ
1677 4959 1868 5031 θεότη-

202 5071 298 5112 τος
339 5050 720 5128 εὐγενέστερον
747 5068 760 5120 ;
794 5052 858 5106 τὸ
889 5047 948 5106 δὲ
996 5050 1333 5127 ἀνθρώπινον
1361 5048 1633 5123 σύστημα,
1663 5047 1756 5104 ἵνα
1799 5049 1866 5104 τὰ

204 5137 352 5194 ἄλλα
399 5138 570 5210 ἐάσω,
619 5143 739 5202 τοῖς
780 5137 1036 5204 πολίταις
1084 5139 1274 5209 αὐτοῦ,
1308 5134 1400 5196 ἅτε
1439 5137 1733 5213 πλάσματα
1771 5137 1866 5193 αύ-

202 5233 322 5300 τοῦ,
368 5229 464 5284 καὶ
515 5229 605 5285 δτι
653 5227 816 5290 αὐτὸς
860 5227 1025 5284 αὐτοῦ
1081 5227 1332 5285 ἐπόλισεν
1383 5229 1436 5283 ἐν
1481 5233 1550 5304 τῇ
1597 5231 1668 5304 γῇ
1703 5247 1716 5262 ⁸
1777 5227 1868 5282 καὶ

207 5318 288 5372 δτι
321 5318 497 5392 σάρκα
545 5319 649 5388 τήν
695 5319 964 5393 ἡμετέραν
1009 5313 1216 5389 λαϐὼν,
1264 5319 1355 5374 καὶ
1405 5317 1653 5380 σύνοικος
1705 5319 1866 5390 ἡμῶν

207 5406 301 5460 καὶ
327 5405 688 5480 συμπολίτης
731 5406 931 5477 ἠξίωσε
959 5407 1198 5482 γενέσθαι
1228 5407 1320 5462 καὶ
1367 5409 1665 5478 κληθῆναι.
1719 5403 1870 5474 Πλὴν

218 5493 341 5548 ἀλλ’
372 5497 399 5550 ὁ
439 5499 541 5564 τῆς
595 5496 854 5568 θεότητος
905 5498 1004 5567 τήν
1053 5495 1322 5574 εὐγένειαν
1367 5496 1542 5572 φέρων
1577 5494 1628 5549 ἐν
1672 5493 1868 5566 ἑαυτῷ,

215 5583 306 5637 καὶ
340 5586 438 5652 τήν
475 5583 767 5661 βασιλείαν
796 5580 982 5641 λαϐὼν
1033 5583 1160 5656 ἴσην
1192 5585 1282 5640 καὶ
1333 5584 1683 5664 ἀναφαίρετον
1725 5583 1870 5655 παρὰ

220 5675 316 5728 τοῦ
366 5675 611 5749 Πατρὸς,
672 5673 889 5751 ἐπείπερ
948 5676 1153 5732 ἅπαντα
1191 5672 1374 5746 staec,
1433 5671 1561 5731 οὐδὲ
1615 5674 1715 5744 τήν
1774 5671 1870 5728 ἑπ-

1977 4528 2043 4569 eo
2077 4513 2424 4575 mercedem.
2461 4513 2616 4584 quod
2649 4513 2880 4570 hostem
2919 4515 3142 4584 juvent,
3186 4514 3448 4582 adorent,
3478 4517 3536 4568 et
3564 4517 3627 4569 ut

1975 4618 2169 4674 regem
2203 4605 2556 4669 renuntient,
2581 4609 2634 4658 et
2662 4602 2820 4674 quod
2842 4603 3149 4673 praemium
3181 4601 3492 4672 accipiant,
3522 4602 3627 4674 qui

1972 4709 2162 4766 regem
2225 4692 2476 4749 universi
2535 4691 2650 4748 sibi
2707 4691 2997 4748 dominari
3049 4691 3386 4748 noluerunt.
3435 4695 3622 4748 Sacra:

1971 4783 2170 4854 itaque
2184 4779 2473 4854 parabolae
2487 4780 2795 4836 Dominum
2811 4785 3074 4837 nostrum
3088 4781 3287 4838 Jesum
3300 4780 3625 4854 Christum,

1971 4871 2058 4927 vel
2095 4871 2292 4941 potius
2322 4870 2449 4942 ipse
2493 4886 2553 4926 se
2598 4877 2894 4942 comparat
2943 4886 3077 4926 cum
3125 4869 3367 4927 homine
3416 4869 3618 4930 nobili.

1973 4960 2278 5029 Quodnam
2310 4960 2466 5016 enim
2509 4958 2812 5016 divinitate
2857 4963 2947 5016 est
2975 4957 3282 5016 nobilius?
3315 4959 3620 5017 hominum

1971 5066 2106 5107 vero
2150 5050 2473 5120 cohortem,
2519 5053 2585 5106 ut
2629 5052 2837 5106 caetera
2885 5051 3174 5119 omittam,
3207 5067 3344 5107 cum
3395 5051 3623 5107 civibus

1975 5140 2119 5209 suis,
2142 5143 2426 5212 tanquam
2456 5138 2555 5211 qui
2587 5142 2853 5196 creatura
2877 5156 2984 5196 sua
3014 5139 3154 5210 sint,
3179 5144 3236 5196 et
3267 5139 3482 5212 quibus
3512 5143 3626 5196 ter-

1975 5246 2099 5284 ram
2132 5245 2301 5284 suam
2333 5227 2705 5284 incolendam
2737 5227 2982 5296 dederit,
3017 5228 3136 5285 imo
3169 5244 3416 5301 quorum
3447 5243 3624 5284 carne

1975 5325 2276 5390 assumpta
2306 5316 2664 5374 domesticus
2692 5322 2749 5374 et
2771 5317 3026 5376 concivis
3056 5333 3259 5374 eorum
3292 5316 3413 5373 ﬁeri
3445 5321 3501 5372 et
3530 5333 3627 5374 vo-

1976 5407 2089 5464 cari
2119 5407 2386 5463 voluerit.
2420 5411 2490 5462 At
2531 5407 2582 5464 is
2612 5406 2936 5465 divinitatis
2975 5406 3339 5464 nobilitatem
3372 5407 3624 5463 circum-

1977 5496 2188 5566 ferens,
2222 5512 2582 5568 regnumque
2625 5497 2845 5569 asquale
2873 5502 2932 5553 et
2960 5493 3349 5567 inseparabile
3390 5511 3423 5548 a
3452 5493 3621 5551 Patre

1975 5589 2203 5651 nactus,
2237 5601 2368 5640 cum
2418 5584 2618 5641 omnia
2647 5586 2831 5657 scivit,
2875 5590 3002 5642 tum
3053 5602 3168 5640 non
3215 5582 3498 5655 ignoravit
3529 5600 3623 5640 re-

1977 5673 2316 5746 bellionem,
2347 5691 2522 5748 quam
2557 5676 2798 5748 quidam
2835 5675 3051 5732 civium
3082 5674 3142 5730 in
3176 5673 3372 5745 ipsum
3418 5671 3625 5729 molie-
