4084 6210
413 326 526 387 171

1610 313 1876 377 PHOTII
1919 313 2447 376 PATRIARCIUE
2489 316 2609 376 CP.

3687 315 3798 378 172

480 456 675 514 XVIII.
703 457 849 522 Quia
876 473 1008 514 vero
1037 470 1225 512 sermo
1256 469 1424 510 meus
1453 455 1734 524 tauquam
1765 451 1825 506 in
1853 453 2028 506 trans-

2237 448 2346 507 Ill'.
2388 448 2537 504 Ἐπεὶ
2579 445 2636 503 δὲ
2682 447 2778 510 τὰς
2815 446 3126 524 ἱερολογίας
3177 449 3204 504 6
3250 446 3424 524 λόγος
3472 449 3546 513 ὡς
3589 449 3642 505 ἐν
3684 451 3800 507 ἐπι-

411 563 583 604 cursu
617 549 958 617 persecutus
1005 553 1092 601 est
1138 542 1369 600 oracula
1415 559 1600 608 sacra,
1651 556 1783 612 quae
1828 539 2046 595 bonum

407 635 636 692 Patrem
668 635 899 692 Domini
927 634 1108 690 nostri
1134 632 1274 688 Jesu
1307 631 1543 696 Christi,
1575 635 1632 686 et
1662 631 1852 700 ipsum
1903 627 2046 683 dile-

407 731 568 782 ctum
583 725 794 782 Filium
810 725 1164 782 conditorem
1180 722 1358 792 hujus
1373 720 1709 786 universi,et
1723 722 2044 774 creatorem

405 817 688 885 omnium,
722 832 849 886 quae
879 815 1031 870 inter
1060 811 1362 870 sensibilis
1401 818 1454 866 et
1492 808 1885 882 intelligibilia
1934 826 2042 864 nu-

403 910 726 974 merantur,
758 903 908 960 clare
938 901 1324 975 pronuntiant
1369 909 1422 956 et
1447 899 1762 969 celebrant,
1813 897 2042 954 consul-

401 1001 530 1051 tum
564 995 707 1050 mihi
764 993 995 1050 videtur
1050 991 1240 1047 adhuc
1291 990 1658 1046 manifestius
1714 989 2040 1056 ostendere,

396 1083 668 1155 quisnam
702 1083 928 1153 primus
959 1084 1015 1136 et
1039 1090 1230 1135 mente
1261 1083 1318 1134 et
1346 1079 1538 1135 verbis
1562 1077 1739 1148 hujus
1768 1077 1828 1133 in
1859 1077 2038 1132 Deum

391 1172 714 1228 insolentiae
745 1175 946 1227 auctor
975 1171 1094 1226 illis
1124 1171 1389 1234 exsistat,
1412 1168 1512 1240 qui
1543 1167 1782 1224 omnino
1805 1182 2036 1238 pmnam

390 1260 574 1329 luent,
603 1263 757 1332 quod
791 1276 986 1332 regem
1018 1259 1198 1330 hujus
1231 1258 1484 1316 universi
1510 1273 1688 1329 super
1716 1273 1778 1312 se
1800 1271 2040 1327 regnare

392 1349 621 1420 nolunt,
663 1351 762 1406 sed
795 1365 930 1404 cum
954 1348 1085 1404 aliis
1117 1348 1290 1405 rebus
1321 1345 1700 1404 sensibilibus
1722 1346 1896 1402 etiam
1920 1360 2040 1401 cor-

389 1457 532 1511 pora
560 1456 662 1495 sua
691 1439 990 1496 Conditori
1021 1437 1395 1504 subtrahunt,
1423 1435 1647 1493 ethosti
1678 1434 2034 1506 mancipanl.

386 1528 512 1585 Non
578 1546 712 1586 vero
779 1529 1011 1585 aliunde
1083 1529 1202 1584 haec
1268 1526 1679 1584 commentatio
1759 1523 2039 1596 repetitur

387 1634 565 1685 quam
589 1635 654 1675 ex
678 1618 794 1674 illis
821 1617 965 1690 ipsis
987 1617 1169 1674 sacris
1193 1621 1248 1674 et
1279 1634 1309 1672 a
1339 1616 1458 1673 Deo
1487 1615 1790 1687 iuspiratis
1821 1613 2039 1670 Oracu-

384 1705 482 1764 lis.
520 1707 673 1764 Audi
702 1709 899 1780 itaque
927 1707 1342 1780 evangelistam
1395 1709 1652 1762 Lucam:
1687 1703 1832 1760 nihil
1877 1703 2034 1759 enim

385 1796 656 1868 prohibet
689 1797 882 1869 ipsum
917 1797 1142 1854 audire.
1192 1799 1248 1853 Is
1293 1795 1451 1852 enim
1490 1794 1887 1861 tentationem,
1919 1809 2036 1864 qua

383 1890 582 1943 noster
610 1886 747 1943 inde
770 1888 840 1942 ab
871 1887 1095 1958 origine
1118 1901 1315 1942 rerum
1341 1883 1746 1957 supplantator
1768 1899 2032 1939 commu-

383 1990 518 2030 nem
548 1976 812 2031 omnium
843 1975 1220 2030 Conditorem
1250 1974 1307 2028 in
1340 1977 1646 2044 assumpto
1691 1972 1894 2028 habitu
1926 1987 2031 2027 no-

384 2070 505 2120 stro
528 2065 864 2136 despectum
889 2080 1195 2135 aggressus
1217 2063 1388 2130 est,in
1411 2078 1578 2119 sacra
1595 2060 1842 2118 historia
1863 2077 2028 2117 enar-

384 2156 640 2220 raturus,
675 2159 732 2208 et
761 2157 894 2225 post
923 2152 1269 2208 recensitam
1305 2151 1556 2223 primam
1581 2150 1765 2216 illam,
1788 2149 2027 2206 alteram

382 2241 799 2312 expositurus:
841 2243 907 2297 Et
953 2241 1223 2297 adducens
1270 2240 1470 2312 ipsum,
1521 2239 1732 2312 inquit,
1777 2239 2028 2294 diabolus

381 2331 442 2384 in
473 2339 706 2387 montem
733 2331 1024 2397 excelsum,
1059 2329 1305 2386 ostendit
1337 2331 1390 2384 ei
1428 2330 1616 2385 omnia
1654 2343 1828 2398 regna
1857 2328 2023 2396 orbis,

383 2419 449 2474 Et
475 2419 620 2474 dixit
658 2420 712 2474 ei
757 2420 1007 2475 diabolus
1050 2420 1116 2476 ⁷⁷.
1161 2420 1406 2475 Adverte
1457 2431 1726 2488 mentem,
1760 2435 1791 2474 o
1826 2418 2022 2486 homo,

380 2511 445 2562 ut
475 2506 646 2572 scias,
681 2507 835 2562 unde
867 2508 1119 2578 primum
1153 2523 1258 2563 vox
1297 2506 1415 2561 haec
1448 2511 1561 2562 Deo
1600 2509 1843 2561 adversa
1889 2522 2022 2576 pro-

375 2597 524 2652 feota
555 2595 650 2664 sit,
683 2601 739 2651 et
769 2598 1062 2668 quodnam
1095 2595 1169 2652 sit
1215 2596 1676 2651 abominandum
1721 2596 2023 2665 apostasia;

375 2684 629 2739 initium.
680 2685 820 2749 Quis
873 2686 1097 2756 primus
1143 2685 1441 2741 terrestria
1488 2701 1636 2757 opus
1681 2689 1739 2740 et
1776 2700 2020 2756 regnum

375 2775 564 2831 hostis
593 2775 784 2831 dicere
815 2793 994 2831 ausus
1023 2781 1110 2833 est
1130 2776 1158 2831 ‘2
1200 2793 1409 2848 nempe
1440 2782 1598 2833 sator
1638 2777 2018 2845 zizaniorum,

372 2863 472 2934 qui
507 2863 796 2918 homicida
835 2863 943 2918 fuit
981 2865 1052 2919 ab
1093 2863 1280 2933 initio,
1323 2865 1421 2936 qui
1467 2865 1692 2935 primus
1723 2865 1778 2920 in
1832 2864 2014 2920 Deum

372 2953 650 3008 cervicem
697 2951 924 3021 extulit,
967 2953 1067 3024 qui
1109 2969 1213 3024 per
1260 2955 1473 3009 fastum
1521 2962 1576 3010 et
1625 2953 2016 3024 arrogantiam

369 3042 562 3097 instar
605 3042 856 3113 fulguris
887 3059 953 3098 ex
991 3040 1134 3097 ccelo
1167 3041 1472 3113 prolapsus
1519 3050 1619 3098 est.
1660 3043 1818 3097 Dixit
1861 3043 2016 3097 enim

369 3130 467 3186 illi
514 3130 763 3186 diabolus
790 3148 810 3186 :
851 3130 972 3186 Tibi
1008 3131 1145 3187 dabo
1194 3131 1336 3187 hanc
1378 3135 1697 3202 potestatem
1737 3129 1803 3184 73.
1854 3131 2017 3202 Vide,

369 3235 685 3292 quemnam
717 3220 1012 3278 doctorem
1038 3221 1132 3277 hic
1161 3222 1448 3278 malorum
1473 3222 1811 3288 constituat,
1843 3238 2018 3292 quem

371 3311 602 3380 ducem,
637 3325 809 3382 quem
834 3312 1277 3383 praceptorem!
1305 3312 1348 3367 Ο
1387 3311 1658 3368 miseram
1689 3327 1878 3367 meam
1913 3327 2019 3365 na-

370 3402 590 3466 turam,
623 3403 903 3468 quantam
926 3399 1081 3454 hosti
1116 3403 1456 3470 potestatem
1483 3399 1543 3455 in
1576 3416 1667 3455 me
1699 3397 1840 3455 feci!
1876 3398 2018 3454 Cum

373 3483 678 3554 Evangelia
709 3492 825 3541 tam
849 3485 1000 3542 clare
1033 3487 1303 3558 prodant,
1341 3487 1496 3541 unde
1540 3487 1864 3557 provenerit
1893 3489 2020 3540 tan-

373 3581 495 3630 tum
526 3575 830 3646 apostasiaa
863 3574 1108 3644 malum,
1141 3581 1198 3630 et
1229 3574 1361 3647 quis
1390 3576 1518 3645 ejus
1550 3576 1629 3631 sit
1658 3583 1896 3643 auctor;
1931 3589 2020 3629 er-

372 3665 534 3721 ronei
555 3668 750 3720 tamen
780 3664 1070 3730 homines,
1113 3668 1392 3736 tanquam
1423 3663 1714 3720 obturatis
1755 3663 2021 3731 auribus,

378 3757 478 3808 aut
510 3768 711 3808 earum
742 3769 852 3808 usu
883 3753 1115 3822 penitus
1139 3751 1347 3824 privati
1372 3751 1580 3809 nolunt
1609 3752 1819 3820 videre,
1851 3751 2022 3822 cujus

377 3857 442 3898 se
501 3841 716 3898 faciant
771 3840 1116 3914 discipulos,
1187 3846 1246 3898 et
1309 3841 1479 3912 cujus
1527 3857 1693 3898 voces
1748 3857 1888 3897 suas
1945 3843 2026 3896 fa-

379 3930 533 3988 ciant
563 3948 629 3988 ac
660 3931 964 4004 recipiant.
1019 3933 1083 3988 El
1111 3931 1254 3988 dixit
1300 3933 1355 3988 ei
1401 3932 1690 3989 diabolus:
1743 3931 1859 3986 Tibi
1889 3930 2026 3987 dabo

375 4025 697 4090 potestatem
723 4022 864 4080 hanc
892 4038 1130 4087 omnem,
1159 4028 1214 4078 et
1235 4019 1482 4092 gloriam
1502 4037 1710 4085 eorum,
1734 4023 1867 4092 quia
1885 4019 2029 4075 mihi

377 4112 580 4168 tradita
635 4116 782 4180 sunt,
839 4119 896 4168 et
949 4114 1258 4183 cuicunque
1301 4112 1542 4179 voluero,
1599 4113 1715 4182 ipse
1760 4109 1912 4166 trado
1958 4107 2020 4163 7°.

376 4199 646 4257 Percellit
673 4217 796 4268 vos,
830 4202 1124 4256 auditores
1175 4199 1276 4255 Dei
1328 4199 1740 4267 amantissimi,
1785 4197 2028 4252 audacia

380 4287 692 4356 mendacii,
741 4292 799 4343 et
846 4288 1169 4344 insolentia:
1216 4288 1560 4356 magnitudo
1615 4285 1673 4340 in
1728 4285 2024 4340 horrorem

380 4376 744 4448 inOpinatum
778 4375 1048 4445 conjicit:
1083 4389 1175 4429 me
1205 4389 1334 4427 vero
1359 4373 1540 4428 multo
1563 4373 1751 4443 magis
1772 4371 2032 4444 percellit

379 4465 776 4538 pessimorum
809 4463 1042 4535 pessimi
1068 4460 1334 4532 magistri
1356 4459 2027 4532 discipulorum,praace-

377 4560 602 4627 plorem
619 4570 792 4612 suum
813 4551 1129 4625 superandi
1159 4551 1437 4606 studium.
1459 4549 1560 4605 Ille
1582 4549 2025 4620 enim,alioquin

374 4661 476 4715 per
506 4644 705 4700 omnia
734 4643 943 4710 audax,
975 4646 1034 4697 et
1066 4639 1396 4712 impudens,
1434 4647 1486 4694 et
1527 4639 1797 4708 mendax,
1847 4643 1904 4693 et
1945 4643 2026 4695 te-

374 4734 683 4802 merarius,
717 4733 988 4804 praedicat
1013 4733 1204 4786 tamen
1241 4745 1302 4785 se
1334 4729 1404 4784 ab
1437 4728 1550 4784 alio
1581 4728 1752 4785 dante
1782 4745 2026 4801 regnum

373 4822 433 4877 in
465 4825 618 4878 terra
639 4827 879 4878 nactum
905 4837 1052 4878 esse.
1089 4819 1231 4876 Mihi
1264 4819 1440 4888 enim,
1486 4820 1694 4890 inquit,
1747 4820 1847 4876 illa
1895 4821 2029 4875 data

373 4915 514 4967 sunt
541 4929 556 4977 ;
589 4929 702 4968 non
737 4927 866 4968 vero
891 4927 905 4968 :
940 4925 1046 4984 ego
1071 4910 1193 4966 haec
1214 4926 1283 4966 ex
1301 4925 1416 4966 non
1439 4909 1857 4966 exsistentibus
1887 4926 2025 4965 con-

375 4999 518 5058 didi.
575 5001 654 5056 At
699 4999 941 5073 genuini
990 4999 1075 5056 illi
1124 5003 1184 5056 et
1245 5007 1595 5072 praceptore
1653 5016 1755 5056 suo
1803 4999 2028 5072 pejores

447 5131 493 5170 ⁷⁷
523 5134 730 5194 Matth.
760 5149 840 5204 ιν,
869 5135 923 5190 8.
998 5133 1044 5171 ’⁷⁸
1076 5132 1219 5190 ibid.
1295 5131 1343 5168 7°
1372 5131 1517 5188 ibid.
1549 5132 1604 5188 9.

2159 533 2339 610 δρομῇ
2395 534 2640 606 διῆλθεν,
2689 537 2743 592 αἱ
2789 539 2880 592 τὸν
2932 539 3132 612 ἀγαθὸν
3193 536 3400 612 Πατέρα
3457 543 3555 594 τοῦ
3601 541 3799 615 Κυρίου

2155 627 2317 697 ἡμῶν
2380 627 2560 697 Ἰησοῦ
2612 631 2866 701 Χριστοῦ,
2913 625 3004 681 καὶ
3063 627 3219 682 αὐτὸν
3292 628 3382 682 τὸν
3446 629 3799 704 ἠγαπημένον

2147 715 2272 768 Υἱὸν
2305 713 2641 791 δημιουργὸν
2687 720 2785 771 τοῦ
2832 717 3032 779 παντὸς
3072 718 3160 772 καὶ
3211 717 3457 788 κτίστην.
3503 718 3600 773 ὅσα
3637 741 3697 774 τε
3742 718 3796 775 ἐν

2146 810 2264 866 τοῖς
2319 804 2600 876 αἶ’σθητοῖς
2657 805 2748 860 καὶ
2793 807 2892 861 ὅσα
2930 804 2983 860 ἐν
3028 812 3147 870 τοῖς
3193 812 3421 878 νοητοῖς
3478 807 3794 881 ἐξετάζεται,

2146 901 2456 972 περιφανῶς
2486 895 2700 952 ἀνεῖπόν
2739 917 2798 953 τε
2845 898 2935 951 καὶ
2985 896 3335 970 ἀνεκήρυξαν,
3378 895 3458 954 ἔτι
3502 920 3595 973 μοι
3646 897 3797 955 δοκεῖ

2147 982 2406 1056 διελθεῖν,
2449 985 2536 1041 καὶ
2586 985 2979 1064 ἐμφανέστερον
3031 983 3313 1060 ἐπιδεῖξαι,
3345 1008 3427 1050 τις
3473 1008 3532 1043 τε
3572 986 3733 1044 ἐστὶν’
3763 990 3792 1044 6

2145 1078 2365 1149 πρῶτος
2396 1077 2591 1152 γνώμῃ
2630 1076 2724 1148 μὲν
2763 1075 3043 1150 τολμηρᾷ,
3086 1077 3296 1150 ῥήμασι
3346 1074 3403 1132 δὲ
3441 1083 3556 1139 τοῖς
3606 1077 3793 1139 αὐτοῖς

2145 1170 2244 1232 τῆς
2275 1165 2577 1243 θεομαχίας
2611 1162 2958 1235 διδάσκαλος,
3006 1165 3210 1236 ταύτης
3257 1165 3440 1240 ῥητῶς
3485 1167 3582 1234 τήν
3633 1165 3790 1238 δίκην

2142 1251 2401 1319 τίσουσιν,
2434 1254 2485 1308 οἱ
2515 1253 2606 1307 τὸν
2630 1258 2728 1309 τοῦ
2757 1254 2955 1314 παντὸς
2983 1253 3219 1310 Βασιλέα
3244 1255 3321 1326 μή
3339 1254 3666 1325 θελήσαντες
3693 1257 3792 1317 Βα-

2145 1341 2378 1398 σιλεύειν
2413 1343 2494 1422 ἐφ’
2525 1346 2750 1414 ἑαυτῶν,
2781 1343 2928 1399 ἀλλᾶ
2962 1345 3095 1417 μετὰ
3122 1349 3230 1400 τῶν
3282 1343 3470 1400 ἄλλων
3513 1345 3787 1417 αἴσθητῶν

2143 1432 2332 1488 καὶτὰ
2363 1433 2588 1506 σώματα
2625 1433 2804 1489 αὐτῶν
2835 1438 2931 1488 τοῦ
2981 1431 3236 1489 Πλάστου
3289 1435 3384 1506 μὲν
3431 1431 3789 1507 διασπῶντες,

2145 1522 2497 1585 συνάπτοντες
2545 1521 2603 1578 δὲ
2647 1528 2728 1596 τῷ
2769 1524 3004 1598 Ἐχθρῷ.
3055 1522 3166 1578 Οὐκ
3209 1521 3442 1578 ἄλλοθεν
3493 1521 3549 1579 δὲ
3607 1523 3724 1580 οὐδ’
3752 1528 3788 1595 ἡ

2145 1610 2267 1686 περὶ
2298 1612 2506 1667 τούτων
2543 1614 2786 1688 πρόεισιν
2837 1610 3137 1685 ἀπόδειξις,
3187 1611 3332 1668 ἀλλᾶ
3381 1610 3469 1668 διὰ
3522 1619 3630 1669 τῶν
3681 1612 3789 1670 αῦ-

2141 1704 2248 1754 τῶν
2296 1702 2664 1758 θεοπνεύστων
2708 1702 2796 1757 καὶ
2848 1702 3010 1776 ἰερῶν
3067 1700 3307 1777 Λογίων.
3359 1707 3559 1759 ’Ἄκουε
3610 1703 3788 1759 τοίνυν

2145 1793 2240 1844 τοῦ
2298 1788 2682 1866 εὐαγγελιστοῦ
2731 1797 2934 1846 Λουκᾶ’
2997 1788 3152 1846 οὐδέν
3227 1791 3334 1866 γὰρ
3407 1794 3532 1847 οἷον
3618 1791 3788 1848 αὐτοῦ

2141 1877 2374 1936 ἀκούειν.
2405 1880 2516 1948 Τὴν
2545 1883 2734 1952 πεῖραν
2767 1879 2945 1947 οὗτος,
3001 1876 3071 1934 δι’
3117 1881 3183 1948 ἧς
3217 1879 3246 1933 6
3277 1879 3371 1933 ἀπ’
3398 1880 3576 1956 ἀρχῆς
3625 1883 3791 1954 ἡμῶν

2141 1968 2463 2043 πτερνιστης
2493 1966 2844 2046 ἐπεχείρησεν
2905 1967 2955 2022 ἐν
2999 1968 3241 2043 ἡμετέρᾳ
3288 1973 3475 2046 μορφῇ
3527 1967 3788 2044 κατιδὼν,

2140 2055 2228 2110 καὶ
2277 2057 2368 2111 τὸν
2410 2058 2596 2112 κοινὸν
2645 2057 2896 2132 πειράσαι
2952 2055 3233 2128 Πλάστην,
3287 2058 3489 2128 ταύτην
3533 2055 3622 2113 διὰ
3679 2067 3784 2131 τῆς

2139 2145 2286 2221 ἱερᾶς
2341 2146 2584 2222 ἱστὸρίας
2634 2144 2946 2220 περιδιδούς
2990 2149 3126 2221 (73),
3170 2147 3262 2202 καὶ
3324 2146 3455 2220 μετᾶ
3488 2149 3584 2216 τήν
3633 2151 3781 2222 πρώ-

2135 2254 2235 2304 την
2289 2235 2387 2303 τήν
2448 2233 2696 2310 δευτέραν
2758 2234 3000 2306 ἐπεξιών⁸
3062 2236 3163 2291 Καὶ
3247 2235 3523 2312 ἀναγαγὼν
3587 2237 3778 2308 αὐτὸν,

2135 2323 2321 2400 φησὶν,
2374 2324 2401 2378 ὁ
2460 2319 2720 2386 διάϐολος
2778 2323 2855 2385 είς
2910 2324 3036 2397 ὄρος
3097 2322 3324 2399 ὑψηλὸν,
3382 2319 3572 2396 ἔδειξεν
3631 2326 3785 2400 αὐτῷ

2133 2412 2305 2472 πάσας
2369 2413 2465 2474 τὰς
2529 2411 2806 2487 βασιλείας
2863 2420 2965 2484 τῆς
3039 2413 3389 2488 οἰκουμένης.
3474 2416 3577 2472 Καὶ
3634 2417 3786 2472 εἶπεν

2133 2499 2281 2572 αὐτῷ
2319 2497 2655 2566 ὁδιάϐολος.
2719 2504 2965 2578 Πρόσεχε
3019 2503 3113 2559 τὸν
3169 2501 3313 2574 νοῦν,
3359 2500 3627 2580 ἄνθρωπε,
3685 2503 3785 2560 πό-

2131 2591 2220 2644 θεν
2279 2595 2495 2666 πρῶτον
2550 2589 2772 2661 ἐξῆλθεν
2811 2595 2845 2662 ἡ
2887 2593 3164 2668 θεομάχος
3213 2589 3346 2665 αὕτη
3395 2596 3572 2671 φωνὴ,
3614 2593 3701 2656 τίς
3739 2597 3777 2666 ἡ

2134 2683 2346 2758 μυσαρά
2374 2686 2474 2748 τῆς
2521 2683 2848 2748 ἀποστασίας
2887 2685 3134 2760 ἀπαρχή.
3174 2683 3265 2745 Τίς
3310 2683 3586 2758 ἐτόλμησε
3631 2691 3781 2760 πρῶ·

2127 2793 2218 2834 τος
2275 2772 2341 2828 τὰ
2395 2771 2662 2847 περίγεια,
2721 2771 2874 2848 ἔργον
2943 2773 3032 2828 καὶ
3095 2773 3370 2848 βασιλείαν
3453 2774 3620 2830 εἰπεῖν
3677 2780 3780 2831 τοῦ

2127 2863 2363 2935 Ἐχθροῦ
2389 2887 2403 2930 ;
2434 2861 2517 2916 ὅτι
2547 2867 2654 2916 τῶν
2691 2863 2940 2931 ζιζανίων
2983 2863 3010 2916 6
3043 2864 3494 2937 ἀνθρωποκτόνος
3538 2864 3775 2940 γεγονὼς

2127 2948 2218 3004 ἀπ’
2247 2951 2448 3025 ἀρχῆς,
2475 2952 2503 3005 6
2530 2955 2746 3025 πρῶτος
2801 2951 3182 3027 τραχηλιάσας
3236 2953 3372 3008 κατᾶ
3419 2957 3572 3025 Θεοῦ,
3614 2955 3642 3009 6
3683 2951 3778 3008 διὰ

2051 3063 2093 3131 C
2132 3040 2194 3094 τὸ
2255 3038 2609 3117 μεγάλαυχον
2659 3040 2747 3095 καὶ
2792 3042 2883 3096 τὸν
2933 3042 3171 3110 ἀλαζόνα
3220 3045 3344 3097 νοῦν
3379 3040 3535 3114 δίκην
3581 3044 3784 3117 ἄστρα.

2131 3135 2240 3198 πῆς
2275 3129 2450 3184 πεσὼν
2500 3129 2560 3184 ἐκ
2604 3134 2702 3185 τοῦ
2755 3128 3006 3205 οὓρανοῦ·
3067 3132 3156 3186 καὶ
3219 3133 3364 3187 εἶπεν
3425 3131 3573 3204 αὐτῷ
3602 3133 3630 3187 6
3663 3129 3791 3186 διά-

2130 3213 2320 3288 ϐολος,
2391 3219 2491 3274 Σοὶ
2579 3216 2740 3274 δώσω
2815 3222 2916 3288 τήν
2990 3219 3229 3290 ἐξουσίαν
3302 3219 3526 3292 ταύτην.
3621 3223 3792 3296 ”Ορα,

2127 3307 2247 3363 τίνα
2276 3304 2604 3364 διδάσκαλον
2659 3311 2722 3364 τὸ
2773 3316 2873 3379 τῆς
2921 3310 3186 3384 πονηρίας
3231 3309 3439 3379 καθίζει
3486 3307 3794 3385 συνέδριον,

2129 3397 2253 3450 τίνα
2323 3398 2679 3474 μυσταγωγὸν
2765 3398 2856 3454 καὶ
2914 3398 3262 3472 εἰσηγητήνί
3308 3406 3370 3453 Ὠ
3424 3397 3792 3475 ταλαιπώρου

2129 3491 2229 3554 τῆς
2262 3483 2401 3558 ἐμῆς
2437 3486 2671 3563 φύσεως,
2728 3489 2788 3556 ἣν
2848 3487 3124 3564 παρέσχον
3183 3487 3418 3558 ἐξουσίαν
3475 3491 3590 3544 κατ’
3647 3487 3792 3562 ἐμοῦ

2129 3578 2209 3645 τῷ
2240 3576 2492 3650 Ἐχθρῷε
2536 3574 2721 3639 Οὕτως
2765 3577 3034 3650 λαμπρῶς
3093 3581 3200 3632 τῶν
3252 3575 3623 3654 Εὐαγγελίων,
3663 3577 3794 3634 ὅθεν

2131 3660 2329 3736 ἐῤῥάγη
2391 3663 2480 3717 καὶ
2541 3663 2810 3740 προῆλθε,
2869 3662 3272 3740 κηρυττόντων,
3330 3666 3392 3720 τὸ
3447 3664 3795 3737 τηλικοῦτον

2130 3759 2231 3822 τῆς
2261 3754 2590 3815 άποστασίας
2641 3755 2827 3827 κακὸν,
2890 3755 2981 3809 καὶ
3037 3754 3123 3818 τίς
3179 3757 3205 3809 6
3263 3755 3562 3830 ἀρξάμενος
3603 3755 3794 3830 ὥσπερ

2136 3843 2398 3918 βύσαντες
2429 3844 2482 3897 οἱ
2510 3842 2880 3913 πλανηθέντες
2924 3845 2992 3900 τὰ
3040 3845 3172 3912 ὦτα,
3204 3845 3238 3914 ἢ
3271 3844 3556 3907 παντελῶς
3608 3847 3798 3902 αὐτῶν

2135 3929 2482 4007 ἀφῃρημένοι
2511 3930 2609 3998 τήν
2641 3936 2866 4004 χρῆσιν,
2898 3931 2996 3986 οὐκ
3035 3929 3283 3986 ἐθέλουσι
3323 3930 3581 4000 συνιδεῖν,
3648 3931 3805 3995 τίνος

2136 4018 2357 4081 ἑαυτοὺς
2390 4023 2615 4073 ποιοῦσι
2650 4019 2920 4091 μαθητὰς,
2977 4018 3066 4074 καὶ
3123 4019 3272 4084 τίνος
3318 4020 3644 4077 οίκειοῦνται
3697 4023 3800 4076 καὶ

2139 4103 2547 4165 ὑποϐάλλονται
2605 4109 2808 4186 φωνάς.
2862 4107 2962 4163 Kal
3020 4110 3166 4165 εἶπεν
3221 4111 3370 4183 αὖτῷ
3415 4111 3443 4166 6
3495 4107 3799 4174 διάϐολος·

2139 4195 2232 4250 Σοὶ
2279 4194 2439 4269 δώσῳ
2497 4199 2598 4266 τήν
2667 4196 2908 4270 ἐξουσίαν
2970 4199 3172 4268 ταύτην
3237 4200 3471 4270 ἅπασαν,
3532 4200 3621 4255 καὶ
3688 4203 3802 4272 τήν

2138 4281 2292 4356 δόξαν
2362 4286 2561 4354 αὐτῶν,
2624 4289 2707 4344 ὅτι
2794 4287 2918 4361 ἐμοὶ
2993 4285 3381 4364 παραδέδοται,
3442 4289 3531 4345 καὶ
3599 4291 3647 4363 ᾧ
3695 4290 3798 4346 ἐὰν

2136 4372 2301 4442 θέλω,
2373 4371 2575 4449 δίδωμι
2633 4377 2823 4446 αὐτὴν.
2895 4375 3279 4448 Καταπλήττει
3359 4399 3418 4434 σε
3469 4382 3533 4434 τὸ
3589 4379 3801 4453 θράσος

2135 4465 2230 4517 τοῦ
2257 4461 2512 4536 ψεύδους,
2542 4463 2586 4518 ὦ
2619 4464 2876 4541 φιλόθεον
2907 4465 3128 4539 θέατρον
3159 4470 3293 4541 (74),
3324 4466 3414 4522 καί
3445 4466 3522 4530 είς
3572 4463 3798 4541 θάμϐος

2136 4549 2364 4622 ἐξαίσιον
2464 4553 2654 4629 ἀπάγει
2704 4561 2803 4624 τῆς
2887 4555 3205 4624 ἀλαζονείας
3262 4557 3325 4612 τὸ
3387 4556 3631 4633 μέγεθος·
3687 4555 3801 4630 ἐμὲ

2138 4639 2198 4696 δὲ
2231 4639 2444 4715 μᾶλλον
2481 4647 2579 4698 τοῦ
2617 4648 2787 4698 κακοῦ
2841 4641 3174 4700 διδασκάλου
3225 4649 3336 4701 τῶν
3375 4649 3558 4702 κακῶν
3609 4647 3804 4719 μαθη-

2135 4735 2245 4787 τῶν
2272 4733 2306 4802 ἡ
2343 4729 2576 4801 σπουδή,
2607 4733 2700 4787 καὶ
2741 4735 2824 4796 οἷς
2866 4733 2956 4788 τὸν
2997 4731 3322 4790 διδάσκαλον
3371 4731 3803 4808 ἐφιλονείκησαν

2142 4815 2598 4894 ὑπερϐάλλεσθαι.
2633 4823 2693 4878 Ὁ
2741 4822 2836 4895 μὲν
2887 4822 3014 4898 γὰρ,
3069 4822 3244 4879 καίτοι
3283 4823 3459 4878 πάντα
3505 4823 3807 4898 τολμηρὸς

2138 4908 2226 4962 καὶ
2257 4907 2614 4985 ἀναίσχυντος
2643 4909 2733 4963 καὶ
2764 4909 3001 4984 ψεύστης
3029 4911 3120 4966 καὶ
3151 4911 3348 4986 θρασὺς
3376 4909 3471 4967 ὢν.
3505 4912 3660 4985 ὅμως
3688 4911 3804 4967 ἄλ.

2141 4995 2241 5053 λου
2267 4993 2454 5059 δόντος
2489 4992 2676 5052 λαϐεῖν
2707 5000 2807 5070 τήν
2834 4998 3113 5074 βασιλείαν
3145 5001 3244 5071 τὴν
3275 5000 3363 5056 ἐπὶ
3393 5006 3499 5080 γῆς
3521 5001 3810 5076 τερατεῦεο

1558 5266 1801 5324 VARIIE
1837 5265 2232 5324 LECTIONES
2269 5267 2362 5324 ET
2398 5266 2622 5324 NOT/E.

380 5383 624 5458 Juliani,
656 5401 786 5459 qua
811 5387 1001 5442 exstat
1030 5383 1091 5459 in
1130 5381 1310 5459 celei).
1358 5378 1718 5459 Jo_.AAlberti
1776 5377 2018 5434 Fabricii

382 5454 726 5518 Bibliotheéa
757 5457 962 5526 Gram,
997 5455 1108 5513 vol.
1136 5454 1263 5521 Vll,
1296 5470 1352 5526 p.
1387 5454 1513 5510 166.

455 5533 568 5603 (73)
624 5516 965 5604 Περιδιδούςξ
1024 5516 1361 5598 Legendum
1448 5527 1595 5604 pu_to_
1663 5516 2024 5604 παραδιδούς,

383 5593 510 5678 quas
539 5593 648 5661 vox
675 5593 810 5659 huic
837 5593 1175 5678 argumen'to
1206 5593 1641 5678 accommodata
1671 5593 1778 5651 est.
1836 5593 2030 5649 Solent

387 5665 584 5738 autem
615 5665 1056 5749 prepositiones
1083 5668 1233 5745 παρὰ
1261 5673 1316 5726 et
1343 5665 1466 5742 περί
1496 5668 1648 5723 inter
1685 5680 1744 5722 se
1787 5680 2029 5736 permu-

2129 5377 2242 5435 tari
2273 5379 2333 5434 in
2368 5393 2508 5436 mss.

2206 5449 2322 5523 (74)
2374 5448 2631 5522 θέατρον.
2691 5450 2879 5524 Habes
2934 5449 3032 5506 hic
3089 5466 3305 5524 novum
3351 5458 3799 5524 argumentum,

2136 5537 2250 5596 quo
2280 5521 2548 5596 constare
2603 5521 3168 5596 possitsermonem
3226 5523 3322 5578 hic
3373 5521 3507 5596 legi,
3559 5521 3804 5596 publica

2135 5593 2712 5667 olimaduaudientes
2739 5593 3016 5650 habitum.
3051 5595 3189 5651 Vide
3211 5611 3334 5667 quis
3367 5593 3658 5654 inlimine
3677 5597 3803 5653 hu-

2130 5664 2231 5736 jus
2261 5664 2444 5722 libelli
2474 5683 2507 5722 a
2538 5681 2630 5722 me
2662 5665 2965 5724 observata
2994 5671 3152 5723 sunt.
