4084 6210
242 359 352 421 173

1321 363 1639 428 CONTRA
1681 361 2159 425 MANICHJEOS
2203 365 2436 426 LIBER
2478 365 2585 426 ΠΙ.

3529 376 3647 436 174

243 512 343 551 ται.
369 493 540 580 Ἐμοί
563 493 693 570 γὰρ,
711 491 870 572 φησὶ,
893 489 1280 580 παραδέδοται,
1303 492 1430 550 ἀλλ’
1461 495 1564 550 ούκ
1592 495 1700 572 ἐγὼ
1721 500 1883 550 ταῦτά

2004 497 2301 570 discipuli,
2334 501 2487 572 quod
2521 517 2655 560 cum
2687 501 2926 560 horrore
2957 505 3108 575 dico,
3149 524 3220 564 ex
3249 525 3338 571 eo,
3367 511 3519 580 quod
3543 529 3649 569 ac-

243 579 300 635 ὲκ
354 582 433 655 μή
496 577 669 636 ὄντων
717 583 1014 657 ὑφέστηκα,
1064 581 1125 635 Ol
1175 579 1233 636 δὲ
1289 589 1528 659 γενναῖοι
1577 585 1666 638 καὶ
1715 583 1904 639 δυσσε-

244 661 492 741 ϐἐστεροι
546 670 645 721 τοῦ
704 663 1038 721 διδασκάλου
1089 668 1350 738 μαθηταὶ,
1402 667 1463 722 τὸ
1523 670 1894 747 φρυαξάμενον

245 761 428 828 εἰπεῖν,
463 759 525 814 ἐκ
553 763 651 815 τοῦ
671 755 1008 834 παραλαϐεῖν
1037 757 1184 838 ἔχειν
1215 761 1314 830 τὴν
1352 757 1633 834 βασιλείαν
1662 765 1771 816 τῶν
1804 759 1891 816 ἐπὶ

245 856 342 925 γῆς
379 855 482 918 τῆς
514 845 894 917 διδασκαλίας,
926 847 1001 910 ὡς
1053 845 1248 920 ἔοικεν,
1281 849 1333 904 οἳ
1371 849 1537 906 πλέον
1579 847 1890 922 ἀσεϐοῦσιν,

248 933 605 1011 ἀμειϐόμενοι
651 934 994 1012 δημιουργὸν
1045 937 1135 992 καὶ
1184 938 1433 1008 πλάστην
1482 943 1588 994 τῶν
1641 939 1892 1016 ἐπιγείων

247 1026 732 1102 καταγγέλλουσιν.
767 1028 868 1082 Καὶ
918 1032 1088 1083 ταῦτα
1126 1033 1342 1103 φρονεῖν
1397 1029 1488 1083 καὶ
1537 1027 1710 1105 λέγειν
1757 1029 1888 1085 τολ-

251 1121 474 1192 μῶντες,
544 1112 670 1171 οὔτε
717 1115 1066 1192 πεφρίκασιν,
1116 1113 1241 1172 οὔτε
1299 1122 1524 1191 συνορᾷν
1579 1114 1893 1189 ἐϐουλήθη-

247 1227 352 1277 σαν,
391 1206 473 1268 εἰς
504 1207 626 1260 οἷον
667 1204 946 1267 ἀπωλείας
978 1207 1142 1278 βυθὸν
1171 1202 1520 1264 καταδύουσι.
1555 1209 1626 1262 Σὺ
1659 1205 1716 1262 δὲ
1749 1206 1890 1281 μηδὲ

243 1300 299 1352 τὸ
372 1297 501 1367 ἑξῆς
574 1294 962 1372 παραδράμῃς.
1041 1297 1201 1372 Λέγει
1273 1297 1397 1373 γὰρ,
1477 1299 1552 1352 Σὺ
1631 1297 1720 1353 οὖν
1799 1298 1885 1354 ἐάν

244 1389 614 1462 προσκυνήσῃς
715 1385 946 1442 ἐνώπιόν
1053 1407 1179 1459 μου,
1293 1386 1440 1443 ἔσται
1540 1393 1638 1443 σοῦ
1721 1395 1886 1446 πᾶσα.

244 1481 395 1532 Ὥστε
425 1477 456 1531 ὁ
489 1475 760 1531 πιστεύων
800 1481 899 1532 τοῦ
948 1472 1210 1532 διαϐόλου
1242 1476 1376 1533 εἶναι
1424 1477 1491 1533 τά
1520 1477 1751 1553 ἐπίγεια,
1795 1479 1888 1534 καὶ

241 1567 360 1639 παρ’
406 1564 578 1620 αὖτοῦ
629 1561 932 1638 λαμϐάνειν
975 1565 1216 1639 νομίζων
1260 1566 1328 1620 τὰ
1376 1565 1427 1621 ἐν
1478 1566 1686 1636 αὐτοῖς,
1729 1567 1887 1632 οὗτός

241 1654 379 1710 ἐστιν
421 1656 451 1710 ὁ
505 1656 600 1710 τὸν
649 1650 910 1711 διάϐολον
953 1661 1293 1731 προσκυνῶν.
1346 1656 1422 1714 Οὐ
1467 1659 1572 1733 γὰρ
1631 1658 1710 1729 ἂν,
1761 1659 1889 1733 παρ’

242 1744 404 1800 αὖτοῦ
454 1739 645 1799 λαϐεῖν
701 1744 998 1820 ὁμολογῶν
1046 1744 1078 1799 ἃ
1122 1752 1223 1814 τῆς
1273 1749 1695 1820 προσκυνήσεως
1744 1748 1810 1817 ἦν
1858 1749 1885 1803 ὁ

2014 592 2184 658 cepit,
2205 589 2393 644 eidem
2427 589 2738 662 imperium
2773 593 2832 648 in
2864 598 3092 652 terrena
3120 597 3421 655 vindicant
3443 605 3652 656 creato-

2012 692 2130 731 rem
2154 677 2342 747 ipsum
2374 682 2432 733 et
2455 680 2808 736 conditorem
2843 685 3210 742 terrestrium
3238 687 3298 742 in
3323 689 3649 744 mercedem

2001 764 2223 822 scilicet
2271 776 2516 840 acceptae
2575 770 2646 824 ab
2697 786 2763 827 e0
2823 772 3168 844 disciplima,
3218 778 3644 834 renuntiantes.

2001 857 2187 925 Atque
2209 856 2287 912 ita
2308 857 2521 914 sentire
2545 862 2601 913 et
2622 857 2781 930 loqui
2814 862 3092 918 audentes
3115 880 3218 919 nec
3251 865 3507 935 horrent,
3541 881 3646 922 nec

1999 942 2191 1000 videre
2221 944 2488 1017 cupiunt,
2513 946 2572 1002 in
2605 952 2892 1018 quantum
2930 950 3089 1006 exitii
3120 952 3462 1010 barathrum
3507 971 3648 1026 prea-

2001 1032 2204 1103 cipites
2234 1039 2498 1102 agantur.
2531 1037 2616 1091 Tu
2668 1053 2800 1094 vero
2832 1055 2936 1094 nec
2981 1042 3286 1111 sequentia
3317 1047 3642 1113 praetereas.

1999 1122 2094 1177 Ait
2131 1123 2286 1179 enim
2318 1142 2331 1179 :
2365 1127 2438 1180 Tu
2476 1127 2656 1196 igitur
2678 1128 2728 1182 si
2755 1143 2840 1182 me
2882 1128 3220 1200 adoraveris,
3249 1134 3358 1188 erit
3402 1137 3498 1188 tua
3527 1150 3644 1190 om-

1999 1211 2108 1266 nis.
2144 1212 2252 1277 Qui
2285 1212 2467 1285 igitur
2508 1214 2691 1269 credit
2738 1219 2969 1272 terrena
3015 1234 3142 1274 esse
3171 1219 3410 1292 diaboli,
3443 1238 3641 1294 seque,

2000 1315 2122 1370 quae
2156 1302 2215 1356 in
2247 1301 2365 1358 illis
2387 1306 2544 1370 sunt,
2569 1302 2643 1358 ab
2675 1302 2803 1374 ipso
2835 1306 3098 1377 accipere
3129 1308 3428 1379 Opinatur,
3453 1310 3502 1366 is
3525 1311 3647 1366 dia-

1999 1387 2200 1444 bolum
2233 1391 2456 1447 adorat.
2489 1391 2686 1462 Neque
2717 1392 2896 1457 enim,
2931 1395 3030 1464 qui
3062 1396 3133 1452 ab
3174 1413 3239 1452 eo
3289 1414 3350 1454 se
3381 1399 3644 1471 accipere

1999 1479 2301 1547 proﬁtetur
2355 1496 2439 1550 ea,
2493 1497 2620 1552 qua
2678 1481 3032 1540 adorationis
3089 1486 3395 1556 praemium
3454 1493 3639 1555 erant,

1996 1568 2393 1625 adorationem
2426 1569 2612 1641 ipsam
2663 1569 2948 1642 denegare
2987 1573 3192 1642 possit.
3226 1575 3474 1640 Quinam
3506 1593 3640 1634 vero

1999 1656 2084 1711 illi
2113 1657 2326 1713 fuerint
2356 1658 2476 1727 alii,
2501 1675 2677 1730 quam
2710 1660 2830 1728 isti,
2863 1661 2962 1732 qui
2997 1662 3068 1718 ab
3101 1678 3168 1718 ea
3209 1680 3273 1718 se
3304 1663 3519 1720 habere
3550 1665 3640 1721 fa-

1996 1749 2195 1801 tentur
2225 1763 2455 1818 corpus,
2479 1752 2655 1818 atque
2677 1749 2786 1805 hoc
2814 1751 2884 1805 ad
2917 1751 3271 1808 creationem
3303 1757 3361 1809 et
3390 1768 3638 1825 regnum

245 1834 462 1907 μισθὸς,
493 1831 699 1887 δύναιτ’
740 1831 798 1888 ἂν
827 1834 930 1903 τήν
977 1834 1342 1908 προσκύνησιν
1390 1834 1765 1910 ἀπαρνεῖσθαι.
1797 1836 1883 1892 Τί-

1999 1835 2126 1905 ejus
2155 1837 2446 1906 pertinere
2475 1837 2722 1893 dicunt?
2753 1839 2874 1896 Imo
2908 1857 3012 1897 nec
3055 1857 3259 1912 corpus
3290 1823 3502 1912 solum,
3537 1844 3639 1900 sed

382 1923 428 1945 λ’
475 1923 516 1960 αἱ
610 1925 636 1946 τ
783 1925 812 1945 τ’
1279 1927 1292 1947 9
1393 1925 1446 1962 ’.Ρ
1483 1929 1510 1941 -
1615 1928 1630 1946 κ
1740 1925 1784 1959 ’1‘

240 1945 330 1987 νες
381 1939 410 1978 ο
475 1946 531 1978 αδ
587 1945 690 1979 ειεν
745 1945 927 1998 ουτοι,
971 1926 1006 1994 ἢ
1066 1925 1118 1980 οἱ
1165 1945 1271 2000 παρ
1349 1947 1514 1981 αυιου
1575 1947 1670 2000 μεν
1739 1946 1885 2002 ελειν

243 2013 650 2088 ὁμολογοῦντες
695 2013 760 2068 τὸ
809 2017 993 2086 σῶμα,
1044 2020 1144 2084 τῆς
1194 2013 1361 2069 αὐτοῦ
1421 2012 1476 2070 δέ
1525 2013 1888 2090 δημιουργίας

239 2104 330 2158 καὶ
365 2102 641 2178 βασιλείας
677 2099 833 2177 ἔργον
868 2103 1002 2158 εἶναι
1031 2108 1230 2174 τοῦτο;
1265 2105 1353 2158 καὶ
1396 2103 1457 2159 ού
1496 2106 1558 2160 τὸ
1592 2109 1752 2180 σῶμα
1784 2127 1888 2178 μο-

239 2213 342 2260 νον,
373 2190 522 2248 ἀλλά
554 2193 643 2246 καὶ
689 2193 783 2246 τὸν
816 2191 978 2267 ἄρτον
1015 2193 1104 2249 καὶ
1144 2195 1237 2250 τὸν
1289 2193 1456 2264 οἶνον,
1489 2195 1579 2249 καὶ
1622 2195 1684 2250 τὸ
1715 2192 1884 2269 ὕδωρ,

237 2280 320 2336 καὶ
347 2283 417 2335 τά
449 2279 596 2336 ἄλλα
643 2281 839 2351 πάντα,
875 2278 946 2336 δι’
994 2284 1132 2338 ὅσων
1162 2283 1224 2338 τὸ
1265 2283 1610 2357 ἀνθρώπινον
1662 2281 1882 2360 διακρα-

237 2375 401 2425 τεῖται
460 2370 554 2426 καὶ
612 2369 899 2450 συνέχεται
955 2370 1250 2448 σύγκριμα,
1324 2373 1412 2427 καὶ
1478 2373 1570 2428 τὸν
1627 2373 1883 2445 αἰσθητὸν

236 2464 422 2515 τοῦτον
486 2457 904 2534 διαπορεύονται
939 2459 1078 2536 βίον.
1113 2462 1211 2516 Καὶ
1269 2461 1372 2539 γὰρ
1430 2461 1521 2516 καὶ
1579 2461 1786 2517 τούτων
1844 2465 1879 2533 ἡ

237 2549 469 2620 αἰσθητὴ
537 2549 736 2620 κτίσις,
794 2549 862 2605 τά
920 2551 1015 2625 μὲν
1074 2550 1324 2626 προχέει,
1383 2553 1450 2605 τὰ
1507 2547 1563 2605 δὲ
1627 2556 1880 2627 γεωργεῖ.

239 2640 398 2693 Ὥστε
426 2639 480 2692 οἱ
531 2636 998 2715 δημιουργήματα
1049 2641 1142 2714 μὶν
1190 2643 1287 2695 τοῦ
1338 2635 1606 2696 διαϐόλου
1652 2640 1742 2695 καὶ
1782 2647 1882 2710 τῆς

239 2726 518 2801 βασιλείας
576 2726 766 2798 αὐτοῦ,
825 2728 892 2783 τὰ
947 2726 1198 2800 αἰσθητὰ,
1259 2728 1306 2799 ἐξ
1367 2729 1443 2784 ὧν
1501 2725 1699 2801 ἔμαθον
1755 2731 1881 2805 παρ’

238 2817 423 2886 αὐτοῦ,
500 2813 681 2891 δόγμα
755 2820 1059 2886 ποιοῦντες,
1143 2821 1309 2873 ταῦτα
1384 2815 1442 2873 δὲ
1522 2815 1669 2894 ἔχειν
1753 2821 1881 2894 παρ’

233 2907 425 2977 αὑτοῦ,
455 2907 547 2962 καὶ
586 2909 804 2970 τούτοις
850 2907 1040 2982 διαζῆν
1080 2912 1198 2970 τοῖς
1239 2905 1424 2982 ἔργοις
1463 2903 1880 2978 ἐπιδεικνύντες,

233 2998 381 3051 οὗτοι
440 3000 688 3073 φανερῶς
737 2996 827 3052 καὶ
861 2991 1253 3072 ἀναμφιϐόλως
1310 2995 1434 3065 εἰσὶ,
1483 2996 1580 3051 κᾶν
1620 2997 1719 3066 τὴν
1765 3003 1876 3054 τῶν

226 3086 481 3159 ὁρώντων
534 3084 660 3159 ὄψιν
709 3085 800 3140 καὶ
859 3085 1028 3156 ἀκοήν
1086 3083 1338 3142 κλέπτειν
1395 3083 1872 3162 διαμηχανῶνται,

1997 1929 2054 1980 et
2083 1941 2293 1996 panem
2347 1929 2402 1980 et
2430 1926 2656 1994 vinum,
2689 1932 2744 1982 et
2794 1944 3029 1999 aquam,
3062 1933 3120 1983 et
3161 1929 3381 2002 reliqua
3421 1933 3636 2000 omnia,

1997 2030 2096 2084 per
2126 2030 2249 2085 quae
2281 2014 2587 2070 hominum
2612 2017 2943 2072 substantia
2964 2018 3294 2074 continetur
3323 2025 3379 2075 et
3403 2037 3640 2078 conser-

1994 2110 2177 2173 vatur,
2231 2104 2523 2175 vitamque
2571 2105 2721 2160 hanc
2773 2107 3111 2162 sensibilem
3161 2109 3449 2178 producit.
3490 2110 3637 2166 Nam

1995 2191 2291 2247 sensibilis
2334 2197 2602 2249 creatura
2647 2209 2846 2249 eorum
2889 2194 3006 2250 alia
3053 2197 3376 2266 profundit,
3410 2197 3521 2253 alia
3569 2214 3638 2254 ex

1993 2285 2145 2338 terra
2175 2281 2410 2353 profert.
2442 2284 2626 2354 Atque
2673 2282 2750 2338 ita
2780 2283 2886 2352 illi,
2919 2284 3020 2356 qui
3069 2285 3372 2342 sensibilia
3415 2286 3636 2342 diaboli

1993 2374 2287 2427 creaturas
2316 2371 2520 2428 dicunt
2541 2376 2598 2427 et
2627 2373 2697 2428 ad
2719 2372 3029 2443 imperium
3062 2375 3213 2445 ejus,
3237 2391 3340 2447 pro
3367 2375 3636 2432 doctrina

1993 2461 2064 2516 ab
2095 2461 2222 2533 ipso
2255 2459 2484 2527 hausta,
2518 2465 2900 2530 constituunt,
2935 2465 3106 2532 atque
3154 2463 3275 2519 haac
3308 2465 3380 2519 ab
3411 2465 3538 2536 ipso
3570 2481 3633 2522 se

1994 2549 2227 2615 habere,
2259 2553 2317 2606 et
2345 2550 2408 2606 in
2437 2550 2526 2606 his
2557 2550 2746 2607 vivere
2776 2567 2946 2623 opere
2975 2551 3101 2623 ipso
3132 2554 3472 2622 ostendunt,
3507 2571 3634 2610 ma-

1992 2639 2198 2695 nifeste
2215 2643 2272 2694 et
2290 2639 2552 2707 indubia,
2567 2639 2798 2696 etiamsi
2819 2639 3145 2696 videntium
3167 2641 3366 2698 oculos
3385 2648 3442 2697 et
3460 2659 3633 2700 aures

1994 2727 2190 2784 fallere
2236 2732 2544 2796 conentur,
2577 2729 2802 2786 cultum
2851 2729 2964 2801 ipsi
3012 2733 3315 2802 praestant.
3345 2733 3420 2788 At
3465 2733 3636 2789 facile

1989 2817 2280 2874 inveneris
2329 2818 2490 2874 aliud
2535 2819 2804 2875 amentiae
2853 2835 3077 2892 eorum,
3115 2838 3234 2892 qua
3281 2821 3632 2894 magistrum

1985 2906 2182 2979 ipsum
2223 2911 2517 2977 superant,
2551 2907 2904 2980 exemplum.
2938 2908 3038 2965 Ille
3077 2911 3230 2966 enim
3280 2910 3432 2968 brevi
3481 2915 3630 2968 tem-

1991 3013 2125 3066 pore
2153 2999 2319 3053 terna
2349 2995 2669 3052 tentatione
2700 2997 3015 3054 Dominum
3047 2999 3308 3069 adortus,
3339 3007 3394 3055 et
3425 3006 3507 3056 ter
3536 3001 3636 3058 ob-

1981 3085 2269 3157 jurgalus,
2301 3086 2533 3142 tandem
2573 3101 2632 3141 se
2676 3103 2710 3141 a
2754 3087 3066 3143 tentatione
3098 3087 3216 3156 illa,
3250 3089 3630 3161 fastuosaque

222 3178 316 3244 τήν
375 3177 746 3252 προσκύνησιν
799 3175 949 3249 αὐτῷ
1003 3175 1496 3254 προσενηνοχότες.
1535 3177 1777 3252 Εὑρήσει
1827 3174 1872 3232 δ’

1992 3148 2171 3230 ἰιιανθι
2196 3148 2378 3245 impia
2406 3173 2739 3240 insolentia,
2762 3174 3063 3230 abstinuit.
3099 3148 3348 3232 Illi'vero
3380 3193 3495 3234 non
3528 3148 3629 3234 tri-

222 3265 278 3321 Ξν
309 3287 392 3328 τις
426 3266 642 3321 τούτων
681 3266 770 3322 καὶ
819 3267 998 3342 ὲτὲραν
1031 3266 1289 3322 ἀπόνοιαν
1334 3268 1433 3336 τὴν
1471 3263 1568 3322 τού
1619 3263 1875 3321 διδασκά-

222 3355 321 3412 λου
365 3359 634 3416 νικῶσαν.
674 3357 731 3410 '0
784 3357 880 3430 μὲν
929 3357 1035 3430 γὰρ
1083 3355 1134 3411 ἐν
1188 3357 1391 3432 βραχεῖ
1434 3376 1492 3412 τε
1551 3355 1732 3432 χρόνῳ
1782 3356 1872 3413 καὶ

220 3447 368 3521 τρισὶ
401 3440 737 3520 προσϐαλὼν
777 3449 859 3517 τῷ
909 3444 1154 3519 Δεσπότῃ
1196 3445 1434 3520 πείραις,
1467 3447 1555 3502 καὶ
1613 3446 1876 3502 τοσαυτά-

225 3555 307 3596 κις
366 3532 720 3607 ἐπιτιμηθεὶς
797 3534 1002 3605 ἀπέστη
1060 3537 1219 3589 τοῦτε
1293 3532 1568 3608 πειράζειν
1625 3539 1876 3604 τοιαῦτα,

224 3621 314 3676 καὶ
372 3629 481 3691 τῆς
539 3620 806 3692 ἀλαζόνος
861 3621 1068 3693 ἐκείνης
1116 3621 1207 3677 καὶ
1263 3621 1421 3677 ἀθέου
1483 3621 1876 3700 μεγαλαυχίας.

221 3713 284 3764 Οἱ
316 3709 376 3766 δὶ
407 3708 472 3766 οἷ)
503 3711 624 3785 τρὶς
659 3710 827 3782 μόνον
869 3707 957 3765 διὰ
993 3714 1104 3766 τῶν
1137 3711 1320 3766 αὐτῶν
1350 3709 1762 3784 ἐπιτιμηθέντες
1794 3718 1880 3767 Δε-

221 3804 501 3855 σποτικῶν
538 3805 738 3878 φωνῶν
779 3801 891 3874 (οἷς
930 3801 1036 3875 γὰρ
1076 3801 1104 3855 ὁ
1152 3797 1486 3865 διδάσκαλος
1535 3800 1879 3873 ἐπιτιμηθεὶς

217 3887 462 3965 ἐσίγησε,
511 3887 603 3943 διὰ
646 3893 756 3943 τῶν
805 3889 982 3944 αὐτῶν
1033 3889 1084 3944 οἱ
1137 3889 1376 3962 μαθηταὶ
1423 3886 1884 3959 κατεδικάσθησαν

215 3980 316 4047 τήν
350 3981 564 4054 σιγήν)·
600 3977 748 4034 ἀλλά
782 3978 1058 4054 μυριάκις,
1094 3977 1308 4052 μᾶλλον
1340 3977 1398 4033 δὲ
1453 3979 1584 4052 ὑπὲρ
1625 3978 1882 4050 ἀριθμὸν,

212 4069 304 4123 καὶ
361 4068 658 4130 τοσούτοις
714 4065 908 4137 ἔτεσιν,
951 4068 999 4139 ἐξ
1061 4069 1124 4123 οὗ
1180 4067 1552 4124 διαπέπτωκεν
1605 4067 1794 4129 αὐτοῖς
1846 4069 1880 4136 ἡ

1985 3262 2121 3333 plici
2153 3266 2378 3318 tantum
2411 3261 2532 3317 vice
2563 3261 2767 3318 iisdem
2799 3263 3032 3319 Domini
3069 3264 3307 3321 vocibus
3356 3265 3627 3337 castigati

1986 3350 2221 3423 (quibus
2248 3349 2404 3408 enim
2452 3350 2644 3406 verbis
2683 3351 3075 3423 reprehensus
3123 3353 3389 3410 diabolus
3417 3354 3625 3423 tacuit,

1983 3440 2192 3496 iisdem
2216 3443 2272 3496 et
2301 3439 2576 3512 discipuli
2600 3441 2670 3496 ad
2703 3439 3001 3497 silentium
3033 3441 3294 3498 damnati
3317 3445 3498 3512 sunt),
3523 3442 3627 3500 sed

1986 3527 2168 3595 mille,
2184 3529 2300 3584 imo
2314 3530 2503 3600 potius
2519 3528 2767 3585 inﬁnitis
2796 3529 3042 3599 vicibus,
3059 3529 3342 3603 annisque
3357 3530 3597 3587 totidem
3609 3572 3623 3600 ,

1986 3635 2054 3676 ex
2083 3634 2198 3690 quo
2247 3617 2614 3690 praceptoris
2657 3618 2974 3675 insolentes
3019 3623 3077 3676 et
3123 3620 3317 3692 impiae
3367 3624 3521 3677 artes
3565 3621 3629 3677 in

1985 3708 2146 3780 ipsos
2171 3708 2524 3774 ceciderunt,
2549 3709 2763 3765 divinis
2788 3709 3042 3766 oraculis
3065 3711 3634 3784 reprehensi,adhuc

1985 3798 2354 3870 impudentes
2385 3802 2444 3852 et
2485 3803 2824 3869 arrogantes
2855 3815 2915 3855 se
2963 3799 3260 3856 Conditori
3301 3799 3630 3868 obvertunt,

1987 3888 2228 3958 ejusque
2257 3902 2497 3957 regnum
2518 3886 2630 3942 vita
2661 3891 2716 3942 et
2735 3887 2926 3942 verbis
2957 3889 3303 3956 dividentes,
3334 3889 3485 3944 hosti
3508 3904 3640 3959 petu

1988 3975 2252 4040 mittunt,
2269 3974 2531 4031 nolentes
2553 3991 2704 4041 vere,
2727 3975 3133 4032 utcommunis
3157 3976 3438 4032 Conditor
3459 3992 3635 4047 super

1989 4083 2049 4124 se
2080 4069 2303 4137 regnet.

209 4162 307 4211 τοῦ
365 4155 712 4212 διδασκάλου
762 4157 977 4227 ἀλαζών
1034 4179 1094 4214 τε
1158 4158 1248 4212 καὶ
1308 4158 1586 4236 θεομάχος
1648 4157 1870 4231 μηχανή
1923 4153 2322 4226 ἐπιτιμοῦμενοι
2369 4155 2489 4212 ταῖς
2544 4153 2746 4215 θεϊκαῖς
2805 4157 3010 4230 φωναῖς
3067 4145 3145 4208 ἔτι
3201 4170 3634 4228 προσαναισχυν-

216 4251 375 4302 τοῦσι
428 4250 520 4303 καὶ
573 4244 1051 4317 καθαυταδίζονται
1101 4252 1199 4302 τοῦ
1244 4251 1618 4324 Δημιουργοῦ,
1669 4247 1758 4302 καὶ
1803 4247 1903 4316 τήν
1971 4241 2248 4318 βασιλείαν
2295 4241 2460 4296 αὐτοῦ
2517 4241 2624 4316 βίῳ
2671 4243 2758 4297 καὶ
2811 4239 2967 4318 λόγῳ
3016 4239 3337 4318 διχάζοντες
3389 4240 3634 4322 ἐγχειρί-

207 4341 364 4405 ζουσι
395 4342 482 4410 τῷ
515 4339 766 4416 Ἐχθρῷ,
801 4339 877 4410 μὴ
911 4336 1164 4400 θέλοντες
1195 4338 1270 4400 ὡς
1294 4336 1515 4405 ἀληθῶς
1544 4337 1635 4391 τὸν
1667 4335 1849 4391 κοινὸν
1879 4333 2158 4405 Δεσπότην
2196 4330 2501 4407 βασιλεύειν
2543 4331 2623 4408 ἐφ’
2655 4333 2881 4388 ἑαυτῶν.

279 4427 385 4481 ΙΘ”
451 4424 614 4484 Ἀλλ’
677 4423 904 4500 ἴδωμεν,
963 4427 1010 4482 εἰ
1067 4424 1238 4496 δοκεῖ,
1297 4427 1386 4482 καὶ
1445 4427 1530 4490 τίς
1589 4424 1774 4489 αὐτοῖς
1837 4427 1872 4496 ἡ

2055 4425 2212 4482 XIX.
2253 4423 2364 4480 Sed
2415 4423 2736 4490 videamus,
2770 4423 2820 4480 si
2868 4423 3078 4494 placet,
3111 4440 3290 4497 quam
3339 4425 3531 4480 ferant
3567 4439 3638 4480 ex

203 4515 587 4581 ἀνταπόδοσις
639 4524 739 4587 τῆς
792 4519 1122 4595 συνηγορίας
1172 4518 1264 4574 καὶ
1315 4519 1742 4594 προσκυνήσεως
1791 4516 1880 4572 καὶ

201 4606 284 4668 εἷς
346 4606 592 4683 βασιλέα
643 4605 996 4684 ἀναρρήσεως
1057 4612 1155 4664 τοῦ
1214 4609 1455 4684 Ἐχθροῦ
1489 4627 1502 4640 ·
1561 4607 1652 4662 καὶ
1709 4605 1762 4661 τί
1817 4607 1880 4660 τὸ

201 4693 456 4752 ἔπαθλον
488 4697 580 4759 οἷς
626 4697 728 4752 οὐκ
775 4694 1049 4768 ἠθέλησαν
1085 4695 1390 4773 βασιλεύειν
1429 4695 1511 4776 ἐφ’
1555 4698 1758 4751 ἑαυτῶν
1791 4695 1881 4750 τὸν

205 4784 452 4856 βασιλέα
491 4788 593 4840 τοῦ
632 4785 856 4847 παντός.
912 4785 1292 4856 ’Δπεικάζουσι
1345 4786 1440 4859 μὲν
1489 4783 1580 4839 οὖν
1638 4785 1694 4838 αἱ
1740 4783 1880 4858 ἱεραὶ

201 4868 540 4946 παραϐολαὶ
573 4872 669 4927 τὸν
713 4874 914 4946 Κύριον
961 4875 1127 4946 ἡμῶν
1176 4874 1390 4944 Ἰησοῦν
1435 4873 1690 4946 Χριστὸν,
1745 4867 1884 4945 μᾶλ-

202 4957 307 5015 λον
343 4960 410 5018 δὲ
441 4961 614 5024 αὐτὸς
647 4962 858 5032 ἑαυτὸν,
890 4962 1160 5039 ἀνθρώπῳ
1206 4960 1426 5038 εθγενεῖ,
1458 4961 1512 5017 τί
1541 4960 1643 5037 γὰρ
1692 4959 1883 5030 θεότη-

204 5068 304 5110 τος
346 5051 734 5126 εὐγενέστερον
760 5068 774 5121 ;
808 5053 872 5106 τὸ
903 5047 962 5106 δὲ
1011 5050 1348 5127 ἀνθρώπινον
1376 5049 1648 5123 σύστημα,
1678 5047 1771 5104 ’ίνα
1815 5049 1881 5104 τὰ

207 5135 362 5193 ἄλλα
415 5137 580 5210 ἐάσω,
631 5143 752 5201 τοῖς
794 5136 1051 5204 πολίταις
1099 5139 1288 5208 αὐτοῦ,
1322 5134 1415 5196 ἅτε
1454 5138 1748 5213 πλάσματα
1786 5137 1881 5193 αύ-

207 5230 330 5296 τοῦ,
381 5229 475 5283 καὶ
527 5229 616 5286 ὅτι
665 5227 830 5290 αὐτὸς
874 5227 1038 5284 αὐτοῦ
1096 5227 1347 5284 ἐπόλισεν
1398 5227 1451 5284 ἐν
1495 5233 1565 5304 τῇ
1613 5232 1684 5305 γῇ
1719 5247 1731 5261 ⁶
1791 5226 1884 5282 καὶ

213 5315 297 5369 Et:
329 5318 510 5392 σάρκα
556 5319 661 5388 τήν
707 5318 978 5392 ἡμετέραν
1023 5313 1230 5388 λαϐὼν,
1279 5318 1370 5374 καὶ
1420 5317 1668 5380 σύνοικος
1719 5319 1881 5389 ἡμῶν

215 5403 308 5457 καὶ
339 5406 698 5480 συμπολίτης
745 5406 944 5478 ἠξίωσε
973 5407 1212 5482 γενέσθαι
1243 5407 1335 5462 καὶ
1382 5408 1680 5477 κληθῆναι.
1732 5402 1885 5473 Πλὴν

225 5491 354 5547 ἀλλ’
388 5497 414 5550 ὁ
453 5499 549 5566 τῆς
603 5497 868 5568 θεότητος
919 5498 1018 5568 τήν
1067 5495 1336 5573 εὐγένειαν
1382 5496 1557 5573 φέρων
1591 5495 1642 5549 ἐν
1687 5494 1883 5566 ἐαυτῷ,

225 5581 314 5636 καὶ
350 5585 450 5654 τήν
484 5585 779 5664 βασιλείαν
809 5581 996 5641 λαϐὼν
1047 5583 1175 5656 ἴσην
1207 5585 1297 5640 καὶ
1347 5584 1698 5664 ἀναφαίρετον
1740 5583 1885 5656 παρὰ

221 5675 320 5727 τοῦ
380 5679 618 5752 Πατρὸς,
680 5674 903 5752 ἐπείπερ
962 5677 1166 5732 ἅπαντα
1205 5673 1388 5746 εέδὼς,
1449 5671 1576 5731 οὐδὲ
1631 5674 1730 5743 τήν
1788 5671 1885 5728 ἐπ-

1991 4528 2058 4570 eo
2092 4513 2440 4574 mercedem.
2475 4512 2631 4584 quod
2663 4512 2894 4569 hostem
2932 4515 3157 4584 juvent,
3201 4515 3461 4582 adorent,
3493 4516 3550 4569 et
3577 4517 3640 4569 ut

1990 4619 2185 4675 regem
2218 4604 2570 4669 renuntient,
2595 4609 2648 4657 et
2676 4602 2834 4674 quod
2858 4604 3163 4673 premium
3195 4601 3506 4672 accipiant,
3535 4603 3641 4674 qui

1988 4709 2176 4766 regem
2240 4692 2491 4749 universi
2549 4691 2665 4748 sibi
2721 4692 3012 4748 dominari
3062 4693 3400 4748 noluerunt.
3448 4695 3634 4748 Sacrae

1987 4783 2185 4854 itaque
2199 4781 2487 4854 parabolae
2501 4781 2809 4837 Dominum
2826 4785 3088 4838 nostrum
3103 4781 3301 4838 Jeum
3314 4780 3638 4854 Christum,

1985 4872 2074 4927 vel
2110 4871 2307 4942 potius
2337 4871 2463 4942 ipse
2507 4887 2566 4926 se
2612 4876 2908 4942 comparat
2957 4886 3091 4926 cum
3139 4869 3380 4926 homine
3430 4869 3632 4930 nobili.

1987 4961 2293 5029 Quodnam
2325 4961 2481 5016 enim
2523 4959 2826 5016 divinitate
2871 4963 2961 5016 est
2991 4957 3296 5016 nobilius?
3328 4958 3634 5017 hominum

1985 5066 2120 5107 vero
2165 5050 2486 5120 cohortem,
2534 5054 2599 5106 ut
2643 5052 2852 5107 caetera
2899 5051 3187 5119 omittam,
3221 5066 3357 5106 cum
3409 5050 3637 5108 civibus

1989 5141 2134 5209 suis,
2157 5143 2440 5211 tanquam
2471 5138 2569 5211 qui
2602 5142 2868 5196 creatura
2892 5156 2998 5196 sua
3028 5139 3168 5211 sint,
3192 5143 3250 5196 et
3281 5139 3497 5212 quibus
3526 5144 3641 5196 ter-

1989 5245 2114 5284 ram
2147 5244 2316 5284 suam
2348 5227 2720 5283 incolendam
2751 5227 2996 5296 dederit,
3030 5228 3149 5286 imo
3181 5244 3431 5301 quorum
3462 5245 3639 5285 carne

1990 5325 2290 5390 assumpta
2321 5316 2678 5374 domesticus
2707 5321 2764 5373 et
2785 5317 3040 5375 concivis
3070 5334 3273 5374 eorum
3306 5317 3427 5374 ﬁeri
3459 5322 3516 5374 et
3545 5334 3642 5375 vo-

1991 5407 2104 5463 cari
2133 5406 2402 5463 voluerit.
2435 5410 2505 5462 At
2546 5407 2596 5463 is
2626 5406 2950 5464 divinitatis
2989 5407 3354 5464 nobilitatem
3386 5408 3639 5464 circum-

1991 5495 2203 5566 ferens,
2237 5511 2596 5567 regnumque
2640 5496 2860 5568 equale
2888 5501 2947 5553 et
2974 5495 3363 5568 inseparabile
3405 5511 3437 5550 a
3466 5495 3636 5552 Patre

1991 5589 2217 5651 nactus,
2251 5601 2382 5640 cum
2433 5583 2632 5641 omnia
2661 5585 2846 5657 scivit,
2890 5590 3017 5642 tum
3067 5603 3182 5641 non
3229 5583 3513 5656 ignoravit
3544 5601 3637 5640 re-

1992 5672 2330 5746 bellionem,
2361 5691 2536 5749 quam
2571 5675 2814 5748 quidam
2850 5675 3066 5733 civium
3097 5675 3157 5730 in
3189 5675 3386 5746 ipsum
3431 5671 3640 5729 molie-
