4084 6210
444 333 559 394 175

1643 317 1913 380 PHOTII
1956 319 2106 381 PAT
2118 318 2480 379 RIAHCHJE
2521 317 2640 379 ΟΡ.

3720 326 3840 386 176

440 465 673 521 bantur.
706 462 776 517 Et
805 460 888 516 illi
919 459 1148 532 quidem
1183 455 1468 527 negarunt
1498 467 1743 524 regnum
1794 451 1944 523 ejus,
1981 468 2073 508 nec

2193 441 2474 504 ἀνάστασιν
2507 447 2798 520 ἠγνόησεν,
2831 445 2898 516 ἥν
2946 467 3086 509 τινες
3127 452 3232 504 τῶν
3279 447 3532 507 πολιτῶν
3577 451 3842 526 ἐμελέτη-

437 553 751 610 voluerunt
797 565 930 606 eum
980 563 1156 618 super
1201 561 1262 602 se
1315 558 1580 614 regnare.
1630 541 1734 596 Hic
1783 540 2086 598 hominum

439 639 905 709 amantissimus,
938 637 1129 692 bonus
1155 632 1344 689 Patris
1374 631 1578 697 Filius,
1612 631 1741 686 fons
1772 631 2086 686 commise-

440 730 702 799 rationis,
724 729 878 786 Deus
900 722 1323 790 misericordia,
1347 720 1468 775 haec
1491 719 1901 776 misericordiae
1928 735 2078 776 nun-

441 838 616 894 quam
649 819 948 877 vacuanda
993 816 1232 878 viscera,
1269 828 1382 868 non
1429 811 1616 883 potuit
1663 811 1811 866 ferre
1852 815 2075 867 tantam

441 911 651 967 civium
701 909 1058 978 ingratorum
1091 901 1482 959 insolentiam.
1525 900 1725 972 Neque
1759 901 1912 957 enim
1945 915 2075 973 pec-

441 1005 699 1057 catorum
746 998 1142 1053 humanorum
1176 991 1406 1064 aliquod
1458 991 1584 1047 ausi
1624 994 1789 1046 erant
1835 990 1940 1062 illi,
1973 991 2076 1047 sed

441 1093 643 1146 contra
673 1089 1023 1150 Creatorem,
1056 1087 1258 1139 contra
1304 1085 1624 1146 auctorem,
1657 1083 1859 1136 contra
1897 1080 2078 1136 bene-

434 1169 739 1246 factorem,
779 1180 984 1232 contra
1031 1169 1338 1245 providum
1388 1170 1642 1225 amentia
1690 1168 2076 1240 insurgebat:

434 1267 554 1323 imo
586 1283 686 1340 pro
716 1265 882 1338 hoste
908 1264 978 1318 ab
1011 1261 1232 1332 origine
1267 1259 1440 1328 malo,
1471 1275 1573 1330 pro
1616 1258 1910 1314 homicida
1957 1259 2078 1330 pri-

438 1373 641 1426 maevo,
676 1371 778 1426 pro
826 1351 1149 1408 adversario
1199 1347 1461 1405 studium
1503 1349 1575 1404 ab
1624 1347 1696 1402 iis
1746 1347 2073 1419 probatur:

436 1461 503 1502 eo
535 1445 674 1510 fine,
705 1447 772 1498 ut
801 1442 965 1497 alteri
999 1439 1236 1512 quidem
1280 1435 1590 1509 imperium
1619 1437 1878 1503 demant,
1911 1436 2077 1494 alteri

437 1531 787 1605 largiantur.
815 1528 964 1596 Quid
986 1528 1160 1600 igitur
1183 1526 1338 1597 facit,
1362 1534 1416 1582 et
1437 1541 1609 1596 quam
1636 1541 1863 1597 pmnam
1886 1523 2078 1596 justus

431 1622 613 1693 judex
639 1620 710 1677 ab
741 1618 1020 1692 apostatis
1064 1616 1179 1672 illis
1211 1615 1466 1687 repetit?
1513 1617 1756 1670 Praestat
1784 1615 1940 1670 enim
1975 1633 2077 1670 au-

440 1711 563 1768 dire
582 1711 770 1783 ipsam
790 1709 949 1765 illam
973 1706 1323 1764 sententiam
1351 1705 1644 1762 :Im'mico:
1673 1721 1839 1773 meos,
1865 1704 2074 1777 inquit,

2199 559 2292 593 σαν
2341 539 2459 592 κατ’
2503 535 2689 592 αὐτοῦ.
2741 537 2841 591 Καὶ
2891 536 3200 610 ἠρνήσαντο
3234 541 3341 612 (75)
3392 539 3486 614 μὲν
3535 544 3635 612 τήν
3687 543 3845 617 βξισι..

2198 625 2348 682 λείαν
2410 627 2597 697 αὐτοῦ,
2658 625 2757 680 οὐκ
2829 623 3106 697 ἠθέλησαν
3168 625 3225 682 δὲ
3303 628 3612 704 βασιλεύειν
3671 633 3838 688 αὐτὸν

2191 716 2274 796 ἐφ’
2342 717 2570 772 ἑαυτῶν.
2629 715 2800 777 Οὗτος
2857 715 2884 769 ὁ
2951 714 3364 794 φιλάνθρωπος,
3406 720 3434 773 ὁ
3483 721 3682 796 ἀγαθὸς
3729 727 3836 777 Πα-

2189 806 2316 880 τρὸς
2377 811 2531 874 Παῖς,
2583 807 2617 875 ἡ
2667 804 2821 878 πηγή
2867 811 2970 873 τῆς
3019 807 3375 879 συμπαθείας,
3418 809 3446 862 ὁ
3493 814 3590 864 τοῦ
3647 809 3834 873 ἐλέους

2189 894 2338 961 Θεὸς,
2391 894 2457 948 τὰ
2507 896 2612 947 τῶν
2672 891 2973 968 οἰκτιρμῶν
3027 897 3104 967 μή
3162 897 3458 970 κενούμενα
3515 896 3810 980 σπλάγχνα

2187 981 2287 1038 οὒκ
2342 984 2606 1057 ἠνέσχετο
2655 983 2753 1051 τήν
2794 983 3064 1053 τοσαύτην
3119 988 3401 1058 παροινίαν
3459 992 3568 1043 τῶν
3627 963 3837 1065 ἄγαρί-ἶ

2188 1094 2326 1128 στων
2362 1073 2526 1127 αὐτοῦ
2558 1069 2824 1128 πολιτῶν.
2857 1069 2998 1130 Οὐδὲ
3027 1074 3132 1148 γὰρ
3157 1072 3212 1128 ἓν
3245 1096 3298 1130 τι
3333 1080 3442 1132 τῶν
3473 1079 3830 1154 ἀνθρωπίνων

2190 1163 2601 1237 ἁμαρτημάτων
2627 1161 2695 1231 ἦν
2727 1161 3029 1235 τολμηθὲν,
3063 1162 3208 1219 ἀλλὰ
3254 1166 3392 1221 κατά
3422 1170 3517 1220 τοῦ
3558 1167 3832 1240 Πλάστου,

2187 1254 2324 1307 κατά
2355 1255 2450 1307 τοῦ
2493 1255 2870 1328 Δημιουργοῦ,
2902 1253 3038 1306 κατὰ
3067 1258 3168 1308 τοῦ
3201 1252 3520 1331 Εὐεργέτου,
3553 1259 3692 1315 κατὰ
3735 1266 3832 1317 τοῦ

2187 1343 2500 1417 προνοητοῦ
2530 1342 2564 1409 ἡ
2616 1341 2868 1411 ἀπόνοια,
2899 1339 3028 1397 ἀλλ’
3063 1342 3196 1416 ὑπὲρ
3242 1349 3342 1398 τοῦ
3393 1346 3704 1421 ἆρχεκάκου
3735 1349 3832 1426 ἐχ-

2189 1432 2341 1505 θροῦ,
2375 1430 2507 1506 ὑπερ
2558 1434 2655 1484 τοῖ’)
2693 1429 2787 1485 ἀπ’
2827 1429 3007 1506 ἀρχῆς
3049 1430 3524 1506 ἀνθρωποκτόνου,
3558 1437 3687 1514 ὑπὲρ
3736 1443 3832 1495 τοῖ’)

2187 1519 2555 1593 ἀντικειμένου
2588 1522 2622 1590 ἡ
2676 1519 2885 1590 σπουδή
2923 1540 2936 1552 ·
2991 1519 3085 1575 ’ίνα
3114 1526 3213 1576 τοῦ
3257 1524 3350 1596 μὶν
3399 1524 3704 1604 ἀφέλωνται
3733 1531 3833 1599 τὴν

2193 1607 2496 1684 βασιλείαν,
2527 1613 2605 1681 τῷ
2646 1607 2703 1664 δὲ
2736 1608 3093 1684 χαρίσωνται.
3145 1611 3237 1667 Διδ
3267 1612 3318 1668 τί
3361 1620 3548 1684 ποιεῖς
3581 1617 3670 1672 καὶ
3707 1621 3828 1674 τίνα

2190 1695 2346 1768 δίκην
2401 1699 2530 1761 τοὺς
2583 1698 2889 1762 ἀποστάτας
2951 1701 2979 1755 ὁ
3050 1697 3259 1762 δίκαιος
3327 1702 3546 1759 ἀπαιτεῖ
3603 1710 3824 1783 κριτήςς

437 1800 536 1873 qui
562 1801 860 1856 noluerunt
889 1813 976 1852 me
1005 1813 1172 1863 super
1197 1811 1253 1850 se
1285 1809 1518 1865 regnare
1547 1792 1818 1863 adducite,
1848 1802 1899 1850 et
1942 1794 2073 1850 om"

2188 1786 2362 1843 Ἀλλά
2430 1790 2533 1862 γὰρ
2613 1787 2834 1860 ἄμεινον
2902 1787 3070 1859 αὐτῆς
3154 1788 3363 1862 ἐκείνης
3439 1793 3660 1850 ἀπούειν
3726 1804 3824 1867 τῆς

435 1887 547 1945 dite
573 1904 760 1944 coram
791 1902 877 1942 me
909 1885 974 1940 ⁸ο.
1018 1884 1304 1948 Quoniam
1349 1883 1502 1937 enim
1535 1881 1720 1938 oculis
1753 1883 1879 1938 suis
1911 1882 2080 1938 Crea-

439 1984 620 2034 torem
653 1975 1003 2047 despieiunt.
1031 1975 1101 2030 ad
1136 1971 1640 2044 supplantatorem
1680 1971 2077 2044 respicientes,

439 2065 646 2120 merito
676 2064 734 2121 in
767 2062 952 2119 oculis
975 2061 1217 2131 justitie
1241 2060 1440 2116 omnia
1467 2058 1716 2116 videntis
1747 2063 1803 2115 et
1823 2063 2080 2115 contem-

434 2150 649 2222 plantis
693 2151 762 2206 ad
814 2150 1050 2221 dignam
1104 2151 1378 2204 vocantur
1418 2164 1668 2219 pmnam.
1722 2146 1789 2201 Et
1837 2145 2082 2202 occidite

434 2256 533 2298 eos
563 2257 755 2297 coram
801 2254 914 2307 me,
949 2242 1013 2294 ut
1062 2253 1234 2308 quem
1268 2253 1382 2292 non
1428 2235 1734 2293 voluerunt
1766 2251 2081 2308 agnoscere

435 2346 652 2403 regem,
703 2345 834 2386 eum
873 2327 960 2384 vel
993 2326 1154 2383 inviti
1205 2343 1273 2382 ex
1320 2325 1416 2394 iis,
1458 2325 1674 2397 quibus
1725 2323 2077 2395 plectuntur,

434 2420 620 2494 poenis
649 2423 706 2476 et
749 2418 966 2490 Regem
998 2421 1054 2472 et
1079 2415 1304 2485 justum
1335 2415 1592 2486 iudicem
1640 2416 1978 2486 agnoscant.
2013 2414 2080 2470 Et

435 2511 714 2582 quoniam
734 2524 948 2580 corpus
971 2524 1004 2561 a
1024 2521 1112 2561 me
1133 2506 1447 2561 formatum
1464 2504 1729 2558 etdatum
1745 2501 1860 2558 illis
1879 2502 2078 2558 alienis

436 2616 644 2656 manus
667 2615 814 2669 opus
844 2595 1241 2662 venditarunt,
1265 2593 1510 2650 occidite
1531 2592 1679 2661 illos,
1706 2601 1768 2648 ut
1801 2609 1899 2663 per
1925 2593 2078 2663 quod

433 2687 636 2758 injurii
667 2687 724 2742 in
759 2703 852 2742 me
897 2687 1154 2748 fuerunt,
1187 2685 1458 2755 quodque
1493 2699 1618 2738 meo
1667 2682 1908 2752 imperio
1941 2682 2075 2737 sub-

435 2781 661 2847 reptum
693 2775 850 2831 hosti
885 2773 1317 2844 manciparent,
1342 2773 1412 2826 ab
1442 2787 1508 2827 eo
1540 2770 1790 2841 sejuncti
1825 2769 2074 2825 debitam

436 2864 738 2936 apostasia
763 2880 987 2934 poenam
1011 2863 1270 2919 solvant:
1305 2860 1560 2916 Occidite
1591 2876 1687 2915 eos
1721 2875 1914 2914 coram
1951 2855 2074 2914 mel

434 2955 812 3011 Considerate
882 2968 1135 3024 panem,
1196 2966 1372 3021 quam
1449 2949 1527 3004 sit
1601 2947 1952 3004 inevitabilis
2025 2950 2079 3002 et

433 3043 659 3118 acerba.
693 3042 830 3106 Quis
862 3041 972 3096 fert
1003 3041 1351 3096 sententiam
1372 3039 1401 3093 Ῥ
1442 3038 1627 3111 Cujus
1658 3042 1714 3093 et
1745 3037 1886 3093 illud
1913 3036 2075 3108 judi-

2191 1879 2423 1954 ψήφου·
2486 1875 2628 1940 Τοὺς
2681 1875 2916 1952 ἐχθρούς
2980 1899 3108 1951 μου,
3176 1881 3331 1958 φησὶ,
3387 1884 3516 1948 τοὺς
3577 1888 3651 1958 μή
3731 1889 3824 1942 θε-

2192 1964 2463 2037 λήσαντάς
2555 1987 2620 2040 με
2717 1965 3030 2042 βασιλεύειν
3106 1967 3186 2044 ἐφ’
3277 1971 3508 2040 ἑαυτῶν,
3599 1975 3829 2050 ἀγάγετε

2189 2057 2278 2111 καὶ
2364 2054 2732 2132 κατασφάξατε
2825 2051 3124 2134 ἔμπροσθέν
3219 2080 3346 2133 μου.
3424 2061 3621 2132 Επειδὴ
3724 2065 3827 2142 γὰρ

2189 2150 2308 2209 τοῖς
2355 2144 2663 2222 ὀφθαλμοῖς
2721 2145 2896 2200 αὐτῶν
2952 2145 3208 2221 παρεῖδον
3259 2149 3354 2222 μὲν
3412 2151 3500 2204 τὸν
3558 2153 3830 2222 Ποιητήν,

2189 2231 2498 2308 ἀπέϐλεψαν
2550 2231 2607 2288 δὲ
2646 2235 2780 2308 πρὸς
2829 2235 2921 2290 τὸν
2980 2239 3326 2310 πτερνιστήν,
3377 2236 3466 2294 διὰ
3517 2244 3676 2296 τοῦτο
3744 2241 3838 2297 έν-

2191 2325 2360 2378 ώπιον
2391 2327 2488 2378 τοῦ
2531 2323 2870 2403 παντεφόρου
2899 2326 2988 2380 καὶ
3032 2327 3474 2384 παντεπισκόπου
3521 2336 3622 2399 τῆς
3671 2328 3835 2402 δίκης

2190 2410 2478 2491 ὀφθαλμοῦ
2531 2415 2631 2484 τὴν
2686 2413 2833 2484 ἀξίαν
2895 2415 3245 2472 ἀπαιτοῦνται
3303 2421 3519 2489 ποινήν.
3573 2420 3673 2477 Καὶ
3733 2442 3839 2476 κα-

2188 2503 2487 2580 τασφάξατε
2537 2501 2731 2565 αὐτοὺς
2773 2499 3074 2578 ἔμπροσθέν
3131 2527 3259 2579 μου,
3290 2505 3406 2576 ἵνα,
3455 2509 3515 2564 ’ὀν
3558 2509 3658 2564 οὐκ
3704 2509 3832 2578 ἠθέ-

2189 2589 2360 2660 λησαν
2414 2590 2706 2666 ἐπιγνῶναι
2777 2592 3024 2668 βασιλέα,
3084 2593 3341 2672 ἐπιγνῶσι
3415 2597 3508 2652 καὶ
3582 2596 3831 2672 ἄκοντες,

2189 2681 2248 2734 Οἵ
2331 2680 2344 2700 ,
2519 2685 2545 2696 η.
2761 2684 2774 2698 κ
2892 2682 2905 2702 9
2953 2683 2976 2718 ,1
3336 2685 3347 2702 ι
3515 2685 3530 2706 ε
3631 2685 3644 2704 ι

2251 2700 2274 2742 ς
2321 2701 2667 2738 απαιτουνται
2716 2703 2812 2744 τας
2853 2685 3096 2752 ευθδνας,
3160 2683 3386 2758 βασιλεα
3441 2707 3531 2740 και
3591 2683 3825 2744 δικαιον.

2188 2769 2285 2823 Καί
2319 2769 2430 2825 ἐπεὶ
2471 2771 2533 2826 τὸ
2564 2772 2691 2846 παρ’
2748 2771 2882 2845 ἐμοῦ
2923 2775 3082 2846 σῶμα
3132 2771 3365 2828 πλασθέν
3421 2775 3606 2839 αὐτοῖς
3662 2774 3834 2831 ἀλλο-

2187 2861 2338 2933 τρίας
2389 2861 2576 2936 χειρὸς
2617 2853 2769 2934 ἔργον
2826 2857 3032 2932 ἔθεντο,
3075 2864 3446 2942 κατασφάξατε
3494 2865 3711 2936 αὐτοὺς,
3753 2866 3835 2928 ὡς

2189 2949 2248 3002 ἂν
2284 2947 2350 3003 δι’
2383 2950 2444 3003 οὗ
2491 2949 2821 3023 παρῴνησαν
2852 2949 2927 3012 είς
2967 2951 3062 3024 ἐμὲ
3110 2953 3198 3006 καὶ
3239 2960 3341 3022 τῆς
3371 2952 3510 3028 ἐμῆς
3556 2952 3840 3019 διελόντες

2187 3033 2611 3100 αὖτοϐασιλείας
2641 3037 3008 3115 προσέρριψαν
3038 3045 3116 3113 τῷ
3151 3041 3388 3117 Ἐχθρῷ,
3420 3043 3616 3098 τούτου
3667 3041 3842 3119 διχα-

433 3115 590 3196 eium
611 3133 640 3188 ’ἰ
667 3133 754 3189 Ab
783 3132 954 3189 hoste
983 3130 1167 3187 occidi
1207 3129 1471 3201 quamvis
1518 3107 1765 3201 lugubre
1796 3127 1890 3194 sit,
1918 3107 2073 3182 imul-

2190 3128 2398 3192 σθέντες
2425 3130 2522 3198 τὴν
2577 3127 2946 3206 ὀφειλομένην
2995 3129 3094 3184 ὦσι
3150 3127 3304 3202 δίκην
3349 3138 3450 3201 τῆς
3498 3133 3838 3199 ἀποστασίας

433 3232 562 3284 tum
591 3229 786 3280 tamen
811 3221 1002 3278 solatii
1035 3218 1342 3276 materiam
1397 3218 1753 3291 suppeditat.
1789 3215 2084 3287 Relinquit

439 3315 596 3373 enim
625 3311 941 3369 Dominum
990 3309 1254 3365 futurum
1303 3306 1574 3374 ultorem,
1608 3313 1664 3363 et
1711 3322 1845 3378 spes
1896 3323 2082 3361 resur-

436 3403 742 3471 rectionis,
796 3417 862 3456 ac
918 3415 1053 3456 cum
1104 3415 1172 3454 ea
1220 3395 1518 3468 conjuncti
1546 3395 1764 3468 gaudii,
1796 3400 2078 3466 tanquam

435 3491 670 3548 initium
749 3486 981 3557 laetitiae,
1059 3486 1308 3558 cogitare
1384 3500 1517 3540 eum
1594 3483 1730 3540 facit
1821 3484 1890 3539 de
1966 3485 2080 3538 im-

436 3582 690 3639 minente
720 3578 982 3634 hostium
1007 3576 1181 3632 caede.
1202 3574 1445 3638 Quando
1478 3589 1611 3629 vero
1645 3571 1925 3628 Dominus
1954 3572 2079 3643 ipse

429 3671 602 3743 jubet
629 3666 836 3735 occidi,
857 3683 888 3721 a
919 3681 1032 3736 quo
1067 3663 1234 3730 ultio,
1256 3679 1290 3718 a
1320 3679 1434 3734 quo
1467 3660 1886 3731 misericordia,
1911 3679 1942 3716 a
1964 3677 2078 3732 quo

435 3764 568 3831 post
587 3755 1075 3814 resurrectionem
1107 3753 1412 3808 exsultatio
1435 3759 1489 3807 et
1512 3750 1731 3822 laetitia,
1757 3767 1788 3806 a
1820 3768 1934 3824 quo
1969 3751 2080 3806 vita

434 3852 491 3904 et
521 3847 681 3905 salus
704 3845 1130 3919 proficiscitur:
1166 3860 1291 3915 quae
1324 3843 1508 3900 oratio
1541 3843 1780 3898 acerbas
1802 3847 1858 3898 et
1879 3842 2080 3898 intole-

434 3940 646 3998 rabiles
678 3938 1110 4010 reprmsentabit
1141 3952 1342 4010 pmnas
1361 3937 1388 3990 ‘2
1417 3951 1536 4006 qua:
1562 3934 1790 3990 dolores
1821 3935 2080 3994 acutissi-

433 4047 580 4096 mos,
595 4028 824 4086 etnullo
840 4028 1110 4084 levandos
1125 4025 1371 4083 solatio?
1385 4026 1454 4081 ad
1473 4041 1645 4097 quem
1670 4024 2038 4096 confugietur
2053 4024 2080 4079 ?

431 4121 726 4191 quodnam
744 4118 853 4172 erit
873 4117 1236 4188 refrigerium
1269 4116 1377 4170 sub
1395 4115 1658 4168 cruciatu
1691 4113 1804 4168 ﬁne
1825 4117 2076 4177 carente,

429 4213 486 4262 et
516 4207 626 4262 sub
646 4223 814 4276 paena
834 4204 1296 4259 interminabili?
1326 4201 1454 4256 Haec
1486 4201 1753 4272 cogitate,
1776 4201 1896 4256 haec
1919 4203 2075 4272 cogi-

427 4299 616 4352 tantes
635 4296 832 4348 timete
851 4293 1014 4347 vobis
1032 4309 1065 4346 a
1089 4307 1274 4361 pmna,
1290 4307 1465 4360 quam
1486 4290 1543 4344 in
1561 4288 1692 4343 aliis
1711 4288 1982 4344 videtiset
1999 4289 2071 4342 ab

426 4383 734 4442 horrendis
767 4381 1204 4449 tremendisque
1235 4377 1614 4445 cruciatibus,
1633 4381 1941 4444 antequam
1973 4393 2071 4433 eos

423 4471 772 4544 experiendo
797 4468 1050 4526 discatis.
1074 4466 1342 4523 Recedite
1363 4482 1396 4521 a
1419 4465 1596 4521 simili
1621 4464 1898 4534 amentia,
1914 4471 2073 4522 ante-

423 4577 598 4632 quam
633 4557 884 4614 similem
931 4553 1266 4611 sustinealis
1318 4569 1569 4624 pmnam.
1605 4551 1712 4618 Qui
1764 4553 1919 4608 enim
1959 4555 2066 4610 sub

421 4649 737 4704 afﬂictione
788 4645 1050 4702 nascitur
1099 4644 1270 4699 timor
1311 4648 1367 4698 et
1416 4641 1782 4714 poenitentia,
1835 4642 2064 4698 nullum

420 4738 586 4792 ail'ert
657 4737 907 4791 lucrum.
967 4733 1162 4799 Quoad
1226 4731 1579 4802 poenitentiae
1656 4736 1886 4803 tempus
1958 4737 2064 4799 est,

419 4841 548 4882 eam
571 4825 990 4882 admittamus:
1048 4823 1239 4895 quoad
1291 4821 1470 4878 venia
1494 4821 1680 4892 janua
1711 4827 1912 4891 aperta
1953 4826 2062 4890 est,

415 4930 490 4971 ne
519 4914 816 4987 pigremur
846 4929 946 4984 per
977 4929 1103 4969 eam
1146 4911 1407 4969 introire.
1441 4912 1631 4977 Quoad
1660 4912 1830 4966 minm
1862 4911 2065 4966 immi-

412 5007 577 5073 nent,
611 5002 1050 5060 conversionem
1083 5006 1385 5058 testemur.
1420 5000 1562 5057 Dato
1593 5000 1751 5058 enim
1783 5001 1972 5073 signo,
2007 5004 2064 5058 et

411 5094 529 5154 vita
560 5093 774 5165 soluta,
808 5092 969 5150 nulla
998 5091 1254 5164 amplius
1283 5089 1492 5148 salutis
1523 5095 1792 5163 superest
1811 5090 1924 5162 via,
1957 5107 2062 5148 nec

483 5209 530 5247 ⁸ο
558 5209 694 5268 Luc.
727 5226 846 5280 xix,
876 5205 968 5265 27.

2185 3216 2532 3281 ἐκτετικὸτες,
2603 3218 2987 3296 Κατασφάξατε
3061 3216 3256 3281 αὐτοὺς
3313 3217 3618 3296 ἔμπροσθέν
3678 3223 3835 3294 μουί

2186 3308 2499 3377 Ἐννοήσατε
2549 3312 2650 3375 τῆς
2705 3308 2978 3380 τιμωρίας
3025 3307 3088 3362 τὸ
3145 3304 3382 3386 ἄφυκτον
3420 3312 3527 3384 ι76>
3584 3309 3674 3364 καὶ
3735 3332 3840 3366 πι-

2184 3397 2334 3469 κρόν.
2385 3395 2475 3458 Τίς
2514 3395 2540 3448 ὁ
2595 3392 2719 3456 δοὺς
2774 3397 2873 3465 τήν
2934 3399 3149 3471 ψῆρον;
3206 3399 3362 3459 Τίνος
3419 3400 3454 3468 ἡ
3513 3398 3836 3477 ἀπόφασιςς

2187 3491 2472 3562 Σφαγῆναι
2501 3486 2596 3558 μὲν
2649 3485 2752 3540 ὑπὸ
2782 3490 2878 3540 τοῦ
2923 3489 3184 3562 Ἐχθροῦ,
3217 3488 3315 3543 κᾶν
3367 3489 3502 3566 φέρῃ
3550 3512 3604 3545 τι
3653 3490 3839 3564 λυπη-

2185 3576 2300 3650 ρὸν,
2360 3573 2486 3629 ἀλλ’
2535 3575 2626 3628 οὖν
2688 3574 2906 3645 πολλὴν
2961 3577 3190 3653 παρέχει
3249 3578 3597 3653 παραμυθίας
3654 3580 3838 3660 ἀφορ-

2188 3666 2316 3739 μήν.
2377 3662 2692 3720 ’Υπολείπει
2745 3666 2848 3742 γάρ
2904 3666 2994 3721 τὸν
3047 3668 3323 3739 Δεσπότην
3370 3667 3684 3740 ἐκδικητὴν,
3734 3673 3834 3727 καὶ

2182 3763 2282 3824 τῆς
2341 3755 2679 3816 ἀναστάσεως
2724 3756 2812 3809 καὶ
2869 3762 2969 3825 τῆς
3030 3753 3081 3810 ἐν
3133 3757 3273 3830 αὐτῇ
3341 3764 3517 3833 χαρᾶς
3570 3761 3604 3829 ἡ
3665 3757 3835 3825 ἐλπὶς

2183 3846 2479 3920 προοίμιον
2550 3845 2703 3916 αὐτῷ
2757 3846 2855 3913 τῆς
2911 3845 3244 3924 εὐφροσύνης
3278 3845 3477 3902 ἐννοεῖν
3529 3849 3835 3920 ὑποτίθησι

2182 3936 2278 4005 τὴν
2314 3935 2541 4008 σφαγήν.
2590 3935 2757 3990 ’Όταν
2809 3930 2866 3988 δὲ
2896 3933 2924 3988 ὁ
2976 3930 3252 4004 Δεσπότης
3293 3936 3460 3998 αὐτὸς
3513 3941 3838 4015 προστάσσῃ

2183 4030 2610 4100 κατασφαγῆναι,
2651 4023 2775 4093 παρ’
2799 4022 2864 4077 οὗ
2897 4025 2930 4091 ἡ
2964 4020 3262 4094 ἐκδίκησις,
3295 4026 3421 4098 παρ’
3452 4027 3515 4080 οὗ
3551 4027 3615 4082 τὸ
3644 4024 3838 4101 ἔλεος,

2181 4113 2306 4185 παρ’
2356 4113 2416 4166 οὗ
2461 4113 2494 4180 ἡ
2550 4111 2683 4184 με.τά
2740 4111 2838 4179 τήν
2889 4111 3172 4167 ἀνάστασιν
3221 4112 3548 4190 ἀγαλλίασις
3601 4116 3692 4170 καὶ
3747 4117 3844 4172 εὖ-

2181 4199 2441 4276 φροσῦνη,
2465 4201 2592 4273 παρ’
2623 4199 2684 4254 οὗ
2713 4201 2747 4270 ἡ
2781 4201 2897 4269 ζωὴ
2939 4200 3026 4255 καὶ
3061 4203 3094 4270 ἡ
3130 4203 3398 4276 σωτηρία,
3441 4204 3527 4265 τίς
3555 4201 3616 4258 ἃν
3645 4225 3837 4280 παρα-

2181 4291 2352 4362 στήσῃ
2388 4286 2556 4364 λόγος
2605 4289 2667 4344 τὸ
2717 4289 2910 4363 πικρὸν
2950 4289 3040 4344 καὶ
3090 4289 3363 4367 ἀφόρητον
3405 4298 3504 4360 τῆς
3552 4292 3837 4367 πληγῆς;

2177 4375 2239 4430 τὸ
2288 4374 2672 4449 ἀπαράκλητον
2723 4375 2810 4430 καὶ
2863 4375 2953 4448 ὀξὺ
3002 4381 3107 4432 τῶν
3158 4377 3463 4451 ἀλγεινῶν;
3513 4379 3649 4454 πρὸς
3703 4381 3835 4435 τίνα

2179 4457 2324 4519 ἔσται
2355 4467 2389 4534 ἡ
2440 4467 2766 4542 καταφυγῆς
2815 4464 2898 4527 τίς
2941 4466 3200 4540 ἀνάφυξις
3237 4471 3333 4522 τοῦ
3380 4468 3586 4530 πάθους
3627 4467 3691 4523 οὗ
3740 4467 3836 4525 δε-

2171 4553 2410 4628 χομένου
2441 4553 2600 4615 τέλος
2648 4552 3010 4624 ἀτελευτήτου
3044 4561 3143 4623 τῆς
3191 4555 3465 4631 τιμωρίας
3525 4554 3839 4630 διαμενοῦ-

2173 4664 2314 4713 σηςς
2355 4641 2510 4700 Ἀλλ’
2544 4641 2826 4714 ἐννοήσατε
2864 4647 3051 4711 ταῦτα,
3101 4644 3190 4698 καὶ
3241 4643 3593 4714 ἐννοήσαντες
3642 4642 3840 4723 φοϐή-

2173 4734 2300 4803 θητε
2328 4733 2426 4800 τὴν
2477 4732 2700 4806 πληγὴν
2731 4733 2966 4807 ὁρῶντες
3009 4731 3061 4788 ἐν
3094 4732 3325 4806 ἑτέροις,
3357 4734 3462 4807 πρὸ
3515 4739 3612 4789 τοῦ
3662 4733 3842 4808 ἐμπε-

2173 4826 2279 4876 σεῖν
2314 4819 2390 4884 εἷς
2420 4825 2632 4894 πεῖραν,
2665 4821 2725 4876 τὸ
2775 4821 2998 4897 φρικτὸν
3029 4827 3130 4892 τῆς
3171 4819 3372 4893 ὀδύνης
3425 4823 3512 4878 καὶ
3562 4818 3838 4901 φοϐερὸν,

2169 4909 2259 4966 καὶ
2291 4909 2564 4980 ἀπόστητε
2607 4916 2707 4980 τῆς
2757 4908 2881 4980 ἴσης
2909 4911 3166 4976 ἀπονοίας
3195 4913 3300 4987 πρὸ
3346 4918 3446 4982 τῆς
3477 4911 3598 4983 ἴσης
3647 4934 3842 4988 τιμω-

2171 4999 2305 5076 ρίας.
2337 4999 2399 5057 Ὀ
2456 4999 2560 5074 γὰρ
2600 4997 2654 5054 ἐν
2701 5003 2783 5072 τῷ
2831 4999 2986 5055 πάθει
3036 4996 3207 5078 φόϐος
3256 5001 3344 5056 καὶ
3395 5004 3431 5072 ἠ
3485 5003 3839 5076 μεταμέλεια

2171 5085 2324 5146 οὒδὲν
2374 5086 2548 5143 οἷ’δασι
2597 5085 2786 5163 κέρδος
2832 5087 3035 5166 φέρειν.
3088 5091 3237 5153 Ἕως
3266 5090 3456 5165 καιρὸς
3509 5092 3838 5166 μετανοίας,

1569 5335 1815 5392 νΑΒΙιΕ
1854 5334 2248 5395 LEG’I‘IONES
2290 5335 2378 5390 ET
2418 5333 2647 5391 NOTE.

484 5468 594 5540 (75)
620 5462 1250 5540 fﬂpyrﬁaavro._Vi_detur
1299 5460 1395 5540 hic
1452 5459 2055 5540 sxeidissgparticula

408 5533 658 5612 negandi
688 5533 806 5612 οὐκ,
839 5535 996 5612 quod
1033 5535 1176 5591 alias
1207 5534 1332 5589 fieri
1364 5534 1684 5612 consuevit.
1720 5534 1857 5588 Eam
1890 5533 2050 5588 enim

447 5599 666 5668 estulat
713 5599 1072 5667 adversativa
1121 5621 1374 5678 sequens
1415 5599 1493 5678 δέ,
1542 5609 1605 5678 ut
1653 5611 2048 5678 taceamurem

447 5629 666 5668 οεῑιιιιιι
713 5629 1072 5667 auvcrsauva
1121 5629 1374 5678 sequens
1415 5629 1493 5672 os,
1543 5629 1605 5660 ut.
1654 5629 1874 5660 tuuuaru
1928 5629 2048 5660 retu

404 5629 594 5759 rpsam
643 5681 704 5740 id
744 5679 912 5738 velle.
946 5683 1301 5752 Aceepsrant
1353 5677 1508 5734 enim
1541 5675 1825 5733 incuriosi
1872 5674 1958 5732 illi
1987 5675 2049 5731 in

2164 5459 2444 5536 parabole
2495 5458 2761 5536 homines
2791 5476 2897 5516 sua
2945 5475 3204 5517 ararum
3251 5459 3517 5536 Domino,
3551 5461 3837 5536 adeoque

2162 5537 2226 5587 ut
2257 5534 2436 5588 talem
2468 5532 2884 5604 agnoscebant,
2919 5548 3034 5587 non
3067 5537 3260 5588 autem
3291 5532 3726 5604 reverebantur.

2231 5604 2340 5681 (7‘6)
2400 5601 2692 5678 νΔφυκτον.
2766 5605 2850 5660 Ita
2903 5603 3115 5676 scripsi
3185 5620 3288 5676 pro
3343 5601 3597 5681 ἄφικτον,
3657 5607 3837 5678 quod

2159 5680 2250 5732 est
2275 5675 2336 5730 in
2374 5675 2486 5730 ms.
