4084 6210
439 422 586 481 179.

1644 407 1912 469 PHOTII
1955 404 2476 467 PATIilARCHzE
2518 406 2632 467 CP.

3713 409 3832 470 180

435 554 640 628 ligitur
665 568 967 612 sermones
995 551 1150 623 illos,
1181 548 1396 620 scripto
1419 543 1891 618 comprehensos,
1921 539 2075 597 desi-

2210 538 2397 628 ιραιρὴν
2437 533 2848 628 ἀναληφθέντα
2901 536 3261 628 ἐπεζήτησαῆ
3303 540 3339 611 ’ἦ
3389 535 3438 595 δ’
3466 540 3706 628 ἁρπαγὴ
3734 546 3842 598 τῶν

440 645 679 713 derasti,
712 643 918 717 rapina
945 657 1078 699 vero
1108 640 1417 704 librorum,
1446 638 1624 692 etiam
1659 633 1892 690 illorum
1940 631 2083 685 irre-

441 734 766 808 parabilem
800 735 1094 804 jacturam
1128 727 1340 797 attulit,
1365 743 1553 799 neque
1593 725 1664 781 ad
1690 737 1896 780 manus
1928 733 2083 774 nunc

443 830 532 883 est
553 825 667 880 ista
695 821 1105 880 commentatio
1138 838 1152 889 ;
1181 817 1287 874 tibi
1310 832 1442 874 vero
1473 815 1612 883 illis,
1636 831 1766 887 quae
1804 815 1914 870 ista
1953 829 2090 870 con-

442 915 726 982 tinentur,
760 928 891 968 cum
930 908 1183 966 maxime
1226 923 1372 978 opus
1417 909 1542 973 est;
1583 905 1736 961 scias
1765 921 1833 960 ea
1867 903 2082 972 omnia,

443 1021 569 1076 quae.
599 1019 667 1059 ex
697 997 1046 1072 evangelicis
1077 1001 1135 1053 et
1164 994 1497 1068 apostolicis
1538 993 1789 1052 oraculis
1821 993 2086 1066 germina

437 1092 569 1149 novi
632 1089 792 1146 illius
841 1087 1291 1144 Manichaeorum
1322 1084 1543 1141 surculi
1607 1099 1735 1139 cum
1793 1082 2086 1139 radicibus

436 1179 696 1235 evellunt
726 1179 902 1250 (nam
934 1175 1037 1232 illa
1066 1191 1205 1232 sane
1236 1191 1351 1247 prae
1379 1175 1597 1230 caeteris
1617 1171 1891 1229 omnibus
1910 1169 2086 1226 inevi-

436 1267 703 1337 tabilem,
726 1283 839 1338 qua
866 1265 1306 1333 exscindantur,
1330 1263 1533 1320 falcem
1552 1260 1926 1333 immittunt),
1942 1261 2084 1329 haec,

435 1361 502 1412 ut
531 1356 866 1413 summatim
897 1355 1108 1422 dicam,
1142 1355 1425 1421 evincere,
1447 1353 1600 1424 quod
1625 1351 1814 1422 gratia
1829 1351 2086 1405 Moesica:

441 1445 514 1502 de
536 1450 728 1502 creato
760 1445 980 1501 mundo
1014 1443 1330 1499 narrationi
1351 1445 1648 1508 consonet,
1674 1454 1778 1496 nec
1797 1440 1993 1494 minus
2021 1454 2090 1494 ea

443 1536 662 1602 omnia,
696 1535 911 1607 quibus
931 1550 1087 1591 nunc
1121 1533 1267 1589 ratio
1289 1541 1342 1589 et
1372 1533 1641 1588 instituta
1664 1531 1848 1588 Deum
1872 1546 2088 1602 cogno-

441 1624 1034 1681 scendicontinentur
1058 1627 1114 1679 et
1129 1621 1462 1694 diriguntur
1495 1622 1646 1678 :imo
1669 1625 1726 1677 et
1754 1619 1906 1692 quod
1933 1620 2088 1675 idem

447 1729 783 1786 corpoream
814 1719 868 1769 et
895 1711 1186 1768 visibilem
1218 1716 1542 1768 creaturam
1571 1727 1638 1766 ex
1670 1726 1785 1767 non
1813 1710 2093 1766 exsisten-

445 1801 606 1858 tibus
635 1802 808 1858 verbo
840 1801 1137 1869 creaverit,
1170 1801 1268 1872 qui
1297 1798 1724 1871 intelligibilem
1757 1807 1811 1854 et
1836 1797 2096 1854 invisibi-

2196 622 2432 702 βιϐλίων
2489 631 2602 702 (83)
2657 627 2925 691 κάκείνοις
2987 627 3271 703 ὑπερόριον
3323 629 3526 702 ζημίαν
3585 627 3840 702 ἐπέϐαλε,

2191 716 2282 771 καὶ
2330 717 2396 772 οὐ
2454 717 2677 792 πάρεστι
2733 718 2796 773 τὸ
2841 737 3256 792 συνταγματιον·
3315 716 3522 774 τῶνδὲ
3580 719 3630 774 ἐν
3692 720 3842 792 αὐτῷ

2193 808 2668 885 κατατεταγμένων
2702 809 3096 885 προηγουμένη
3153 828 3210 862 σε
3238 807 3400 884 χρεία
3448 807 3689 884 κατέχεισ
3746 811 3845 866 ὅσα

2194 894 2282 952 διὰ
2311 903 2417 953 τῶν
2447 898 2814 974 εὐαγγελικῶν
2859 898 2950 953 καὶ
3003 895 3382 952 ἀποπολικῶν
3427 899 3687 973 ῥημάτων
3737 906 3842 967 τῆς

2193 993 2543 1065 Μανιχαϊκῆς
2611 983 2925 1050 ἀποσπάδος
2971 984 3268 1063 πρόρριζον
3315 987 3415 1056 τὴν
3467 985 3709 1062 βλάστην
3757 987 3845 1042 ἐκ·

2193 1075 2376 1150 τέμνει
2426 1077 2538 1148 (καὶ
2569 1079 2672 1153 γὰρ
2721 1076 2810 1131 καί
2861 1079 3028 1132 ταῦτα
3073 1078 3194 1132 κατ’
3240 1076 3417 1132 αὐτῶν
3466 1075 3576 1132 ἐστι
3628 1077 3846 1152 μᾶλλον

2194 1170 2302 1221 τῶν
2335 1164 2524 1221 ἄλλων
2567 1166 2802 1244 ἄφυκτον
2833 1166 2896 1220 τὸ
2943 1172 3044 1235 τῆς
3099 1165 3339 1239 ἐκτομῆς
3387 1165 3675 1244 ἐπαφιέντα
3724 1165 3848 1242 δρέ-

2195 1257 2406 1329 πανον),
2466 1252 2613 1325 τάδε,
2667 1256 2742 1319 ὡς
2795 1255 2845 1310 ἐν
2907 1253 3188 1333 κεφαλαίῳ
3245 1256 3429 1334 φάναι,
3488 1253 3847 1328 ἐπιδείκνυσι,

2196 1347 2270 1408 ὡς
2303 1348 2338 1414 ἡ
2371 1344 2531 1420 χάρις
2571 1349 2640 1418 τῇ
2690 1347 2956 1418 Μωσαϊκῇ
3011 1344 3366 1420 κοσμογενείᾳ
3414 1347 3849 1423 συμφθέγγεται,

2195 1437 2284 1491 καὶ
2317 1435 2464 1498 ὅσοις
2499 1433 2694 1496 ἄλλοις
2735 1434 2855 1508 ἄρτι
2906 1433 3157 1490 πολιτεία
3195 1434 3322 1489 Θεὸν
3373 1443 3659 1510 γινώσκειν
3710 1439 3854 1492 καθ-

2201 1524 2458 1598 ισταμένη
2501 1521 2934 1600 παιδαγωγεῖται
2998 1523 3087 1578 καὶ
3153 1523 3552 1580 κατευθύνεται.
3615 1525 3715 1580 Ναὶ
3780 1524 3852 1596 δή

2198 1613 2286 1669 καὶ
2318 1615 2403 1668 ὅτι
2456 1615 2558 1683 τὴν
2609 1613 2930 1686 σωματικὴν
2999 1612 3090 1666 καὶ
3148 1614 3347 1688 ὁρατήν
3411 1615 3586 1669 κτίσιν
3646 1613 3854 1678 ἐκεῖνός

2200 1704 2342 1758 ἐστιν
2377 1703 2405 1756 ὁ
2436 1701 2495 1756 ἐκ
2527 1704 2603 1775 μή
2638 1699 2807 1757 ὄντων
2841 1698 2994 1776 λόγῳ
3029 1701 3493 1776 ὑποστησάμενος,
3528 1705 3588 1766 ’ὸς
3617 1702 3707 1758 καί
3741 1705 3854 1774 τὴν

2199 1793 2385 1868 νοεράν
2423 1813 2482 1846 τε
2528 1793 2618 1847 καὶ
2667 1790 2898 1866 ἀόρατον
2957 1788 3322 1864 παραπλησίῳ
3381 1791 3570 1869 σοφίας
3621 1791 3856 1866 πλούτῳ

439 1891 554 1947 lem
600 1907 703 1963 pro
741 1891 921 1946 simili
961 1864 1260 1962 sapientiae
1293 1889 1458 1960 capia
1487 1864 1782 1962 produxit.
1816 1889 2093 1943 Praeterea

2210 1864 2533 1959 παρήγαγεν.
2567 1864 2839 1938 Ἀλλ’-ὅτι
2888 1881 2978 1936 καὶ
3025 1882 3087 1936 τὸ
3145 1864 3488 1954 ἀνθρώπινον
3542 1888 3702 1956 σῶμα
3751 1864 3858 1954 τῆς

441 1996 603 2050 vero,
637 1982 791 2052 quod
842 1995 1056 2050 corpus
1103 1979 1428 2034 humanum
1476 1995 1638 2049 aeque
1677 1994 1743 2032 ac
1784 1977 1980 2032 anima
2022 1977 2093 2032 ab

446 2071 648 2126 eadem
697 2068 1062 2139 providentia
1105 2067 1366 2122 beneﬁca
1407 2071 1464 2122 et
1501 2066 1808 2122 hominum
1864 2069 2097 2122 amante

449 2159 781 2231 profectum
812 2157 916 2225 sit;
951 2157 1216 2227 quodque
1245 2156 1484 2226 insuper
1529 2155 1638 2226 illi,
1684 2155 1785 2227 qui
1814 2155 1876 2210 in
1918 2155 2094 2211 veteri

451 2245 776 2304 meonomia
802 2245 1221 2312 inclaruerunt,
1245 2245 1430 2302 Deum
1452 2261 1653 2301 verum
1685 2253 1738 2300 et
1758 2244 1979 2301 bonum
2010 2259 2098 2300 co-

449 2337 710 2404 luerunt,
732 2339 790 2392 et
818 2334 1050 2392 malitiae
1081 2349 1140 2391 se
1170 2339 1591 2407 opposuerunt.
1615 2336 1802 2406 Atque
1828 2334 1944 2390 ista
1966 2334 2099 2406 qui-

451 2426 608 2498 dem,
632 2424 822 2498 quoad
846 2439 948 2496 per
966 2424 1119 2480 vires
1151 2422 1400 2490 licuerit,
1426 2423 1854 2495 difﬁcultasque
1875 2427 2096 2496 tempo-

454 2531 584 2571 rum
607 2512 960 2587 permiserit,
982 2511 1455 2568 commentationi
1479 2516 1692 2568 nostrae.
1713 2513 2098 2579 destinantes,

457 2603 678 2675 quibus
700 2602 848 2674 ipsis
871 2601 1064 2670 etiam,
1088 2605 1250 2673 puto,
1271 2600 1626 2658 desiderium
1657 2605 1828 2656 tuum
1851 2600 2099 2657 absolvi-

456 2700 587 2766 tur,
607 2693 904 2750 sanctitati
928 2696 1040 2748 tum
1068 2709 1224 2748 nunc
1243 2691 1551 2749 mittimus.
1576 2694 1737 2760 Quod
1781 2693 1831 2748 si
1869 2697 2103 2765 sperata

455 2784 773 2849 inveneris,
791 2783 850 2840 id
873 2782 1111 2854 quidem
1139 2783 1405 2854 precibus
1423 2783 1544 2838 tuis
1564 2786 1621 2839 et
1639 2783 1886 2839 orationi
1907 2783 1967 2838 in
1991 2783 2104 2839 fide

466 2872 631 2927 facta
679 2870 1057 2927 tribuendum
1097 2869 1292 2926 fuerit.
1325 2870 1382 2926 Si
1420 2886 1554 2927 vero
1585 2870 1899 2940 inveneris,
1948 2871 2103 2942 quod

455 2976 578 3017 non
625 2963 1042 3033 exspectasses,
1096 2958 1155 3014 id
1195 2967 1483 3031 perpetuae
1536 2958 1942 3028 invaletudini,
1989 2976 2105 3032 qua

459 3065 593 3105 cum
616 3048 1026 3121 corpusculum
1060 3063 1258 3104 meum
1289 3047 1671 3117 conﬂictatur,
1694 3056 1749 3104 et
1779 3055 2104 3121 temporum

460 3137 791 3195 difﬁcultati
821 3145 1121 3210 acceptum
1164 3139 1335 3196 feres.
1365 3139 1423 3194 Si
1466 3139 1700 3209 quando
1741 3139 1987 3195 fortasse
2015 3139 2107 3193 di-

2205 1973 2376 2042 αὐτῆς
2425 1971 2536 2028 ἐστι
2595 1969 2986 2046 φιλανθρώπου
3042 1971 3128 2026 καὶ
3175 1969 3518 2047 ἂγαθουργοῦ
3566 1971 3859 2046 προνοίας,

2201 2062 2384 2139 ὥσπερ
2416 2064 2505 2118 καὶ
2537 2065 2572 2132 ἡ
2613 2064 2769 2138 ψυχή
2821 2060 3228 2138 φιλοτέχνημα,
3278 2061 3369 2117 καὶ
3421 2061 3498 2127 ὡς
3543 2063 3596 2118 οἱ
3643 2066 3711 2137 τῇ
3767 2085 3861 2118 νο-

2207 2156 2343 2226 μικῇ
2373 2151 2628 2222 πολιτείᾳ
2677 2147 3068 2226 διαπρέψαντες
3118 2152 3246 2206 Θεόν
3292 2172 3351 2206 τε
3387 2151 3480 2206 τὸν
3529 2149 3708 2222 ἀληθῆ
3757 2153 3858 2207 καὶ

2203 2241 2400 2318 ἀγαθὸν
2431 2240 2771 2318 ἐθεράπευον,
2802 2241 2892 2296 καὶ
2944 2241 3083 2296 κατὰ
3126 2243 3224 2310 τῆς
3272 2241 3536 2316 πονηρίας
3581 2243 3862 2318 παρετάτο

2202 2351 2383 2390 τοντο.
2415 2335 2592 2388 Ταῦτα
2631 2331 2722 2399 δὴ,
2762 2334 2954 2400 ταῦτα,
2983 2331 3213 2386 καθόσον
3271 2331 3388 2386 οἷόν
3417 2330 3476 2386 τέ
3505 2330 3644 2386 ἐστιν
3694 2333 3866 2404 ἡμῖν,

2205 2420 2296 2475 καὶ
2326 2422 2362 2488 ἡ
2394 2423 2491 2473 τοῦ
2530 2422 2721 2494 καιροῦ
2753 2427 3034 2496 συγχωρεῖ
3059 2414 3864 2495 βαρύτης,καθυποϐάλλοντες

2206 2505 2414 2564 ἐκδοσει
2446 2509 2522 2582 (ἐν
2551 2512 2766 2568 τοῦτοις
2796 2509 2921 2584 γὰρ,
2955 2510 3138 2583 οἶμαι,
3196 2508 3583 2587 περιγράφεταί
3631 2530 3728 2564 σου
3769 2508 3868 2565 καὶ

2205 2598 2268 2652 τὸ
2307 2596 2566 2670 αἴτημα),
2595 2601 2663 2671 τῇ
2697 2600 2765 2670 σῇ
2795 2593 3207 2671 διεπεμψάμεθα
3238 2596 3508 2668 ὁσιότητι.
3540 2598 3643 2654 Καὶ
3675 2597 3720 2652 εί
3771 2600 3869 2670 μὶν

2209 2683 2407 2760 εὕροις,
2441 2685 2517 2748 ὡς
2536 2684 2801 2755 ἤλπισας,
2819 2691 2919 2754 τῆς
2942 2692 3042 2754 σῆς
3059 2685 3116 2740 ἂν
3147 2684 3319 2760 εὸχῆς
3342 2684 3452 2756 εἷή,
3478 2687 3568 2742 καὶ
3600 2693 3702 2756 τῆς
3724 2687 3872 2741 κατᾶ

2206 2777 2307 2845 τήν
2377 2776 2556 2831 πίστιν
2605 2773 2871 2846 αἰτήσεως
2903 2777 2937 2845 ἡ
2972 2773 3228 2851 ἐνέργεια.
3280 2775 3343 2832 Εἰ
3385 2773 3442 2831 δὲ
3487 2775 3581 2838 τὰς
3630 2773 3869 2838 ἐλπίδας

2211 2864 2480 2936 ἐκνικήσει
2529 2866 2591 2920 τὸ
2649 2862 2940 2935 ἀδόκητον,
2978 2869 3140 2920 τοῦτο
3195 2861 3262 2934 δὴ
3312 2870 3432 2928 ταῖς
3479 2885 3537 2921 τε
3585 2865 3868 2941 συνεχέσιν

2213 2953 2564 3032 ἆῤῥωστίαις,
2609 2955 2697 3017 αἶς
2729 2954 2793 3009 οὗ
2825 2952 2985 3028 λήγει
3026 2953 3409 3029 παρενοχλοῦν
3463 2956 3624 3028 ἡμῶν
3655 2956 3716 3009 τὸ
3764 2976 3876 3010 σω-

2217 3046 2431 3119 μάτιον,
2463 3045 2554 3100 καὶ
2582 3048 2650 3118 τῇ
2684 3047 2781 3100 τοῦ
2836 3048 3029 3118 καιροῦ
3075 3043 3300 3120 λογίζου
3345 3043 3712 3119 χαλεπότητι.
3761 3049 3870 3101 ‘Av

2219 3132 2424 3206 δήποτε
2481 3141 2582 3204 τῆς
2651 3133 2792 3195 θείας
2850 3132 3152 3199 ἐπισκοπῆς
3219 3135 3549 3209 παρορώσης
3628 3134 3723 3206 μὲν
3781 3137 3875 3198 οἷς

462 3187 791 3195 ---ηνηη
822 3187 1121 3210 ---τη-
1164 3187 1335 3196 --_-__
1365 3187 1423 3194 η-
1470 3187 1697 3209 1"---
1741 3187 1985 3195 ---η-η
2019 3187 2074 3193 __

461 3227 594 3284 vina
638 3227 1000 3301 providentia
1064 3228 1136 3284 ad
1204 3232 1443 3302 peccata
1504 3232 1702 3284 nostra
1779 3228 2099 3296 conniveat,

2221 3187 2623 3300 ipsa”...
2656 3187 3036 3297 εὐμενέστερον
3054 3187 3150 3278 "3";
3196 3187 3568 3296 δ’...ιὲιδὶμένξς
3615 3187 3690 3278 ἑὲ
3706 3187 3712 3188 ί
3731 3187 3881 3297 ῆι.ὲί

458 3317 750 3390 rebusque
779 3316 997 3374 nostris
1030 3317 1339 3389 benignius
1371 3318 1654 3388 consulat,
1686 3317 2113 3389 hominumque

459 3405 607 3462 iram
639 3423 757 3462 non
787 3406 1166 3476 promeritam
1207 3407 1267 3462 in
1307 3407 1821 3462 mansuetudinem
1871 3422 2112 3462 conver-

460 3498 563 3562 lat,
605 3502 774 3566 atque
814 3495 894 3550 sic
933 3495 1015 3561 id,
1064 3496 1218 3565 quod
1267 3494 1432 3549 initio
1473 3496 1712 3565 petiisti,
1762 3495 1834 3550 ad
1902 3511 2111 3552 manus

455 3586 587 3639 tuas
637 3583 938 3653 perveniat
975 3600 989 3652 ;
1041 3600 1156 3638 non
1206 3583 1531 3651 miraberis,
1577 3584 1688 3639 ista
1735 3584 2019 3657 relegens,
2061 3586 2112 3642 si

460 3671 738 3744 pleraque
764 3687 1004 3737 eorum,
1034 3688 1160 3742 quis
1185 3672 1265 3726 ibi
1293 3677 1541 3740 exstant,
1574 3673 1668 3728 hic
1689 3675 2112 3746 comprehensa

459 3760 776 3818 inveneris.
808 3761 916 3816 Sed
962 3777 1065 3817 nec
1104 3762 1404 3818 miraberis
1443 3762 1724 3834 vicissim,
1757 3764 1805 3820 si
1848 3763 1950 3820 illa
1992 3781 2108 3820 non

465 3851 681 3908 adsint.
715 3851 853 3906 Nam
884 3850 1093 3908 oblivio
1124 3867 1276 3924 sepe
1323 3852 1382 3907 in
1413 3868 1479 3908 ea
1510 3853 1864 3924 dominatur,
1895 3871 2023 3927 quae
2053 3859 2110 3911 et

455 3942 778 4013 praestabat
805 3945 861 3998 st
892 3957 1132 3998 necesse
1156 3946 1278 3998 erat
1307 3943 1476 4010 scire,
1512 3943 1570 3998 in
1603 3944 1808 4015 primis
1843 3944 1940 4000 ubi
1966 3959 2108 4002 con-

457 4029 679 4088 flictum
710 4047 846 4088 cum
877 4031 1052 4089 rebus
1084 4033 1474 4105 praesentibus
1505 4034 1704 4090 infert.
1747 4033 1933 4090 Simul
1974 4051 2106 4091 vero

457 4138 564 4179 nec
606 4122 774 4192 illud,
832 4123 1030 4190 velim,
1089 4128 1532 4195 prastermittas;
1577 4125 1884 4196 quod'non
1934 4124 2106 4182 aliam

461 4227 785 4283 novamque
853 4212 1402 4268 commentationem
1471 4212 1529 4266 in
1591 4213 1848 4268 medium
1902 4214 2106 4270 afferre

459 4300 844 4354 constitutum
874 4300 971 4364 sit,
1005 4300 1107 4354 sed
1155 4304 1382 4354 tantum
1416 4299 1475 4353 in
1525 4297 1634 4354 hac
1668 4315 1865 4354 rerum
1913 4301 2107 4371 inepia

457 4389 682 4461 aliquid
733 4388 793 4444 in
833 4389 1110 4445 solatium
1148 4390 1390 4458 jacturae
1440 4389 1649 4458 prioris
1691 4395 1750 4445 et
1796 4390 2104 4447 oblivionis

460 4478 749 4534 medelam
803 4477 974 4534 nobis
1003 4480 1059 4533 et
1107 4476 1309 4533 amicis
1364 4476 1470 4532 hoc
1516 4471 1923 4549 qualecunque
1965 4496 2105 4553 sug-
2137 4488 2183 4554 Ι)

459 4581 680 4638 gerere.

529 4659 601 4712 II.
635 4657 872 4713 Initium
905 4654 1047 4712 aciei
1080 4663 1310 4727 nostras,
1360 4660 1564 4714 contra
1603 4657 1964 4716 adversarios
2013 4659 2107 4716 in-

457 4746 770 4812 struenda,
802 4745 928 4816 ipsa
955 4747 1181 4802 Domini
1215 4763 1389 4818 opera
1418 4752 1475 4804 et
1505 4748 1681 4804 verba
1709 4751 1867 4805 sunt.
1910 4751 2104 4822 Neque

456 4832 611 4888 enim
631 4851 736 4890 nos
759 4834 996 4891 aliunde
1014 4852 1326 4907 possumus
1350 4853 1602 4911 pugnare
1637 4837 1889 4906 felicius,
1919 4856 2104 4910 neque

456 4921 724 4981 hostibus
767 4924 1109 4997 quidquam,
1171 4943 1348 5000 quam
1399 4928 1534 4983 inde
1587 4945 1692 4984 nos
1742 4944 2099 5001 oppugnare,

459 5011 649 5085 magis
680 5013 915 5072 obvium
956 5023 1059 5085 est,
1104 5033 1292 5089 neque
1332 5015 1542 5073 iisdem
1589 5015 1710 5074 ulla
1747 5017 1882 5088 alia,
1921 5033 2098 5088 quam

2218 3335 2368 3388 τερα,
2413 3313 2506 3369 καὶ
2551 3314 2650 3382 τὴν
2710 3312 3057 3386 ἀνθρωπίνην
3101 3312 3193 3367 καὶ
3231 3311 3475 3367 ἀναίτιον
3528 3313 3698 3388 ὀργὴν
3749 3309 3879 3369 δια-

2221 3402 2460 3474 λυοόσης
2509 3403 2584 3466 εἷς
2633 3403 2938 3477 πραότητα,
2995 3403 3058 3457 τὸ
3105 3403 3219 3457 κατ’
3259 3401 3436 3478 ἀρχὰς
3484 3401 3701 3473 αἰτηθὲν
3758 3404 3880 3477 (84)

2216 3498 2337 3555 ταῖς
2380 3498 2498 3556 σαῖς
2547 3493 2703 3567 χερσὶ
2742 3491 3143 3570 περιενεχθείη,
3196 3489 3364 3565 μηδὲν
3412 3493 3697 3566 θαυμάσῃς
3739 3491 3882 3547 ἀνα-

2221 3579 2539 3658 λεγόμενος,
2571 3580 2617 3636 εἷ
2652 3584 2763 3654 (85)
2816 3581 2883 3635 τὰ
2934 3579 3108 3636 πλείω
3159 3584 3265 3636 τῶν
3315 3579 3367 3635 ἐν
3407 3580 3556 3654 αὐτῷ
3604 3580 3881 3637 κάνταῦθα

2220 3667 2743 3746 συμπεριείληπται,
2801 3668 2946 3725 ἀλλὰ
2990 3668 3304 3725 τούναντίον
3357 3670 3405 3725 εἱ
3465 3670 3540 3742 μὴ
3591 3675 3875 3744 παρεῖται.

2219 3762 2379 3832 Λήθη
2447 3761 2548 3835 γὰρ
2603 3757 2877 3822 πολλάκις
2933 3759 3025 3815 καὶ
3083 3765 3190 3815 τῶν
3246 3760 3469 3832 ἄμεινον
3527 3757 3724 3816 εἰδέναι
3778 3763 3874 3816 καὶ

2216 3857 2324 3909 τῶν
2365 3851 2672 3930 ἀναγκαίων
2725 3850 3078 3927 ἐπεκράτησε,
3140 3850 3378 3924 μάλιστά
3431 3872 3494 3926 γε
3541 3852 3875 3928 συμμαχίαν

2215 3945 2314 4012 τήν
2353 3945 2418 3998 ἐκ
2445 3946 2549 3996 τῶν
2583 3938 2866 4017 παρόντων
2905 3940 2951 3996 εἷ
2993 3940 3367 4015 συνεπάγοιτο.
3418 3942 3565 4014 ’Δμα
3612 3938 3668 3995 δὲ
3720 3939 3871 4015 μηδὲ

2221 4032 2391 4089 ἐκεῖνο
2423 4029 2576 4086 δίδου
2611 4034 2870 4105 παρορᾷν,
2921 4028 3007 4086 ὅτι
3054 4031 3130 4102 μὴ
3179 4030 3436 4103 προάγειν
3480 4027 3658 4098 ἄλλην
3721 4051 3872 4104 πρα-

2214 4120 2497 4198 γματείαν,
2555 4119 2706 4191 ἀλλ’,
2766 4119 2840 4181 ὡς
2893 4118 2946 4175 ἐν
3009 4119 3264 4192 ἀπόροις,
3320 4121 3420 4183 τῆς
3473 4117 3868 4193 ὲστερουμὲνης

2215 4212 2559 4284 παραμύθιον
2591 4208 2681 4264 καὶ
2721 4207 2900 4281 λήθης
2940 4208 3224 4287 φάρμακον
3275 4207 3486 4270 ἑαυτοῖς
3533 4205 3624 4262 καὶ
3672 4205 3869 4287 φίλοις

2221 4298 2647 4375 ἀντεισάγοντες.

2288 4656 2361 4712 Β’.
2395 4658 2574 4731 Ἀρχὴ
2625 4652 2682 4710 δὲ
2711 4657 2848 4728 ἡμῖν
2895 4659 2997 4724 τῆς
3047 4651 3183 4708 κατὰ
3237 4657 3346 4708 τῶν
3397 4649 3709 4707 ἀντιπάλων
3766 4672 3867 4706 πα-

2217 4745 2506 4820 ρατάξεως,
2532 4744 2671 4800 αὐτά
2699 4745 2765 4799 τὰ
2796 4741 3095 4798 Δεσποτικᾶ
3123 4739 3251 4818 ἔργα
3286 4740 3378 4796 καὶ
3422 4741 3658 4815 ματα.
3723 4737 3867 4798 Οῦτε

2211 4834 2315 4908 γὰρ
2378 4836 2515 4907 ἡμῖν
2573 4832 2884 4908 ἀλλαχόθεν
2945 4832 3363 4906 στρατηγεῖσθαι
3433 4828 3674 4906 βέλτιον,
3739 4825 3866 4885 οὗτε

2211 4930 2327 4987 τοῖς
2359 4923 2652 4998 πολεμίοις
2688 4924 2910 5000 βάλλειν
2945 4923 3373 4999 εὐστοχώτερον,
3403 4919 3534 4977 ἀλλ’
3562 4917 3686 4976 οὐδὲ
3719 4919 3864 4975 ἐκεί-

2209 5035 2333 5078 νους
2372 5013 2590 5070 πίπτειν
2625 5009 3000 5095 φοϐερώτερον
3059 5013 3094 5082 ἢ
3138 5012 3494 5089 ἀθλιώτερον.
3544 5011 3683 5085 Ὀρα
3725 5013 3858 5086 γοῦν

1628 5185 1867 5243 νΑΒΙΕ
1905 5186 2298 5244 LECTIONES
2337 5187 2426 5244 ET
2462 5186 2696 5246 NOTIE.

679 5335 930 5412 {Apta-{1)
988 5339 1096 5412 τῶν
1151 5331 1404 5412 βιϐλίων.
1457 5340 1698 5405 Quando
1747 5340 1848 5397 illa
1896 5341 2092 5397 Pbotio

454 5407 756 5483 acciderit,
810 5407 1314 5483 dii'ilculterlorte
1361 5415 1698 5483 conjectura
1753 5414 2098 5483 assequeris.

457 5479 696 5536 Constat
726 5481 963 5552 quidem
996 5480 1266 5536 Pbotium
1304 5483 1437 5537 sede
1472 5479 1584 5539 sua
1617 5479 1981 5553 patriarcb'ali
2011 5485 2102 5540 his

504 5553 701 5625 uisum
724 5568 874 5619 esse,
896 5567 1000 5606 ceu
1023 5553 1332 5623 diligenter
1353 5557 1588 5625 exponit
1607 5557 1888 5612 Martinus
1909 5557 2104 5612 Hanc-

502 5623 728 5698 ius,_De
754 5626 1194 5698 Bysantinaram
1226 5623 1439 5698 rerum'
1458 5626 1846 5698 Scriptoribus,
1879 5634 2028 5698 part.
2061 5645 2103 5696 ι,

461 5694 758 5752 ο.18.Οιιω
803 5693 1217 5768 alterutrahac
1261 5693 1597 5768 calamitate
1627 5693 1904 5755 librorum
1925 5693 2110 5768 jactu-

462 5783 591 5824 ram
624 5768 993 5839 coniunctam
1031 5765 1206 5822 fuisse
1237 5767 1606 5836 crediderim,
1640 5777 1693 5826 et
1725 5765 1968 5825 fortasse
1993 5786 2115 5826 cum

2206 5340 2636 5413 posteriore,iin
2660 5357 2797 5411 qua,
2829 5355 3136 5413 nunquam
3160 5336 3415 5413 pristinis
3446 5334 3591 5391 sorti
3622 5335 3864 5391 restitu-

2212 5409 2330 5478 tus,
2363 5413 2524 5477 obiit,
2552 5412 2610 5484 in
2644 5409 2901 5484 quadam,
2931 5409 3074 5467 urbe
3102 5409 3532 5484 Armeniorum,
3563 5422 3740 5484 quam
3773 5423 3863 5464 re-

2211 5487 2437 5558 gionem
2469 5479 3190 5558 Paulle—ianisabundasse
3219 5482 3363 5558 liber
3389 5497 3408 5534 ι
3439 5479 3630 5558 docet.

2281 5555 2672 5634 (84)_A_t'tr;_9év.
2730 5555 2989 5634 Petierat
3018 5554 3248 5634 scilicet_
3279 5551 3554 5634 Arsaniae
3603 5549 3860 5634 priorem

2211 5619 2587 5684 illam'Photii
2618 5626 3187 5696 commentationem,
3215 5624 3444 5682 duobus
3483 5619 3655 5678 libris
3699 5637 3860 5678 com-

2210 5700 2583 5771 prehensam.

2283 5772 2393 5842 (85)
2425 5768 2511 5825 Ei.
2546 5769 2628 5825 Ita
2657 5767 2866 5840 scripsi
2897 5783 2999 5840 pro
3031 5766 3128 5830 εἰς.
