4084 6210
317 370 434 434 181

1381 343 1700 426 CONTRA
1745 361 2228 426 MANIGHEOS
2269 363 2517 426 LIBER
2559 364 2654 426 Iv.

3615 379 3730 440 182

317 500 474 563 ὅπως
518 499 571 570 ἐξ
620 498 788 568 αὐτῆς
837 491 1130 571 συμϐολῆς
1159 495 1186 550 ὁ
1223 492 1477 571 βασιλεὺς
1519 495 1624 549 τῶν
1676 492 1844 564 ὅλων,
1884 515 1947 548 κα

2084 494 2224 551 hinc
2273 500 2509 566 accepta
2546 497 2762 566 clades,
2814 499 3139 560 luctuosior
3184 511 3284 563 aut
3327 509 3552 579 gravior
3600 526 3728 569 esse

324 592 528 665 Σωτήρ
559 591 722 663 ἡμῶν
754 587 845 642 καὶ
877 587 1184 662 στρατηγὸς
1223 585 1314 640 τὸν
1349 585 1564 660 χάρακα
1599 589 1708 639 τῶν
1762 582 1975 659 ἔχθρῶν

319 681 371 751 ἐξ
438 680 622 735 αύτῶν
687 675 976 752 κρηπίδων
1034 677 1239 745 ἀνασπᾷ
1295 675 1385 729 καὶ
1443 675 1814 752 καταστρέφει,
1880 675 1969 728 καὶ

321 773 522 844 συγχεῖ
549 768 611 824 τὸ
652 767 932 844 φρόνημα,
983 766 1072 819 καὶ
1123 760 1457 833 διασκεδάζει
1505 763 1567 817 τὸ
1617 763 1811 835 Θράσος
1860 768 1966 818 τῶν

323 860 662 914 ἀποστατῶν.
694 857 754 910 Τί
792 853 1072 932 βουλεύων
1122 854 1213 908 καὶ
1251 852 1372 909 τίνα
1397 853 1599 927 τέχνην
1645 856 1832 923 κινῶν,
1882 853 1968 906 οὐ·

319 947 406 1004 δέν
459 948 955 1022 μεμηχανημένον,
1005 943 1128 1000 οὐδέ
1179 942 1251 999 δι’
1293 943 1521 1022 ἀγώνων
1575 941 1664 998 καί
1708 945 1964 1017 καμάτων

315 1039 537 1112 προϊὸν,
565 1034 696 1092 ἀλλ’
728 1037 840 1110 ἅμα
871 1056 930 1090 τε
960 1035 1146 1114 φωνὴν
1186 1032 1376 1111 ἀφίησι
1435 1033 1622 1105 μόνον,
1664 1033 1753 1086 καὶ
1793 1033 1966 1088 πάντα

313 1127 378 1182 τὰ
420 1131 534 1181 τῶν
583 1123 870 1196 πολεμίων
913 1123 1223 1202 ἠφάνισται.
1273 1125 1423 1177 Πᾶσα
1469 1121 1598 1195 γὰρ,
1653 1123 1808 1194 φησὶ,
1871 1121 1966 1196 βα-

314 1215 492 1270 σιλεία
579 1215 896 1288 μερισθεῖσα
977 1212 1098 1267 καθ’
1186 1211 1379 1280 ἑαυτῆς
1467 1209 1792 1284 ἐρημοῦται,
1876 1209 1966 1263 καὶ

312 1309 455 1360 πᾶσα
527 1301 694 1364 πόλις
761 1304 796 1372 ἡ
866 1301 1011 1356 οἰκία
1082 1303 1392 1374 μερισθεῖσα
1456 1299 1576 1354 καθ’
1641 1299 1835 1368 ἑαυτῆς
1903 1299 1964 1353 οὐ

311 1394 660 1463 σταθήσεται.
728 1395 910 1468 Ὁρᾷς,
970 1388 1119 1454 ὅπως
1157 1391 1185 1444 6
1235 1391 1470 1467 φθόγγος
1524 1389 1743 1464 ἠχήσας
1802 1388 1962 1462 μόνον

308 1493 408 1554 τῆς
473 1484 784 1560 σάλπιγγος
840 1489 940 1552 τῆς
1001 1478 1315 1557 βασιλικῆς,
1371 1481 1433 1536 τὸ
1491 1479 1798 1555 χαράκωμα
1853 1485 1964 1535 τῶν

311 1573 531 1650 ἐχθρῶν
586 1571 856 1650 διέφθειρέ
913 1592 970 1626 τε
1025 1571 1115 1626 καὶ
1174 1570 1504 1645 ἐξερήμωσε.
1558 1571 1657 1624 Καὶ
1704 1570 1757 1624 τί
1817 1568 1963 1646 λέγω

311 1665 670 1740 χαράκωμας
704 1660 852 1718 ἀλλὰ
889 1661 978 1716 καὶ
1006 1661 1107 1730 τὴν
1138 1658 1326 1728 πόλιν,
1373 1659 1463 1713 καὶ
1502 1659 1632 1713 αὐτὸ
1687 1665 1787 1727 τῆς
1834 1660 1965 1713 ἁπο-

317 1753 562 1821 στασίας,
615 1749 746 1826 ὅπερ
803 1755 924 1812 ταῖς
982 1749 1155 1805 αὐτῶν
1219 1742 1660 1810 δυσσεϐεστάταις
1725 1748 1816 1802 καὶ
1873 1767 1964 1802 πε-

2086 588 2298 655 potest.
2328 585 2468 640 Vide
2492 586 2689 657 igitur,
2725 592 3014 659 quomodo
3054 593 3164 648 sub
3214 595 3402 666 ipsam
3453 615 3726 672 congres-

2086 673 2310 729 sionem
2361 691 2461 730 rex
2492 675 2768 744 universi,
2820 684 2877 734 et
2927 681 3194 739 Servator
3244 690 3460 755 noster,
3512 694 3569 745 et
3606 691 3722 746 dux

2084 762 2216 818 belli
2261 763 2474 818 vallum
2524 764 2778 821 hostium
2830 769 2900 823 ab
2942 769 3083 840 ipsis
3129 773 3529 832 fundamentis
3587 795 3725 834 con-

2081 851 2254 908 vellat
2283 860 2342 908 et
2364 858 2604 920 evertat,
2652 871 2851 911 eorum
2905 859 3237 917 molitiones
3287 868 3628 936 confundat,
3669 874 3726 924 et

2081 943 2382 998 audaciam
2427 949 2825 1014 apostatarum
2878 946 3143 1019 dissipet.
3193 952 3336 1014 Quid
3392 957 3722 1028 meditetur,

2081 1031 2292 1104 quidve
2333 1031 2629 1100 moliatur,
2679 1049 2792 1088 non
2842 1034 3017 1108 longa
3066 1043 3188 1094 arte
3231 1045 3526 1111 quaeritur,
3559 1062 3662 1102 nec
3694 1065 3727 1102 a

2078 1121 2454 1177 contentione
2493 1129 2595 1177 aut
2638 1122 2833 1181 labore
2891 1129 3169 1197 procedit,
3219 1133 3316 1186 sed
3375 1133 3466 1188 vix
3523 1151 3722 1192 vocem

2076 1211 2312 1279 emittit,
2360 1214 2418 1265 et
2463 1227 2664 1267 omnes
2716 1213 2970 1270 hostium
3023 1217 3357 1276 molitiones
3397 1222 3723 1282 difﬂantur.

2078 1300 2246 1357 Omne
2288 1300 2458 1370 enim,
2506 1301 2720 1374 inquit,
2773 1321 3020 1376 regnum,
3061 1312 3253 1365 contra
3284 1327 3340 1366 se
3373 1313 3554 1382 ipsum
3585 1313 3726 1370 divi-

2073 1406 2194 1446 sum
2237 1390 2533 1460 desolatur,
2591 1401 2642 1447 et
2672 1393 2850 1450 omnis
2897 1396 3026 1450 urbs
3073 1406 3171 1453 aut
3215 1398 3407 1456 domus
3449 1407 3638 1459 contra
3667 1420 3725 1459 se

2074 1481 2252 1537 divisa
2297 1497 2408 1537 non
2453 1483 2712 1538 consistet
2735 1483 2801 1540 εί.
2852 1483 3123 1552 Videsne,
3194 1492 3486 1558 quomodo
3540 1509 3726 1550 sonus

2075 1571 2333 1626 buccinae
2383 1570 2700 1627 Dominieze
2747 1573 2837 1627 vix
2885 1575 3125 1631 auditus
3183 1577 3400 1635 vallum
3461 1581 3720 1638 hostium

2071 1661 2338 1717 everterit
2368 1664 2425 1715 et
2455 1661 2849 1717 destruxerit?
2881 1663 2949 1718 Et
2975 1665 3114 1736 quid
3148 1665 3276 1723 dico
3309 1667 3523 1726 vallum
3545 1670 3572 1726 ?
3601 1671 3719 1729 imo

2071 1754 2128 1804 et
2157 1750 2379 1818 urbem,
2425 1754 2482 1806 et
2521 1750 2762 1821 regiam,
2813 1768 2988 1823 quam
3037 1759 3318 1824 apostatae
3363 1755 3563 1828 impiis
3595 1760 3726 1816 suis

313 1841 690 1915 πλανημὲναις
722 1840 986 1903 ἐπινοίαις
1052 1836 1416 1895 ἆνεπλάσαντο
1465 1859 1523 1893 τε
1570 1837 1658 1892 καὶ
1708 1837 1947 1914 ὠχύρουι

2069 1843 2128 1895 et
2155 1853 2416 1895 errorum
2447 1839 2808 1910 plenissimis
2853 1841 3178 1899 ratiociniis
3224 1851 3629 1903 exstruxerunt
3665 1853 3725 1904 et

319 1930 616 2007 βασίλειον.
667 1931 730 1987 El
779 1932 887 2006 γὰρ
948 1928 1195 2006 βασιλεία
1255 1928 1584 2003 μεριζομένη
1635 1927 1716 2004 ἐφ’
1768 1928 1960 1997 ἑαυτῆς

319 2021 427 2096 οὐχ
466 2022 764 2097 ὑφίσταται,
797 2018 926 2075 ἀλλ’
975 2019 1110 2090 αὗτή
1157 2017 1278 2091 περῖ
1319 2017 1487 2086 αὐτὴν
1529 2016 1717 2071 θᾶττόν
1759 2037 1816 2070 τε
1861 2037 1961 2071 κα-

299 2110 507 2187 ταρῥεῖ
551 2109 643 2165 καὶ
688 2109 1020 2188 ἀφανίζεται,
1069 2111 1104 2178 ἡ
1139 2105 1196 2162 δὲ
1245 2105 1585 2183 δημιουργὸς
1644 2111 1750 2162 τῶν
1812 2105 1956 2161 ὅλων

304 2201 458 2278 ἀρχή
495 2199 586 2253 καὶ
621 2197 874 2273 βασιλεία
906 2195 982 2253 δι’
1012 2197 1206 2259 αἶῶνος
1243 2198 1412 2271 μὲνει,
1453 2196 1528 2258 ὡς
1568 2195 1630 2251 ἄν
1666 2193 1781 2250 οὔδ’
1829 2195 1958 2252 αὐτὸ

303 2289 363 2343 τὸ
456 2293 564 2356 τῆς
637 2287 966 2350 ἀποστασίας
1049 2286 1478 2362 ἀποθρασυνθείη
1556 2284 1956 2360 ἑξαρνήσασθαι.

301 2375 440 2432 Οὐδὲ
472 2377 580 2453 γὰρ
615 2373 738 2432 ούδέ
772 2379 938 2452 μέχρι
985 2379 1076 2431 νῦν
1110 2376 1137 2430 6
1167 2376 1340 2430 πάντα
1387 2375 1718 2449 νεωτερίζων
1760 2377 1960 2451 χρόνος

303 2462 498 2520 ούδένα
566 2463 874 2538 παρέδειξεν
940 2465 1015 2527 εἷς
1077 2468 1335 2535 τοιαύτην
1432 2463 1630 2520 λύσσαν
1695 2460 1958 2534 ἐκλυσσή·

299 2576 485 2610 σαντα.
522 2554 587 2611 Ei
623 2555 715 2610 οῦν
743 2556 779 2624 ἡ
808 2558 905 2610 τοῦ
954 2554 1188 2628 Ἀγαθοῦ
1233 2552 1404 2629 ἁρχὴ,
1455 2555 1530 2616 ὡς
1572 2557 1730 2608 πᾶσιν
1772 2551 1959 2623 ἐπίδη-

297 2643 418 2710 λον,
483 2646 749 2718 κρείττων
810 2643 990 2714 πάσης
1047 2641 1370 2709 διαλύσεως,
1438 2647 1555 2704 πῶς
1615 2642 1676 2696 ού
1739 2641 1951 2716 μᾶλλον

294 2731 716 2809 ἐπιδηλότερον,
751 2733 827 2796 ὡς
869 2734 955 2795 αἷς
983 2731 1140 2788 αὐτοὶ
1180 2733 1244 2788 τὸ
1283 2730 1595 2805 ὁλόκληρον
1633 2731 1801 2801 αὐτῆς
1836 2737 1953 2794 ταῖς

293 2823 538 2898 τόλμαις
593 2821 1088 2897 διασπαράσσοντες
1139 2823 1384 2897 πονηρὰν
1441 2820 1622 2896 ἂρχὴν
1658 2843 1952 2892 σκηνοποι-

287 2917 442 2968 οῦσιν
492 2914 588 2968 καὶ
633 2913 1107 2988 παραπηγνύουσι,
1157 2912 1254 2980 τήν
1313 2911 1406 2984 μὲν
1464 2914 1566 2965 τοῦ
1621 2915 1807 2965 κοινοῦ
1863 2910 1950 2966 καὶ

276 3002 486 3076 ἀγαθοῦ
547 3002 823 3057 Δεσπότου
900 3001 1178 3076 βασιλείαν
1256 2999 1686 3074 προπηλακίζειν
1750 3001 1942 3072 μανίαν

277 3091 521 3161 εἵλοντο,
565 3091 628 3159 ἣν
672 3087 729 3146 δὲ
775 3091 1179 3162 ἆντανιστῶσιν,
1229 3090 1342 3162 ἅμα
1390 3110 1449 3144 τε
1495 3088 1792 3144 πλάττούσι
1850 3089 1938 3144 καὶ

2069 1928 2466 1984 muniverunt.
2513 1929 2572 1984 Si
2622 1931 2778 1984 enim
2837 1945 3105 2001 regnum,
3170 1933 3228 1987 in
3279 1949 3341 1988 se
3389 1934 3584 2004 ipsum
3631 1935 3723 1992 di-

2067 2015 2277 2084 visum,
2311 2033 2426 2070 non
2472 2016 2762 2086 consistit,
2803 2019 2904 2072 sed
2957 2019 3147 2089 ipsum
3190 2037 3289 2090 per
3318 2037 3381 2078 se
3411 2024 3583 2080 citius
3612 2024 3721 2079 dit"-

2068 2105 2196 2159 ﬂuit
2243 2109 2302 2160 et
2346 2105 2741 2172 disturbatur,
2772 2105 3084 2177 imperium
3137 2118 3288 2165 certe
3326 2111 3614 2169 Creatoris
3659 2118 3716 2169 et

2066 2210 2312 2266 regnum
2347 2193 2407 2249 in
2425 2197 2706 2250 internum
2741 2203 2956 2262 manet,
2991 2197 3144 2268 quod
3170 2213 3272 2252 nec
3294 2204 3571 2269 apostataa
3601 2201 3714 2272 ipsi

2066 2299 2277 2355 negare
2350 2284 2565 2340 ausint.
2634 2283 2832 2356 Neque
2904 2285 3065 2341 enim
3142 2285 3401 2342 bucdum
3461 2295 3710 2360 tempus,

2063 2372 2264 2428 omnia
2309 2371 2615 2437 innovans,
2660 2388 3014 2445 quamquam
3047 2374 3327 2443 exhibuit,
3361 2392 3426 2432 eo
3469 2376 3715 2435 insaniae

2064 2465 2417 2534 provectum.
2447 2461 2504 2516 Si
2545 2461 2724 2534 igitur
2752 2462 2889 2518 boni
2925 2464 3021 2518 Dei
3063 2464 3400 2535 imperium,
3444 2481 3546 2522 ceu
3585 2483 3712 2523 om-

2064 2553 2236 2608 nibus
2301 2555 2549 2619 constat,
2611 2552 2771 2607 omni
2821 2551 3203 2610 dissolutione
3260 2555 3527 2624 superius
3593 2561 3703 2624 est,

2063 2656 2255 2698 nonne
2288 2642 2470 2697 multo
2495 2641 2685 2713 magis
2717 2642 3094 2699 manifestum
3140 2651 3246 2710 est,
3285 2645 3460 2716 quod,
3496 2644 3710 2716 quibus

2060 2730 2144 2786 illi
2177 2731 2488 2795 institutis,
2521 2731 2919 2804 integritatem
2970 2734 3097 2802 ejus
3127 2732 3452 2800 turbantes,
3485 2734 3710 2791 malum

2059 2821 2412 2893 principium
2434 2821 2794 2890 effabricant,
2818 2827 2922 2878 eta
2943 2821 3121 2879 latere
3142 2827 3470 2892 exstruunt,
3494 2825 3704 2881 iisdem

2059 2926 2303 2983 regnum
2343 2911 2578 2982 quidem
2630 2910 2962 2967 communis
3002 2920 3056 2967 et
3093 2911 3230 2967 boni
3273 2912 3506 2968 Domini
3540 2930 3706 2970 aver-

2052 3000 2336 3056 runcandi
2365 3001 2643 3057 insanum
2675 3001 2985 3057 consilium
3017 3008 3315 3072 ceperunt,
3357 3001 3533 3058 simul
3569 3017 3704 3059 vero

2051 3090 2133 3160 id,
2162 3090 2316 3162 quod
2340 3105 2409 3146 ex
2439 3091 2678 3146 adverso
2710 3089 2960 3162 erigunt,
2993 3093 3050 3144 et
3075 3093 3327 3158 struunt,
3362 3094 3418 3145 et
3447 3089 3700 3148 solvunt.

276 3182 392 3252 ἇμα
422 3154 692 3246 λύουσιν;
726 3178 1048 3255 ’Δμερίστου
1076 3154 1179 3255 γὰρ
1225 3154 1326 3249 της
1367 3181 1468 3232 τοῦ
1508 3179 1741 3254 Ἀγαθοῦ
1793 3179 1942 3252 βασι-

2056 3177 2202 3234 Dum
2248 3179 2402 3234 enim
2451 3178 2584 3234 boni
2637 3177 2908 3249 principii
2948 3194 3192 3250 regnum
3225 3178 3541 3234 indivisum
3575 3195 3697 3234 ma-

277 3266 434 3329 λείας
517 3266 960 3341 συντηρουμένης
1041 3264 1190 3341 (ὁδὸς
1263 3265 1366 3343 γὰρ
1433 3267 1460 3320 6
1530 3266 1796 3341 μερισμὸς
1864 3267 1939 3328 εἰς

283 3355 594 3429 διάλυσιν),
625 3353 708 3410 ὅτι
753 3377 810 3412 τε
851 3356 914 3410 τὸ
951 3359 1067 3428 (86)
1109 3354 1307 3411 ἄλυτον
1350 3357 1442 3411 τὸν
1488 3356 1752 3430 μερισμὸν
1801 3356 1940 3411 ἀπο-

277 3445 582 3520 πέμπεται,
614 3443 701 3499 καί
750 3446 856 3520 πρό
897 3465 960 3521 γε
997 3451 1096 3514 τῆς
1137 3439 1404 3513 ἐπιϐολῆς
1451 3445 1653 3514 ταύτης
1681 3446 1710 3499 ὁ
1740 3445 1939 3501 Δεσπό-

276 3553 375 3604 της
405 3535 600 3588 ἀνεῖπε
631 3532 696 3587 τὸ
739 3532 1096 3605 μεριζόμενον
1150 3529 1518 3589 διαλύσεσθαι.
1561 3534 1665 3588 Καὶ
1697 3535 1731 3602 ἡ
1763 3534 1937 3598 κτίσις

275 3622 570 3681 τοσούτοις
603 3620 791 3675 αἰῶσιν
848 3619 896 3691 ἐξ
950 3623 1123 3692 αὑτῆς
1165 3627 1497 3696 παραγωγῆς
1545 3621 1680 3677 κατά
1721 3645 1781 3698 γε
1833 3627 1933 3695 τήν

277 3707 628 3783 ὁλοκληρίαν
678 3715 891 3780 κρατεῖν
940 3717 1042 3780 τῆς
1084 3708 1294 3772 λύσεως
1352 3708 1728 3784 ἐκληρώσατο.
1779 3717 1936 3790 Ὀρᾶ-

279 3820 368 3855 ται
403 3798 462 3856 δὲ
493 3801 806 3877 περιφανῶς
843 3801 933 3854 καὶ
961 3806 1078 3862 τοῖς
1109 3800 1380 3876 οὐρανίοις
1423 3799 1934 3878 ἀλληλουχούμενά

272 3913 331 3948 τε
354 3891 451 3947 καὶ
484 3893 826 3966 συνεχόμενα
857 3891 923 3947 τὰ
955 3891 1188 3969 ἐπίγεια,
1232 3894 1300 3948 τά
1344 3914 1402 3948 τε
1431 3895 1588 3964 νοερᾶ
1632 3895 1721 3949 καὶ
1760 3897 1932 3965 νοητὰ

269 3985 381 4036 τῶν
441 3985 776 4054 σωματικῶν
830 3982 920 4037 καὶ
963 3986 1081 4044 ταῖς
1139 3981 1418 4053 αἰσθήσεσι
1460 3987 1790 4057 κρινομένων
1842 3981 1931 4038 διὰ

269 4076 372 4140 τῆς
416 4067 727 4145 ἀδιαδόχου
756 4071 1014 4144 προνοίας
1053 4069 1115 4125 οὐ
1156 4068 1491 4145 διιστάμενα,
1522 4069 1670 4127 ἀλλά
1705 4073 1796 4128 καὶ
1835 4094 1931 4128 πε-

273 4160 674 4236 ριφανεστάτην
698 4157 929 4236 φέροντα
957 4161 1056 4228 τήν
1090 4161 1392 4238 συνάφειαν.
1426 4159 1498 4215 Οὐ
1542 4162 1649 4234 μὴν
1694 4158 1840 4217 ἀλλά
1869 4183 1930 4237 γε

270 4249 361 4303 καί
415 4247 550 4303 αὐτὸ
595 4246 819 4323 λογικὸν
877 4252 1011 4318 ζῶον
1074 4251 1102 4304 ὁ
1156 4247 1437 4323 ἄνθρωπος
1497 4249 1547 4321 ἐξ
1606 4252 1813 4326 ὁρατῶν
1871 4273 1930 4307 τε

269 4339 360 4392 καὶ
419 4336 668 4412 ἀοράτων
713 4341 890 4413 μερῶν
943 4337 1290 4414 ἡρμοσμένος
1339 4339 1679 4411 συνέστηκεν.
1732 4339 1792 4396 Ei
1837 4340 1928 4396 οῦν

272 4427 308 4495 ἡ
339 4429 440 4482 τοῦ
488 4427 695 4502 ἀγαθοῦ
740 4430 874 4482 Θεοῦ
923 4423 1255 4502 δημιουργία
1299 4449 1357 4483 τε
1398 4429 1488 4483 καὶ
1539 4427 1792 4503 βασιλεία
1843 4451 1930 4484 το-

275 4517 384 4589 μὴν
417 4515 512 4570 καὶ
568 4516 834 4588 μερισμὸν
885 4515 986 4571 οὐκ
1030 4515 1364 4593 ἐπιδέχεται,
1401 4519 1466 4588 ἦν
1505 4516 1562 4574 δὲ
1611 4520 1768 4574 αὐτοὶ
1799 4519 1925 4574 ἀνα-

270 4601 606 4672 πλάττουσι,
651 4601 844 4679 μερίδα
896 4606 1018 4659 τινᾶ
1073 4611 1174 4675 τῆς
1238 4605 1378 4675 ὅλης
1435 4603 1802 4683 δημιουργίας
1855 4612 1924 4682 τῇ

274 4690 512 4767 γλώσσῃ
555 4691 1048 4766 ἀποσπαράξαντες,
1095 4698 1212 4756 τοῖς
1261 4700 1362 4764 τῆς
1409 4694 1736 4758 ἀποστασίας
1792 4716 1927 4770 προ-

268 4781 463 4857 άγουσι
515 4779 722 4856 ῥήμασι
760 4781 848 4836 καὶ
891 4782 1124 4857 Ἑχθρὸν
1165 4781 1217 4837 ὲν
1259 4783 1395 4858 αὐτῇ
1449 4783 1754 4858 βασιλεύειν
1801 4788 1928 4840 καθ-

270 4868 543 4943 ιδρύουσιο
578 4873 700 4932 πῶς
729 4868 867 4941 αὗτή
899 4871 1020 4924 καθ’
1051 4871 1244 4941 ἑαυτὴν
1265 4870 1471 4946 ὃέξοιτο
1502 4876 1685 4928 στάσιν
1746 4874 1884 4948 αὐτῇ
1909 4895 1923 4945 ;

266 4963 389 5020 πῶς
431 4955 482 5013 δ’
515 4957 578 5012 ἄν
619 4957 908 5029 ὑποσταίη,
933 4959 1104 5028 αὐτὴν
1146 4962 1246 5030 τὴν
1293 4963 1496 5034 γένεσιν
1544 4962 1602 5017 ἐκ
1654 4969 1929 5037 μερισμοῦ

269 5047 361 5102 καὶ
395 5047 612 5110 λύσεως
641 5041 907 5117 λαϐοῦσα,
931 5048 1021 5102 καὶ
1050 5055 1230 5122 τομῆς
1259 5052 1345 5104 καὶ
1394 5048 1732 5127 διαιρέσεως,
1778 5053 1809 5107 ἃ
1837 5052 1927 5108 καὶ

269 5135 333 5191 τὸ
391 5135 713 5210 ὁλόκληρον
769 5136 846 5198 είς
906 5138 1112 5213 φθορὰν
1155 5139 1530 5218 καταστρέφει,
1586 5140 1929 5217 προελθοῦσα

273 5227 366 5282 καὶ
418 5225 781 5303 ἆπορῥυεῖσα,
835 5227 882 5284 εί
938 5229 1027 5284 καὶ
1087 5231 1164 5303 μὴ
1226 5227 1617 5305 δυσφημούσης
1667 5232 1926 5308 γλώσσης

274 5314 526 5392 ὑπῆρχεν
557 5315 928 5392 ἀνάπλασμα;
960 5322 1084 5382 Πῶς
1116 5316 1164 5375 δ’
1193 5319 1304 5396 οὐχ
1335 5319 1513 5398 ὥσπερ
1545 5325 1581 5393 ἡ
1621 5327 1716 5378 τοῦ
1763 5324 1927 5399 Ἀγα-

342 5464 386 5502 ⁸¹
427 5463 662 5531 Matth,
688 5480 792 5536 xu,
821 5465 915 5521 25.

2049 3272 2147 3323 net
2167 3269 2440 3338 (namque
2469 3266 2679 3322 divisio
2705 3266 2854 3322 viam
2881 3267 2952 3322 ad
2977 3266 3420 3322 dissolutionem
3447 3267 3694 3338 pandit),

2047 3356 2184 3427 quia
2226 3355 2632 3412 indissolubile
2680 3355 3028 3411 divisionem
3074 3370 3309 3411 omnem
3371 3359 3693 3424 aversatur,

2046 3446 2329 3502 Dominus
2361 3453 2555 3502 noster
2582 3444 2758 3500 etiam
2783 3448 2918 3500 ante
2947 3444 3099 3500 hanc
3129 3443 3522 3500 incursionem
3553 3460 3697 3515 prie-

2045 3535 2190 3592 dixit
2248 3537 2370 3593 fore
2421 3543 2484 3592 ut
2542 3534 2790 3591 divisum
2833 3534 3204 3590 dissolvatur.
3256 3535 3378 3590 Imo
3429 3537 3487 3590 et
3533 3549 3693 3590 crea-

2043 3629 2191 3682 tum
2233 3625 2368 3696 ipsi,
2416 3629 2538 3682 tam
2588 3623 2795 3680 multis
2839 3623 3091 3692 saeculis,
3120 3622 3257 3678 inde
3304 3623 3378 3678 ab
3409 3622 3539 3694 ipsa
3572 3638 3694 3695 pro~

2042 3716 2338 3780 ductione,
2385 3730 2488 3786 pro
2528 3713 2861 3784 integritate
2910 3729 3035 3777 sua,
3080 3711 3366 3768 solutione
3394 3710 3696 3782 ejusmodi

2041 3805 2326 3876 superiori
2356 3819 2482 3860 esse
2511 3802 2698 3858 licuit.
2733 3802 3108 3859 Manifestum
3130 3818 3263 3858 vero
3285 3806 3375 3858 est
3395 3802 3695 3858 terrestria

2040 3895 2375 3952 cmlestibus
2407 3894 2958 3962 arctissimejuncta
2979 3909 3128 3962 esse,
3158 3900 3212 3948 et
3234 3892 3295 3948 in
3316 3893 3518 3948 eadem
3543 3908 3694 3948 com-

2040 4001 2180 4056 page
2210 3983 2517 4050 contineri,
2550 3998 2656 4039 nec
2687 3998 2776 4051 ea,
2809 3998 2933 4053 qua:
2982 3989 3172 4037 mente
3229 3997 3295 4036 ac
3336 3980 3684 4045 cogitatione

2037 4074 2479 4146 investigantur,
2514 4088 2548 4127 a
2576 4071 2868 4141 corporeis
2899 4069 3212 4140 sensuique
3262 4067 3549 4137 subjectis
3593 4083 3686 4123 re-

2034 4165 2146 4221 bus
2210 4179 2314 4235 per
2390 4160 2730 4218 continuam
2789 4158 3218 4231 providentiam
3277 4156 3527 4228 seiungi,
3587 4157 3686 4212 sed

2037 4252 2311 4310 eximiam
2361 4250 2780 4308 connexionem
2856 4265 2972 4322 prae
3047 4263 3110 4304 se
3179 4247 3348 4303 ferre.
3413 4247 3482 4300 Et
3528 4245 3684 4316 quod

2038 4343 2226 4416 magis
2258 4341 2427 4411 valet,
2468 4340 2659 4413 ipsum
2703 4339 2854 4396 illud
2886 4336 3105 4396 animal
3146 4333 3450 4405 rationale,
3481 4334 3681 4400 homo,

2036 4449 2105 4489 ex
2149 4430 2484 4489 visibilibus
2532 4433 2590 4487 et
2632 4428 3028 4486 invisibilibus
3085 4428 3260 4485 rebus
3317 4427 3678 4497 compactus,

2035 4521 2322 4578 consistit.
2374 4519 2434 4576 Si
2473 4518 2652 4591 igitur
2696 4518 2838 4575 boni
2869 4517 2970 4574 Dei
3007 4516 3318 4589 imperium
3351 4519 3408 4570 et
3433 4529 3680 4585 regnum

2039 4610 2385 4666 divisionem
2415 4613 2474 4665 et
2503 4609 2930 4679 separationem
2973 4623 3088 4662 non
3125 4605 3398 4672 admittit,
3433 4603 3490 4658 id
3521 4618 3678 4671 vero,

2039 4700 2194 4772 quod
2220 4699 2333 4770 ipsi
2365 4698 2636 4765 inferunt,
2664 4701 2887 4768 partem
2917 4695 3139 4752 scilicet
3159 4694 3474 4766 quamdam
3507 4691 3684 4748 totius

2038 4785 2570 4844 administrationis
2612 4784 2810 4857 lingua
2856 4801 2964 4839 sua
3002 4782 3436 4852 subtrahentes,
3494 4780 3685 4837 verbis

2039 4875 2374 4948 apostaticis
2404 4875 2755 4946 producunt,
2799 4877 2856 4928 et
2905 4872 3126 4928 hostem
3174 4872 3300 4942 ejus
3329 4887 3520 4944 regem
3553 4887 3686 4927 eon-

2038 4968 2321 5036 stituunt;
2355 4966 2650 5038 quomodo
2672 4964 2773 5020 illa
2811 4980 2946 5036 pars
2972 4979 3072 5035 per
3102 4979 3165 5019 se
3196 4963 3544 5020 discordiam
3576 4960 3684 5016 sibi

2037 5054 2737 5126 conciliabit?quomodo
2783 5069 2918 5110 vero
2967 5052 3267 5121 consistet,
3319 5069 3444 5124 quas
3493 5053 3684 5108 ortum

2037 5163 2211 5202 suum
2238 5161 2307 5202 ex
2337 5145 2619 5201 divisione
2652 5147 2709 5200 et
2737 5143 3116 5200 dissolutione
3162 5142 3392 5208 habeat,
3441 5151 3686 5213 quaeque

2036 5235 2402 5307 separatione
2432 5239 2488 5291 et
2519 5233 2902 5305 sejunelione,
2935 5249 3037 5306 per
3064 5249 3208 5305 quas
3241 5228 3571 5288 substantia
3599 5226 3688 5282 in-

2037 5329 2199 5398 tegra
2229 5323 2513 5396 perditur,
2544 5323 2812 5396 provenit
2839 5321 3092 5395 primum
3130 5325 3188 5379 et
3215 5319 3457 5379 deﬂuxit
3479 5317 3508 5374 τ
3533 5319 3685 5373 Sane

1433 5601 1672 5661 VARIIE
1716 5603 2107 5663 LECTIONES
2148 5603 2242 5662 ET
2278 5603 2510 5662 ΝΟΤΕ.

345 5713 458 5786 (86)
487 5709 588 5770 T6.
619 5715 703 5771 Ita
732 5712 864 5788 lego
893 5731 996 5789 pro
1023 5717 1140 5788 τὸν,
1180 5719 1336 5792 quod
1368 5724 1460 5778 est
1489 5719 1549 5777 in
1581 5721 1997 5792 manuscripto.
