4084 6210
369 314 484 374 183

1565 305 1832 368 ΡΗΟΤΙΙ
1879 305 2400 366 ΡΑΤΒΙΑΗΟΗΑΞ
2444 307 2562 367 CP.

3650 300 3772 362 184

361 443 452 504 vel
480 445 591 502 hoc
637 443 852 502 evincit
899 447 1090 501 totum
1136 443 1348 516 lingua
1397 440 1634 498 infamis
1678 441 2020 512 figmentum

2137 440 2230 494 θοῦ
2259 438 2404 514 ἀρχὴ
2436 443 2516 512 τῷ
2548 437 2826 512 ἀδιαλύτῳ
2855 436 3157 513 συνέχεται,
3187 436 3278 493 καὶ
3317 440 3587 512 προϊοῦσα
3637 437 3785 510 μᾶλ-

361 548 512 590 esse.
549 531 851 598 Quomodo
893 547 1024 588 vero
1074 547 1192 587 non
1239 530 1441 586 eodem
1494 529 1687 598 modo,
1731 545 1844 600 quo
1876 527 2019 586 Boni

369 621 725 695 principium
785 625 1069 691 tanquam
1127 617 1535 675 indissolubile
1594 617 1884 682 consistit,
1940 621 2016 685 et,

372 727 486 783 quo
528 710 764 782 longius
809 709 1196 782 progreditur,
1247 712 1376 764 tum
1420 714 1691 764 constans
1737 715 1843 772 est,
1891 710 2019 762 tum

371 799 432 857 in
465 797 676 855 melius
699 798 952 870 proficit:
990 796 1283 869 quomodo
1335 811 1471 864 non,
1516 797 1782 868 inquam,
1815 795 2017 852 eodem

374 887 546 945 modo
577 886 936 960 principium,
987 884 1133 940 illud
1186 885 1363 957 quod,
1396 885 1657 942 amentia
1687 884 2017 952 hominum,

373 977 436 1034 in
499 977 684 1033 Deum
751 975 1125 1046 injuriorum,
1212 974 1453 1045 invehit,
1531 974 1824 1046 siquidem
1901 989 2018 1030 non

373 1065 434 1122 in
491 1066 666 1121 nudis
722 1063 1031 1120 hominum
1106 1062 1575 1120 calumniantum
1640 1063 1815 1120 labiis
1871 1061 2020 1120 exsi-

372 1153 494 1223 stit,
553 1152 747 1224 citius,
806 1169 983 1225 quam
1041 1157 1236 1209 ortum
1310 1157 1416 1222 est,
1475 1157 1904 1224 corrumpetur,
1964 1154 2022 1208 et

369 1242 627 1300 amasios
650 1259 790 1300 suos
811 1242 957 1300 risui
980 1259 1046 1298 ac
1067 1242 1323 1299 ludibrio
1346 1259 1642 1314 exponens
1664 1241 1916 1314 peribit?
1938 1243 2021 1298 Ita

374 1332 533 1390 enim
582 1349 818 1405 pmnam
869 1333 1036 1403 quasi
1085 1333 1292 1405 repetit
1346 1333 1418 1389 ab
1479 1333 1563 1390 eis
1613 1330 2019 1388 commentitias

371 1422 867 1494 inaugurationis,
937 1439 1040 1494 per
1115 1438 1293 1493 quam
1361 1421 1469 1493 ipsi
1536 1421 1621 1477 illi
1699 1437 1846 1477 vano
1931 1419 2022 1476 vel

371 1512 570 1584 potius
645 1511 826 1583 impio
901 1515 956 1567 et
1022 1510 1458 1582 improbissimo
1521 1521 1730 1568 conatu
1808 1510 2021 1582 reginas

375 1615 612 1666 nomen,
645 1601 792 1671 quod
825 1615 931 1657 nec
959 1599 1182 1655 ancillae
1213 1599 1406 1657 locum
1438 1601 1734 1669 tuebatur,
1767 1601 2022 1656 vindica-

377 1692 538 1745 runt.
564 1689 723 1746 Adeo
753 1690 1124 1762 omnipotens
1156 1694 1214 1745 et
1243 1689 1514 1746 militaris
1547 1691 1885 1761 caeterisque
1905 1704 2025 1745 om-

381 1779 552 1836 nibus
583 1779 858 1836 dominus
891 1784 1150 1851 potestas
1196 1779 1396 1852 capias
1444 1779 1705 1836 hostium
1747 1783 2025 1845 evertere,

374 1869 518 1925 adeo
547 1867 798 1940 spoliare
817 1868 1015 1924 hostes
1040 1867 1208 1925 valet.
1231 1869 1387 1925 Adeo
1405 1869 1662 1937 ostendit
1680 1870 1800 1940 ipsa
1822 1868 1922 1923 illa
1943 1872 2026 1940 ty-

373 1957 616 2015 rannide
643 1956 993 2028 prmliatores
1014 1961 1071 2013 et
1087 1956 1366 2014 satellites
1387 1961 1516 2028 ejus
1538 1975 1604 2013 ac
1628 1971 2025 2029 quoscumque

375 2045 552 2102 habet
581 2049 1044 2116 propugnatores
1075 2046 1165 2101 vel
1189 2061 1300 2102 uno
1332 2045 1502 2102 verbo
1523 2045 1850 2102 debellandi
1867 2044 2027 2103 etlu-

374 2132 560 2190 dibrio
602 2132 867 2189 omnium
904 2134 1230 2206 exponendi
1288 2137 1576 2205 potestate
1641 2133 2026 2206 insuperabili

379 2221 618 2294 pollere.
653 2221 855 2292 Itaque
896 2221 1219 2278 defectores
1267 2221 1421 2294 illos,
1454 2224 1891 2296 propugnacula
1920 2241 2029 2280 sua

381 2309 690 2368 confestim
720 2310 934 2380 diruta,
962 2319 1016 2367 et
1049 2327 1152 2368 nec
1182 2328 1388 2369 sonum
1422 2313 1590 2385 regite
1624 2314 1879 2370 buccina
1901 2331 2029 2370 sus-

380 2397 630 2456 tinentia
660 2397 939 2466 videntes,
974 2413 1159 2470 neque
1182 2399 1448 2471 imperio,
1473 2402 1628 2472 quod
1653 2402 1922 2458 novitatis
1939 2418 2032 2458 cu-

381 2484 504 2557 pidi
525 2485 639 2542 sibi
671 2484 815 2556 ipsis
846 2485 1160 2556 finxerunt,
1183 2488 1456 2543 omnibus
1471 2488 1592 2558 jam
1623 2490 1694 2544 ad
1726 2489 2029 2546 interitum

382 2573 807 2646 spectantibus,
842 2573 1098 2630 militare
1129 2575 1380 2646 amplius
1414 2577 1674 2646 decebat,
1702 2594 1908 2650 neque,
1930 2596 2031 2635 su-

382 2661 541 2718 blata
572 2662 904 2734 tyrannide,
953 2664 1026 2719 ad
1073 2669 1385 2736 tyrannum
1436 2682 1498 2723 se
1545 2673 1898 2736 convertere,
1931 2669 2032 2725 sed

385 2751 600 2822 potius,
633 2750 863 2824 cognito
895 2753 1471 2811 communiomnium
1494 2755 1762 2826 Domino,
1788 2757 2032 2829 imperio

383 2840 511 2910 ejus
541 2853 603 2897 se
631 2840 990 2909 submittere,
1039 2842 1303 2915 factaque
1331 2860 1465 2901 vera
1513 2846 1884 2903 conversione
1915 2863 2029 2920 pas—

388 2928 698 2985 nitentiam
729 2929 940 2986 seriam
990 2935 1271 2990 testantes
1321 2934 1603 3005 conﬁteri,
1644 2952 1707 2993 se
1750 2952 2037 2993 manuum

385 3019 510 3089 ejus
537 3035 686 3092 opus
718 3035 844 3076 esse
875 3025 933 3078 et
963 3026 1312 3095 creaturam,
1351 3041 1418 3080 ac
1445 3025 1517 3080 ab
1547 3025 1809 3097 ejusdem
1841 3026 2036 3098 provi-

385 3109 586 3166 dentis
595 3114 652 3167 et
663 3111 1022 3184 benignitate
1036 3114 1156 3187 regi
1177 3119 1234 3171 et
1251 3115 1560 3188 gubernari
1585 3131 1600 3172 :
1624 3115 1874 3173 vicissim
1897 3133 2030 3174 vero

383 3197 473 3256 {es
507 3203 650 3268 erat,
693 3201 890 3259 odisse
919 3204 1154 3260 eosdem
1181 3207 1238 3261 et
1266 3205 1517 3262 aversari
1568 3205 1794 3263 hostem
1845 3207 2030 3264 maxi-

382 3305 570 3359 mum,
601 3289 910 3362 eidemque
959 3292 1140 3350 nullis
1181 3295 1308 3351 suis
1338 3295 1397 3351 in
1427 3295 1546 3353 vita
1574 3297 1901 3354 actionibus
1930 3313 2031 3368 po-

378 3381 646 3437 testatem
667 3379 784 3436 imo
813 3397 916 3437 nec
945 3397 1249 3440 excursum
1280 3384 1341 3440 in
1371 3401 1434 3441 se
1463 3387 1815 3458 permittere.

455 3554 552 3611 IlI.
583 3556 748 3623 Quod
779 3557 829 3614 si
859 3575 990 3615 vero
1035 3561 1338 3630 profunda
1385 3562 1726 3619 defectionis
1773 3565 2029 3622 tenebras

379 3643 640 3717 ipsorum
670 3663 880 3704 sensus
922 3649 1064 3705 adeo
1107 3649 1536 3723 hebetaverunt,
1574 3659 1656 3722 ut,
1692 3671 1763 3710 ne
1792 3654 2032 3711 destru-

379 3739 470 3791 cto
493 3736 730 3806 quidem
761 3752 829 3793 ac
856 3738 1140 3795 debellato
1173 3739 1281 3797 hoc
1302 3740 1567 3813 imperio,
1598 3744 1942 3816 evigilantes
1962 3762 2030 3802 ex

379 3839 586 3895 sopore
616 3826 939 3884 detrectare
971 3829 1222 3900 valeant,
1254 3832 1354 3887 sed
1386 3833 1495 3888 sub
1527 3849 1592 3890 eo
1623 3837 1826 3907 magis,
1854 3852 2028 3908 quam

378 3913 584 3985 optimi
607 3915 706 3970 Dei
737 3931 938 3989 regno,
959 3920 1240 3977 contineri
1262 3923 1486 3993 malint,
1509 3940 1634 3996 age,
1650 3928 2030 3984 ostendamus

378 4019 574 4076 regem
607 4004 996 4064 universalem
1032 4026 1150 4067 non
1198 4013 1258 4068 in
1306 4028 1372 4068 eo
1410 4014 1730 4071 vindictam
1761 4032 1922 4072 suam
1955 4017 2029 4072 ab

378 4092 495 4150 illis
516 4095 617 4167 qui
642 4111 890 4169 regnum
908 4115 1082 4168 suum
1108 4101 1465 4173 inficiantur,
1490 4106 1836 4161 sumendam
1861 4106 2031 4162 siste-

380 4201 463 4251 re,
497 4191 560 4240 ut
588 4188 909 4258 principem
944 4206 1146 4247 eorum
1179 4199 1422 4263 evertat,
1453 4195 1658 4262 deleat,
1692 4200 1749 4250 et
1779 4196 2024 4266 spoliet;

379 4274 480 4328 sed
511 4274 744 4342 iisdem,
777 4283 904 4346 post
925 4281 1229 4348 probatam
1255 4282 1502 4336 multam
1526 4281 2025 4353 longanimitatem

2129 527 2224 584 λόν
2256 548 2314 583 τε
2345 525 2586 602 διαμένει
2614 529 2704 583 καὶ
2755 522 3089 603 μεταϐάλλει
3129 526 3515 604 προκόπτουσα
3552 527 3688 601 πρὸς
3717 525 3786 581 τὸ

2130 615 2369 690 ἄμεινον·
2431 616 2604 680 οὕτως
2647 617 2738 673 καὶ
2787 616 2853 686 ἦν
2909 617 3138 685 καινίζει
3193 621 3305 671 τῶν
3365 609 3684 670 θεοϐλαϐὧν
3749 617 3786 684 ἡ

2125 707 2375 780 ἀπόνοια,
2433 707 2562 782 οὗχὶ
2617 709 2715 779 τὴν
2775 705 2998 780 ὕπαρξιν
3059 704 3111 762 ἐν
3170 706 3356 768 αὐτοῖς
3418 706 3604 778 μόνοις
3661 709 3788 765 τοῖς

2131 796 2485 878 βλασφήμοις
2543 793 3021 873 ὀνειροπολήσασα
3103 794 3339 870 χείλεσι,
3400 789 3590 850 θᾶττόν
3647 815 3706 849 τε
3747 795 3787 865 ἢ

2127 886 2399 962 προῆλθεν
2463 886 2540 951 είς
2593 885 2895 963 ἂφανισμὸν
2981 881 3362 954 καταδύσεται,
3421 883 3507 941 καὶ
3564 883 3790 959 γὲλωτα

2127 976 2216 1031 καὶ
2257 974 2465 1051 χλεύην
2529 977 2660 1038 τοὺς
2728 975 2952 1048 ἐραστάς
3019 973 3399 1029 καταλιποῦσα
3465 971 3784 1050 οἰχήσεται,

2130 1063 2286 1136 δίκην
2337 1064 2517 1140 ὥσπερ
2579 1065 2782 1136 ταύτην
2851 1063 3050 1125 αὐτοὺς
3117 1063 3609 1138 ἀντεισπράττουσα
3671 1068 3786 1132 τῆς

2131 1153 2635 1228 συμπεπλασμένης
2691 1155 2782 1209 καὶ
2847 1151 3221 1209 ἀνυποστάτου
3289 1149 3654 1226 ἀναρῥήσεως.
3705 1147 3787 1205 δι’

2129 1247 2196 1314 ἧς
2242 1244 2416 1318 μάτην
2459 1243 2618 1317 αὐτῇ,
2656 1241 2869 1315 μᾶλλον
2913 1240 2971 1297 δὲ
3011 1237 3286 1303 δυσσεϐῶς
3334 1240 3422 1296 καὶ
3473 1241 3664 1311 ἀθέως,
3715 1240 3788 1294 τὸ

2130 1341 2229 1404 τῆς
2265 1331 2544 1408 βασιλείας
2578 1335 2692 1406 (87)
2723 1329 2914 1406 ὄνομα,
2959 1328 3084 1386 οὐδὲ
3142 1328 3520 1407 θεραπαινίδος
3571 1328 3787 1404 ἐχούσῃ

2131 1424 2343 1498 χώραν,
2402 1423 2730 1498 περιέθεντο.
2791 1419 2944 1476 Οὕτω
2992 1419 3373 1496 καταστρέφειν
3421 1415 3793 1494 στρατόπεδον

2130 1515 2236 1566 τῶν
2299 1509 2508 1586 ἐχθρῶν
2559 1513 2594 1580 ἡ
2634 1510 3111 1586 παντοκρατορικὴ
3161 1509 3251 1562 καὶ
3306 1507 3614 1583 στρατηγὸς
3668 1503 3794 1562 οἶδε

2131 1601 2365 1654 καὶτῶν
2407 1597 2596 1654 ἄλλων
2653 1596 3140 1668 κατεξουσιάζουσα
3188 1598 3360 1672 ἀρχή’
3422 1597 3597 1658 οὕτως
3657 1616 3795 1650 σκυ-

2132 1688 2309 1744 λεύειν
2363 1687 2490 1752 τοὺς
2555 1687 2888 1749 ὑπασπιστὰς
2959 1687 3050 1742 καὶ
3124 1683 3484 1762 δορυφόρους,
3559 1685 3652 1739 καὶ
3711 1685 3792 1740 ὧν

2132 1777 2303 1850 ἐκείνη
2359 1778 2668 1853 ἀγώνισμα,
2719 1775 3058 1848 στηλιτεύειν
3112 1795 3170 1830 τε
3213 1778 3305 1829 καὶ
3361 1771 3795 1849 παραδειγματί-

2134 1873 2259 1938 ζειν,
2292 1867 2383 1922 καὶ
2421 1871 2591 1922 ταῦτα
2641 1862 2730 1921 διὰ
2784 1869 2911 1939 μιᾶς
2969 1870 3155 1942 φωνῆς
3202 1864 3264 1918 τὸ
3312 1863 3509 1938 κράτος
3568 1861 3790 1938 ἄμαχον

2134 1955 2518 2014 ἐπιδείκνυσιν.
2549 1953 2699 2012 Ἔδει
2736 1956 2831 2030 μὲν
2875 1953 2968 2011 οὖν
3009 1955 3138 2018 τοὺς
3180 1955 3485 2016 ἀποστάτας
3532 1948 3792 2009 αὐτοϐοεὶ

2133 2048 2480 2118 καθορῶντας
2525 2043 2664 2100 αύτά
2709 2043 3095 2121 ἀνατραπέντα,
3144 2043 3234 2098 καὶ
3296 2039 3438 2115 μηδὲ
3485 2043 3622 2116 πρὸς
3689 2041 3791 2099 τὸν

2137 2138 2280 2214 ἦχον
2312 2135 2646 2210 ἀντισχόντα
2673 2140 2774 2202 τῆς
2807 2130 3108 2209 σάλπιγγος
3138 2137 3237 2202 τῆς
3281 2130 3592 2207 βασιλικῆς,
3646 2131 3794 2202 μήτε

2136 2227 2276 2282 αὐτὰ
2346 2227 2484 2298 μήτε
2548 2225 2646 2294 τὴν
2722 2223 3019 2298 βασιλειαν,
3086 2221 3152 2292 ἦν
3220 2221 3356 2294 πρὸς
3419 2220 3791 2296 νεωτερισμὸν

2140 2313 2342 2377 ἰδόντες
2393 2315 2606 2375 ἑαυτοῖς
2666 2311 3097 2381 ἀνετυπώσαντο,
3145 2307 3293 2364 ἀλλᾶ
3339 2310 3551 2364 πάντων
3602 2308 3790 2370 αὐτοῖς

2140 2404 2217 2466 εἷς
2278 2401 2558 2480 ἐρήμωσιν
2627 2399 3086 2476 περιεστηκότων,
3151 2400 3348 2471 μηκέτι
3404 2396 3800 2474 προσφιλονει-

2138 2497 2276 2562 κεῖν,
2337 2488 2478 2564 μηδὲ
2532 2497 2632 2557 τῆς
2689 2486 3002 2563 τυραννίδος
3050 2485 3432 2564 ἀφανισθείσης
3506 2486 3644 2560 πρὸς
3695 2485 3796 2540 τὸν

2139 2581 2394 2655 τύραννον
2447 2579 2879 2656 ἐπιστρέφεσθαι,
2930 2575 3076 2632 ἀλλᾶ
3119 2577 3215 2632 τὸν
3270 2575 3455 2630 κοινὸν
3515 2576 3802 2646 Δεσπότην

2141 2669 2458 2745 ἐπιγνόντας
2495 2665 2864 2742 προσδραμεῖν
2917 2667 3085 2722 αὐτοῦ
3134 2668 3204 2740 τῇ
3266 2662 3515 2740 βασιλείᾳ
3569 2663 3660 2718 καὶ
3725 2659 3802 2718 δι’

2141 2757 2472 2835 ἐπιστροφῆς
2515 2757 2746 2832 γνησίας
2789 2756 2881 2811 καὶ
2931 2757 3138 2830 θερμῆς
3190 2752 3476 2828 μετανοίας
3522 2749 3811 2826 ἀνομολο-

2145 2850 2309 2923 γῆσαι
2346 2847 2440 2919 μὲν
2473 2845 2696 2909 ἑαυτοὺς
2726 2851 2828 2914 τῆς
2865 2843 3033 2898 αὐτοῦ
3081 2847 3269 2918 χειρὸς
3317 2841 3476 2912 εἶναι,
3515 2840 3603 2896 καὶ
3653 2841 3808 2896 πλά-

2147 2960 2256 3013 σμα
2312 2939 2403 2993 καὶ
2449 2934 2872 3013 δημιούργημα,
2930 2928 3374 3011 διακυϐερνᾶσθαι
3422 2929 3477 2987 δὲ
3518 2932 3609 2986 καὶ
3667 2928 3808 3003 διεξ-

2147 3029 2372 3108 άγεσθαι
2399 3032 2467 3103 τῇ
2500 3027 2664 3083 αὐτοῦ
2693 3026 2941 3101 προνοίᾳ,
2973 3025 3060 3080 καὶ
3114 3021 3515 3101 φιλανθρωπίᾳ·
3567 3027 3805 3108 μισῆσαι

2149 3107 2205 3174 δὲ
2233 3117 2322 3173 καὶ
2364 3117 2772 3193 ἀποστραφῆναι
2817 3112 3004 3170 τέλεον
3056 3112 3148 3167 τὸν
3191 3111 3448 3187 Ἐ’χθρὸν,
3497 3109 3571 3172 ὡς
3623 3107 3803 3182 μηδὲν

2139 3207 2219 3269 οἶς
2250 3208 2550 3284 πράττουσι
2579 3204 2716 3260 κατᾶ
2742 3204 2833 3259 τὸν
2870 3202 2989 3277 βίον
3034 3198 3310 3276 μηδεμίαν
3365 3199 3514 3272 αὐτῷ
3555 3195 3800 3254 καταλι-

2138 3304 2260 3356 πεῖν
2291 3295 2558 3369 ἐξουσίαν,
2587 3293 2733 3352 ἀλλά
2767 3290 2909 3368 μηδὲ
2939 3287 3195 3367 πάροδον.

2209 3571 2280 3623 i".
2326 3565 2391 3622 Εἰ
2432 3561 2478 3619 δ’
2527 3567 2554 3619 ὁ
2608 3563 2770 3638 βαθὺς
2835 3559 3010 3616 αὐτῶν
3066 3559 3435 3632 ἐπικρατήσας
3492 3565 3592 3627 τῆς
3653 3557 3801 3612 ἀπο-

2144 3655 2362 3716 στασίας
2405 3654 2601 3714 σκότος
2632 3651 2804 3714 οὕτως
2846 3649 3022 3706 αὐτῶν
3063 3647 3362 3723 ἠμαύρωσε
3401 3646 3469 3701 τλ
3518 3649 3802 3722 νοήματα,

2141 3747 2214 3806 ὡς
2265 3745 2356 3799 καὶ
2392 3751 2494 3814 τῆς
2532 3738 2849 3818 τυραννίδος
2895 3737 3005 3810 ἤδη
3057 3736 3366 3810 λελυμένης
3414 3756 3472 3792 τε
3512 3736 3604 3791 καὶ
3653 3737 3802 3814 ἠφα-

2137 3834 2395 3908 νισμένης
2469 3831 2598 3907 μηδ’
2680 3830 2854 3892 οὕτως
2923 3827 3088 3897 αὐτὴν
3167 3828 3531 3906 ἀνανήφουσιν
3591 3824 3799 3900 ἐξομό-

2140 3927 2355 3994 σασθαι,
2387 3923 2514 3978 ἀλλ’
2564 3922 2650 3976 ὑπ’
2692 3919 2898 3990 ἐκείνην
2951 3915 3165 3990 μᾶλλον
3197 3915 3232 3985 ἢ
3265 3916 3364 3984 τὴν
3412 3920 3511 3970 τοῦ
3559 3918 3799 3990 Ἀγαθοῦ

2141 4013 2423 4090 βασιλείαν
2487 4012 2850 4068 νεανιεύονται
2929 4009 3234 4080 τάττεσθαι,
3293 4005 3438 4084 φέρε,
3501 4003 3794 4079 δείξωμεν,

2134 4106 2224 4160 τὸν
2255 4103 2488 4160 Βασιλέα
2514 4107 2620 4158 τῶν
2676 4101 2822 4156 ὅλων
2873 4099 3022 4161 ὅπως
3066 4095 3427 4170 ἀρνουμένους
3467 4095 3637 4150 αὐτοῦ
3683 4098 3789 4166 τήν

2141 4192 2416 4268 βασιλείαν
2473 4191 2538 4246 οὐ
2611 4192 2775 4265 μέχρι
2847 4191 2944 4244 τοῦ
3007 4186 3370 4261 καταστρέψαι
3434 4186 3534 4254 τήν
3599 4184 3785 4260 ἀρχὴν

2137 4280 2311 4336 αὐτῶν
2367 4278 2457 4333 καὶ
2513 4276 2824 4358 ἐξαφανίσαι
2876 4277 2968 4332 καὶ
3041 4271 3330 4330 σκυλεῦσαι
3399 4273 3628 4335 τούτους
3683 4273 3786 4341 τὴν

379 4364 437 4418 et
464 4360 830 4433 patientiam,
864 4368 1158 4422 emendari
1191 4369 1408 4424 nesciis
1429 4368 1728 4425 interitum
1750 4371 2022 4427 immitte-

2138 4367 2292 4439 δίκην
2321 4367 2558 4439 ἵστησιν,
2611 4366 2756 4422 ἀλλά
2807 4367 2941 4456 μετά
2984 4365 3084 4434 τήν
3130 4361 3350 4432 πολλὴν
3404 4361 3786 4456 μακροθυμίαν

378 4465 462 4508 re.
488 4451 759 4508 Fortasse
789 4453 966 4509 istum
998 4455 1112 4511 sibi
1161 4456 1468 4514 imminere
1513 4458 1798 4528 videntes,
1850 4477 2026 4517 sensu

378 4540 628 4612 quodam
662 4539 938 4598 facinoris
967 4545 1060 4601 sui
1089 4545 1416 4615 capientur,
1449 4563 1552 4602 nec
1586 4549 1837 4620 amplius
1867 4552 2026 4622 cogi-

379 4630 612 4698 tabunt,
642 4629 729 4686 vel
778 4630 996 4703 dicent,
1031 4632 1182 4690 nolle
1211 4649 1274 4690 se
1307 4641 1368 4690 ut
1397 4635 1509 4691 sibi
1541 4637 1900 4707 dominetur,
1928 4645 2029 4695 aut

375 4717 714 4786 corporibus
763 4721 886 4776 suis
947 4723 1305 4795 reliquisque
1361 4724 1691 4784 visibilibus
1744 4731 2026 4788 creaturis

375 4803 659 4863 Dominus
690 4813 746 4865 et
774 4813 895 4866 Rex
914 4811 1452 4886 universiimperet.
1475 4815 1622 4873 Vide
1643 4817 1821 4889 enim,
1845 4836 2023 4890 quam

375 4894 625 4967 graviter
681 4901 738 4954 et
788 4914 984 4957 severe
1032 4900 1101 4970 is,
1145 4902 1244 4975 qui
1292 4909 1507 4962 natura
1561 4922 1669 4964 sua
1719 4907 2026 4965 hominum

378 4999 582 5040 amans
631 4991 744 5054 est,
784 4993 988 5047 contra
1035 4990 1166 5049 illos
1214 4995 1564 5052 sententiam
1620 4996 1786 5054 ferat.
1846 4998 2026 5056 Hostes

376 5088 545 5141 meos,
578 5073 770 5147 inquit
797 5075 1028 5152 ille,'qui
1055 5083 1350 5138 noluerunt
1380 5100 1466 5140 me
1492 5101 1663 5156 super
1689 5102 1746 5141 se
1775 5103 2023 5156 regnare,

379 5163 629 5220 adducite
677 5165 802 5235 huc,
856 5174 907 5224 et
947 5175 1187 5228 mactate
1231 5189 1420 5228 coram
1467 5191 1554 5230 me
1591 5175 1660 5228 ⁸³.
1692 5174 1841 5238 Quid
1889 5175 2028 5232 ais?

381 5256 660 5325 stupesne
691 5255 842 5314 hanc
873 5261 1268 5319 sententiam?
1296 5263 1530 5334 fugiens
1564 5265 1775 5320 eadem
1820 5263 1978 5320 illam
2001 5264 2029 5320 ’ἶ

449 5395 497 5432 ⁸³
525 5401 664 5458 Luc.
693 5415 810 5470 xxx,
841 5401 933 5459 27.

2135 4459 2226 4515 καὶ
2283 4459 2497 4536 ἀνοχὴν
2538 4457 2769 4519 ἀνιάτως
2812 4450 3028 4531 ἔχουσι,
3073 4455 3172 4523 τὴν
3225 4454 3438 4532 σφαγὴν
3468 4450 3786 4530 ἐπαφίησιν.

2137 4550 2294 4610 Ἰσως
2336 4546 2431 4602 κᾶν
2479 4552 2605 4621 γοῦν
2653 4545 2853 4616 ταύτην
2905 4543 3088 4606 αὐτοῖς
3149 4543 3386 4616 ὁρῶντες
3442 4539 3784 4617 ἐπιφερομέ-

2135 4659 2254 4709 νην,
2321 4635 2658 4706 συναισθησίν
2711 4655 2832 4690 τινα
2871 4636 2968 4689 τοῦ
3013 4629 3380 4704 τολμήματος
3431 4623 3643 4685 λάϐωσι
3694 4628 3787 4684 καὶ

2139 4726 2332 4800 μηκέτι
2378 4728 2516 4799 μήτε
2547 4722 2896 4794 διανοηθεῖεν,
2934 4722 3075 4796 μήτε
3104 4718 3335 4794 λέγοιεν,
3372 4718 3448 4792 μὴ
3483 4715 3658 4772 θέλειν
3701 4716 3788 4772 ἐπ’

2133 4815 2329 4878 αὐτοὺς
2363 4811 2692 4888 βασιλεύειν,
2729 4808 2856 4884 μηδ’
2899 4807 3087 4884 ἄρχειν
3120 4807 3298 4862 αὐτῶν
3326 4810 3434 4861 τῶν
3484 4807 3785 4878 σωμάτων,

2139 4903 2279 4980 μηδὲ
2308 4907 2405 4969 τῆς
2436 4901 2616 4972 ἄλλης
2648 4901 2852 4975 ὁρατῆς
2888 4900 3117 4961 κτίσεως
3149 4897 3239 4954 τὸν
3289 4894 3637 4970 Δημιουργὸν
3687 4895 3785 4949 καὶ

2134 4994 2365 5054 Βασιλέα
2393 4996 2490 5047 τοῦ
2531 4991 2748 5054 παντός.
2807 4992 2944 5064 ’Όρα
2986 4986 3092 5064 γὰρ
3142 4987 3256 5061 μεθ’
3309 4984 3442 5054 ὅσης
3489 4991 3591 5054 τῆς
3633 4982 3782 5038 ἀπο-

2135 5084 2325 5158 τομίας
2357 5081 2445 5137 καὶ
2485 5079 2860 5160 σφοδρότητος
2911 5079 3010 5148 τήν
3059 5077 3303 5150 τιμωρὸν
3355 5072 3538 5148 ἐπάγει
3589 5074 3778 5151 ψῆφον

2133 5174 2250 5229 κατ’
2307 5171 2481 5227 αὐτῶν
2538 5172 2565 5226 ὁ
2624 5169 2796 5248 φύσει
2843 5166 3258 5248 φιλάνθρωπος
3337 5163 3470 5227 Τοὺς
3541 5161 3782 5237 ἐχθρούς

2139 5283 2270 5337 μου,
2346 5261 2507 5341 φησὶν
2610 5259 2834 5330 ἐκεῖνος,
2927 5256 3055 5320 τοὺς
3151 5256 3228 5328 μή
3312 5251 3642 5323 θελήσαντάς
3714 5271 3783 5326 με

1545 5523 1784 5610 vitam
1822 5523 2213 5584 LECTIONES
2251 5525 2342 5581 ET
2381 5523 2610 5581 Nom.

452 5655 565 5731 (8'7)
597 5661 706 5729 Τῆς
737 5660 1038 5736 βασιλείας.
1084 5667 1416 5740 Legendum
1450 5673 1589 5742 puto
1625 5666 1927 5743 βασιλίδος,
1960 5687 2026 5743 qv

2137 5687 2226 5728 rex
2253 5671 2444 5744 magis
2475 5667 2740 5728 convenit
2768 5665 3041 5742 sequenti
3071 5657 3474 5740 θεραπαινίδος.
