4084 6210
270 351 394 413 185

1360 345 1668 406 CONTRA
1722 343 2198 406 MANICHEOS
2243 346 2470 409 LIBER
2513 351 2614 412 IV.

3558 359 3672 427 186

264 480 590 558 βασιλεῦσαι
644 478 726 536 ἐπ’
782 477 1004 549 αὐτοὺς,
1075 477 1300 553 ἀγάγετε
1354 473 1482 546 ὧδε,
1575 476 1666 531 καὶ
1749 495 1916 531 κατα-

2038 478 2340 538 desistisne
2371 499 2403 538 a
2423 483 2727 542 dividendo
2747 486 2990 560 imperio
3016 490 3108 546 Dei
3139 492 3350 562 Optimi
3371 491 3400 549 θ
3429 496 3670 554 Conver-

261 569 502 647 σφάξατε
557 562 866 644 ἔμπροσθεν
927 589 1054 643 μου.
1121 569 1180 622 Τί
1236 566 1455 643 λέγεις;
1515 564 1755 644 φρίττεις
1817 566 1916 633 τήν

259 657 470 734 ψῆφον,
521 660 612 713 καὶ
661 658 880 736 φεύγεις
923 659 1024 727 τὴν
1076 658 1330 736 σφαγήν;
1389 654 1478 710 καὶ
1533 659 1631 708 τοῦ
1674 651 1916 729 διγάζειν

257 748 554 824 ἀφίστασαι
618 749 718 816 τήν
779 746 1058 824 βασιλείαν
1127 750 1224 802 τοῦ
1289 745 1493 820 ἀγαθοῦ
1552 747 1736 813 Θεοῦ,
1829 744 1919 797 καὶ

256 839 396 911 πρὸς
428 837 769 914 ἐπιστροφὴν
805 838 958 909 ὁρᾷς,
1007 836 1087 913 ἐφ’
1116 837 1161 909 ᾧ
1199 838 1298 905 τὴν
1349 836 1682 905 Δεσποτικήν
1737 833 1916 908 ἀρχὴν

261 926 582 1001 ὁλόκληρον
632 928 729 1001 μὲν
778 925 1097 1001 ὁμολογεῖν,
1138 925 1226 979 καὶ
1275 928 1384 978 τῶν
1435 922 1704 997 σωμάτων
1744 920 1800 977 δὲ
1830 922 1921 977 καὶ

259 1022 360 1084 τῆς
411 1019 608 1090 ψυχῆς
655 1015 1012 1090 ἀναφέρεσθαι
1063 1015 1160 1082 τήν
1212 1013 1508 1087 κυριότητα
1575 1011 1650 1074 εἷς
1710 1010 1918 1082 αύτήν;

262 1105 298 1174 ἢ
342 1107 519 1182 μέχρι
565 1110 665 1162 τοῦ
714 1107 925 1172 παθεῖν,
976 1105 1009 1159 ἃ
1063 1105 1251 1160 παθεῖν
1311 1094 1689 1170 ἀθλιώτατον,
1735 1102 1826 1156 καὶ
1858 1101 1921 1156 οὗ

267 1198 341 1270 μή
393 1192 514 1250 ἔστι
558 1192 703 1268 μηδὲ
751 1196 959 1270 ῥήματι
1008 1191 1256 1264 δηλῶσαι
1305 1191 1716 1268 χαλεπώτερον,
1758 1188 1920 1270 φιλο-

260 1289 504 1354 νεικεῖς;
565 1284 669 1338 Καὶ
709 1285 813 1358 γὰρ
869 1281 987 1338 οὐδ’
1036 1282 1341 1338 ἀποκτείνει
1405 1283 1592 1355 μόνον,
1655 1279 1779 1337 οὐδὲ
1820 1289 1921 1352 τῆς

263 1376 560 1450 παρούσης
611 1375 806 1450 ἀπάγει
860 1379 1027 1444 ζωῆς,
1077 1373 1228 1428 ἀλλά
1278 1373 1410 1446 μετά
1455 1373 1517 1428 τὸ
1543 1371 1922 1428 ἀποκτιννύναι

260 1467 310 1522 ἰν
343 1463 706 1538 ἀτελευτήτῳ
751 1465 843 1519 καὶ
897 1461 1181 1540 ἀδιαδόχῳ
1219 1466 1398 1539 γεέννῃ
1451 1465 1642 1538 πυρὸς,
1687 1463 1776 1519 καὶ
1824 1467 1923 1534 τήν

257 1557 449 1631 ψυχὴν
483 1555 670 1609 καὶτὸ
712 1559 874 1628 σῶμα
909 1555 1273 1628 τιμωρεῖσθαι
1321 1552 1694 1628 παραπέμπει.
1748 1552 1923 1610 Ἀλλά

253 1647 355 1722 γὰρ
403 1645 518 1720 ἐγώ
570 1664 656 1699 σοι
697 1643 786 1698 καὶ
851 1639 1009 1715 ἕτερα
1062 1641 1309 1715 πλείονα,
1369 1642 1475 1698 εἴτε
1535 1643 1670 1718 βέλη
1732 1642 1920 1718 βούλει

2029 568 2182 626 tisne
2212 582 2263 626 te
2291 572 2360 627 ad
2391 574 2813 645 paenitentiam,
2848 583 2912 634 ut
2950 579 3258 652 imperium
3293 586 3519 640 Domini
3553 587 3667 657 ple-

2030 660 2260 716 narium
2294 663 2644 733 conﬁtearis,
2675 673 2730 720 et
2759 669 2829 722 ad
2873 669 3027 725 idem
3063 679 3180 727 tum
3205 689 3508 745 corporum
3541 681 3667 731 tum

2031 749 2237 803 animae
2287 750 2609 807 dominium
2664 757 3021 828 transferas?
3064 776 3136 814 an
3179 761 3373 832 potius
3416 779 3670 835 pugnare

2029 843 2233 894 contra
2258 838 2401 895 illud
2443 857 2627 909 amas,
2662 859 2848 916 usque
2878 846 3018 903 dum
3051 863 3118 903 ea
3157 851 3518 921 perpetiaris,
3543 868 3670 924 quas

2032 927 2249 998 perpeti
2274 931 2677 987 tristissimum
2709 940 2814 1000 est,
2839 944 2891 990 et
2922 937 3134 1006 quibus
3183 939 3448 1009 graviora
3477 942 3670 998 verbis

2032 1017 2273 1087 exprimi
2319 1035 2432 1074 non
2462 1024 2746 1089 possunt?
2777 1023 3039 1096 Namque
3065 1042 3178 1082 non
3215 1029 3427 1084 occidit
3455 1031 3668 1097 solum,

2031 1109 2087 1161 et
2115 1122 2181 1161 ex
2205 1109 2475 1178 praesenti
2525 1112 2637 1167 vita
2671 1112 2838 1182 tollit,
2876 1115 2972 1170 sed
3012 1120 3320 1188 postquam
3359 1118 3668 1175 intereme-

2030 1199 2120 1267 rit,
2153 1201 2211 1254 te
2249 1197 2306 1254 in
2349 1206 2682 1272 perpetuam
2737 1219 2842 1260 nec
2885 1204 3199 1263 finiendam
3248 1225 3512 1280 unquam
3568 1226 3669 1280 ge-

2032 1285 2280 1343 hennam
2316 1287 2492 1360 ignis,
2524 1291 2720 1346 anima
2749 1296 2806 1347 et
2836 1308 3073 1363 corpore
3106 1297 3490 1367 puniendum,
3519 1297 3670 1354 able-

2027 1375 2469 1445 gat.Enimvero
2499 1387 2552 1434 et
2601 1379 2716 1435 alia
2747 1382 2852 1435 tibi
2914 1385 3100 1453 plura,
3140 1385 3261 1440 sive
3318 1386 3428 1441 tela
3467 1388 3672 1462 mavis,

2028 1464 2265 1536 impiam
2299 1465 2447 1522 hanc
2479 1469 2825 1525 sententiam
2859 1471 3029 1526 variis
3079 1474 3268 1530 modis
3307 1476 3675 1534 conficientia

2029 1558 2085 1609 et
2115 1555 2525 1624 confodienlia,
2558 1558 2676 1613 sive
2717 1558 2990 1615 salutaria
3019 1566 3221 1618 contra
3252 1564 3521 1620 morbum
3547 1582 3675 1622 me-

2028 1642 2319 1699 dicamina
2348 1661 2416 1700 ex
2445 1646 2616 1702 verbo
2648 1646 2766 1702 oris
2810 1649 3228 1721 omnipotentis
3275 1660 3326 1707 et
3371 1652 3675 1710 homnium

255 1736 641 1810 τιτρώσκοντα
696 1734 786 1788 καὶ
842 1731 1227 1810 ἐξαφανίζοντα
1284 1730 1648 1806 πολυτρόπως
1715 1753 1774 1786 τε
1829 1733 1918 1787 καὶ

2038 1734 2284 1789 amantis
2332 1735 2644 1806 desumpta
2691 1737 2954 1808 atteram,
2995 1743 3052 1794 et
3103 1741 3174 1796 ad
3210 1741 3676 1812 propulsandum

258 1823 602 1897 πολυμερῶς
643 1816 721 1877 ἔτι
772 1823 935 1876 τόσον
983 1816 1172 1883 ἀσεϐὲς
1224 1821 1504 1900 φρόνημα,
1538 1820 1644 1876 εἴτε
1675 1823 1918 1897 σωτήρια

265 1913 535 1993 φάρμακα
558 1919 658 1983 τῆς
687 1913 852 1968 νόσου
881 1912 971 1966 καὶ
1021 1910 1224 1984 ἰάματα
1273 1910 1332 1965 ἐκ
1375 1917 1476 1980 τῆς
1509 1911 1680 1980 αὐτῆς
1730 1909 1919 1984 φιλαν-

269 2003 502 2077 θρώπου
554 2001 640 2058 καὶ
697 2006 1210 2075 παντοκρατορικῆς
1273 1999 1534 2075 γλώσσης
1592 1994 1802 2068 λαϐὼν,
1861 1997 1922 2054 ἂν

2029 1823 2296 1879 morbum
2317 1824 2581 1881 studium
2603 1827 2920 1894 conferam,
2938 1829 2986 1884 si
3013 1829 3158 1885 forte
3183 1832 3421 1886 sanitati
3445 1832 3675 1888 restitui

2033 1912 2243 1983 potius,
2277 1929 2453 1984 quam
2506 1930 2572 1969 ex
2619 1915 2963 1972 vulneribus
3002 1927 3277 1990 perpetuo
3327 1920 3678 1977 decumbere

2031 2017 2098 2055 cu
2108 2017 2250 2072 ptas.

266 2093 376 2168 ἄρα
435 2113 521 2147 σοι
577 2099 680 2163 τῆς
738 2090 922 2168 ὑγείας
976 2085 1135 2166 ἔρως,
1194 2090 1308 2145 ἀντὶ
1364 2093 1462 2145 τοῦ
1517 2091 1866 2145 κατακεῖσθαι
1927 2091 2462 2164 τετραυματισμένῳ,
2511 2089 2849 2168 περιγὲγονε,
2908 2093 3177 2168 προοίσω,
3235 2097 3323 2151 καὶ
3385 2098 3520 2172 πρὸς
3576 2098 3677 2166 τὴν

263 2184 605 2260 ἀπαλλαγὴν
639 2182 1082 2260 σοναγωνίσομαι
1111 2186 1210 2238 τοῦ
1239 2184 1574 2256 νοσήματος.

335 2283 408 2332 Δ“.
465 2278 769 2349 Ἐκήρυσσε
807 2275 902 2330 τὸν
939 2273 1170 2349 Χριστὸν
1217 2274 1245 2328 ὁ
1290 2273 1549 2342 Ἰωάννης
1600 2274 1768 2345 μήπω
1824 2277 1925 2340 τῆς

265 2366 501 2442 χάριτος
547 2363 864 2440 μετασχὼν,
915 2360 1041 2418 ἀλλ’
1087 2360 1166 2418 ἔτι
1203 2366 1284 2436 τῷ
1340 2361 1496 2435 νόμῳ
1540 2358 1924 2434 παιδαγωγού-

265 2477 454 2530 μενος.
510 2455 813 2526 Ἐκήρυσσε
862 2450 920 2508 δὲ
963 2453 1241 2532 θεολογῶν
1293 2454 1388 2527 μὲν
1448 2452 1627 2522 αὐτὸν,
1688 2453 1771 2513 οἷς
1827 2453 1925 2504 τοῦ

261 2547 486 2618 κόσμου
552 2545 656 2613 τήν
708 2541 978 2620 ἁμαρτίαν
1033 2542 1202 2617 αἴρειν
1263 2543 1427 2597 ἅπασι
1505 2539 1924 2616 διεμαρτύρατο,

259 2635 348 2688 καὶ
392 2635 485 2695 οἷς
533 2633 702 2688 αὐτὸν
749 2632 874 2687 rte»
935 2635 1068 2687 Θεοῦ
1111 2631 1200 2686 καὶ
1257 2631 1309 2687 ἒν
1373 2631 1502 2706 πυρὲ
1550 2632 1637 2687 καὶ
1691 2628 1742 2684 ἐν
1791 2630 1927 2705 ἁγίῳ

261 2723 608 2798 βαπτίζοντα
639 2719 935 2795 Πνεύματι,
963 2720 1210 2777 τουτέστι
1249 2724 1318 2795 τῇ
1368 2720 1598 2796 ἐμπύρῳ
1644 2719 1734 2774 καὶ
1782 2740 1929 2794 πρηο

261 2812 481 2886 στηρίῳ
538 2813 667 2883 (88)
722 2814 819 2866 τοῦ
872 2810 1185 2884 Πνεύματος
1249 2808 1470 2883 δυνάμει
1532 2812 1632 2881 τήν
1695 2831 1930 2867 καταπε-

266 2905 475 2956 σοῦσαν
534 2902 700 2972 ἡμῶν
768 2900 926 2980 φύσιν
984 2900 1400 2976 ἀναχωνεύοντά
1464 2921 1523 2955 τε
1569 2900 1659 2956 καὶ
1708 2902 1928 2956 ἀνακαιο

263 2990 492 3060 νίζοντα
543 2987 802 3066 ἐλευθέρᾳ
857 2993 1009 3066 φωνῇ
1069 2987 1429 3046 ἀνεδίδασκεν.
1519 2991 1816 3066 Ἐκήρυσσε
1874 2988 1931 3045 δὲ

261 3080 352 3135 καὶ
396 3079 498 3134 τὸν
573 3080 805 3153 Πατέρα,
877 3077 1153 3154 θεολογῶν
1213 3100 1270 3134 τε
1336 3079 1516 3148 αὐτὸν,
1575 3080 1665 3134 καὶ
1714 3079 1774 3134 ἐκ
1820 3084 1928 3135 τῶν

2106 2272 2198 2329 IV.
2233 2273 2570 2331 Pradicavit
2597 2277 2892 2334 Christum
2911 2278 3188 2346 Joannes,
3215 2279 3441 2336 fmderis
3480 2281 3678 2353 gratias

2034 2363 2296 2418 nondum
2355 2365 2664 2437 particeps,
2722 2367 2824 2422 sed
2875 2368 3192 2423 secundum
3253 2368 3435 2440 legem
3487 2370 3680 2427 adhuc

2035 2451 2269 2506 ductus.
2294 2451 2632 2509 Praedicavit
2663 2458 2854 2509 autem
2888 2471 3039 2524 eum,
3075 2461 3132 2512 et
3168 2456 3351 2512 Deum
3385 2457 3682 2529 professus

2035 2544 2126 2595 est
2154 2541 2228 2596 iis
2256 2540 2400 2596 locis
2431 2542 2726 2609 omnibus,
2761 2544 2972 2613 quibus
3003 2550 3237 2600 testatus
3268 2551 3356 2601 est
3384 2563 3515 2602 eum
3548 2563 3684 2618 peo-

2036 2633 2166 2685 cata
2190 2630 2392 2686 mundi
2416 2630 2638 2701 tollere,
2661 2638 2716 2688 et
2741 2633 2954 2702 quibus
2978 2633 3173 2705 ipsum
3196 2634 3296 2689 Dei
3321 2634 3528 2690 Filium
3551 2635 3685 2707 igne

2037 2722 2094 2775 et
2111 2718 2326 2791 Spiritu
2359 2725 2562 2776 sancto
2593 2721 3008 2792 baptizantem,
3041 2722 3098 2777 id
3143 2728 3252 2791 est,
3278 2724 3449 2796 ignea
3477 2729 3533 2780 et
3567 2723 3687 2778 ful—

2036 2810 2230 2864 minea
2250 2809 2504 2882 Spiritus
2527 2811 2742 2866 virtute
2767 2817 3033 2868 naturam
3062 2817 3326 2869 nostram
3349 2815 3684 2886 depressam

2037 2899 2384 2955 excitantem
2417 2907 2474 2956 et
2511 2905 2884 2956 renovantem
2922 2901 3103 2958 libera
3132 2919 3266 2959 voce
3297 2904 3682 2960 demonstrat.

2039 2987 2377 3044 Praedicavit
2406 3004 2536 3044 vero
2588 2993 2646 3044 et
2676 2990 2926 3054 Patrem,
2964 3007 3237 3064 eumque,
3264 2997 3325 3048 ut
3366 2993 3569 3060 Deum,
3595 2981 3685 3048 in?

2044 3076 2278 3132 dubiam
2311 3081 2654 3148 potestatem
2703 3081 2875 3136 etiam
2919 3095 2985 3135 ex
3019 3078 3310 3150 lapidibus
3356 3081 3684 3138 Abrahamo

266 3169 451 3224 λίθων
505 3139 730 3242 ἐγεῖραι.
766 3139 925 3224 τ’ἐκνα
971 3139 1066 3240 τῷ·
1098 3164 1347 3244 ’Δϐραάμ
1403 3139 1515 3239 τήν,
1573 3168 1732 3243 ἰσχὺν
1783 3169 1926 3224 ἀκώ-

2046 3166 2198 3222 ﬁlios
2231 3139 2571 3237 procreandi
2610 3168 2824 3224 habere
2866 3139 3158 3242 profess-us
3206 3174 3314 3225 est.
3347 3171 3688 3226 Prmdicavit

267 3255 444 3313 λυτον
497 3251 719 3331 ἔχοντα.
767 3257 872 3312 Καὶ
923 3255 984 3311 τὸ
1032 3259 1266 3330 Πμεῦμα
1307 3254 1386 3324 δὲ,
1418 3259 1501 3320 οἷς
1530 3277 1587 3311 τε
1617 3256 1668 3327 ἐξ
1702 3257 1934 3332 ούρανοῦ

272 3346 584 3421 προελθεῖν
631 3346 904 3415 ἐθεάσατο,
962 3345 1050 3400 καὶ
1097 3346 1180 3408 οἷς
1230 3344 1315 3402 ἐπὶ
1367 3347 1458 3401 τὸν
1501 3346 1624 3402 Υἱὸν
1667 3349 1765 3402 τοῦ
1803 3346 1936 3402 Θεοῦ

271 3438 365 3492 τὸν
404 3441 686 3512 μονογενῆ
720 3433 1045 3514 ἐπεφοίτησὲ
1072 3455 1151 3505 τε,
1182 3434 1272 3490 καὶ
1323 3435 1396 3498 ὡς
1443 3435 1724 3510 ὁμοουσίῳ
1766 3455 1935 3511 προσ-

273 3527 467 3598 έμενε,
518 3523 609 3580 καὶ
656 3523 718 3580 τό
759 3545 820 3601 γε
866 3523 1349 3600 θεολογικώτερον,
1393 3525 1474 3588 οἷς
1503 3525 1764 3580 κοινωνὸν
1805 3524 1935 3582 αύτὸ

269 3621 374 3684 τῆς
413 3613 678 3689 ἐργασίας
707 3611 1051 3687 ἀνομολογεῖ
1079 3616 1215 3688 (89),
1247 3611 1320 3668 δι’
1355 3617 1421 3684 ἧς
1470 3617 1505 3684 ἡ
1553 3614 1795 3689 σωτηρία
1837 3620 1935 3670 τοῦ

266 3704 494 3776 κόσμου
544 3701 1000 3778 ἐπαρρησιάζετο.
1053 3703 1152 3759 Καὶ
1208 3704 1313 3780 γὰρ
1367 3706 1555 3774 κοινὴν
1611 3705 1797 3769 αὐτοῖς
1834 3705 1933 3774 τήν

274 3797 390 3847 τῶν
451 3792 758 3865 ἀνθρώπων
817 3792 1086 3864 σωτηρίαν
1138 3792 1476 3865 ἀνατίθησιν·
1546 3793 1694 3869 εἴπερ
1752 3795 1780 3849 ὁ
1840 3795 1933 3867 μὲν

273 3880 427 3956 αἴρει
477 3881 581 3950 τήν
627 3882 895 3955 ἁμαρτίαν
939 3886 1036 3936 τοῦ
1084 3881 1313 3957 κόσμου,
1364 3881 1498 3954 αὕτη
1559 3880 1616 3938 δὲ
1671 3888 1748 3956 τῷ
1801 3905 1935 3938 παν-

271 3970 422 4048 αγίῳ
475 3969 752 4043 Πνεύματι
799 3970 1109 4042 καθαίρεταί
1147 3993 1206 4028 τε
1247 3973 1334 4028 καὶ
1379 3972 1788 4049 ἀποσμήχεται.
1836 3973 1934 4028 Καὶ

271 4063 385 4138 γὰρ
469 4056 749 4134 λαμπρῶς
837 4061 1217 4136 ἀνακέκραγεν,
1295 4062 1370 4122 ὡς
1427 4063 1455 4117 ὁ
1520 4062 1751 4134 κόσμος,
1836 4068 1935 4132 τῆς

273 4147 559 4224 ἁμαρτίας
597 4149 697 4218 τήν
740 4147 1048 4224 ἐλευθερίαν
1100 4147 1425 4230 δεχόμενος,
1473 4151 1563 4206 καὶ
1611 4157 1710 4220 τῆς
1756 4153 1933 4221 σὼτηο

274 4241 400 4315 ρίας
457 4238 800 4314 ἀξιούμενος,
858 4243 940 4312 τῷ
1001 4242 1252 4318 παναγίῳ
1321 4241 1591 4316 Ιῐνεύματι
1651 4241 1760 4297 εἶτα
1843 4241 1933 4295 καὶ

271 4331 410 4404 πυρὶ
467 4329 900 4406 βαπτιζόμενος,
959 4326 1038 4384 δι’
1081 4330 1143 4385 οὗ
1185 4333 1286 4402 τήν
1339 4331 1615 4409 πυρφόρον
1664 4333 1751 4386 καὶ
1803 4327 1931 4402 δραι

271 4420 474 4486 πικῆν
523 4418 616 4472 καὶ
664 4419 956 4492 καθάρσιον
1004 4423 1103 4474 τοῦ
1170 4423 1481 4493 Πνεύματος
1571 4420 1727 4494 ἰσχὺν
1790 4414 1932 4474 ἔστιν

273 4503 658 4578 ἐκμανθάνειν,
707 4511 810 4573 τῆς
863 4504 1200 4578 τηλικαύτης
1259 4508 1565 4585 εὐεργεσίας
1615 4505 1928 4563 ἀπολαύου·

270 4613 374 4649 σιν.
440 4595 543 4648 Ὧν
594 4592 652 4648 δὲ
707 4594 771 4648 τὸ
802 4591 962 4669 ἔργον
1019 4596 1199 4651 κοινὸν
1226 4595 1315 4650 καὶ
1346 4595 1656 4670 ἀμέριστον,
1689 4595 1778 4651 καὶ
1808 4595 1932 4652 τότε

266 4686 486 4757 κόσμου
547 4683 938 4757 ἀνακαινισμὸς
993 4685 1084 4740 καὶ
1142 4685 1459 4757 ἀνάπλασις,
1528 4690 1645 4747 πῶς
1705 4685 1811 4763 ούχ
1893 4688 1928 4756 ἡ

269 4773 411 4842 αὐτή
616 4770 838 4835 τούτοις
885 4772 1065 4851 φύσις,
1115 4776 1151 4844 ἠ
1199 4773 1334 4844 αὐτὴ
1378 4771 1436 4829 δὶ
1485 4773 1665 4850 ἰσχὺς,
1716 4774 1926 4846 ἠ·αύτή

271 4858 327 4917 εἰ
374 4860 771 4940 φιλανθρωπία
821 4862 910 4918 καὶ
959 4864 1225 4940 πρόνοια;
1274 4863 1428 4920 Οὕτω
1484 4867 1612 4938 γοῦν
1663 4862 1716 4935 ἐξ
1755 4864 1928 4935 αὐτῆς

2044 3271 2178 3310 vero
2195 3255 2371 3310 etiam
2389 3256 2671 3328 Spiritum
2692 3263 2983 3327 sanctum,
3018 3259 3252 3330 quando
3285 3274 3416 3313 eum
3439 3275 3508 3313 ex
3529 3259 3686 3315 caelis

2047 3343 2353 3415 prodiisse,
2383 3349 2438 3400 et
2461 3345 2519 3400 in
2552 3345 2759 3402 Filium
2781 3346 2880 3403 Dei
2905 3348 3266 3419 unigenitum
3291 3347 3684 3415 descendisse,

2045 3436 2104 3488 et
2130 3447 2306 3506 super
2335 3449 2400 3490 eo
2430 3437 2712 3506 tanquam
2743 3436 3008 3507 ejusdem
3040 3435 3306 3492 essentia
3352 3434 3688 3491 consedisse

2041 3522 2220 3591 videt,
2252 3524 2392 3592 imo,
2425 3524 2579 3595 quod
2623 3525 2808 3596 magis
2841 3529 3023 3581 Deum
3054 3525 3252 3596 infert,
3284 3524 3517 3596 quando
3548 3540 3685 3580 eum

2045 3621 2108 3670 ut
2128 3616 2465 3688 participem
2483 3616 2675 3689 operis
2707 3615 2978 3687 celebrat,
3001 3616 3058 3671 in
3093 3632 3204 3687 quo
3221 3614 3385 3671 salus
3405 3616 3686 3672 mundise

2044 3706 2518 3778 conspiciendam
2575 3705 2838 3778 praebuit.
2875 3707 3140 3778 Namque
3179 3706 3406 3778 utrique
3447 3721 3685 3762 causam

2044 3793 2252 3849 salutis
2285 3795 2582 3850 hominum
2614 3801 2908 3868 acceptam
2953 3797 3078 3850 fert.
3124 3795 3284 3851 Alter
3330 3795 3485 3852 enim
3533 3794 3688 3850 tollit

2045 3891 2342 3956 peccatum
2377 3885 2602 3950 mundi,
2627 3884 2735 3939 hoc
2767 3889 2963 3940 autem
2994 3900 3094 3956 per
3124 3885 3409 3956 Spiritum
3441 3885 3688 3941 sanctis-

2044 3971 2256 4027 simum
2282 3973 2600 4027 mundatur
2628 3977 2684 4027 et
2705 3972 3071 4043 abstergitur.
3095 3972 3257 4027 Clare
3284 3972 3440 4027 enim
3472 3972 3685 4026 clama-

2043 4061 2144 4128 vit,
2177 4062 2330 4133 quod
2355 4061 2635 4131 mundus,
2660 4078 2693 4116 a
2724 4067 2956 4131 peccato
2978 4061 3280 4128 liberatus,
3302 4064 3358 4114 et
3387 4059 3574 4114 salute
3605 4058 3690 4114 di-

2043 4165 2192 4221 gnus
2224 4150 2480 4216 habitus,
2526 4157 2648 4204 tum
2693 4165 2826 4205 vero
2884 4148 3102 4220 Spiritu
3143 4153 3344 4204 sancto
3375 4165 3440 4203 ac
3482 4151 3688 4220 poseta

2039 4237 2176 4310 igne
2243 4239 2582 4308 baptizatus,
2632 4254 2736 4308 per
2792 4254 2968 4309 quem
3014 4235 3128 4292 vim
3193 4237 3443 4309 Spiritus
3493 4236 3684 4292 sancti

2043 4328 2300 4400 igneam,
2325 4327 2616 4383 efﬁcacem
2649 4333 2706 4384 et
2758 4327 3140 4400 expiatoriam
3173 4325 3496 4398 intelligere
3528 4326 3680 4392 licet,

2041 4421 2204 4474 tanto
2226 4418 2506 4474 beneficio
2530 4419 2772 4474 fruatur.
2809 4417 3067 4482 Quorum
3096 4433 3227 4473 vero
3250 4433 3394 4487 Opus
3423 4431 3686 4472 commu-

2041 4523 2112 4563 ne
2141 4512 2230 4563 est
2277 4513 2334 4564 et
2388 4508 2725 4574 indivisum,
2757 4509 2912 4580 quod
2957 4507 3161 4562 mundi
3208 4506 3579 4562 renovatione
3625 4507 3683 4560 et

2041 4597 2400 4668 reparatione
2430 4597 2780 4663 continetur,
2821 4597 3112 4668 quomodo
3162 4594 3282 4650 illis
3320 4610 3436 4649 non
3477 4593 3679 4648 eadem

2040 4690 2268 4753 natura,
2300 4687 2497 4741 eadem
2521 4701 2651 4742 vero
2681 4687 2856 4742 etiam
2889 4689 3167 4755 potestas,
3200 4682 3400 4738 eadem
3431 4683 3682 4752 denique

2038 4776 2375 4833 humanitas
2404 4785 2457 4832 et
2480 4776 2841 4850 providentia
2870 4773 3093 4831 fuerit?
3121 4773 3230 4840 Qui
3263 4772 3442 4845 igitur
3470 4773 3530 4827 in
3551 4772 3680 4845 ipso

2037 4865 2240 4921 limine
2277 4865 2461 4921 Deum
2503 4865 2716 4920 trinum
2754 4863 3108 4936 pradicavit,
3141 4866 3199 4918 et
3233 4862 3584 4918 tremendum
3616 4877 3682 4918 ac

1454 5008 1697 5066 VARIIE
1734 5009 2125 5066 LECTIONES
2165 5009 2254 5065 ET
2289 5007 2517 5064 ΝΟΤΔΕ.

346 5137 458 5210 (88)
493 5137 604 5211 Καὶ
647 5137 995 5211 πρηστηρίῳ.
1044 5137 1249 5211 Varias
1295 5138 1592 5209 pbraseos,
1651 5138 1704 5192 ἐν
1767 5135 1932 5211 Ιινεύ-

278 5228 407 5293 Ean
435 5209 532 5263 καὶ
561 5209 719 5293 πυρί,
742 5209 883 5293 quae
911 5209 1112 5293 Matth.
1145 5225 1244 5290 ιιι,
1281 5211 1367 5277 11,
1414 5215 1623 5278 exstat,
1673 5210 1927 5293 explica-

277 5282 464 5338 tiones
526 5281 682 5354 apud
741 5281 938 5339 Patres
990 5281 1302 5348 inveneris,
1370 5297 1615 5352 quarum
1703 5287 1926 5352 partem

274 5352 510 5436 exhibet
536 5353 829 5436 Jo._gasp.
856 5353 1242 5436 Svicerustin
1263 5352 1568 5436 “Thesauro
1613 5355 1923 5436 Ecclesia“.

271 5427 415 5480 tom.
451 5425 496 5492 Ι,
530 5442 587 5494 p.
631 5425 739 5480 629
769 5423 890 5494 ieq.
924 5427 1009 5480 Ad
1045 5424 1228 5480 nostri
1262 5423 1451 5480 Photii
1473 5425 1637 5480 illam
1671 5425 1926 5494 proxime

271 5442 498 5578 ξοῗέςιέί
521 5442 1230 5578 ἓθτῗῆξεᾜέὶῗιαέῗέἷὲ
1251 5442 1925 5578 ιῖιὲ⁰ξέιέ,¹ξῖ3ιιῖἱέἷῖ⁰ῗιῗ

275 5565 656 5640 βιοᾴυωέρ.
687 5568 815 5637 322,
843 5569 930 5624 ita
964 5567 1228 5640 scribens
1257 5582 1272 5622 :
1303 5565 1465 5640 Ilupr
1488 5565 1800 5640 τῷξνοητῷ
1830 5565 1922 5640 τὸν

276 5634 330 5725 ἐν
386 5637 523 5725 ᾑμῖν
554 5633 882 5725 δαπανῶντι
933 5635 1216 5725 συρφετόν,
1265 5637 1355 5725 ita“!
1390 5633 1499 5694 ’τὸν
1657 5633 1923 5725 ᾁμαρτίας

276 5657 330 5690 ιν
386 5657 523 5710 ημιν
571 5657 882 5694 οαπανωντι
933 5657 1216 5767 cvpassit,
1265 5657 1355 5692 και
1403 5657 1499 5694 τον
1555 5657 1606 5706 ες
1657 5657 1920 5725 αμαρτιας

273 5704 560 5776 ὶκτήκοντι
626 5707 817 5784 ῥύπον,
881 5710 974 5765 καὶ
1107 5708 1406 5782 οψύχεσθαι
1462 5709 1600 5785 πρὸς
1657 5705 1920 5772 ἐκτοπους

2040 5133 2242 5208 ἡδονὰς
2311 5135 2411 5190 οὐκ
2465 5132 2675 5208 ἀφιέντι
2729 5131 2820 5186 τὸν
2873 5135 3019 5208 νοῦν,
3082 5128 3580 5208 ἀποτετελὲσμεθα-
3625 5125 3683 5183 δὶ

2036 5202 2204 5283 ταύτῃ
2259 5228 2346 5283 τοι
2397 5209 2477 5279 τῷ
2514 5202 2796 5283 ’πνεύματι
2859 5204 3088 5273 ζέοντεςο
3147 5204 3258 5261 hoc
3323 5202 3482 5283 est”:
3552 5203 3684 5283 Igpe

2036 5273 2322 5357 spirit'uali
2346 5273 2701 5337 consumente
2721 5279 2895 5357 fraces
2917 5285 3150 5344 nostras,
3184 5283 3234 5332 et
3255 5277 3467 5357 peccati
3487 5273 3681 5357 sordes

2035 5347 2376 5426 absumente,
2435 5367 2543 5426 nec
2585 5347 2952 5426 permittente,
3010 5357 3070 5405 ut
3123 5363 3294 5426 mens_
3330 5347 3682 5426 inordinati!

2035 5418 2406 5495 voluptatibus
2461 5418 2745 5495 frigescat,
2793 5421 2896 5476 hac
2936 5426 3123 5495 autem
3179 5418 3397 5474 ratione
3445 5418 3681 5495 perfecti

2033 5491 2222 5551 sumas
2251 5496 2385 5566 [acti
2412 5491 2620 5566 spiritu
2648 5497 2937 5564 ferventes.
2971 5493 3112 5548 Vide
3151 5506 3279 5561 qua
3327 5491 3498 5562 paulo
3547 5491 3680 5558 post

2033 5564 2447 5624 Noster'aﬂert‘
2467 5564 2658 5637 plura.

2033 5706 2065 5764 λ
2103 5639 2213 5724 (8?)
2294 5625 2684 5712 Ἀνομολογεῖ.
2771 5637 2855 5691 Ita
2928 5633 3202 5706 rescripsi
3289 5647 3391 5703 pro
3481 5625 3682 5704 ἀνομο-

2073 5728 2233 5764 ογειν.

2073 5728 2162 5784 ογε
2171 5729 2233 5764 ιν.
