4084 6210
387 357 504 421 187

1585 360 1849 422 PHOTII
1894 360 2422 425 PATRIARCHIE
2464 365 2580 427 CP.

3672 370 3800 432 188

388 491 786 550 venerandum
818 495 1030 564 dogma
1063 495 1183 551 hoc
1214 493 1270 550 in
1308 492 1550 550 introitu
1593 492 1888 550 concionis
1926 511 2037 551 sua:

2161 495 2338 559 ἐστίας
2387 495 2666 574 θεολογῶν
2707 501 2810 569 τήν
2856 499 3080 577 Τριάδα,
3127 504 3218 558 καὶ
3260 505 3323 559 τὸ
3370 506 3467 573 τῆς
3505 503 3799 583 θεολογίας

386 584 708 655 proposuit,
733 583 886 655 quod
919 583 1184 640 Servator
1205 589 1332 654 post
1354 583 1839 639 resurrectionem
1865 582 2037 640 disci-

386 673 542 745 pulis
571 672 689 729 suis
720 673 937 729 clarius
968 671 1293 743 explicavit,
1336 688 1476 728 num
1509 672 1560 728 is
1616 672 1854 729 aliunde
1909 672 2033 730 hac

386 762 682 829 hausisse,
712 769 766 819 et
797 761 1014 818 dixisse
1045 777 1112 817 ac
1156 759 1504 832 praedicasse
1550 759 1655 816 tibi
1686 761 1936 830 videtur,
1971 767 2036 817 ut

389 850 477 907 vel
509 850 694 923 legem
735 843 932 922 gratia:
982 849 1330 906 contrariam
1382 849 1613 917 dixerit,
1661 849 1751 906 vel
1800 851 2034 923 negarit,

391 956 548 1006 cum,
581 939 676 1011 qui
708 954 774 994 ex
829 937 1126 1010 lapidibus
1157 937 1490 993 Abrahamo
1547 954 1744 994 semen
1785 940 2034 994 excitare

390 1029 596 1102 possit,
626 1032 978 1085 Servatorem
1004 1027 1207 1082 mundi
1241 1026 1427 1082 filium
1460 1043 1635 1083 suum
1667 1031 1723 1084 et
1760 1027 2036 1084 dilectum

390 1133 538 1188 esse,
571 1117 842 1173 omnibus
874 1117 1315 1173 demonstrasse
1334 1115 1363 1172 ?
1382 1117 1444 1172 Si
1467 1133 1619 1185 vero,
1644 1117 1741 1189 qui
1764 1118 1875 1172 sub
1910 1116 2037 1188 lege

389 1207 584 1277 gratiae
616 1221 907 1278 pracones
939 1206 1190 1272 fuerunt,
1222 1210 1280 1260 et
1304 1205 1430 1278 ipse
1478 1222 1714 1280 quoque
1741 1205 2041 1278 legislator

388 1294 560 1358 Deus,
583 1295 682 1366 qui
703 1299 890 1351 totum
907 1303 1074 1350 vetus
1094 1299 1511 1351 testamentum
1532 1294 1806 1362 instituit,
1840 1295 2046 1350 Filium

390 1386 692 1456 proprium
712 1386 894 1441 Deum
919 1385 1142 1441 Bonum
1167 1391 1223 1440 et
1242 1385 1440 1440 mundi
1457 1386 1818 1442 Servatorem
1841 1402 2043 1441 renun-

390 1475 576 1544 tiavit,
625 1490 878 1546 eumque
931 1491 1085 1546 aqua
1141 1474 1515 1546 baptizatum,
1575 1476 1873 1548 quomodo
1925 1491 2041 1530 non

395 1564 612 1630 omnia,
643 1580 765 1634 quis
795 1563 855 1618 in
887 1563 1011 1634 lege
1039 1567 1096 1618 et
1119 1563 1308 1634 gratia
1338 1567 1498 1629 sunt,
1535 1564 1801 1635 ejusdem
1848 1565 2043 1636 provi-

395 1651 624 1720 dentiae,
648 1669 796 1708 cura;
821 1657 878 1708 et
901 1652 1180 1709 bonitatis
1196 1668 1370 1724 opera
1385 1669 1450 1710 ac
1469 1658 1756 1726 praecepta
1779 1652 2046 1708 habenda

396 1741 618 1797 erunt?

465 1940 535 1994 V.
567 1941 878 1998 Considera
906 1957 1039 1997 vero
1070 1938 1270 2004 simul.
1303 1939 1515 2012 quibus
1549 1939 1825 1996 encomiis
1855 1940 2041 1996 Joan-

397 2044 532 2087 nem
565 2034 771 2086 mactet
803 2030 1086 2100 Servator,
1111 2029 1347 2101 quando
1367 2045 1500 2085 eum
1523 2029 1740 2087 divitiis
1761 2029 2037 2085 omnibus

395 2120 774 2192 superiorem,
798 2125 854 2175 et
875 2136 1053 2191 supra
1073 2136 1308 2174 omnem
1331 2119 1534 2174 mundi
1559 2120 1775 2175 fastum
1794 2119 2040 2178 colloca-

395 2215 544 2275 tum,
571 2208 630 2262 in
656 2208 768 2264 ﬁde
791 2212 1066 2280 praeterea
1097 2207 1360 2274 ﬁrmum,
1385 2225 1448 2263 ac
1491 2207 1550 2262 in
1581 2207 1892 2280 sententiis
1932 2208 2037 2264 bo-

393 2299 484 2356 nis
514 2300 805 2370 rectisque
847 2298 1078 2355 tuendis
1127 2299 1438 2353 immotum
1485 2297 1831 2369 pronuntiat
1850 2297 1915 2353 ⁸⁸.
1953 2299 2038 2353 Ab

391 2389 485 2446 his
509 2389 700 2462 ipsum
733 2388 1059 2457 celebrans,
1081 2389 1233 2457 vide,
1257 2405 1432 2460 quam
1460 2387 1632 2460 longe
1652 2387 1829 2443 altius
1850 2385 2038 2442 virum

395 2483 617 2549 efferat,
658 2483 1071 2553 neminemque
1100 2482 1251 2538 inter
1292 2481 1522 2553 genitos
1579 2497 1647 2536 ex
1692 2479 2040 2536 mulieribus

396 2590 530 2630 cum
554 2588 620 2628 eo
644 2572 1123 2643 comparandum,
1147 2570 1248 2626 sed
1267 2571 1522 2643 palmam
1546 2569 1824 2626 omnibus
1847 2570 2040 2642 prteri-

397 2663 671 2734 pientem,
704 2663 890 2718 sistat.
912 2662 1118 2718 Postea
1146 2678 1179 2716 a
1208 2660 1420 2716 virtute
1441 2659 1517 2715 ita
1543 2659 1840 2716 laudatum
1867 2659 2038 2716 etiam

397 2751 738 2825 prophetam
754 2758 806 2807 et
822 2751 1108 2824 propheta
1121 2751 1402 2822 majorem
1413 2749 1683 2822 appellat,
1700 2749 2040 2822 prophetam

397 2841 652 2914 quidem,
685 2845 748 2896 ut
775 2840 1128 2911 ostenderet,
1161 2840 1578 2912 praphetarum
1615 2856 1847 2895 nomem
1877 2841 2040 2910 ejus-

396 2947 511 3004 que
542 2946 714 2986 usum
747 2928 1034 3001 ejusmodi
1065 2929 1338 3000 cperibus
1367 2933 1424 2984 et
1471 2929 1884 3001 prerogativis,
1916 2944 2041 2998 quis

395 3019 671 3076 bonitatis
718 3019 868 3076 dona
919 3022 1078 3088 sunt,
1127 3018 1634 3074 accommodatum
1700 3033 1850 3074 esse.
1900 3017 2042 3073 Pro-

2143 586 2364 662 φρικτὸν
2411 588 2503 642 καί
2557 592 2748 644 σεπτὸν
2789 590 3020 665 μάθημα
3085 589 3135 646 ἐν
3191 593 3487 668 προθύροις
3542 597 3640 648 τοῦ
3692 615 3799 665 κη-

2145 675 2422 750 ρύγματος
2469 677 2852 753 ἀπαγγέλλων,
2905 681 2933 733 ’ὀ
2997 682 3132 752 μετᾶ
3169 683 3268 752 τήν
3323 681 3610 736 ἀνάστασιν
3671 689 3794 745 τοῖς

2149 765 2418 838 μαθηταῖς
2448 767 2476 820 6
2509 767 2706 842 Σωτὴρ
2735 768 3174 843 τηλαυγέστερον
3206 767 3521 844 παρεδίδου,
3556 772 3658 846 ἆρά
3709 793 3796 826 σοι

2147 851 2379 910 ἄλλοθεν
2421 854 2758 911 ἐπιπνεῖσοαι
2806 861 2977 912 ταῦτα
3021 860 3109 913 καὶ
3163 858 3341 934 λέγειν
3387 859 3476 915 καὶ
3506 862 3800 934 κηρύσσειν

2147 939 2368 1014 δόξειεν,
2401 945 2435 1016 ἢ
2471 946 2545 1006 ὡς
2576 946 2749 1018 νόμος
2780 945 3115 1022 ἀσύμφωνος
3149 948 3386 1023 ὑπάρχει
3415 952 3484 1022 τῇ
3525 950 3735 1028 χάριτι,
3758 950 3798 1018 ἢ

2147 1033 2220 1095 ὡς
2259 1035 2287 1088 6
2317 1033 2378 1089 ἐκ
2416 1032 2587 1089 λίθων
2620 1034 2847 1112 ἐγείρων
2877 1037 3037 1092 τέκνα
3085 1043 3162 1112 τῷ
3205 1034 3460 1114 Ἀϐραάμ
3489 1042 3636 1111 Θεὸς,
3686 1040 3805 1115 ούχ

2147 1123 2176 1177 6
2206 1122 2370 1186 αὐτὸς
2398 1125 2520 1179 Υἱὸν
2551 1125 2741 1180 ἑαυτοῦ
2773 1126 2908 1182 εἶναι
2939 1130 3028 1182 καὶ
3069 1127 3371 1206 ἀγαπητὸν,
3422 1130 3515 1184 τὸν
3563 1137 3805 1203 Σωτῆρα

2147 1216 2245 1267 τοῦ
2292 1212 2501 1286 κόσμου
2553 1219 2712 1269 πᾶσιν
2763 1214 3104 1291 ἐτράνωσεν;
3157 1217 3217 1273 Εἰ
3272 1215 3331 1273 δὲ
3370 1219 3423 1273 o't
3454 1217 3506 1273 ἐν
3534 1224 3612 1292 τῷ
3640 1219 3805 1293 νόμῳ

2145 1308 2246 1371 τῆς
2278 1301 2504 1378 χάριτος
2535 1305 2767 1379 κήρυκες
2799 1307 2890 1360 καὶ
2921 1308 2949 1360 6
2989 1305 3292 1380 νομοθέτης
3341 1309 3494 1377 Θεὸς,
3546 1309 3573 1364 6
3623 1313 3802 1363 πᾶσαν

2149 1392 2248 1460 τὴν
2279 1389 2521 1447 Παλαιὰν
2554 1391 2888 1467 διαθέμενος,
2918 1394 3009 1450 τὸν
3040 1397 3235 1466 ἀγαθὸν
3267 1398 3396 1453 Θεὸν
3437 1396 3525 1452 καὶ
3576 1405 3804 1473 Λυτρω-

2149 1483 2251 1552 τήν
2308 1487 2404 1538 τοῦ
2461 1482 2671 1557 κόσμου
2737 1485 2859 1539 Υἱὸν
2920 1482 3058 1540 ἴδιον
3116 1485 3426 1560 ἀνεκήρυξε,
3501 1487 3591 1541 καὶ
3673 1488 3807 1543 τότε

2157 1570 2550 1646 βαπτιζόμενον
2601 1570 2653 1627 ἐν
2699 1577 2778 1645 τῷ
2826 1569 3000 1643 ὕδατι,
3047 1577 3162 1635 πῶς
3210 1573 3335 1648 εύχὶ
3381 1575 3471 1629 καὶ
3519 1575 3585 1630 τὰ
3635 1575 3686 1631 ἐν
3719 1581 3808 1648 τῷ

2152 1660 2309 1732 νόμῳ
2349 1660 2524 1715 πάντα
2578 1659 2669 1714 καὶ
2725 1661 2792 1715 τὰ
2840 1659 2894 1716 ἐν
2943 1665 3013 1736 τῇ
3071 1663 3261 1737 χάριτι
3319 1669 3422 1732 τῆς
3471 1663 3640 1733 αὐτῆς
3697 1663 3808 1718 ε’ίσι

2151 1749 2408 1823 προνοίας
2445 1749 2535 1804 καὶ
2591 1746 2954 1824 δημιουργίας
3000 1751 3089 1805 καὶ
3141 1751 3476 1826 ἀγαθότητος
3524 1746 3657 1830 ἔργα
3711 1753 3810 1808 καὶ

2071 1813 2118 1878 Β
2153 1813 2502 1914 δίατάγματα
2528 1859 2540 1908 ;

2226 1947 2300 2000 Ε’.
2345 1943 2734 2000 Συνεπισκόπει
2769 1943 2827 2000 δὲ
2855 1947 2949 2000 καὶ
2981 1947 3131 2008 ὅσοις
3180 1947 3270 2002 τὸν
3321 1947 3579 2018 Ἰωάννην
3629 1946 3812 2024 ἐγκω-

2154 2031 2301 2106 μίοις
2351 2033 2378 2088 6
2427 2033 2628 2108 Σωτὴρ
2677 2030 2878 2114 στέφει,
2938 2036 3170 2110 κρείττω
3205 2036 3302 2108 μὲν
3335 2035 3814 2114 ἐπιψηφιζόμενος

2147 2123 2477 2197 χρημάτων.
2525 2123 2702 2193 πάσης
2751 2120 2808 2178 δὶ
2876 2125 3149 2198 περιγείου
3207 2121 3370 2197 δόξης
3433 2124 3804 2200 ὑπεριδρυμέ-

2144 2234 2261 2286 νον,
2307 2212 2528 2290 στεῤῥὸν
2559 2211 2614 2269 δέ
2646 2216 2745 2285 τήν
2776 2213 2865 2270 ἐπὶ
2908 2220 2978 2290 τῇ
3017 2215 3193 2270 πίστει
3223 2214 3427 2290 κρίσιν,
3479 2219 3570 2272 καὶ
3607 2217 3804 2280 ἁπλῶς

2143 2303 2243 2370 τήν
2293 2301 2374 2358 ἐπ’
2422 2301 2644 2378 ἀγαθοῖς
2695 2307 2826 2358 πᾶσι
2890 2304 3116 2378 γνώμην
3177 2302 3510 2376 ἀκλόνητον.
3567 2305 3805 2368 Τούτοις

2147 2385 2207 2443 δὲ
2244 2387 2404 2444 αὑτὸν
2443 2389 2800 2464 άνακηρύξας,
2834 2389 2934 2465 ὅρα
2963 2396 3081 2454 πῶς
3124 2391 3212 2447 ἐπὶ
3265 2390 3436 2465 μείζω
3481 2391 3574 2448 τὸν
3633 2389 3808 2467 ἄνδρα

2147 2475 2380 2553 ἐπαίρει,
2440 2479 2528 2532 καὶ
2579 2483 2687 2534 τῶν
2755 2476 2809 2534 ἐν
2880 2480 3155 2554 γέννητοῖς
3244 2485 3510 2556 γυναικῶν
3599 2478 3798 2536 οὐδένα

2148 2566 2357 2638 τίθησιν
2387 2565 2757 2641 ἐξισούμενον,
2789 2567 2936 2624 ἀλλὰ
2963 2571 3103 2625 κατᾶ
3133 2569 3347 2625 πάντων
3392 2569 3454 2624 τὸ
3500 2565 3800 2644 πρεσϐεῦον

2149 2658 2402 2734 φέροντα.
2461 2658 2594 2714 Εἶτα
2639 2658 2776 2733 πρὸς
2838 2661 3034 2730 ὸιρετήν
3086 2658 3245 2714 αὐτὸν
3293 2658 3469 2721 οὕτως
3512 2659 3802 2734 άνυψώσας

2147 2746 2240 2801 καὶ
2278 2749 2566 2824 προφήτην
2599 2745 2884 2818 ἀποκαλεῖ,
2916 2747 3005 2803 καὶ
3052 2751 3341 2826 προφήτου
3392 2748 3801 2824 περισσότερον

2149 2839 2438 2911 προφήτην
2473 2839 2590 2910 μὲν,
2621 2835 2716 2891 ’ίνα
2748 2836 2892 2911 δείξῃ
2924 2839 2986 2892 τὸ
3018 2842 3123 2892 τῶν
3162 2843 3460 2915 προφητῶν
3504 2835 3680 2911 ὄνομα
3708 2841 3804 2894 καὶ

2148 2926 2249 2994 τὴν
2297 2925 2489 3000 χρείαν
2544 2924 2817 2988 τοιούτοις
2873 2923 3056 3003 ἔργοις
3107 2927 3197 2981 καὶ
3245 2927 3568 2999 ἀξιώμασιν,
3621 2927 3654 2981 ἆ
3685 2934 3791 2996 τῆς

2151 3013 2485 3088 ἀγαθότητὸς
2535 3011 2647 3070 ἐστι
2681 3011 2850 3088 δῶρα,
2908 3015 3453 3091 προσαρμοζόμενον.
3503 3020 3803 3095 Προφήτου

397 3108 574 3181 pheta
617 3112 814 3164 autem
859 3108 1142 3179 majorem
1187 3111 1377 3174 vocat,
1409 3107 1564 3178 quod
1597 3107 1698 3180 qui
1755 3106 2034 3178 aqualem

2151 3099 2208 3158 δέ
2235 3104 2640 3180 περισσότερον,
2682 3104 2764 3158 ὅτι
2803 3105 2902 3174 τήν
2945 3103 3068 3175 ἴσην
3116 3102 3344 3167 ἐκείνοις
3397 3107 3558 3182 χάριν
3611 3100 3803 3161 λαϐὼν

395 3213 529 3255 cum
561 3197 678 3254 illis
708 3198 954 3270 gratiam
986 3201 1192 3253 nactus
1221 3199 1331 3267 est,
1351 3200 1414 3252 ut
1441 3196 1638 3251 futura
1676 3196 2040 3268 pravideret,

396 3286 554 3344 idem
585 3287 777 3344 adhuc
801 3286 933 3358 plus
963 3285 1169 3344 habuit
1201 3291 1267 3343 ut
1293 3284 1520 3343 scilicet
1547 3283 1768 3342 videret
1796 3301 1930 3341 eum
1971 3286 2042 3342 de

394 3392 507 3449 quo
539 3375 626 3430 illi
673 3375 964 3432 vaticinati
1011 3379 1153 3432 sunt
1201 3380 1258 3432 et
1297 3375 1512 3448 dignus
1569 3374 1904 3442 haberetur,
1935 3373 2038 3445 qui

391 3467 712 3540 baptizaret
742 3483 896 3539 aqua
923 3466 1110 3538 illum,
1142 3467 1242 3539 qui
1275 3467 1564 3524 mundum
1587 3466 1719 3534 igne
1745 3469 1802 3520 et
1821 3464 2039 3536 Spiritu

391 3556 790 3628 baptizaturus
821 3560 966 3626 erat,
999 3560 1056 3612 et
1085 3572 1119 3612 a
1149 3555 1401 3627 peccatis
1447 3554 1859 3610 mundaturus.
1883 3553 2037 3609 Num

391 3645 566 3718 igitur
595 3646 785 3719 gratia
807 3662 942 3702 cum
974 3646 1099 3717 lege
1122 3645 1377 3716 pugnat?
1399 3660 1592 3701 nonne
1610 3643 1802 3715 potius
1821 3658 2038 3714 magna

389 3739 480 3792 est
511 3735 660 3791 inter
679 3744 986 3808 utramque
1001 3733 1309 3791 consensio
1322 3737 1380 3789 et
1402 3732 1664 3789 afﬁnitas
1685 3732 1713 3789 ?
1734 3731 2037 3797 Quomodo

389 3840 546 3886 vero,
605 3823 894 3894 siquidem
945 3823 1199 3880 Joannes
1245 3822 1318 3879 ab
1379 3821 1491 3880 alio
1547 3829 1670 3879 erat
1727 3820 2034 3894 principio,

387 3912 582 3987 gratiae
612 3917 814 3970 auctor
858 3913 975 3969 haec
1021 3913 1092 3969 de
1121 3927 1186 3968 eo
1217 3915 1457 3968 testatus
1504 3915 1613 3981 est,
1645 3927 1774 3983 quas
1833 3910 2038 3983 paucis

385 4001 589 4075 sisque
607 4000 840 4058 selectis
863 4006 1126 4074 tempore
1151 4000 1285 4057 novi
1302 4001 1638 4057 testamenti
1663 4005 1890 4073 patrata
1910 4015 2038 4056 esse

387 4094 657 4151 constat?
687 4095 986 4161 Quomodo
1015 4093 1177 4165 item,
1220 4109 1352 4150 cum
1411 4091 1550 4149 boni
1600 4092 1790 4148 Patris
1845 4092 2034 4148 bonus

388 4183 466 4239 sit
495 4184 695 4254 Filius,
737 4182 1007 4254 idemque
1037 4181 1315 4238 bonitatis
1343 4182 1492 4248 fons,
1525 4181 1696 4252 legali
1726 4185 1782 4236 et
1829 4179 2028 4235 manui

383 4277 440 4328 et
469 4273 616 4339 voci,
651 4287 798 4342 quas
828 4274 1109 4342 apostatm
1159 4269 1410 4340 oppositi
1453 4269 1727 4340 principii
1774 4286 1925 4341 opus
1973 4273 2030 4324 et

2149 3197 2248 3248 τοῦ
2294 3199 2533 3268 προορᾷν
2579 3194 2646 3248 τὰ
2685 3192 2930 3266 ἐσόμενα,
2988 3193 3155 3250 πλέον
3207 3192 3420 3250 ε’ίλκυσε
3466 3195 3529 3250 τὸ
3587 3195 3677 3249 καὶ
3706 3194 3804 3250 τὸν

2149 3283 2624 3360 προφητευόμενον
2684 3279 2840 3353 ἰδεῖν,
2898 3282 2989 3338 καὶ
3044 3284 3107 3338 τὸ
3183 3285 3584 3357 καταξιωθῆναι
3643 3281 3805 3340 ὕδατι

2153 3372 2408 3448 βαπτίσαι
2457 3373 2548 3426 τὸν
2595 3372 2725 3446 πυρὶ
2768 3373 2859 3426 καὶ
2925 3371 3196 3445 Πνεύματι
3247 3372 3390 3448 ἁγίῳ
3435 3374 3527 3428 τὸν
3586 3371 3798 3446 κόσμον

2152 3461 2503 3536 βαπτίζοντα,
2590 3459 2682 3515 καὶ
2747 3463 2854 3516 τῶν
2949 3460 3364 3535 ἁμαρτημάτων
3444 3460 3791 3536 καθαίροντα.

2147 3555 2285 3625 Ἀρα
2318 3548 2408 3604 οὖν
2442 3552 2477 3618 ἡ
2514 3549 2676 3624 χάρις
2704 3553 2783 3620 τῷ
2820 3548 2975 3623 νόμῳ
3009 3546 3380 3629 διαμάχεται;
3431 3550 3467 3620 ἢ
3511 3549 3572 3605 ού
3603 3548 3798 3620 πολλή

2144 3639 2228 3701 τίς
2284 3638 2424 3693 ἐστιν
2485 3639 2537 3693 ἐν
2584 3639 2770 3701 αὐτοῖς
2818 3639 3100 3716 συμφωνία
3146 3640 3236 3694 καὶ
3311 3640 3610 3717 συνάφεια;
3677 3641 3805 3700 ῐΙῶς

2148 3724 2195 3783 δ’
2245 3727 2394 3803 εἷ’περ
2444 3729 2510 3799 ἦν
2561 3728 2590 3783 6
2640 3728 2892 3797 Ἰωάννης
2923 3727 3104 3798 ἄλλης
3137 3729 3338 3804 ἀρχῆς,
3371 3730 3398 3783 6
3428 3735 3527 3800 τῆς
3557 3731 3795 3807 χάριτος

2145 3816 2448 3891 νομοθέτης
2498 3821 2666 3873 ταῦτα
2712 3817 3228 3892 προσεμαρτύρησεν
3283 3815 3451 3889 αὐτῷ,
3503 3815 3536 3871 ἃ
3583 3815 3804 3892 ὀλίγοις

2145 3900 2286 3959 ἓστιν
2346 3903 2542 3978 εὑρεῖν,
2603 3902 2692 3958 καὶ
2744 3907 2912 3958 ταῦτα
2957 3908 3076 3966 τοῖς
3123 3900 3405 3964 ἐκλεκτοῖς
3459 3905 3566 3958 τῶν
3621 3900 3675 3957 ἐν
3729 3906 3802 3976 τῇ

2147 3993 2334 4068 χάριτι
2391 3992 2835 4067 κατορθούμενας
2902 3994 3026 4052 Πῶς
3084 3988 3132 4046 δ’
3189 3988 3248 4046 ἃν
3307 3987 3592 4068 ἠνέσχετο,
3659 3995 3798 4054 Παῖς

2147 4079 2221 4136 ὢν
2269 4081 2469 4158 ἀγαθὸς
2517 4081 2716 4156 ἀγαθοῦ
2765 4081 3004 4154 Πατρὸς,
3047 4081 3138 4135 καὶ
3197 4081 3354 4156 πηγὴ
3427 4079 3800 4155 ἀγαθότητος,

2142 4175 2212 4246 τῇ
2262 4176 2466 4246 νομικῇ
2514 4172 2604 4228 καὶ
2657 4169 2804 4247 χειρὶ
2850 4168 2941 4226 καί
2989 4174 3165 4250 φωνῇ,
3215 4168 3248 4224 ἃ
3279 4170 3332 4226 οἱ
3364 4168 3667 4225 ἀποστάται
3697 4175 3803 4240 τῆς

2143 4259 2516 4335 ἀντικειμένης
2561 4255 2720 4336 ἔργον
2775 4258 3028 4334 τολμῶσι
3080 4257 3257 4334 λέγειν
3305 4259 3395 4313 καὶ
3442 4259 3797 4334 πρόσταγμα,

385 4365 739 4434 praeceptum
798 4359 986 4414 dicere
1064 4358 1301 4424 audent,
1347 4357 1798 4414 immaculatum
1860 4366 2032 4430 caput

2150 4351 2242 4420 τήν
2293 4349 2564 4430 ἄχραντον
2612 4351 2781 4406 αὑτοῦ
2829 4348 3074 4429 κεφαλὴν
3129 4348 3438 4421 ὑποκλῖναι,
3493 4348 3584 4404 καὶ
3639 4349 3702 4403 τὸ
3745 4347 3799 4420 ἐξ

387 4433 560 4508 suum
579 4447 946 4516 submittere,
965 4450 1023 4502 et
1041 4445 1398 4517 baptismum
1418 4459 1518 4516 per
1537 4461 1752 4518 aquam
1776 4445 2028 4518 recipere

2150 4437 2332 4503 iSatoc
2375 4441 2671 4510 ὑποστῆναι
2709 4441 2988 4515 βάπτισμα
3031 4437 3100 4513 (ὢ
3137 4438 3394 4514 γλώσσης
3442 4439 3520 4494 ἱὸν
3566 4435 3800 4502 ἂσπίδος

389 4541 704 4604 sustineat,
736 4553 769 4593 ο
801 4534 1063 4608 linguam
1095 4549 1379 4590 venenum
1412 4533 1701 4606 serpentis
1729 4535 2034 4593 effunden-

391 4629 538 4686 tem!
573 4627 788 4699 siaqua
807 4641 923 4684 non
955 4626 1034 4682 sit
1063 4641 1097 4681 a
1125 4623 1276 4682 bono
1307 4627 1565 4681 creatore
1587 4623 1882 4698 proiecta?

459 4736 526 4790 V.
552 4736 711 4802 Quod
756 4751 890 4793 vero
924 4733 1177 4808 amplius
1229 4732 1404 4804 valet,
1437 4750 1554 4790 non
1612 4749 2028 4793 commemoro.

391 4827 454 4883 Id
486 4842 618 4884 vero
651 4825 763 4882 tale
811 4829 921 4894 est,
953 4826 1108 4899 quod
1165 4839 1338 4882 nemo
1379 4824 1506 4882 sine
1559 4822 1801 4882 horrore
1846 4824 2036 4882 dicere

393 4915 701 4987 suscipiat,
736 4913 854 4970 illis
884 4930 1040 4985 vero,
1065 4913 1125 4971 in
1168 4913 1382 4986 quibus
1442 4929 1602 4972 error
1641 4913 1738 4970 hic
1768 4913 2036 4982 exsultat,

393 5003 772 5062 conﬁciendis
796 5004 1050 5060 maxime
1101 5007 1302 5074 aptum
1360 5003 1458 5073 sit,
1489 5008 1667 5076 atque
1703 5003 1846 5061 adeo
1902 5018 2038 5060 cum

397 5094 652 5152 maximo
693 5093 886 5150 fructu
931 5096 990 5150 et
1045 5091 1241 5149 studio
1298 5109 1333 5150 a
1397 5093 1567 5150 nobis
1610 5093 2037 5166 exponendum.

2145 4529 2495 4605 προχεούσης
2539 4532 2597 4604 ι),
2630 4527 2734 4585 οὑκ
2763 4525 2914 4592 ὄντος
2943 4532 3041 4585 τοῦ
3072 4525 3266 4590 ὕδατος
3297 4533 3398 4599 τῆς
3435 4531 3533 4584 τοῦ
3564 4527 3797 4602 ’Δγαθοῦ

2148 4615 2518 4695 δημιουργίας
2541 4636 2554 4688 ;

2219 4731 2320 4806 ς’.
2352 4728 2530 4786 Ἀλλὰ
2557 4729 2660 4806 γὰρ
2689 4727 2743 4783 τί
2771 4728 2834 4783 τὸ
2865 4732 3077 4800 μεῖζον,
3108 4724 3170 4782 ού
3205 4724 3375 4802 λέγω.
3425 4727 3581 4784 Ἔστι
3629 4721 3692 4780 δὲ
3735 4724 3802 4779 τὸ

2149 4820 2282 4877 αύτὸ
2318 4824 2399 4892 τῷ
2427 4839 2486 4874 τε
2515 4817 2729 4892 λέγοντι
2763 4818 2942 4896 χωρὶς
2973 4816 3172 4897 φρίκης
3203 4816 3371 4872 εἰπεῖν
3415 4816 3797 4892 ἀπορώτατον,

2148 4911 2236 4966 καὶ
2286 4909 2404 4964 καθ’
2451 4908 2524 4962 ὧν
2575 4909 2610 4976 ἡ
2661 4904 2835 4978 πλάνη
2892 4906 3136 4986 χορεύει,
3187 4903 3553 4983 σφοδρότατόν
3609 4924 3670 4960 τε
3707 4905 3800 4960 καὶ

2146 4998 2589 5076 τμητικώτατον,
2638 4998 2728 5053 καὶ
2777 4998 2902 5055 ὅσον
2957 4997 3184 5074 ῥηθῆναι
3247 4995 3684 5074 χρειωδέστατόν
3741 5016 3803 5052 τε

2147 5092 2239 5148 καὶ
2278 5086 2739 5163 σεδασμιώτερον.
2772 5086 3090 5164 Γεγέννηται
3144 5088 3241 5163 μὶν
3290 5087 3394 5165 γὰρ
3440 5087 3469 5142 6
3515 5090 3614 5143 τοῦ
3661 5087 3806 5163 ἀγα-

399 5183 583 5242 Natus
615 5182 771 5238 enim
803 5188 890 5239 est
923 5181 1064 5239 boni
1092 5181 1281 5238 Patris
1311 5181 1502 5239 bonus
1541 5181 1723 5239 Filius
1752 5197 1822 5238 ex
1851 5180 2037 5253 Virgi-

2152 5184 2254 5238 θοῦ
2311 5180 2520 5254 Πατρὸς
2579 5178 2779 5254 ἀγαθὸς
2843 5178 2966 5240 Υἱὸς
3031 5177 3092 5234 ἐκ
3145 5179 3490 5254 παρθενικῶν
3549 5174 3806 5252 λαγόνων

398 5276 492 5333 nis
524 5283 710 5344 utero,
727 5274 788 5331 in
812 5273 1020 5330 mundi
1040 5274 1316 5344 salutem,
1340 5273 1422 5332 ita
1440 5278 1505 5331 ut
1524 5290 1758 5332 carnem
1780 5277 2037 5332 nostram

2155 5268 2245 5327 διὰ
2289 5272 2388 5342 τὴν
2440 5273 2537 5326 τοῦ
2587 5271 2800 5343 κόσμου
2848 5266 3145 5342 σωτηρίαν,
3188 5267 3280 5323 καὶ
3336 5267 3509 5342 σάρκα
3528 5266 3631 5336 τὴν
3661 5266 3807 5338 ἤμεε·

399 5365 513 5424 sibi
545 5383 613 5422 ex
662 5363 1046 5422 immaculato
1077 5363 1367 5438 sanguine
1425 5365 1722 5436 formarat,
1758 5372 1812 5421 et
1870 5363 2037 5422 homo

2152 5361 2308 5437 τέραν
2363 5359 2422 5416 ἔκ
2467 5363 2574 5416 τῶν
2621 5357 2903 5436 ἀχράντων
2955 5358 3130 5430 ἑαυτῷ
3195 5353 3498 5419 διαπλάσας
3553 5355 3805 5430 αἱμάτων

398 5460 724 5515 vocaretur.
752 5457 941 5528 Atque
961 5453 1018 5511 id
1050 5456 1286 5529 quidem
1313 5463 1539 5514 veteres
1582 5454 1900 5528 impietatis
1940 5471 2037 5528 pa-

2156 5450 2532 5528 ἐχρημάτισεν
2580 5447 2892 5528 ἄνθρωπος.
2932 5447 3042 5506 Καὶ
3091 5450 3255 5504 τοῦτο
3303 5451 3421 5510 τοῖς
3481 5445 3577 5521 μὲν
3632 5441 3810 5502 πάλαι

473 5694 522 5729 ⁸⁸
554 5692 755 5750 Matth.
788 5707 866 5764 xi,
895 5692 952 5746 7.
