4084 6210
325 408 446 469 189
1415 407 1724 470 CONTRA
1768 409 2232 473 MANICHEOS
2281 410 2513 472 LIBER
2555 413 2658 476 IV.
3469 465 3474 474 .
3620 433 3734 495 190

325 550 440 602 τῶν
471 541 682 601 ἀσεϐῶν
721 541 1101 633 παρεγράφετο
1133 544 1264 616 (90),
1306 547 1422 633 τοῖς
1465 540 1522 598 δὲ
1569 543 1768 598 ἐκεῖθεν
1820 549 1965 624 φυεῖ-

2090 545 2240 603 troni
2270 546 2610 619 refugerunt
2643 573 2657 617 ;
2690 549 2776 606 illi
2798 556 3016 625 autem,
3041 556 3142 629 qui
3175 556 3308 616 hinc
3341 560 3450 617 orti
3480 568 3640 633 sunt,
3672 569 3730 623 et

327 656 434 704 σιν,
488 635 588 690 οὐκ
636 631 744 689 οἶδ’
794 634 945 697 ὅπως
977 628 1123 712 ἔργῳ
1167 634 1266 702 τήν
1317 631 1540 707 ἄρνησιν
1576 635 1846 709 ἀγαπῶσι,
1878 642 1965 705 τῆς

2091 635 2192 707 qui
2224 637 2417 693 nescio
2441 639 2754 709 quomodo,
2788 657 2956 712 Opere
2984 628 3112 716 ipso
3146 664 3356 721 negare
3384 651 3440 706 id
3478 628 3730 724 malunt,

327 725 378 781 ἐν
427 723 617 798 λόγοις
657 729 827 798 τιμῆς
874 723 974 778 οὐκ
1021 718 1369 781 ἐκϐάλλεται.
1412 721 1511 779 Καὶ
1563 724 1668 800 γάρ
1701 723 1978 796 σεμνολο-

324 815 632 890 γουμένους
682 808 884 867 ἔνεστιν
935 811 1129 874 αὐτοὺς
1177 811 1325 884 ὁρᾷν,
1367 812 1455 873 οἷς
1498 832 1557 866 τε
1603 811 1697 874 τάς
1748 813 1973 888 εὐαγγε-

327 905 488 965 λικάς
529 903 748 980 Γραφὰς
776 907 938 975 τιμᾷν
973 899 1369 980 ἰσχυρίζονται,
1399 900 1492 955 καὶ
1540 903 1624 963 οἷς
1673 902 1764 956 τὸν
1813 902 1971 958 Ἀπό-

325 991 526 1050 στολον
554 993 644 1048 καὶ
685 992 944 1070 θεοφόρον
979 990 1192 1046 Παῦλον
1224 995 1321 1046 τοῦ
1370 990 1573 1046 οἰκείου
1620 993 1970 1067 φρονήματος

325 1082 695 1158 ὂογματιστήν
751 1083 838 1138 καὶ
891 1079 1220 1136 διδάσκαλον
1284 1077 1728 1154 καταψεύδονται.
1789 1081 1972 1156 Σάρκα

321 1173 504 1229 τοίνυν
592 1168 1006 1246 προσλαϐόντος
1093 1173 1190 1226 τοῦ
1274 1169 1477 1245 Κυρίου
1535 1172 1698 1243 ἡμῶν
1789 1171 1970 1240 Ἰησοῦ

321 1266 580 1338 Χριστοῦ·
616 1262 728 1335 (καὶ
757 1260 858 1337 γὰρ
911 1261 939 1315 6
979 1266 1082 1330 τῆς
1132 1259 1368 1334 βροντῆς
1417 1258 1772 1333 ἀνακέκραγεν
1823 1258 1967 1321 Υἱόςο

319 1352 420 1410 Καὶ
480 1353 512 1406 ὁ
579 1352 765 1428 Λόγος
822 1350 952 1423 σὰρξ
1017 1347 1251 1423 ἐγένετο,
1343 1349 1431 1402 καὶ
1518 1347 1820 1419 ἐσκήνωσεν
1917 1347 1969 1403 ἐν

315 1444 476 1515 ἡμῖν.
529 1441 638 1499 Καὶ
677 1446 775 1496 τοῦ
829 1443 1008 1512 Ἰησοῦ
1056 1443 1288 1513 Χριστοῦ
1333 1439 1433 1509 τὴν
1501 1440 1742 1513 γέννησιν
1797 1437 1967 1502 ἄλλος

316 1530 486 1586 πάλιν
548 1537 658 1586 τῶν
724 1529 1124 1608 εὐαγγελιστῶν
1174 1529 1467 1606 ἀναγράφει
1523 1528 1584 1584 ἐκ
1657 1529 1969 1602 Πνεύματος

315 1622 474 1695 ἁγίου
525 1621 822 1696 γεγονέναι,
867 1619 958 1674 καὶ
1004 1623 1178 1675 τεκεῖν
1218 1621 1318 1689 τήν
1373 1617 1660 1693 Παρθένον,
1709 1619 1799 1673 τὸν
1841 1619 1966 1674 Υἱὸν

317 1710 491 1776 αὑτῆς
537 1711 633 1764 τὸν
679 1707 1054 1784 πρωτότοκον,
1097 1708 1186 1762 καὶ
1230 1705 1454 1763 καλέσάι
1503 1708 1566 1762 τὸ
1593 1708 1770 1781 ὄνομα
1799 1707 1966 1763 αὐτοῦ

322 1801 580 1872 Ἰησοῦν’)
637 1799 666 1852 6
715 1795 772 1854 δὲ
818 1795 1036 1861 τούτοις
1083 1793 1156 1851 ὢν
1209 1797 1492 1873 ὁμόχορος
1538 1797 1629 1852 καὶ
1669 1797 1965 1852 συνθιασῶ-

2091 725 2149 780 in
2173 725 2534 782 sermonibus
2548 744 3009 790 commemorare
3032 752 3145 791 non
3171 739 3488 811 refugiunt.
3521 741 3732 800 Videas

2084 814 2241 872 enim
2297 830 2394 871 eos
2449 817 2706 888 speciose
2764 818 2942 892 loqui,
3003 827 3235 894 quando
3291 832 3348 885 et
3401 832 3734 904 evangelica

2084 904 2305 976 scripta
2342 921 2401 960 se
2441 906 2627 962 colere
2656 907 2973 976 affirmant,
3031 917 3088 968 et
3142 914 3391 972 Paulum
3448 919 3730 978 divinitus

2085 996 2278 1048 actum
2311 995 2610 1049 sententia;
2642 1013 2759 1051 suae
2809 1003 3106 1055 auctorem
3147 1008 3202 1057 et
3232 1004 3527 1063 doctorem
3560 1025 3729 1066 men-

2083 1081 2331 1137 tiuntur.
2365 1082 2509 1138 Cum
2543 1085 2740 1157 itaque
2763 1102 2993 1143 carnem
3025 1096 3416 1164 assumpserit
3447 1099 3727 1156 Dominus

2083 1175 2276 1227 noster
2302 1171 2474 1228 Jesus
2533 1174 2798 1231 Christus
2827 1192 2841 1232 :
2877 1193 3127 1249 namque
3156 1179 3252 1234 ille
3283 1183 3504 1240 tonitru
3567 1187 3724 1246 ﬁlius

2080 1263 2458 1319 exclamavit:
2492 1266 2566 1320 Et
2610 1266 2799 1321 Sermo
2855 1284 2982 1324 caro
3029 1272 3211 1339 factus
3239 1279 3311 1341 et,
3361 1282 3410 1329 et
3456 1276 3727 1334 habitavit

2080 1353 2140 1407 in
2161 1351 2317 1407 nobis
2337 1353 2433 1408 η’.
2459 1353 2528 1408 Ει
2553 1353 2584 1408 J
2592 1370 2693 1411 esu
2712 1354 2923 1411 Christi
2948 1358 3306 1416 nativitatem
3329 1360 3477 1420 alius
3508 1365 3722 1424 iterum

2080 1439 2574 1512 evangelistorum
2607 1459 2674 1497 ex
2703 1443 2920 1515 Spiritu
2974 1452 3178 1504 sancto
3227 1448 3442 1508 factam
3496 1454 3720 1524 scribit,

2078 1528 2366 1599 traditque
2395 1529 2691 1602 Virginem
2724 1533 3019 1605 peperisse
3041 1535 3246 1593 Filium
3279 1555 3454 1596 suum
3505 1543 3720 1614 primo-

2079 1623 2364 1691 genitum,
2394 1623 2450 1675 et
2481 1637 2718 1678 vocasse
2749 1639 2959 1680 nomen
3010 1625 3137 1696 ejus
3163 1627 3369 1686 Jesum
3397 1631 3466 1687 34.
3500 1631 3718 1691 Horum

2078 1723 2210 1763 vero
2223 1709 2447 1781 collega
2463 1712 2773 1783 etsodalis,
2803 1729 2918 1769 non
2942 1714 3136 1772 solum
3157 1717 3721 1792 incomprehensibi-

2077 1799 2193 1853 lem
2225 1803 2482 1871 partum,
2514 1801 2615 1857 sed
2646 1805 2702 1857 et
2733 1802 3140 1861 absconditum
3169 1823 3236 1862 ac
3266 1824 3335 1864 ex
3364 1814 3525 1881 parte
3555 1815 3720 1868 ante-

327 1868 449 1958 ττ,ς,
501 1868 572 1944 οὐ⁷
609 1887 701 1944 τὸν
733 1885 982 1958 ἄληπτον
1012 1887 1173 1942 τόκον
1209 1868 1374 1960 μόνον
1401 1868 1770 1963 ἀπαγγέλλει,
1823 1885 1965 1942 ἀλλὰ

2079 1868 2340 1958 gressum
2360 1890 2754 1960 conceptionis
2796 1893 3036 1950 modum
3067 1868 3383 1968 significat:
3422 1898 3720 1962 Quomodo

332 1977 422 2032 καὶ
469 1979 555 2032 τὸν
597 1976 913 2055 ἀπόρρητον
961 1976 1053 2032 καὶ
1107 1977 1565 2052 προηγησάμενον
1626 1974 1714 2030 ἐπὶ
1767 1977 1967 2051 μέρους

325 2069 528 2141 τρόπον
569 2068 704 2140 (91),
744 2067 862 2122 καθ’
909 2067 968 2122 ὃν
1014 2065 1383 2144 ἐκυοφορήθη,
1430 2065 1520 2120 καὶ
1578 2065 1652 2128 ὡς
1708 2065 1968 2140 τεχθέντα

318 2158 409 2212 τὸν
475 2158 601 2212 Υίὸν
660 2155 830 2226 αὑτῆς
889 2155 980 2211 τὸν
1035 2156 1384 2230 πρωτότοκον
1455 2152 1868 2232 ἐσπαργάνωσεν
1927 2156 1963 2224 ἠ

314 2246 594 2321 Παρθένος
641 2245 732 2302 καὶ
781 2243 834 2300 ἐν
876 2250 946 2319 τῇ
981 2246 1149 2322 φάτνῃ
1202 2242 1471 2300 ἀνέκλινε·
1522 2245 1609 2299 καὶ
1661 2245 1737 2308 ὡς
1768 2245 1966 2320 Σωτὴρ

312 2335 518 2411 ἐτέχθη
569 2341 652 2408 τῷ
696 2335 892 2409 κόσμῳ
930 2335 1159 2410 Χριστὸς
1207 2334 1409 2411 Κύριος
1466 2333 1518 2389 ἐν
1558 2333 1718 2390 πόλει
1776 2329 1964 2406 Δαὸὶδ,

309 2424 419 2480 τῶν
473 2422 724 2502 ἀγγέλων
769 2426 798 2481 6
843 2422 1023 2498 δῆμος
1069 2423 1365 2498 ἂνύμνησι.
1407 2425 1510 2482 Καὶ
1559 2425 1695 2500 πρός
1745 2444 1807 2500 γε
1836 2422 1966 2480 τούο

307 2534 449 2579 τοις·
489 2516 539 2588 (ὃ
580 2513 711 2577 τοὺς
741 2514 1130 2593 φαντασιαοτάς
1151 2517 1248 2569 τοῦ
1292 2514 1620 2588 μυστηρίου,
1656 2516 1756 2585 τήν
1805 2515 1966 2591 χάριν

313 2607 390 2667 εἷς
444 2605 627 2679 λῆρον
689 2605 1013 2679 ἀπάγοντας,
1071 2599 1150 2659 ἔτι
1211 2601 1428 2677 μᾶλλον
1485 2603 1823 2678 ἐπιστομίζει
1875 2603 1967 2659 καί

312 2695 700 2770 καταισχύνει,
759 2695 876 2767 μεθ’
925 2693 1018 2756 οῦς
1073 2692 1164 2747 καὶ
1223 2695 1324 2762 τήν
1385 2691 1600 2749 ἐκείνων
1659 2690 1966 2761 ἀποσπάδα,

309 2784 430 2838 καθ’
463 2785 535 2852 ἧς
567 2783 597 2837 6
629 2781 798 2859 λόγος
827 2786 1156 2856 κεκίνηταιο)
1196 2781 1423 2846 τούτους
1472 2782 1564 2839 οῦν
1619 2784 1744 2860 ὑφὲν
1793 2783 1969 2860 ἀπορ-

311 2872 569 2948 ῥαπίζων
627 2873 718 2928 καὶ
773 2876 1300 2952 καταστρεφόμενος,
1359 2872 1450 2930 καὶ
1516 2877 1614 2944 τὴν
1692 2876 1826 2930 κατὰ
1874 2875 1967 2930 τὸν

312 2963 494 3037 νόμον
527 2964 840 3039 περιτομήν
870 2971 972 3034 τῆς
1003 2965 1200 3040 σαρκὸς
1241 2965 1534 3035 ὑποστῆναι
1581 2965 1674 3020 τὸν
1714 2963 1969 3040 τεχθέντα

313 3059 563 3126 Σωτῆρα
619 3055 783 3128 ἡμῶν
835 3051 1160 3125 ἐκδιδάσκει,
1199 3053 1363 3125 ἡνίκα
1440 3054 1529 3110 καὶ
1611 3056 1709 3126 τήν
1790 3056 1968 3127 Ἰησοῦ

309 3140 699 3217 προσηγορίαν
741 3141 839 3197 κάν
885 3147 966 3216 τῷ
1015 3144 1242 3219 παρόντι
1292 3144 1442 3217 μέρει
1507 3144 1602 3206 τὰς
1672 3145 1968 3206 Μωσαϊκάς

2078 1991 2211 2031 vero
2223 1976 2436 2033 Filium
2453 1993 2621 2034 suum
2637 1981 3099 2052 promogenitum
3121 1985 3289 2056 Virgo
3315 1985 3513 2043 fasciis
3536 1987 3718 2044 invol-

2077 2065 2244 2134 verit,
2275 2070 2333 2121 et
2361 2066 2420 2122 in
2461 2068 2704 2139 presepi
2753 2071 3187 2141 reposuerits”;
3245 2077 3536 2144 quomodo
3576 2077 3714 2133 item

2076 2153 2346 2210 Servator
2373 2155 2547 2212 Jesus
2577 2155 2841 2215 Christus
2864 2160 3081 2216 mundo
3114 2167 3286 2218 natus
3313 2163 3386 2218 sit
3407 2165 3465 2219 in
3489 2165 3714 2220 civitate

2076 2241 2282 2314 David,
2342 2243 2679 2315 angelorum
2737 2250 2910 2304 turba
2965 2248 3195 2307 cecinit.
3256 2250 3534 2308 Praeterea
3587 2269 3724 2311 vero

2075 2333 2229 2389 idem
2253 2332 2337 2405 (id
2368 2335 2522 2405 quod
2546 2334 2818 2393 homines
2844 2337 3190 2410 mysterium
3211 2338 3316 2396 hoc
3341 2340 3532 2413 specie
3551 2345 3724 2398 tenus

2078 2425 2366 2491 tenentes,
2397 2427 2453 2478 et
2507 2423 2754 2495 gratiam
2811 2425 2873 2480 in
2923 2442 3108 2498 nugas
3159 2433 3585 2498 convertentes,
3621 2447 3730 2486 nec

2079 2511 2275 2568 minus
2297 2511 2531 2568 illorum
2559 2513 2832 2585 assecias,
2857 2520 3062 2573 contra
3083 2532 3230 2588 quos
3261 2517 3352 2574 his
3371 2518 3727 2592 disputatur,

2077 2599 2273 2656 adhuc
2306 2601 2492 2673 magis
2520 2605 2848 2675 compescit
2875 2609 2933 2660 et
2969 2605 3296 2680 confundit)
3333 2610 3564 2680 penitus
3593 2625 3725 2666 eos-

2078 2689 2212 2746 dem
2279 2689 2581 2747 debellans
2637 2699 2690 2747 et
2743 2692 3044 2764 dejiciens,
3127 2695 3296 2752 docet
3369 2697 3728 2755 Servatorem

2078 2779 2250 2836 nobis
2296 2784 2500 2836 natum
2545 2779 2721 2836 etiam
2779 2782 3286 2840 circumcisionem
3354 2787 3548 2844 carnis
3604 2787 3730 2862 lege

2079 2874 2429 2941 praeceptam
2462 2869 2769 2941 recepisse,
2803 2886 2871 2927 ac
2901 2877 3182 2942 praeterea
3214 2875 3510 2944 eumdem,
3553 2876 3727 2933 etiam

2078 2956 2189 3013 hac
2217 2957 2278 3013 in
2319 2963 2479 3031 parte
2537 2958 2790 3016 Mosaica
2837 2969 3124 3032 precepts
3173 2963 3535 3034 implentem,
3584 2965 3728 3022 Jesu

2077 3047 2526 3121 appellationem
2558 3049 2845 3122 recepisse
2875 3050 3197 3120 profitetur.
3225 3052 3370 3108 Cum
3401 3053 3604 3128 itaque
3635 3055 3725 3110 in-

2079 3141 2338 3196 carnatio
2369 3138 2563 3207 Verbi,
2615 3156 2719 3196 seu
2769 3139 2962 3196 carnis
2991 3143 3315 3214 assumptio
3346 3147 3402 3199 et
3449 3145 3726 3202 nativitas

311 3209 948 3306 ἐντολάς-πληροῦντα
989 3209 1440 3307 συμπαραδίδωσι
1509 3230 1777 3304 δέξασθαι.
1860 3239 1965 3304 Τῆς

2082 3233 2198 3284 tam
2247 3228 2560 3285 manifesta
2615 3229 2694 3285 sit
2723 3229 2937 3300 (hueus
2976 3246 3088 3301 que
3129 3232 3285 3286 enim
3318 3248 3500 3304 prono
3549 3250 3722 3291 cursu

308 3316 367 3375 δὲ
395 3325 505 3376 τοῦ
537 3322 726 3396 Λόγου
757 3319 1198 3394 ἒνσωματώσεως
1239 3321 1274 3392 ἢ
1326 3323 1646 3397 σαρκώσεως
1687 3323 1778 3378 καὶ
1827 3321 1965 3379 ἐναν-

2077 3335 2270 3376 sermo
2302 3335 2406 3374 nos
2431 3335 2564 3374 cum
2591 3317 2881 3390 voluptate
2912 3318 3120 3375 detulit
3141 3320 3299 3391 :jam
3329 3338 3462 3379 vero
3492 3324 3716 3396 vertigo

311 3411 664 3485 θρωπήσεως
693 3408 838 3465 οὕτω
863 3410 1328 3488 περιφανεστάτης
1361 3409 1530 3484 οὔσης
1578 3410 1748 3485 (ἀλλά
1805 3414 1965 3492 μέχρι

2077 3425 2169 3466 me
2200 3410 2318 3466 fere
2347 3411 2404 3465 et
2441 3424 2618 3482 pavor
2674 3411 2957 3477 occupat:
3009 3408 3113 3465 sed
3163 3410 3480 3468 dicendum
3527 3416 3721 3470 tamen

299 3499 522 3554 τούτων
551 3499 688 3554 κατὰ
714 3499 842 3573 ῥοῦν
871 3519 931 3554 τε
960 3501 988 3555 6
1020 3497 1190 3576 λόγος
1221 3501 1358 3574 ἡμῖν
1396 3501 1486 3556 καὶ
1518 3499 1588 3557 δι’
1635 3499 1841 3572 ἡδονῆς
1880 3503 1972 3558 καὶ

310 3587 571 3664 χαρίτων
602 3587 848 3665 ἐφέρετο,
877 3591 940 3645 τὸ
972 3586 1030 3644 δὲ
1074 3589 1316 3646 ἐντεῦθεν
1368 3589 1583 3667 ἴλιγγός
1619 3611 1678 3646 τε
1722 3592 1810 3647 καὶ
1851 3589 1974 3655 δέος

306 3676 703 3751 προσίσταται.
740 3676 892 3747 Ηλήν
923 3677 1096 3734 εἰπεῖν
1142 3679 1350 3757 ἀνάγκη
1400 3680 1491 3735 καὶ
1537 3680 1774 3758 ἀγωνίας
1821 3679 1968 3753 πλη-

311 3766 618 3839 ρούμενον,
661 3765 694 3820 ἃ
742 3765 1032 3841 παρελθεῖν
1083 3769 1111 3822 ὁ
1157 3775 1258 3838 τῆς
1322 3767 1537 3840 πλάνης
1582 3767 1814 3846 ἔλεγχος
1869 3771 1972 3826 οὐκ

309 3852 425 3926 ἐᾷ),
454 3854 711 3924 πότερον,
755 3852 799 3908 ὦ
824 3852 1050 3928 τολμῶν
1083 3853 1147 3909 σὺ
1180 3855 1246 3910 τὰ
1275 3855 1586 3929 ἀτόλμητα,
1611 3860 1771 3912 τοῦτο
1807 3855 1874 3926 δὴ
1907 3857 1968 3912 τὸ

310 3941 598 4017 Κυριακὸν
650 3946 810 4014 σῶμα
856 3949 956 4012 τῆς
1003 3941 1218 4020 φαύλης
1276 3942 1335 3998 ἃν
1387 3945 1538 4015 θείης
1579 3946 1779 4019 ἀρχῆς,
1809 3945 1845 4015 ἢ
1878 3947 1970 4002 τὸν

307 4027 478 4107 ὄγκον
529 4027 892 4106 εὖλαϐηθήσῃ
939 4037 1035 4087 τοῦ
1095 4027 1552 4107 δυσσεϐήματος;
1610 4035 1674 4089 Εἰ
1717 4035 1813 4108 μὲν
1865 4037 1968 4113 γὰρ

304 4123 399 4177 καὶ
447 4121 510 4175 σὶ
538 4120 747 4194 τρόμος
777 4118 896 4199 ἔχει
943 4122 1038 4177 καὶ
1083 4118 1254 4200 φόϐος
1301 4119 1601 4193 κατάλαϐε,
1649 4125 1970 4204 ἀφαιρήσεις

304 4211 450 4267 αὐτὸ
493 4211 716 4273 πάντως
760 4217 861 4282 τῆς
910 4218 1150 4287 πονηρᾶς
1196 4214 1286 4268 καὶ
1333 4213 1590 4276 πλάσεως
1629 4215 1719 4270 καὶ
1759 4215 1964 4295 ἀρχῆς,

306 4296 538 4372 μᾶλλον
568 4295 628 4353 δὶ
653 4306 757 4370 τῆς
785 4306 886 4370 σῆς
919 4298 1293 4378 βλάσφημίας,
1327 4303 1418 4358 καὶ
1449 4309 1652 4360 σαυτοῦ
1697 4305 1797 4371 τὴν
1829 4302 1963 4361 τόλ-

303 4409 416 4462 μαν
479 4389 691 4460 ταύνην
773 4391 1332 4446 συναποσκευάσασθαι
1388 4392 1608 4463 πολλὴν
1681 4391 1962 4466 ἐπιδείξεις

299 4479 409 4548 τήν
456 4474 729 4549 σπουδήν.
782 4479 849 4536 Εἰ
903 4475 962 4534 δὲ
1008 4478 1096 4534 καὶ
1143 4480 1281 4556 πρὸς
1328 4483 1429 4551 τήν
1477 4481 1622 4538 θείαν
1673 4483 1840 4559 ὀργὴν
1870 4483 1960 4538 καὶ

2077 3499 2316 3558 omnino
2347 3503 2456 3568 est,
2491 3498 2758 3572 quamvis
2790 3513 2904 3554 non
2952 3498 3075 3554 sine
3122 3499 3536 3571 trepidatione,
3566 3506 3716 3576 quod

2079 3589 2399 3648 confutatio
2431 3587 2868 3661 praetermittere
2919 3604 3035 3644 non
3093 3587 3277 3661 sinit),
3311 3592 3578 3664 nunquid
3633 3597 3718 3663 tu,

2075 3681 2177 3753 qui
2222 3696 2338 3737 non
2373 3679 2627 3735 audente
2674 3678 2874 3746 audes,
2920 3677 3291 3734 Dominicum
3350 3679 3459 3736 hoc
3508 3698 3720 3755 corpus

2072 3770 2146 3826 ad
2169 3768 2392 3825 malum
2417 3766 2773 3840 principium
2797 3767 3009 3824 referre
3027 3767 3237 3838 mavis,
3271 3784 3346 3824 an
3377 3769 3718 3841 gravitatem

2073 3858 2274 3930 ﬂagitii
2305 3857 2485 3928 hujus
2522 3871 2834 3928 agnoscere
2862 3855 2889 3911 ?
2920 3857 2980 3912 Si
3027 3859 3185 3913 enim
3217 3857 3424 3914 horror
3454 3864 3510 3915 te
3540 3861 3717 3933 capit,

2072 3953 2128 4006 et
2175 3948 2351 4002 timor
2403 3949 2669 4017 occupat,
2728 3945 3037 4000 subtrahes
3091 3945 3237 4001 illud
3296 3948 3525 4006 omnino
3565 3950 3719 4007 malo

2071 4036 2354 4094 conditori
2383 4038 2440 4090 et
2470 4033 2781 4106 principio,
2813 4032 2925 4101 vel,
2957 4037 3022 4088 ut
3052 4034 3265 4090 rectius
3297 4035 3526 4107 loquar,
3556 4039 3717 4094 omni

2067 4123 2258 4178 studio
2307 4120 2546 4190 efﬁcies,
2597 4129 2653 4176 ut
2706 4120 2934 4176 facinus
2981 4119 3112 4190 hoc,
3169 4121 3548 4192 blasphemia
3604 4129 3716 4180 tuae

2069 4213 2296 4280 foetum,
2329 4208 2647 4266 amoliaris.
2679 4207 2845 4274 Quod
2899 4209 2946 4266 si
3002 4225 3158 4277 vero,
3220 4226 3336 4266 non
3394 4210 3593 4268 habita
3623 4230 3717 4270 ra-

2066 4303 2224 4360 tione
2254 4301 2350 4357 irw
2399 4299 2628 4368 divinae,
2661 4297 3040 4372 neglectaque
3089 4303 3258 4355 recte
3290 4299 3530 4358 rationis
3556 4302 3718 4374 judi-

2071 4390 2182 4462 cio,
2231 4391 2346 4446 imo
2395 4389 2524 4464 ipso
2581 4404 2717 4461 erga
2751 4388 3016 4445 homines
3066 4389 3310 4462 pudore,
3363 4393 3714 4450 sententiam

2072 4484 2233 4537 tuam
2265 4479 2563 4536 mordicus
2595 4477 2744 4534 tueri
2774 4477 3146 4551 pertinaciter
3164 4479 3544 4554 constituisti,
3576 4499 3716 4554 quo-

298 4571 414 4621 τῶν
461 4564 747 4640 λογισμῶν
796 4569 896 4636 τήν
951 4568 1126 4640 κρίσιν
1169 4570 1260 4624 καὶ
1307 4572 1649 4648 κατάγνωσιν
1708 4573 1798 4627 καὶ
1854 4573 1954 4642 τὴν

2077 4571 2262 4637 modo,
2295 4585 2514 4641 quaeso,
2547 4568 2764 4625 Malum
2796 4567 2954 4624 Bono
2994 4568 3270 4640 junctum
3312 4573 3421 4636 est,
3480 4575 3538 4628 et
3567 4588 3716 4644 quo-

301 4656 383 4718 εἰς
433 4657 758 4732 ἀνθρώπους
806 4655 946 4713 αῗόὼ
993 4660 1093 4729 τήν
1144 4661 1243 4730 σὴν
1272 4659 1623 4737 ἀντανασχεῖν
1654 4660 1955 4736 ἐπωρώθης

297 4745 560 4824 γνώμην,
592 4749 736 4815 πῶς,
767 4745 906 4820 εἰπὲ,
937 4747 1000 4802 τὸ
1042 4749 1298 4824 Πονηρὸν
1329 4752 1573 4827 συνήφθη
1604 4755 1684 4822 τῷ
1715 4752 1957 4827 Ἀγαοῷ,

299 4835 397 4890 καὶ
429 4839 551 4897 πῶς
609 4833 810 4906 ὑπέστη
859 4837 887 4891 6
936 4836 1135 4914 ἀγαθὸς
1167 4839 1297 4900 Θεὸς
1329 4835 1418 4895 διὰ
1445 4844 1542 4896 τοῦ
1573 4844 1826 4913 Πονηροῦ
1855 4841 1955 4910 τὴν

301 4927 403 4979 τοῦ
455 4925 671 4998 κόσμου
730 4924 1005 5000 σωτηρίαν
1051 4929 1515 5002 καταπράζασθαι,
1584 4929 1674 4984 καὶ
1731 4930 1793 4984 τὸ
1839 4931 1958 4984 θαυ-

307 5014 656 5090 μασιώτερόν
714 5034 773 5080 (τε
817 5015 910 5070 καὶ
953 5013 1406 5095 φρικωδέστερον,
1464 5023 1544 5091 τῷ
1597 5018 1774 5094 θρόνῳ
1832 5039 1958 5072 συν-

303 5098 544 5177 ιδριάζει
592 5106 676 5175 τῷ
715 5109 1000 5179 πατρικῷ;
1051 5109 1214 5161 τοῦτο
1266 5107 1372 5182 γὰρ
1420 5107 1448 5162 6
1476 5111 1582 5162 τῶν
1623 5104 1950 5183 ἀποῤῥήτων

375 5229 446 5265 ⁸³⁸
471 5231 640 5290 Joan.
676 5246 717 5302 ι,
750 5233 836 5291 14.
912 5232 961 5270 ⁸⁴
988 5232 1192 5292 Matth.
1226 5249 1267 5304 1,
1295 5235 1386 5292 25.
1462 5234 1512 5270 ⁸⁵
1539 5237 1678 5295 Luc.
1713 5252 1774 5308 ιι,
1801 5236 1858 5291 7.

2070 4659 2243 4716 modo
2300 4659 2491 4714 bonus
2547 4662 2700 4713 Deus
2757 4657 3008 4713 salutem
3069 4657 3276 4714 mundi
3352 4675 3457 4731 per
3494 4659 3712 4717 Malum

2068 4763 2338 4820 reparare
2369 4746 2674 4814 sustinuit,
2707 4749 2782 4814 et,
2819 4746 2971 4817 quod
3006 4745 3189 4816 magis
3227 4747 3616 4806 admiratione
3645 4766 3712 4806 ac

2069 4837 2308 4893 horrore
2336 4835 2577 4908 dignum
2605 4838 2714 4905 est,
2749 4833 2810 4890 in
2839 4834 3115 4890 thronum
3148 4838 3402 4906 patrium
3433 4837 3713 4896 collocat!

2066 4927 2126 4983 id
2146 4927 2302 4984 enim
2322 4924 2800 4982 absconditarum
2831 4940 3024 4980 rerum
3056 4925 3249 4983 sciens
3279 4930 3336 4983 et
3365 4927 3565 4984 doctor
3591 4932 3714 4986 tra-

2068 5015 2171 5073 dit.
2205 5017 2318 5070 Aut
2347 5014 2520 5086 igitur
2547 5013 2655 5070 has
2685 5029 2778 5071 res
2825 5028 3026 5070 omnes
3055 5029 3266 5087 negare
3311 5019 3371 5073 te
3399 5017 3709 5090 oportebit,

2069 5107 2222 5180 quod
2243 5103 2730 5182 scilicetVerbum
2756 5119 2988 5161 carnem
3016 5105 3423 5177 assumpserit,
3455 5107 3514 5163 in
3536 5121 3710 5164 mun-

1476 5385 1722 5442 VARUE
1761 5383 2153 5443 LECTIONES
2192 5383 2282 5440 ET
2318 5383 2545 5441 NOTIE.

373 5497 486 5576 (90)
519 5495 1082 5576 H39q9é9910._3_08
1136 5500 1330 5558 innuit
1376 5518 1446 5576 ea
1493 5503 1786 5576 veteribus
1830 5503 1954 5576 he-

310 5570 1195 5644 reticos,tum'Valentinianos,
1227 5578 1355 5630 tum
1387 5574 1758 5644 Manichaeos,
1792 5574 1955 5632 alios-

2065 5502 2292 5573 theolog.
2325 5518 2375 5573 c.
2421 5501 2473 5569 1,
2520 5518 2575 5571 p.
2606 5499 2677 5573 7_7
2708 5515 2874 5573 seqq.

2131 5571 2253 5644 (91)
2276 5572 2511 5642 Τρόπον.
2543 5571 2681 5628 Vult
2709 5571 2951 5644 Photius
2979 5571 3060 5644 id,
3111 5572 3266 5644 quod
3325 5575 3562 5628 sanctus
3592 5571 3706 5628 Lu-

389 5641 631 5728 eihujus
659 5644 911 5728 generis,
942 5643 1042 5714 qui
1081 5641 1382 5728 Christum
1422 5661 1624 5728 verum
1655 5641 1951 5728 hominem
2062 5641 2250 5728 οδε-ι,
2289 5641 2386 5728 36,
2432 5648 2716 5728 memorat
2762 5645 2836 5700 de
2889 5641 3242 5728 Elisabetha,
3266 5659 3412 5728 Διιιιφ
3442 5657 3512 5728 ea
3539 5647 3704 5715 parte

340 5710 494 5789 uisse
522 5710 833 5789 negarunt.
868 5710 1020 5789 Lege
1047 5730 1169 5789 eos,
1201 5717 1261 5774 in
1293 5733 1430 5775 suae
1473 5718 1694 5776 classes
1732 5719 1950 5775 distin-
2061 5710 2266 5789 prater
2294 5710 2563 5774 naturam
2593 5714 2783 5772 filium
2815 5718 3158 5786 conceperat
3186 5710 3320 5771 ante
3349 5710 3612 5770 Mariam.

312 5783 454 5852 ctos,
493 5783 652 5858 apu'd
680 5783 1048 5859 Forbesiu'm,
1072 5783 1174 5846 lib'.
1206 5805 1249 5846 ιι
1277 5789 1628 5849 ιηεινιισιὶοη.
1666 5790 1950 5848 historico-
