4084 6210
325 313 434 373 191
1518 317 1790 379 ΡΗΟΤΙΙ
1834 317 1970 377 PA'I

2081 317 2360 380 ARCHE
2402 319 2520 380 GP.
3597 318 3713 379 192

323 451 465 506 dum
499 467 601 524 per
649 451 1006 510 nativitatem
1051 453 1108 508 in
1144 456 1306 524 partu
1342 452 1582 520 venerit,
1638 453 1955 508 humanum

2081 455 2283 526 μύστης
2332 457 2420 508 καὶ
2474 457 2833 532 μυσταγωγὸς
2882 453 3182 526 ἐδιδάξατο.
3223 457 3291 513 Ἤ
3341 460 3467 532 γοῦν
3512 454 3718 510 τούτων

322 556 510 612 genus
583 543 908 611 redemerit,
971 549 1453 615 assumptumque
1493 559 1705 614 corpus
1753 542 1965 599 throno

2081 542 2324 597 ἁπάντων
2387 543 2644 618 οῗκειώσῃ
2699 546 2799 615 τὴν
2849 543 3144 620 έξάρνησιν,
3203 545 3278 606 ὡς
3337 546 3366 602 ὁ
3423 544 3600 621 Λόγος
3657 543 3719 600 οὗ

325 631 512 700 patrio
545 632 893 698 vindicarit;
927 637 1026 688 aut
1065 632 1433 703 relinquitur,
1466 633 1515 687 si
1545 649 1610 688 ea
1640 649 1753 687 non
1786 649 1963 705 nega-

327 720 426 788 ris,
459 736 670 791 negare
699 725 754 776 te
791 722 1107 776 bonitatem
1140 720 1263 786 Dei,
1295 737 1492 791 quem,
1526 721 1652 794 ipsa
1682 721 1789 777 hac
1819 739 1960 778 con-

318 810 621 880 junctione
668 816 946 876 astructa,
1005 808 1236 865 malitias
1285 810 1618 882 suspicione
1661 828 1866 868 oneres
1907 817 1963 867 et

326 898 540 968 injuria
569 898 822 965 afficias;
857 901 1071 970 quippe
1101 898 1199 970 qui
1251 904 1308 954 et
1339 899 1645 969 malitiam,
1689 917 1822 956 cum
1855 916 1961 956 nec

322 991 449 1043 tum
483 988 728 1043 retinere
759 988 966 1058 possis,
997 989 1057 1042 in
1083 989 1298 1044 bonum
1322 990 1683 1046 converterit.
1716 990 1958 1056 Etsane,

325 1077 375 1133 si
433 1077 668 1132 omnino
727 1083 928 1132 contra
997 1077 1181 1133 Deum
1265 1094 1524 1150 pugnare
1580 1080 1960 1136 constitutum

324 1166 564 1232 habeas,
623 1165 807 1235 magis
839 1166 896 1220 in
947 1172 1213 1238 promptu
1270 1173 1396 1223 erat
1455 1169 1616 1239 prius
1646 1168 1963 1241 impietatis

325 1258 518 1324 caput,
580 1271 756 1325 quam
817 1257 1109 1326 posterius
1166 1257 1396 1328 eligere.
1457 1256 1588 1313 Fuit
1635 1259 1786 1314 enim
1821 1269 1965 1314 tem-

326 1361 457 1414 pus,
483 1361 595 1414 quo
627 1345 684 1398 in
716 1344 919 1416 ﬂagitii
953 1345 1132 1416 hujus
1165 1362 1393 1417 pmnam
1429 1364 1545 1402 non
1576 1348 1962 1418 vocabantur,

327 1433 425 1504 qui
452 1433 643 1504 priora
673 1432 774 1487 illa
797 1434 1155 1501 nesciebant,
1189 1451 1372 1505 eaque
1393 1440 1669 1507 tanquam
1702 1437 1964 1492 nondum

323 1525 678 1590 exsistentia,
710 1541 825 1579 non
887 1527 1313 1584 reverebantur.
1347 1527 1453 1591 Qui
1500 1545 1634 1584 vero
1670 1530 1765 1584 Dei
1798 1529 1968 1583 boni-

326 1617 502 1668 tatem
528 1612 589 1666 in
624 1613 845 1668 malum
894 1615 1343 1682 transtulerunt,
1375 1620 1477 1670 aut
1509 1617 1634 1682 hoc,
1686 1621 1965 1688 tanquam

325 1701 468 1758 Boni
519 1701 807 1772 particeps
864 1702 1104 1773 factum,
1159 1703 1387 1760 illustre
1444 1704 1841 1774 reddiderunt,
1873 1722 1969 1762 eos

2077 635 2434 707 σεσάρκωται,
2478 633 2540 689 οὗ
2590 633 2841 710 προῆλθε
2895 640 2973 706 τῷ
3023 636 3216 708 κόσμῳ
3275 633 3364 690 διὰ
3414 636 3723 710 γεννήσεως

2068 719 2121 776 ἐν
2171 723 2250 795 τῷ
2300 727 2466 796 τόκῳ,
2519 722 2580 778 οὐ
2631 726 2738 798 (92)
2789 723 2943 800 γένος
2973 721 3248 794 διέσωσεν,
3283 723 3346 778 οὐ
3375 724 3437 778 τὸ
3467 722 3722 798 προσλη-

2070 811 2196 886 φθέν
2251 815 2412 886 σῶμα
2466 817 2547 884 τῷ
2597 817 2843 887 πατρικῷ
2900 814 3078 888 θρόνῳ
3138 809 3618 888 ωγκαθιδρῦσατω
3679 812 3717 883 ἢ

2068 904 2238 955 ταῦτα
2286 900 2531 956 λείπεται
2575 903 2650 975 μὴ
2704 900 3104 977 έξαρνούμενον,
3163 901 3434 976 ἀρνεῖσθαί
3489 923 3548 958 τε
3606 903 3716 976 (93)

2071 990 2168 1057 τήν
2231 988 2541 1066 ἀγαθὸτητα
2621 995 2716 1046 τοῦ
2774 995 2931 1061 Θεοῦ,
2988 990 3064 1054 εἷς
3117 991 3308 1046 κακίαν
3366 994 3434 1064 τῇ
3501 995 3713 1069 συναφῇ

2069 1073 2483 1152 καθυϐρίζοντα.
2549 1080 2651 1136 Καὶ
2709 1078 2776 1150 δὴ
2835 1081 3111 1151 κάκείνην,
3173 1080 3263 1136 ὅτε
3322 1077 3462 1154 μηδὲ
3511 1079 3571 1134 τὸ
3619 1079 3713 1134 σὸν

2072 1165 2222 1244 ἔχειν
2276 1187 2360 1220 σοι
2410 1166 2815 1238 καταλείπεται,
2849 1169 2925 1231 είς
2973 1167 3282 1244 ἀγαθότητα
3328 1163 3716 1241 μεταϐάλλου-

2074 1274 2190 1310 σαν·
2249 1255 2338 1310 καὶ
2391 1257 2456 1326 ἦν
2510 1257 2568 1312 ἄν
2628 1278 2735 1323 σοι,
2797 1260 3091 1336 θεομαχεῖν
3157 1258 3370 1319 πάντως
3430 1255 3717 1331 ᾑρημένῳ,

2074 1347 2381 1422 κουφοτέρα
2439 1344 2652 1419 μᾶλλον
2700 1351 2809 1402 τῶν
2868 1346 3144 1422 προτέρων
3194 1347 3230 1417 ἢ
3287 1350 3394 1401 τῶν
3453 1343 3717 1420 δευτέρων

2077 1429 2500 1506 δυσσεϐημάτων
2547 1437 2581 1504 ἡ
2632 1435 2854 1510 α’ίρεσις.
2904 1438 3005 1492 Καὶ
3054 1436 3155 1510 γὰρ
3195 1435 3262 1505 ἦν
3311 1456 3444 1490 ποτε
3473 1440 3589 1496 τοῖς
3624 1436 3720 1507 μὶν

2076 1521 2176 1577 οὐκ
2223 1521 2394 1577 εἰδόσι
2435 1525 2502 1578 τὰ
2543 1525 2782 1600 πρότερα
2822 1521 2946 1579 οὐδὲ
2993 1521 3081 1578 διὰ
3125 1525 3187 1578 τὸ
3244 1525 3412 1597 μήπω
3471 1529 3719 1598 παρεῖναι

2075 1616 2333 1684 τιμῶσιν,
2367 1611 2490 1668 οὐδὲ
2524 1618 2651 1686 μιᾶς
2678 1614 3012 1691 έπαφιεμένη
3065 1608 3370 1674 δυσσεϐείας
3420 1610 3717 1686 εἴσπραξις.

2077 1701 2330 1776 ’Δπάγειν
2382 1700 2440 1757 δὲ
2484 1705 2582 1773 τήν
2621 1704 2721 1758 τοῦ
2767 1707 2900 1759 Θεοῦ
2947 1705 3254 1778 ἀγαθότητα
3311 1703 3445 1778 πρὸς
3503 1702 3717 1774 κακίαν,

329 1788 492 1846 nulla
521 1805 638 1846 non
668 1799 806 1846 aetas
838 1789 1157 1848 inevitabili
1203 1809 1368 1866 poena
1408 1793 1618 1866 dignos
1662 1793 1964 1865 judicavit.

2081 1791 2107 1861 ἢ
2166 1789 2367 1861 ταύτην
2420 1793 2698 1866 σεμνύνειν
2747 1798 2818 1866 τῇ
2881 1791 3138 1865 μετουσίᾳ
3199 1793 3300 1862 τῆς
3358 1787 3720 1867 ἀγαθὸτητος,

398 2069 516 2124 VII.
591 2070 736 2126 Cum
812 2087 944 2129 vero
1018 2073 1264 2130 audacia
1354 2073 1478 2130 hac
1562 2081 1620 2132 et
1699 2077 1968 2152 impietas

324 2157 580 2214 amasios
637 2175 775 2214 suos
849 2164 931 2214 tot
1005 2162 1176 2217 malis
1232 2162 1574 2233 circumdet,
1631 2164 1718 2221 illi
1775 2173 1965 2222 tamen

327 2247 471 2303 adeo
510 2245 585 2301 ab
635 2247 982 2304 errore'suo
1038 2266 1100 2305 se
1131 2267 1245 2306 non
1305 2259 1590 2321 avertunt,
1634 2258 1696 2310 ut
1751 2255 1966 2326 potius,

329 2337 494 2393 veriti
548 2337 738 2408 quasi,
798 2354 870 2394 ne
926 2339 1191 2397 satietate
1247 2345 1496 2414 quadam
1553 2344 1738 2400 Deum
1786 2361 1969 2416 Oppu-

329 2427 548 2500 gnandi
609 2428 1020 2499 corripiantur,
1085 2446 1243 2486 novae
1291 2433 1522 2488 cuidam
1579 2433 1969 2505 profanationi

326 2515 471 2572 Boni
493 2520 760 2573 naturam
781 2524 1094 2589 exponant.
1120 2523 1262 2575 Cum
1287 2522 1441 2577 enim
1460 2526 1628 2578 vetus
1647 2523 1775 2592 ejus
1799 2527 1972 2578 testa-

329 2612 621 2671 mentum,
652 2611 824 2678 atque
849 2623 969 2677 eos,
995 2608 1095 2679 qui
1128 2608 1185 2664 in
1205 2609 1408 2665 eodem
1433 2627 1544 2682 pra
1577 2613 1800 2667 caeteris
1831 2611 1972 2667 emi-

331 2703 600 2761 nuerunt,
626 2697 697 2751 ad
724 2695 861 2752 mali
883 2697 1155 2769 principii
1181 2703 1529 2770 potestatem
1572 2700 1817 2772 ejusque
1852 2699 1972 2756 cul-

327 2789 453 2840 tum
485 2784 756 2851 referant,
779 2801 912 2842 cum
937 2792 1132 2843 tamen
1164 2790 1231 2843 ad
1264 2787 1442 2844 David
1473 2794 1530 2845 et
1554 2789 1872 2858 Abraham,
1901 2805 1972 2845 ex

331 2872 548 2946 quibus
578 2872 844 2931 Christus
873 2876 1025 2946 quod
1062 2877 1130 2932 ad
1164 2893 1421 2945 carnem,
1451 2880 1713 2950 ejusdem
1749 2880 1970 2936 ordinis

331 2961 675 3030 exstiterint,
711 2963 1084 3020 manifestum
1118 2969 1207 3021 est
1226 2966 1376 3035 quod
1395 2965 1708 3022 Dominum
1742 2968 1972 3022 univer-

335 3051 527 3108 sitatis
540 3068 733 3107 rerum
751 3050 968 3124 duplici
985 3053 1202 3124 injuria
1215 3055 1503 3124 afficiunt,
1520 3055 1696 3111 semel
1713 3056 1972 3127 quidem,

335 3141 488 3214 quod
521 3157 754 3214 corpus,
787 3143 938 3214 quod
963 3145 1299 3215 assumpsit,
1333 3162 1366 3200 a
1397 3143 1549 3201 Malo
1571 3161 1698 3202 esse
1726 3149 1963 3201 conten-

333 3230 475 3285 dunt
505 3254 520 3297 ;
569 3231 777 3286 deinde
808 3248 962 3299 vero,
1007 3234 1163 3304 quod
1195 3233 1341 3290 illud
1370 3250 1483 3291 non
1515 3234 1587 3289 ab
1619 3233 1730 3290 alio
1766 3233 1976 3306 populo

333 3320 648 3389 deducunt,
677 3337 853 3392 quam
887 3338 976 3390 eo,
1000 3324 1100 3393 qui
1131 3324 1457 3380 secundum
1489 3323 1694 3394 legem,
1730 3325 1800 3378 ab
1833 3325 1978 3396 ipsis

337 3413 752 3479 contemptam,
783 3410 943 3465 vixit.
977 3405 1136 3476 Quod
1164 3412 1212 3467 si
1237 3411 1392 3466 enim
1417 3412 1643 3468 Bonum
1673 3412 1806 3467 Mali
1828 3415 1980 3468 inest

331 3511 501 3567 opus,
533 3498 846 3567 quomodo,
879 3514 1094 3567 quaso,
1131 3498 1202 3553 ab
1233 3497 1366 3553 aliis
1400 3498 1545 3554 illud
1577 3499 1776 3554 evitari
1812 3504 1976 3571 pote-

331 3583 455 3639 rit?
477 3583 786 3655 Nunquam
809 3600 943 3640 vero
960 3583 1419 3643 adinsolentiam
1443 3586 1702 3642 hominis
1724 3590 1979 3644 accessio

331 3671 458 3728 ﬁeri
489 3676 696 3743 potest,
730 3674 831 3744 qui
862 3673 1080 3745 duplici
1110 3673 1355 3730 crimine
1383 3691 1446 3732 se
1476 3675 1850 3748 obstringat?
1881 3677 1979 3733 Et-

333 3761 491 3818 enim
534 3762 824 3834 propriam
857 3767 1183 3819 creaturam
1234 3765 1306 3820 ad
1354 3770 1650 3838 peccatum
1693 3783 1979 3834 aversam,

332 3867 435 3924 per
464 3851 592 3924 ejus
623 3854 1080 3926 assumptionem
1132 3870 1378 3920 servare,
1443 3856 1714 3911 maximae
1745 3872 1900 3912 cura-
1922 3862 1979 3912 ct

328 3942 602 3999 bonitatis
633 3948 1048 4016 argumentum
1077 3950 1198 4001 est:
1237 3945 1495 4002 vicissim
1519 3946 1565 4002 si
1619 3946 1795 4003 alieni
1827 3948 1973 4019 quid

333 4031 661 4090 clanculum
677 4034 946 4108 obrepat,
963 4035 1118 4108 quod
1142 4040 1352 4091 natura
1373 4035 1536 4092 alteri
1552 4036 1952 4092 sitadversum
1967 4080 1981 4107 ,

332 4127 387 4178 et
417 4125 828 4182 contrarietate
859 4143 964 4182 sua
985 4141 1117 4182 cum
1151 4141 1218 4182 eo
1242 4129 1480 4198 pugnet,
1510 4142 1703 4182 nonne
1741 4125 1902 4182 illam
1926 4136 1984 4182 et

334 4229 484 4269 cura
515 4218 571 4269 et
602 4214 878 4270 bonitatis
899 4215 1280 4270 eminentiam
1313 4215 1370 4268 in
1401 4219 1626 4285 partem
1653 4216 1977 4285 appositam

333 4303 1068 4372 oonverterejudicandum
1093 4303 1226 4357 est?
1246 4303 1446 4372 Itaque
1469 4317 1585 4356 non
1607 4312 1693 4357 est
1715 4303 1836 4358 ulla
1854 4304 1981 4373 opi-

2078 1877 2263 1942 οὗδεὶς
2304 1879 2402 1935 οὐκ
2449 1879 2588 1936 ἔστιν
2641 1881 2773 1938 αἰὼν
2819 1883 2879 1943 ’ὸς
2928 1883 3003 1955 μὴ
3054 1886 3154 1950 τήν
3183 1880 3452 1956 τιμωρίαν
3483 1879 3719 1956 ἀπαραίο

2077 1990 2240 2041 τητον
2275 1972 2402 2033 τοὺς
2433 1969 2730 2044 έλομένους
2761 1971 2859 2027 οὐκ
2887 1972 3279 2046 εἰσπράττεται.

2149 2061 2217 2115 Z‘.
2277 2058 2639 2131 Τηλικούτοις
2697 2059 2754 2117 δὲ
2808 2067 2995 2124 κακοῖς
3041 2064 3139 2130 τῆς
3198 2060 3416 2134 τόλμης
3469 2060 3555 2115 καὶ
3618 2067 3723 2130 τῆς

2078 2144 2325 2211 ἀσεϐείας
2355 2152 2688 2226 πανταχόθεν
2719 2149 2846 2211 τοὺς
2897 2149 3123 2224 ἐραστὰς
3171 2149 3716 2225 περιποιχιζοῦσης,

2080 2239 2133 2293 οἱ
2163 2235 2220 2293 δὲ
2257 2240 2392 2314 πρὸς
2423 2245 2504 2312 τῷ
2532 2241 2606 2312 μὴ
2639 2243 2737 2309 τῆς
2768 2238 2981 2310 πλάνης
3007 2239 3304 2316 ἀναφέρειν,
3335 2237 3484 2294 ἀλλά
3520 2259 3579 2313 γε
3624 2238 3716 2292 καὶ

2079 2327 2240 2400 κόρον
2273 2325 2452 2402 ὥσπερ
2482 2333 2579 2383 τοῦ
2611 2331 2905 2404 θεομαχεῖν
2940 2324 3127 2385 λαϐεῖν
3158 2349 3276 2384 τινα
3323 2325 3577 2394 δεδιότες,
3625 2324 3722 2380 καὶ

2080 2413 2300 2491 δευτέρᾳ
2333 2412 2642 2492 βεϐηλώσει
2673 2419 2773 2487 τὴν
2800 2423 2898 2474 τοῦ
2954 2420 3186 2494 ’Δγαθοῦ
3233 2411 3723 2473 καθυποϐάλλουσι

2079 2505 2257 2584 φύσιν·
2291 2511 2398 2575 Τῆς
2430 2506 2530 2582 γὰρ
2561 2507 2726 2562 αὐτοῦ
2758 2504 3025 2578 διαθήκης
3071 2508 3172 2575 τήν
3221 2505 3579 2580 ἀρχαιοτέραν
3627 2502 3724 2558 καὶ

2077 2592 2204 2656 τοὺς
2263 2592 2314 2649 έν
2370 2596 2508 2668 αὐτῇ
2565 2595 2879 2672 διαπρεπῶς
2932 2595 3431 2669 πολιτευσαμένους
3483 2594 3560 2656 εἰς
3617 2593 3718 2662 τήν

2077 2690 2176 2754 τῆς
2222 2691 2466 2759 πονηρᾶς
2517 2683 2848 2761 ἀναρτῶντες
2899 2685 3138 2757 ἱξουσίαν
3185 2705 3242 2740 τε
3288 2684 3380 2739 καὶ
3411 2682 3718 2759 θεραπείαν,

2079 2770 2298 2849 ἐπείπερ
2337 2774 2426 2828 καὶ
2460 2770 2625 2830 Δαϐὶδ
2656 2777 2746 2830 καὶ
2778 2771 3050 2849 ’Δϐραάμ,
3085 2775 3134 2848 ἐξ
3167 2775 3241 2828 ὧν
3292 2775 3320 2828 6
3368 2772 3598 2849 Χριστὸς
3655 2771 3721 2826 τὸ

2079 2864 2216 2918 κατὰ
2246 2863 2434 2938 σάρκα,
2466 2871 2566 2932 τῆς
2597 2862 2764 2934 αὒτῆς
2803 2863 3166 2941 χοροστασίας
3221 2865 3497 2937 ὑπῆρχον,
3548 2859 3719 2930 δῆλον

2084 2952 2159 3014 ὡς
2219 2949 2392 3028 διπλῇ
2464 2948 2774 3028 βεϐηλώσει
2823 2954 2916 3009 τὸν
2973 2959 3082 3008 τῶν
3138 2951 3283 3008 δλῶν
3344 2950 3725 3021 καταστίζουσι

2086 3041 2384 3111 Δεσπότην·
2451 3047 2546 3115 μιᾷ
2597 3043 2690 3114 μὲν
2770 3042 2852 3098 δτι
2926 3047 3169 3118 πονηρᾶς
3227 3039 3634 3114 ἀποφαίνουσιν,
3695 3041 3727 3094 ὃ

2086 3131 2426 3206 προσείληφε
2468 3136 2647 3204 σῶμα,
2704 3130 3083 3207 δημιουργίας·
3135 3128 3357 3204 δευτέρᾳ
3405 3127 3483 3197 δὲ,
3528 3129 3611 3184 δτι
3647 3129 3729 3201 μὴ

2086 3220 2136 3291 ἐξ
2170 3220 2345 3280 ἄλλου
2374 3221 2578 3297 γένους,
2610 3219 2739 3276 ἀλλ’
2770 3223 2856 3284 οἷς
2899 3222 2927 3275 ὁ
2963 3220 3078 3296 βίος
3107 3223 3142 3290 ἡ
3173 3221 3299 3294 παρ’
3352 3220 3532 3274 αὐτῶν
3580 3238 3731 3292 προ-

2085 3311 2500 3385 πηλακιζομένη
2559 3313 2694 3366 κατὰ
2757 3312 2931 3384 νόμου
3007 3311 3250 3386 λατρεία.
3347 3310 3606 3386 Καίτοιγε
3682 3307 3734 3363 εἰ

2087 3401 2275 3462 κακίας
2307 3394 2465 3474 ἔργον
2492 3399 2571 3473 τῷ
2604 3401 2835 3475 ’Δγαθῷ,
2866 3404 2986 3462 πῶς
3018 3400 3078 3454 ἂν
3118 3398 3204 3469 εἴη
3236 3402 3396 3454 τοῦτο
3426 3397 3734 3472 ἀπαραίτη-

2086 3511 2177 3545 τον
2212 3487 2582 3565 προσλαϐεῖν;
2612 3493 2698 3554 τίς
2740 3490 2968 3554 ἀτοπίας
3017 3487 3400 3546 καταλείπεται
3445 3483 3729 3562 ὑπερϐολὴ

2085 3584 2167 3652 τῷ
2211 3580 2301 3635 καὶ
2348 3577 2570 3643 διπλαῖς
2617 3579 2930 3656 ένεχομένῳ
2979 3579 3213 3648 αἷτίαιςς
3271 3579 3341 3634 Τὸ
3401 3579 3497 3651 μέν
3528 3578 3631 3651 γὰρ
3664 3578 3729 3632 τὸ

2089 3670 2288 3726 οἰκεῖον
2336 3671 2584 3745 πλάσμα,
2635 3673 2771 3748 πρὸς
2822 3671 3086 3748 ἁμαρτίαν
3141 3668 3436 3747 ἀπορρυὲν,
3497 3666 3584 3723 διὰ
3628 3674 3734 3737 τῆς

2087 3759 2454 3836 προσλήψεως
2511 3762 2908 3833 ἀνασώσασθαι,
2961 3767 3059 3830 τῆς
3117 3757 3283 3835 ἄκρας
3340 3759 3409 3828 ἦν
3466 3757 3735 3833 προνοίας

2087 3851 2176 3905 καὶ
2224 3851 2584 3926 ἀγαθότητος.
2635 3854 2712 3908 Τὸ
2761 3849 2818 3906 δὲ
2856 3853 2918 3907 τὸ
2975 3849 3268 3924 ἀλλότριον
3328 3845 3576 3904 ὑπελθεῖν
3638 3846 3737 3900 καὶ

2087 3943 2254 3995 ταῦτα
2293 3940 2446 4018 φύσει
2493 3941 2583 3995 καὶ
2629 3938 2848 4019 διχόθεν
2892 3939 3345 4012 ἀντανιστάμενον
3392 3937 3528 4013 πρὸς
3557 3933 3737 3990 ἀλλο-

2088 4028 2370 4103 τριότητα,
2402 4033 2520 4091 πῶς
2551 4028 2678 4103 οὐχὶ
2706 4029 2796 4084 καὶ
2821 4035 2919 4099 τῆς
2959 4028 3218 4106 προνοίας
3256 4025 3346 4081 καὶ
3385 4029 3484 4090 τῆς
3535 4022 3740 4100 ἀγαθό-

2089 4139 2255 4188 τητος
2303 4120 2404 4175 οὐκ
2447 4119 2522 4181 εἷς
2565 4119 2626 4173 τὸ
2705 4117 2941 4174 ἐναντίον
2997 4117 3305 4192 περιτρέπει
3359 4115 3422 4169 τὸ
3481 4113 3733 4186 ἀξίωμα;

2091 4207 2281 4270 Οὕτως
2323 4207 2421 4263 οὐκ
2449 4205 2590 4264 ἔστιν
2623 4206 2792 4275 ὅλως,
2825 4208 2925 4262 οὐκ
2964 4205 3106 4263 ἔστιν
3141 4203 3263 4262 οὔτε
3304 4209 3413 4260 τῶν
3461 4204 3523 4259 τὸ
3571 4205 3739 4274 σῶμα

2089 4293 2379 4370 λεγόντων,
2428 4298 2551 4354 οὔτε
2595 4299 2695 4368 τήν
2737 4298 3036 4366 Μωσαϊκὴν
3069 4296 3389 4369 νομοθεσίαν
3417 4296 3514 4348 τοῦ
3545 4297 3741 4361 Πονη-

335 4392 430 4448 nio
457 4389 543 4446 vel
576 4391 784 4446 insana
815 4389 1024 4460 magis,
1056 4390 1142 4444 vel
1169 4390 1420 4460 impura,
1454 4389 1540 4444 vel
1572 4389 1768 4461 impia,
1803 4408 1970 4462 quam

2093 4391 2209 4460 ροῦ,
2244 4383 2353 4442 οὔτ’
2387 4386 2782 4463 ἐμμανέστερον
2813 4385 2991 4458 οὐδὲν,
3022 4383 3148 4441 ἀλλ’
3201 4383 3322 4440 οὔτε
3369 4382 3739 4458 μιαρῶτερον,

2127 4472 2380 4487 ....-.
2620 4475 2749 4487 ﬂ...
3010 4472 3052 4487 κ.
3153 4475 3168 4487 .
3253 4475 3266 4487 .
3380 4474 3391 4487 ,
3629 4469 3699 4487 ς,

335 4495 557 4545 eorum,
591 4479 693 4550 qui
722 4477 810 4532 vel
843 4493 1052 4546 corpus
1081 4475 1165 4532 vel
1196 4476 1380 4549 legem
1425 4477 1730 4533 Mosaicam
1763 4496 1796 4535 a
1825 4479 1970 4536 Male

2090 4472 2202 4530 οὔτ’
2253 4475 2567 4550 ἀθεώτερον.
2620 4475 2844 4539 Ἄλλως
2901 4498 2958 4532 τε
3007 4472 3086 4543 δὲ,
3127 4475 3170 4530 εἰ
3210 4475 3276 4529 τά
3326 4474 3554 4546 σώματα
3583 4469 3734 4526 πλᾶ-

337 4573 625 4639 repetunt.
659 4570 873 4622 Praeter
903 4565 1046 4635 hac,
1078 4565 1129 4621 si
1180 4581 1418 4637 corpora
1465 4583 1500 4622 a
1528 4566 1792 4624 Creatore
1825 4568 1970 4625 male

2089 4566 2224 4630 σεώς
2267 4564 2407 4620 ἐστιν
2460 4565 2721 4636 ἐναντίας,
2774 4565 2899 4622 ἀλλ’
2948 4563 3079 4640 οὐχί
3125 4564 3335 4638 Πατρὸς
3364 4562 3453 4617 καὶ
3484 4562 3612 4615 Υἱοῦ
3641 4560 3738 4615 καὶ

334 4662 494 4720 sunt,
529 4673 641 4713 non
678 4671 804 4713 vero
835 4672 868 4712 a
897 4655 1062 4712 Patre
1101 4660 1157 4711 et
1213 4655 1358 4712 Filio
1388 4659 1444 4713 et
1499 4657 1717 4727 Spiritu
1746 4662 1970 4728 sancto,

2085 4655 2242 4731 ἁγίου
2293 4654 2626 4729 Πνεῦματος,
2675 4662 2774 4725 τῆς
2827 4661 2954 4728 μιᾶς
3002 4653 3260 4725 θεότητος
3317 4651 3410 4708 καὶ
3465 4649 3737 4721 ἐξουσίας,

334 4763 448 4802 una
479 4747 776 4804 divinitate
805 4750 864 4804 et
903 4746 1184 4820 potentia,
1215 4748 1505 4819 quomodo
1553 4748 1623 4803 ab
1677 4748 1884 4805 alienis
1915 4753 1970 4804 et

2081 4749 2198 4806 πῶς
2228 4749 2335 4800 τῶν
2367 4743 2681 4819 ἀλλοτρίων
2712 4745 2800 4799 καὶ
2834 4741 3057 4822 φαύλων
3101 4744 3394 4816 σωμάτων,
3446 4739 3529 4795 ὅτι
3583 4740 3736 4794 Φαύ-

312 4825 504 4892 ’ωειὶε
535 4837 895 4908 corporibus,
921 4854 1046 4910 quin
1072 4854 1213 4894 sane
1253 4836 1390 4894 Mali
1417 4843 1555 4894 sunt
1584 4854 1780 4910 opera,
1813 4855 1970 4895 mor-

2083 4831 2183 4889 λου
2226 4835 2534 4906 ποιήματα,
2587 4835 2682 4896 τὰς
2733 4835 2926 4897 νόσους
2968 4831 3207 4888 έλαύνων
3261 4832 3289 4886 ὁ
3345 4829 3544 4905 ἀγαθὸς
3603 4829 3740 4891 Θεὸς

333 4927 440 4984 bos
469 4925 742 5000 propellit
771 4927 927 4984 Deus
958 4929 1237 5002 optimus,
1269 4934 1325 4985 et
1355 4929 1680 4986 mirabilem
1703 4929 1776 4985 iis
1808 4929 1970 4985 affert

2081 4923 2173 4984 τὰς
2207 4920 2546 4993 παραδόξους
2566 4923 2850 5000 ἀντεισῆγε
2879 4921 3164 4997 θεραπείας
3190 4942 3204 4990 ;
3229 4918 3398 4979 Οὐδὲν
3426 4919 3532 4995 γὰρ
3566 4921 3737 4973 τοῦτο

333 5015 684 5074 medicinam
705 5017 734 5074 Ὺ
764 5018 880 5074 Hoc
910 5019 1067 5074 enim
1095 5018 1243 5073 nihil
1275 5018 1420 5074 foret
1449 5017 1633 5090 aliud,
1665 5034 1844 5090 quam
1877 5034 1968 5074 or-

2081 5009 2211 5067 ἀλλ⁹
2237 5010 2273 5080 ἢ
2312 5017 2621 5086 συγκροτεῖν
2670 5012 2732 5067 τὸ
2777 5006 2954 5087 ἔργον,
3013 5011 3074 5066 οὐ
3109 5010 3361 5066 καθελεῖν
3414 5006 3740 5082 παρεγένετυ

328 5124 469 5164 nare
491 5124 658 5181 opus,
677 5109 748 5165 ad
769 5108 937 5180 cujus
963 5111 1310 5181 potestatem
1344 5109 1764 5165 destruendam
1798 5124 1968 5164 vene-

2081 5103 2177 5172 τήν
2205 5098 2512 5176 τυραννίδα,
2544 5101 2634 5156 καὶ
2668 5098 2843 5173 αὔξειν
2875 5101 2938 5156 τὸ
2965 5101 3166 5175 κράτος
3193 5103 3292 5155 τοῦ
3319 5100 3420 5168 τὴν
3450 5097 3502 5169 ἕξ
3552 5099 3740 5174 ἀρχῆς

329 5200 442 5264 rat,
474 5204 646 5270 atque
676 5198 817 5254 adeo
870 5213 1080 5270 augere
1129 5196 1282 5253 vires
1338 5198 1484 5269 ejus,
1537 5199 1637 5271 qui
1681 5198 1754 5254 ab
1801 5196 1970 5254 initio

2081 5192 2412 5247 ἀποστασίαν
2455 5189 2894 5268 ἐπανῃρημένου.
2946 5190 3019 5247 Οὐ
3070 5191 3180 5263 μὴν
3225 5187 3384 5256 ἀλλά,
3426 5189 3518 5244 καὶ
3572 5186 3617 5242 εί
3668 5187 3742 5244 τὰ

329 5287 710 5345 defectionem
742 5289 1164 5359 procuraverat.
1202 5285 1322 5342 Imo
1353 5287 1400 5344 si
1433 5287 1627 5359 fruges
1658 5290 1822 5344 terra:
1855 5302 1968 5342 non

2083 5280 2450 5359 βλαστήματα
2505 5287 2605 5351 τῆς
2659 5287 2790 5358 γῆς,
2851 5280 2916 5336 οὐ
2974 5286 3074 5349 τῆς
3119 5279 3466 5356 ἀγαθότητος
3524 5276 3739 5353 ὰσχῆς,

1440 5503 1448 5508 .
1498 5446 1740 5505 νΑΗυΕ
1777 5446 2167 5505 LEGTIONES
2197 5447 2293 5504 ET
2348 5446 2554 5503 NOTAE

403 5595 516 5667 (92)
548 5593 642 5652 οὐ.
676 5593 1029 5667 Particulam
1063 5593 1234 5667 hanc,
1267 5592 1326 5650 in
1360 5609 1467 5650 ms.
1497 5591 1906 5662 desideratam,
1931 5609 2144 5650 sensus
2165 5592 2372 5649 addere
2402 5609 2495 5649 me
2525 5591 2731 5660 coegit.

397 5665 507 5740 (93)
533 5668 613 5724 Τε.
640 5667 835 5724 Malim
864 5665 1049 5735 legere
1065 5665 1141 5720 σὲ.
