  <div class='ocr_page' id='page_1' title='image "/cluster/home/n/w/nwhite01/storage/ocr_20150623/102/hvd.32044073502155/114.png"; bbox 0 0 4084 6210; ppageno 0'>
   <div class='ocr_carea' id='block_1_1' title="bbox 307 367 3689 450">
    <p class='ocr_par' dir='ltr' id='par_1_1' title="bbox 307 367 3689 450">
     <span class='ocr_line' id='line_1_1' title="bbox 307 367 3689 450; baseline -0.003 -8"><span class='ocrx_word' id='word_1_1' title='bbox 307 382 419 442; x_wconf 70' lang='lat'><strong>193</strong></span> <span class='ocrx_word' id='word_1_2' title='bbox 668 373 690 388; x_wconf 90' lang='lat'><strong>&#39;</strong></span> <span class='ocrx_word' id='word_1_3' title='bbox 1365 369 1690 432; x_wconf 81' lang='lat' dir='ltr'><strong>CONTRA</strong></span> <span class='ocrx_word' id='word_1_4' title='bbox 1731 367 2198 430; x_wconf 65' lang='lat' dir='ltr'><strong>MANICHEOS</strong></span> <span class='ocrx_word' id='word_1_5' title='bbox 2241 371 2474 432; x_wconf 82' lang='lat' dir='ltr'><strong>LIBER</strong></span> <span class='ocrx_word' id='word_1_6' title='bbox 2517 374 2617 435; x_wconf 89' lang='lat' dir='ltr'><strong>1v.</strong></span> <span class='ocrx_word' id='word_1_7' title='bbox 3573 389 3689 450; x_wconf 54' lang='grc' dir='ltr'>ωδ</span> 
     </span>
    </p>
   </div>
   <div class='ocr_carea' id='block_1_2' title="bbox 304 501 1990 590">
    <p class='ocr_par' dir='ltr' id='par_1_2' title="bbox 304 501 1990 590">
     <span class='ocr_line' id='line_1_2' title="bbox 304 501 1990 590; baseline -0.009 -19"><span class='ocrx_word' id='word_1_8' title='bbox 304 520 415 576; x_wconf 75' lang='grc' dir='ltr'><strong>πῶς</strong></span> <span class='ocrx_word' id='word_1_9' title='bbox 471 509 600 573; x_wconf 72' lang='grc' dir='ltr'>τοὺς</span> <span class='ocrx_word' id='word_1_10' title='bbox 649 509 867 584; x_wconf 81' lang='grc' dir='ltr'>ἄρτους,</span> <span class='ocrx_word' id='word_1_11' title='bbox 897 505 932 562; x_wconf 68' lang='grc' dir='ltr'>ἅ</span> <span class='ocrx_word' id='word_1_12' title='bbox 979 502 1038 561; x_wconf 78' lang='grc' dir='ltr'>ἐκ</span> <span class='ocrx_word' id='word_1_13' title='bbox 1077 502 1185 560; x_wconf 77' lang='grc' dir='ltr'><strong>τῶν</strong></span> <span class='ocrx_word' id='word_1_14' title='bbox 1233 501 1541 579; x_wconf 79' lang='grc' dir='ltr'>ἀλλοτρίων</span> <span class='ocrx_word' id='word_1_15' title='bbox 1611 502 1936 590; x_wconf 82' lang='grc' dir='ltr'>σπερμάτων</span> <span class='ocrx_word' id='word_1_16' title='bbox 1973 510 1990 572; x_wconf 61' lang='grc' dir='ltr'><em>Α</em></span> 
     </span>
    </p>
   </div>
   <div class='ocr_carea' id='block_1_3' title="bbox 2098 501 3692 590">
    <p class='ocr_par' dir='ltr' id='par_1_3' title="bbox 2129 502 3692 590">
     <span class='ocr_line' id='line_1_3' title="bbox 2129 502 3692 590; baseline 0.013 -32"><span class='ocrx_word' id='word_1_17' title='bbox 2129 502 2279 560; x_wconf 89' lang='lat' dir='ltr'><strong>bono</strong></span> <span class='ocrx_word' id='word_1_18' title='bbox 2317 510 2454 562; x_wconf 86' lang='lat' dir='ltr'><strong>sunt</strong></span> <span class='ocrx_word' id='word_1_19' title='bbox 2485 509 2791 580; x_wconf 90' lang='lat' dir='ltr'><strong>principio,</strong></span> <span class='ocrx_word' id='word_1_20' title='bbox 2815 516 3108 585; x_wconf 90' lang='lat' dir='ltr'><strong>quomodo</strong></span> <span class='ocrx_word' id='word_1_21' title='bbox 3147 533 3348 590; x_wconf 90' lang='lat' dir='ltr'><strong>panes,</strong></span> <span class='ocrx_word' id='word_1_22' title='bbox 3379 536 3448 575; x_wconf 83' lang='lat' dir='ltr'><strong>ex</strong></span> <span class='ocrx_word' id='word_1_23' title='bbox 3485 519 3692 579; x_wconf 86' lang='lat' dir='ltr'><strong>alienis</strong></span> 
     </span>
    </p>
   </div>
   <div class='ocr_carea' id='block_1_4' title="bbox 308 589 1990 682">
    <p class='ocr_par' dir='ltr' id='par_1_4' title="bbox 308 589 1948 682">
     <span class='ocr_line' id='line_1_4' title="bbox 308 589 1948 682; baseline 0.003 -27"><span class='ocrx_word' id='word_1_24' title='bbox 308 599 580 674; x_wconf 70' lang='grc' dir='ltr'>ἐζυμώθη,</span> <span class='ocrx_word' id='word_1_25' title='bbox 613 595 769 658; x_wconf 76' lang='grc' dir='ltr'>αὐτός</span> <span class='ocrx_word' id='word_1_26' title='bbox 800 616 859 651; x_wconf 83' lang='grc' dir='ltr'><strong>τε</strong></span> <span class='ocrx_word' id='word_1_27' title='bbox 898 594 965 682; x_wconf 79' lang='grc' dir='ltr'><strong>(ὦ</strong></span> <span class='ocrx_word' id='word_1_28' title='bbox 1015 591 1232 682; x_wconf 63' lang='grc' dir='ltr'>βαβείας</span> <span class='ocrx_word' id='word_1_29' title='bbox 1267 591 1438 682; x_wconf 77' lang='grc' dir='ltr'>μέθης</span> <span class='ocrx_word' id='word_1_30' title='bbox 1462 593 1500 666; x_wconf 78' lang='grc' dir='ltr'>Ῐ)</span> <span class='ocrx_word' id='word_1_31' title='bbox 1559 589 1948 666; x_wconf 73' lang='grc' dir='ltr'>προσεφέρετο,</span> 
     </span>
    </p>
   </div>
   <div class='ocr_carea' id='block_1_5' title="bbox 2098 589 3690 682">
    <p class='ocr_par' dir='ltr' id='par_1_5' title="bbox 2098 589 3690 682">
     <span class='ocr_line' id='line_1_5' title="bbox 2098 589 3690 682; baseline 0.012 -34"><span class='ocrx_word' id='word_1_32' title='bbox 2098 595 2380 651; x_wconf 72' lang='lat' dir='ltr'><strong>eminibus</strong></span> <span class='ocrx_word' id='word_1_33' title='bbox 2420 597 2818 672; x_wconf 85' lang='lat' dir='ltr'><strong>fermentatos,</strong></span> <span class='ocrx_word' id='word_1_34' title='bbox 2850 603 2995 674; x_wconf 89' lang='lat' dir='ltr'><strong>ipse,</strong></span> <span class='ocrx_word' id='word_1_35' title='bbox 3028 622 3060 660; x_wconf 93' lang='grc' dir='ltr'><strong>ο</strong></span> <span class='ocrx_word' id='word_1_36' title='bbox 3105 589 3458 678; x_wconf 84' lang='lat' dir='ltr'><strong>profundum</strong></span> <span class='ocrx_word' id='word_1_37' title='bbox 3492 613 3690 682; x_wconf 89' lang='lat' dir='ltr'><strong>stupo-</strong></span> 
     </span>
    </p>
   </div>
   <div class='ocr_carea' id='block_1_6' title="bbox 310 677 1990 764">
    <p class='ocr_par' dir='ltr' id='par_1_6' title="bbox 310 677 1953 764">
     <span class='ocr_line' id='line_1_6' title="bbox 310 677 1953 764; baseline -0.013 -17"><span class='ocrx_word' id='word_1_38' title='bbox 310 691 593 764; x_wconf 75' lang='grc' dir='ltr'>δυνάμενος</span> <span class='ocrx_word' id='word_1_39' title='bbox 626 684 866 762; x_wconf 86' lang='grc' dir='ltr'>μάλιστα</span> <span class='ocrx_word' id='word_1_40' title='bbox 893 681 954 738; x_wconf 83' lang='grc' dir='ltr'>ἐκ</span> <span class='ocrx_word' id='word_1_41' title='bbox 986 685 1062 757; x_wconf 82' lang='grc' dir='ltr'>μή</span> <span class='ocrx_word' id='word_1_42' title='bbox 1097 677 1264 736; x_wconf 73' lang='grc' dir='ltr'>ὄντων</span> <span class='ocrx_word' id='word_1_43' title='bbox 1296 681 1472 752; x_wconf 75' lang='grc' dir='ltr'>ἑαυτῷ</span> <span class='ocrx_word' id='word_1_44' title='bbox 1518 681 1726 758; x_wconf 73' lang='grc' dir='ltr'>τροφὴν</span> <span class='ocrx_word' id='word_1_45' title='bbox 1768 699 1953 756; x_wconf 69' lang='grc' dir='ltr'>παρα-</span> 
     </span>
    </p>
   </div>
   <div class='ocr_carea' id='block_1_7' title="bbox 2098 677 3689 764">
    <p class='ocr_par' dir='ltr' id='par_1_7' title="bbox 2098 677 3689 763">
     <span class='ocr_line' id='line_1_7' title="bbox 2098 677 3689 763; baseline 0.011 -23"><span class='ocrx_word' id='word_1_46' title='bbox 2098 684 2210 740; x_wconf 75' lang='lat' dir='ltr'><strong>aml</strong></span> <span class='ocrx_word' id='word_1_47' title='bbox 2243 685 2470 754; x_wconf 77' lang='lat' dir='ltr'><strong>obtulit,</strong></span> <span class='ocrx_word' id='word_1_48' title='bbox 2505 688 2598 759; x_wconf 88' lang='lat' dir='ltr'><strong>qui</strong></span> <span class='ocrx_word' id='word_1_49' title='bbox 2627 689 2738 744; x_wconf 89' lang='lat' dir='ltr'><strong>sibi</strong></span> <span class='ocrx_word' id='word_1_50' title='bbox 2771 692 2884 763; x_wconf 83' lang='lat' dir='ltr'><strong>ipsi</strong></span> <span class='ocrx_word' id='word_1_51' title='bbox 2913 710 2981 750; x_wconf 85' lang='lat' dir='ltr'><strong>ex</strong></span> <span class='ocrx_word' id='word_1_52' title='bbox 3011 677 3183 752; x_wconf 87' lang='lat' dir='ltr'><strong>rebus</strong></span> <span class='ocrx_word' id='word_1_53' title='bbox 3209 714 3322 754; x_wconf 89' lang='lat' dir='ltr'><strong>non</strong></span> <span class='ocrx_word' id='word_1_54' title='bbox 3356 677 3689 758; x_wconf 72' lang='lat' dir='ltr'><strong>exsistedti-</strong></span> 
     </span>
    </p>
   </div>
   <div class='ocr_carea' id='block_1_8' title="bbox 313 766 1990 850">
    <p class='ocr_par' dir='ltr' id='par_1_8' title="bbox 313 766 1948 850">
     <span class='ocr_line' id='line_1_8' title="bbox 313 766 1948 850; baseline -0.009 -13"><span class='ocrx_word' id='word_1_55' title='bbox 313 783 596 850; x_wconf 76' lang='grc' dir='ltr'>σκευάσαις</span> <span class='ocrx_word' id='word_1_56' title='bbox 654 778 710 833; x_wconf 91' lang='grc' dir='ltr'>Ὁ</span> <span class='ocrx_word' id='word_1_57' title='bbox 760 774 818 831; x_wconf 70' lang='grc' dir='ltr'><strong>δὲ</strong></span> <span class='ocrx_word' id='word_1_58' title='bbox 864 772 954 829; x_wconf 83' lang='grc' dir='ltr'><strong>καὶ</strong></span> <span class='ocrx_word' id='word_1_59' title='bbox 999 772 1229 834; x_wconf 79' lang='grc' dir='ltr'><strong>τούτους</strong></span> <span class='ocrx_word' id='word_1_60' title='bbox 1277 769 1568 841; x_wconf 79' lang='grc' dir='ltr'><strong>πληθύνων</strong></span> <span class='ocrx_word' id='word_1_61' title='bbox 1611 766 1802 847; x_wconf 69' lang='grc' dir='ltr'>ἔτρεφε</span> <span class='ocrx_word' id='word_1_62' title='bbox 1846 792 1948 849; x_wconf 88' lang='grc' dir='ltr'>χι-</span> 
     </span>
    </p>
   </div>
   <div class='ocr_carea' id='block_1_9' title="bbox 2098 766 3692 850">
    <p class='ocr_par' dir='ltr' id='par_1_9' title="bbox 2101 776 3692 850">
     <span class='ocr_line' id='line_1_9' title="bbox 2101 776 3692 850; baseline 0.011 -21"><span class='ocrx_word' id='word_1_63' title='bbox 2101 791 2166 830; x_wconf 91' lang='lat' dir='ltr'><strong>us</strong></span> <span class='ocrx_word' id='word_1_64' title='bbox 2186 776 2378 832; x_wconf 86' lang='lat' dir='ltr'><strong>cibum</strong></span> <span class='ocrx_word' id='word_1_65' title='bbox 2423 793 2617 847; x_wconf 86' lang='lat' dir='ltr'><strong>parare</strong></span> <span class='ocrx_word' id='word_1_66' title='bbox 2657 783 2917 850; x_wconf 77' lang='lat' dir='ltr'><strong>poterat?</strong></span> <span class='ocrx_word' id='word_1_67' title='bbox 2963 785 3084 841; x_wconf 93' lang='lat' dir='ltr'><strong>Imo</strong></span> <span class='ocrx_word' id='word_1_68' title='bbox 3115 804 3250 844; x_wconf 90' lang='lat' dir='ltr'><strong>vero</strong></span> <span class='ocrx_word' id='word_1_69' title='bbox 3285 789 3438 845; x_wconf 89' lang='lat' dir='ltr'><strong>idem</strong></span> <span class='ocrx_word' id='word_1_70' title='bbox 3471 789 3566 845; x_wconf 90' lang='lat' dir='ltr'><strong>ille</strong></span> <span class='ocrx_word' id='word_1_71' title='bbox 3594 806 3692 846; x_wconf 91' lang='lat' dir='ltr'><strong>eos</strong></span> 
     </span>
    </p>
   </div>
   <div class='ocr_carea' id='block_1_10' title="bbox 313 859 1990 947">
    <p class='ocr_par' dir='ltr' id='par_1_10' title="bbox 313 859 1950 940">
     <span class='ocr_line' id='line_1_10' title="bbox 313 859 1950 940; baseline -0.01 -12"><span class='ocrx_word' id='word_1_72' title='bbox 313 869 525 940; x_wconf 82' lang='grc' dir='ltr'>λιάδας,</span> <span class='ocrx_word' id='word_1_73' title='bbox 582 864 718 937; x_wconf 79' lang='grc' dir='ltr'>ὕλην</span> <span class='ocrx_word' id='word_1_74' title='bbox 776 869 876 934; x_wconf 84' lang='grc' dir='ltr'><strong>τῆς</strong></span> <span class='ocrx_word' id='word_1_75' title='bbox 935 859 1369 937; x_wconf 86' lang='grc' dir='ltr'>θαυματουργίας</span> <span class='ocrx_word' id='word_1_76' title='bbox 1425 861 1524 928; x_wconf 76' lang='grc' dir='ltr'><strong>τήν</strong></span> <span class='ocrx_word' id='word_1_77' title='bbox 1574 859 1671 915; x_wconf 76' lang='grc' dir='ltr'><strong>τοῦ</strong></span> <span class='ocrx_word' id='word_1_78' title='bbox 1698 864 1950 934; x_wconf 84' lang='grc' dir='ltr'>Πονηροῦ</span> 
     </span>
    </p>
   </div>
   <div class='ocr_carea' id='block_1_11' title="bbox 2098 859 3696 947">
    <p class='ocr_par' dir='ltr' id='par_1_11' title="bbox 2098 863 3696 947">
     <span class='ocr_line' id='line_1_11' title="bbox 2098 863 3696 947; baseline 0.011 -29"><span class='ocrx_word' id='word_1_79' title='bbox 2098 863 2476 936; x_wconf 79' lang='lat' dir='ltr'><strong>Jultiplicans,</strong></span> <span class='ocrx_word' id='word_1_80' title='bbox 2510 865 2734 939; x_wconf 85' lang='lat' dir='ltr'><strong>aliquot</strong></span> <span class='ocrx_word' id='word_1_81' title='bbox 2757 869 2960 934; x_wconf 84' lang='lat' dir='ltr'><strong>millia,</strong></span> <span class='ocrx_word' id='word_1_82' title='bbox 2990 881 3293 947; x_wconf 88' lang='lat' dir='ltr'><strong>assumpta</strong></span> <span class='ocrx_word' id='word_1_83' title='bbox 3334 878 3394 932; x_wconf 91' lang='lat' dir='ltr'><strong>in</strong></span> <span class='ocrx_word' id='word_1_84' title='bbox 3428 877 3696 936; x_wconf 84' lang='lat' dir='ltr'><strong>miraculi</strong></span> 
     </span>
    </p>
   </div>
   <div class='ocr_carea' id='block_1_12' title="bbox 313 949 1990 1036">
    <p class='ocr_par' dir='ltr' id='par_1_12' title="bbox 313 949 1952 1036">
     <span class='ocr_line' id='line_1_12' title="bbox 313 949 1952 1036; baseline -0.01 -18"><span class='ocrx_word' id='word_1_85' title='bbox 313 951 757 1036; x_wconf 75' lang='grc' dir='ltr'>παραλαμϐάνων</span> <span class='ocrx_word' id='word_1_86' title='bbox 787 951 978 1018; x_wconf 75' lang='grc' dir='ltr'>κτίσιν,</span> <span class='ocrx_word' id='word_1_87' title='bbox 1011 951 1098 1005; x_wconf 86' lang='grc' dir='ltr'><strong>καὶ</strong></span> <span class='ocrx_word' id='word_1_88' title='bbox 1141 950 1400 1005; x_wconf 85' lang='grc' dir='ltr'>κοινωνὸν</span> <span class='ocrx_word' id='word_1_89' title='bbox 1451 952 1624 1004; x_wconf 80' lang='grc' dir='ltr'>ποιῶν</span> <span class='ocrx_word' id='word_1_90' title='bbox 1657 955 1754 1016; x_wconf 85' lang='grc' dir='ltr'><strong>τῆς</strong></span> <span class='ocrx_word' id='word_1_91' title='bbox 1797 949 1952 1023; x_wconf 86' lang='grc' dir='ltr'>ὑπερ-</span> 
     </span>
    </p>
   </div>
   <div class='ocr_carea' id='block_1_13' title="bbox 2098 949 3698 1036">
    <p class='ocr_par' dir='ltr' id='par_1_13' title="bbox 2099 953 3698 1035">
     <span class='ocr_line' id='line_1_13' title="bbox 2099 953 3698 1035; baseline 0.011 -29"><span class='ocrx_word' id='word_1_92' title='bbox 2099 953 2501 1010; x_wconf 88' lang='lat' dir='ltr'><strong>roductionem</strong></span> <span class='ocrx_word' id='word_1_93' title='bbox 2535 955 2669 1011; x_wconf 84' lang='lat' dir='ltr'><strong>Mali</strong></span> <span class='ocrx_word' id='word_1_94' title='bbox 2701 961 3282 1035; x_wconf 86' lang='lat' dir='ltr'><strong>creatura,hosteque</strong></span> <span class='ocrx_word' id='word_1_95' title='bbox 3301 982 3407 1022; x_wconf 92' lang='lat' dir='ltr'><strong>suo</strong></span> <span class='ocrx_word' id='word_1_96' title='bbox 3431 967 3487 1022; x_wconf 90' lang='lat' dir='ltr'><strong>in</strong></span> <span class='ocrx_word' id='word_1_97' title='bbox 3511 969 3698 1025; x_wconf 89' lang='lat' dir='ltr'><strong>bene—</strong></span> 
     </span>
    </p>
   </div>
   <div class='ocr_carea' id='block_1_14' title="bbox 314 1035 1990 1130">
    <p class='ocr_par' dir='ltr' id='par_1_14' title="bbox 314 1035 1948 1130">
     <span class='ocr_line' id='line_1_14' title="bbox 314 1035 1948 1130; baseline -0.009 -26"><span class='ocrx_word' id='word_1_98' title='bbox 314 1053 472 1130; x_wconf 82' lang='grc' dir='ltr'>φυοῦς</span> <span class='ocrx_word' id='word_1_99' title='bbox 506 1044 814 1120; x_wconf 76' lang='grc' dir='ltr'><strong>εὐεργεσίας</strong></span> <span class='ocrx_word' id='word_1_100' title='bbox 868 1041 959 1096; x_wconf 82' lang='grc' dir='ltr'><strong>τὸν</strong></span> <span class='ocrx_word' id='word_1_101' title='bbox 1007 1037 1434 1111; x_wconf 83' lang='grc' dir='ltr'>Ἀντικείμενον,</span> <span class='ocrx_word' id='word_1_102' title='bbox 1467 1035 1646 1111; x_wconf 83' lang='grc' dir='ltr'>ὥσπερ</span> <span class='ocrx_word' id='word_1_103' title='bbox 1698 1035 1797 1090; x_wconf 81' lang='grc' dir='ltr'>οὐκ</span> <span class='ocrx_word' id='word_1_104' title='bbox 1835 1035 1948 1106; x_wconf 78' lang='grc' dir='ltr'><strong>ἐξὸν</strong></span> 
     </span>
    </p>
   </div>
   <div class='ocr_carea' id='block_1_15' title="bbox 2098 1035 3692 1130">
    <p class='ocr_par' dir='ltr' id='par_1_15' title="bbox 2101 1042 3692 1125">
     <span class='ocr_line' id='line_1_15' title="bbox 2101 1042 3692 1125; baseline 0.009 -27"><span class='ocrx_word' id='word_1_105' title='bbox 2101 1042 2299 1098; x_wconf 69' lang='lat' dir='ltr'><strong>centite</strong></span> <span class='ocrx_word' id='word_1_106' title='bbox 2325 1045 2781 1114; x_wconf 87' lang='lat' dir='ltr'><strong>supernaturalis</strong></span> <span class='ocrx_word' id='word_1_107' title='bbox 2801 1050 3135 1108; x_wconf 87' lang='lat' dir='ltr'><strong>societatem</strong></span> <span class='ocrx_word' id='word_1_108' title='bbox 3155 1059 3438 1125; x_wconf 78' lang='lat' dir='ltr'><strong>cooptato,</strong></span> <span class='ocrx_word' id='word_1_109' title='bbox 3459 1057 3692 1124; x_wconf 87' lang='lat' dir='ltr'><strong>cibavit,</strong></span> 
     </span>
    </p>
   </div>
   <div class='ocr_carea' id='block_1_16' title="bbox 311 1124 1990 1212">
    <p class='ocr_par' dir='ltr' id='par_1_16' title="bbox 311 1124 1949 1210">
     <span class='ocr_line' id='line_1_16' title="bbox 311 1124 1949 1210; baseline -0.01 -15"><span class='ocrx_word' id='word_1_110' title='bbox 311 1124 450 1210; x_wconf 79' lang='grc' dir='ltr'><strong>αὐτῷ</strong></span> <span class='ocrx_word' id='word_1_111' title='bbox 473 1135 527 1207; x_wconf 71' lang='grc' dir='ltr'><strong>ἐξ</strong></span> <span class='ocrx_word' id='word_1_112' title='bbox 558 1135 744 1207; x_wconf 61' lang='grc' dir='ltr'>ἑτέρας</span> <span class='ocrx_word' id='word_1_113' title='bbox 789 1127 1180 1206; x_wconf 75' lang='grc' dir='ltr'>ἐνεργουμένης</span> <span class='ocrx_word' id='word_1_114' title='bbox 1235 1125 1447 1205; x_wconf 88' lang='grc' dir='ltr'>τρέφειν</span> <span class='ocrx_word' id='word_1_115' title='bbox 1479 1124 1618 1196; x_wconf 81' lang='grc' dir='ltr'>ὕλης</span> <span class='ocrx_word' id='word_1_116' title='bbox 1651 1125 1837 1180; x_wconf 72' lang='grc' dir='ltr'>ἑαυτόν</span> <span class='ocrx_word' id='word_1_117' title='bbox 1869 1145 1949 1195; x_wconf 89' lang='grc' dir='ltr'><strong>τε,</strong></span> 
     </span>
    </p>
   </div>
   <div class='ocr_carea' id='block_1_17' title="bbox 2098 1124 3694 1212">
    <p class='ocr_par' dir='ltr' id='par_1_17' title="bbox 2098 1124 3694 1212">
     <span class='ocr_line' id='line_1_17' title="bbox 2098 1124 3694 1212; baseline 0.009 -26"><span class='ocrx_word' id='word_1_118' title='bbox 2098 1147 2334 1202; x_wconf 76' lang='lat' dir='ltr'><strong>inquam</strong></span> <span class='ocrx_word' id='word_1_119' title='bbox 2359 1134 2452 1188; x_wconf 86' lang='lat' dir='ltr'><strong>cui</strong></span> <span class='ocrx_word' id='word_1_120' title='bbox 2477 1150 2592 1191; x_wconf 91' lang='lat' dir='ltr'><strong>non</strong></span> <span class='ocrx_word' id='word_1_121' title='bbox 2623 1135 2817 1192; x_wconf 88' lang='lat' dir='ltr'><strong>liceret</strong></span> <span class='ocrx_word' id='word_1_122' title='bbox 2847 1156 2915 1194; x_wconf 82' lang='lat' dir='ltr'><strong>ex</strong></span> <span class='ocrx_word' id='word_1_123' title='bbox 2947 1139 3061 1195; x_wconf 86' lang='lat' dir='ltr'><strong>alia</strong></span> <span class='ocrx_word' id='word_1_124' title='bbox 3085 1124 3321 1198; x_wconf 87' lang='lat' dir='ltr'><strong>materia</strong></span> <span class='ocrx_word' id='word_1_125' title='bbox 3351 1148 3407 1199; x_wconf 91' lang='lat' dir='ltr'><strong>et</strong></span> <span class='ocrx_word' id='word_1_126' title='bbox 3435 1161 3514 1212; x_wconf 89' lang='lat' dir='ltr'><strong>se,</strong></span> <span class='ocrx_word' id='word_1_127' title='bbox 3547 1147 3694 1201; x_wconf 90' lang='lat' dir='ltr'><strong>etil-</strong></span> 
     </span>
    </p>
   </div>
   <div class='ocr_carea' id='block_1_18' title="bbox 307 1214 1990 1306">
    <p class='ocr_par' dir='ltr' id='par_1_18' title="bbox 307 1214 1949 1294">
     <span class='ocr_line' id='line_1_18' title="bbox 307 1214 1949 1294; baseline -0.009 -11"><span class='ocrx_word' id='word_1_128' title='bbox 307 1227 569 1294; x_wconf 76' lang='grc' dir='ltr'>καὶτοὺς,</span> <span class='ocrx_word' id='word_1_129' title='bbox 613 1224 730 1278; x_wconf 80' lang='grc' dir='ltr'>ὅσοι</span> <span class='ocrx_word' id='word_1_130' title='bbox 759 1224 876 1281; x_wconf 89' lang='grc' dir='ltr'>τοῖς</span> <span class='ocrx_word' id='word_1_131' title='bbox 922 1217 1086 1272; x_wconf 76' lang='grc' dir='ltr'>αὐτοῦ</span> <span class='ocrx_word' id='word_1_132' title='bbox 1134 1221 1499 1292; x_wconf 83' lang='grc' dir='ltr'>προσανεῖχον</span> <span class='ocrx_word' id='word_1_133' title='bbox 1545 1214 1635 1270; x_wconf 86' lang='grc' dir='ltr'><strong>καὶ</strong></span> <span class='ocrx_word' id='word_1_134' title='bbox 1690 1214 1949 1287; x_wconf 87' lang='grc' dir='ltr'>κατηρτί-</span> 
     </span>
    </p>
   </div>
   <div class='ocr_carea' id='block_1_19' title="bbox 2098 1214 3696 1306">
    <p class='ocr_par' dir='ltr' id='par_1_19' title="bbox 2098 1221 3696 1306">
     <span class='ocr_line' id='line_1_19' title="bbox 2098 1221 3696 1306; baseline 0.009 -30"><span class='ocrx_word' id='word_1_135' title='bbox 2098 1236 2163 1286; x_wconf 81' lang='grc' dir='ltr'><strong>)ς,</strong></span> <span class='ocrx_word' id='word_1_136' title='bbox 2204 1221 2302 1292; x_wconf 90' lang='lat' dir='ltr'><strong>qui</strong></span> <span class='ocrx_word' id='word_1_137' title='bbox 2342 1223 2533 1278; x_wconf 82' lang='lat' dir='ltr'><strong>verbis</strong></span> <span class='ocrx_word' id='word_1_138' title='bbox 2563 1224 2690 1294; x_wconf 86' lang='lat' dir='ltr'><strong>ejus</strong></span> <span class='ocrx_word' id='word_1_139' title='bbox 2738 1228 3116 1285; x_wconf 87' lang='lat' dir='ltr'><strong>attendebant</strong></span> <span class='ocrx_word' id='word_1_140' title='bbox 3163 1235 3220 1286; x_wconf 90' lang='lat' dir='ltr'><strong>et</strong></span> <span class='ocrx_word' id='word_1_141' title='bbox 3265 1233 3696 1306; x_wconf 88' lang='lat' dir='ltr'><strong>auscultahant,</strong></span> 
     </span>
    </p>
   </div>
   <div class='ocr_carea' id='block_1_20' title="bbox 309 1299 1990 1396">
    <p class='ocr_par' dir='ltr' id='par_1_20' title="bbox 309 1299 1949 1396">
     <span class='ocr_line' id='line_1_20' title="bbox 309 1299 1949 1396; baseline -0.009 -24"><span class='ocrx_word' id='word_1_142' title='bbox 309 1324 455 1387; x_wconf 84' lang='grc' dir='ltr'>ζοντο</span> <span class='ocrx_word' id='word_1_143' title='bbox 491 1315 757 1388; x_wconf 79' lang='grc' dir='ltr'>ῥήμασιν.</span> <span class='ocrx_word' id='word_1_144' title='bbox 791 1307 891 1364; x_wconf 82' lang='grc' dir='ltr'>Καὶ</span> <span class='ocrx_word' id='word_1_145' title='bbox 939 1313 1049 1362; x_wconf 82' lang='grc' dir='ltr'><strong>τῶν</strong></span> <span class='ocrx_word' id='word_1_146' title='bbox 1081 1305 1133 1362; x_wconf 71' lang='grc' dir='ltr'>ἐν</span> <span class='ocrx_word' id='word_1_147' title='bbox 1187 1310 1266 1378; x_wconf 79' lang='grc' dir='ltr'><strong>τῷ</strong></span> <span class='ocrx_word' id='word_1_148' title='bbox 1303 1305 1477 1396; x_wconf 17' lang='grc' dir='ltr'>νόμῳ,</span> <span class='ocrx_word' id='word_1_149' title='bbox 1501 1302 1559 1360; x_wconf 69' lang='grc' dir='ltr'><strong>δὲ</strong></span> <span class='ocrx_word' id='word_1_150' title='bbox 1602 1299 1949 1396; x_wconf 76' lang='grc' dir='ltr'>βεϐιωκότων</span> 
     </span>
    </p>
   </div>
   <div class='ocr_carea' id='block_1_21' title="bbox 2098 1299 3699 1396">
    <p class='ocr_par' dir='ltr' id='par_1_21' title="bbox 2103 1310 3699 1396">
     <span class='ocr_line' id='line_1_21' title="bbox 2103 1310 3699 1396; baseline 0.009 -32"><span class='ocrx_word' id='word_1_151' title='bbox 2103 1310 2302 1367; x_wconf 89' lang='lat' dir='ltr'><strong>utrire.</strong></span> <span class='ocrx_word' id='word_1_152' title='bbox 2345 1313 2507 1376; x_wconf 91' lang='lat' dir='ltr'><strong>Quod</strong></span> <span class='ocrx_word' id='word_1_153' title='bbox 2544 1313 2594 1368; x_wconf 88' lang='lat' dir='ltr'><strong>si</strong></span> <span class='ocrx_word' id='word_1_154' title='bbox 2634 1318 2902 1373; x_wconf 85' lang='lat' dir='ltr'><strong>custodes</strong></span> <span class='ocrx_word' id='word_1_155' title='bbox 2933 1322 2990 1373; x_wconf 90' lang='lat' dir='ltr'><strong>et</strong></span> <span class='ocrx_word' id='word_1_156' title='bbox 3026 1321 3318 1393; x_wconf 86' lang='lat' dir='ltr'><strong>principes</strong></span> <span class='ocrx_word' id='word_1_157' title='bbox 3347 1339 3562 1390; x_wconf 90' lang='lat' dir='ltr'><strong>eorum,</strong></span> <span class='ocrx_word' id='word_1_158' title='bbox 3597 1324 3699 1396; x_wconf 88' lang='lat' dir='ltr'><strong>qui</strong></span> 
     </span>
    </p>
   </div>
   <div class='ocr_carea' id='block_1_22' title="bbox 306 1394 1990 1481">
    <p class='ocr_par' dir='ltr' id='par_1_22' title="bbox 306 1394 1950 1481">
     <span class='ocr_line' id='line_1_22' title="bbox 306 1394 1950 1481; baseline -0.009 -19"><span class='ocrx_word' id='word_1_159' title='bbox 306 1409 358 1462; x_wconf 77' lang='grc' dir='ltr'>οὶ</span> <span class='ocrx_word' id='word_1_160' title='bbox 387 1404 652 1481; x_wconf 83' lang='grc' dir='ltr'>φύλακες,</span> <span class='ocrx_word' id='word_1_161' title='bbox 685 1401 732 1456; x_wconf 88' lang='grc' dir='ltr'>εἷ</span> <span class='ocrx_word' id='word_1_162' title='bbox 767 1401 843 1474; x_wconf 81' lang='grc' dir='ltr'>μὴ</span> <span class='ocrx_word' id='word_1_163' title='bbox 877 1405 977 1468; x_wconf 81' lang='grc' dir='ltr'><strong>τῆς</strong></span> <span class='ocrx_word' id='word_1_164' title='bbox 999 1398 1340 1472; x_wconf 81' lang='grc' dir='ltr'>ἇγαθουργοῦ</span> <span class='ocrx_word' id='word_1_165' title='bbox 1382 1395 1649 1467; x_wconf 88' lang='grc' dir='ltr'>Θεότητος</span> <span class='ocrx_word' id='word_1_166' title='bbox 1697 1394 1950 1470; x_wconf 79' lang='grc' dir='ltr'>ὑπῆρχον</span> 
     </span>
    </p>
   </div>
   <div class='ocr_carea' id='block_1_23' title="bbox 2098 1394 3699 1481">
    <p class='ocr_par' dir='ltr' id='par_1_23' title="bbox 2098 1394 3699 1475">
     <span class='ocr_line' id='line_1_23' title="bbox 2098 1394 3699 1475; baseline 0.009 -21"><span class='ocrx_word' id='word_1_167' title='bbox 2098 1416 2118 1454; x_wconf 84' lang='lat'><strong>1</strong></span> <span class='ocrx_word' id='word_1_168' title='bbox 2149 1399 2326 1455; x_wconf 86' lang='lat' dir='ltr'><strong>veteri</strong></span> <span class='ocrx_word' id='word_1_169' title='bbox 2356 1405 2708 1459; x_wconf 89' lang='lat' dir='ltr'><strong>testamento</strong></span> <span class='ocrx_word' id='word_1_170' title='bbox 2739 1407 3023 1475; x_wconf 83' lang='lat' dir='ltr'><strong>vixerunt,</strong></span> <span class='ocrx_word' id='word_1_171' title='bbox 3049 1425 3164 1464; x_wconf 89' lang='lat' dir='ltr'><strong>non</strong></span> <span class='ocrx_word' id='word_1_172' title='bbox 3191 1410 3423 1466; x_wconf 80' lang='lat' dir='ltr'><strong>fuerunt</strong></span> <span class='ocrx_word' id='word_1_173' title='bbox 3445 1394 3699 1468; x_wconf 77' lang='lat' dir='ltr'><strong>ministri</strong></span> 
     </span>
    </p>
   </div>
   <div class='ocr_carea' id='block_1_24' title="bbox 305 1482 1990 1571">
    <p class='ocr_par' dir='ltr' id='par_1_24' title="bbox 305 1482 1954 1571">
     <span class='ocr_line' id='line_1_24' title="bbox 305 1482 1954 1571; baseline -0.008 -20"><span class='ocrx_word' id='word_1_174' title='bbox 305 1495 647 1571; x_wconf 79' lang='grc' dir='ltr'>θεράποντες,</span> <span class='ocrx_word' id='word_1_175' title='bbox 702 1493 818 1551; x_wconf 82' lang='grc' dir='ltr'><strong>πῶς</strong></span> <span class='ocrx_word' id='word_1_176' title='bbox 872 1489 1000 1549; x_wconf 73' lang='grc' dir='ltr'>τοὺς</span> <span class='ocrx_word' id='word_1_177' title='bbox 1071 1486 1315 1561; x_wconf 80' lang='grc' dir='ltr'>μαθητὰς</span> <span class='ocrx_word' id='word_1_178' title='bbox 1387 1486 1562 1558; x_wconf 84' lang='grc' dir='ltr'>μάτην</span> <span class='ocrx_word' id='word_1_179' title='bbox 1620 1482 1954 1559; x_wconf 78' lang='grc' dir='ltr'>ἐγκαλουμέ-</span> 
     </span>
    </p>
   </div>
   <div class='ocr_carea' id='block_1_25' title="bbox 2098 1482 3704 1571">
    <p class='ocr_par' dir='ltr' id='par_1_25' title="bbox 2098 1488 3704 1571">
     <span class='ocr_line' id='line_1_25' title="bbox 2098 1488 3704 1571; baseline 0.01 -29"><span class='ocrx_word' id='word_1_180' title='bbox 2098 1488 2160 1543; x_wconf 82' lang='lat' dir='ltr'><strong>Iei</strong></span> <span class='ocrx_word' id='word_1_181' title='bbox 2191 1489 2623 1561; x_wconf 84' lang='lat' dir='ltr'><strong>benignissimi,</strong></span> <span class='ocrx_word' id='word_1_182' title='bbox 2656 1496 2946 1564; x_wconf 90' lang='lat' dir='ltr'><strong>quomodo</strong></span> <span class='ocrx_word' id='word_1_183' title='bbox 2968 1496 3307 1568; x_wconf 84' lang='lat' dir='ltr'><strong>discipulos,</strong></span> <span class='ocrx_word' id='word_1_184' title='bbox 3332 1505 3540 1571; x_wconf 70' lang='lat' dir='ltr'><strong>printer</strong></span> <span class='ocrx_word' id='word_1_185' title='bbox 3568 1518 3704 1557; x_wconf 85' lang='lat' dir='ltr'><strong>cau-</strong></span> 
     </span>
    </p>
   </div>
   <div class='ocr_carea' id='block_1_26' title="bbox 304 1574 1990 1658">
    <p class='ocr_par' dir='ltr' id='par_1_26' title="bbox 304 1574 1954 1654">
     <span class='ocr_line' id='line_1_26' title="bbox 304 1574 1954 1654; baseline -0.008 -14"><span class='ocrx_word' id='word_1_186' title='bbox 304 1605 426 1646; x_wconf 86' lang='grc' dir='ltr'>νους</span> <span class='ocrx_word' id='word_1_187' title='bbox 479 1583 586 1637; x_wconf 79' lang='grc' dir='ltr'>ὑπὸ</span> <span class='ocrx_word' id='word_1_188' title='bbox 635 1584 744 1636; x_wconf 80' lang='grc' dir='ltr'>τῶν</span> <span class='ocrx_word' id='word_1_189' title='bbox 785 1574 1143 1646; x_wconf 84' lang='grc' dir='ltr'>διυλιζόντων</span> <span class='ocrx_word' id='word_1_190' title='bbox 1194 1575 1287 1648; x_wconf 78' lang='grc' dir='ltr'>μὶν</span> <span class='ocrx_word' id='word_1_191' title='bbox 1335 1574 1637 1654; x_wconf 84' lang='grc' dir='ltr'>φαρισαίων</span> <span class='ocrx_word' id='word_1_192' title='bbox 1684 1574 1812 1635; x_wconf 72' lang='grc' dir='ltr'>τοὺς</span> <span class='ocrx_word' id='word_1_193' title='bbox 1844 1574 1954 1628; x_wconf 84' lang='grc' dir='ltr'>κώ-</span> 
     </span>
    </p>
   </div>
   <div class='ocr_carea' id='block_1_27' title="bbox 2098 1574 3703 1658">
    <p class='ocr_par' dir='ltr' id='par_1_27' title="bbox 2098 1579 3703 1658">
     <span class='ocr_line' id='line_1_27' title="bbox 2098 1579 3703 1658; baseline 0.009 -26"><span class='ocrx_word' id='word_1_194' title='bbox 2098 1593 2189 1632; x_wconf 87' lang='lat' dir='ltr'><strong>am</strong></span> <span class='ocrx_word' id='word_1_195' title='bbox 2215 1595 2249 1634; x_wconf 90' lang='lat' dir='ltr'><strong>a</strong></span> <span class='ocrx_word' id='word_1_196' title='bbox 2293 1579 2592 1649; x_wconf 82' lang='lat' dir='ltr'><strong>pharisasis</strong></span> <span class='ocrx_word' id='word_1_197' title='bbox 2635 1582 2847 1639; x_wconf 89' lang='lat' dir='ltr'><strong>culices</strong></span> <span class='ocrx_word' id='word_1_198' title='bbox 2889 1586 3332 1658; x_wconf 88' lang='lat' dir='ltr'><strong>percolantibus,</strong></span> <span class='ocrx_word' id='word_1_199' title='bbox 3363 1595 3421 1644; x_wconf 91' lang='lat' dir='ltr'><strong>et</strong></span> <span class='ocrx_word' id='word_1_200' title='bbox 3451 1590 3703 1647; x_wconf 85' lang='lat' dir='ltr'><strong>camelos</strong></span> 
     </span>
    </p>
   </div>
   <div class='ocr_carea' id='block_1_28' title="bbox 306 1661 1990 1747">
    <p class='ocr_par' dir='ltr' id='par_1_28' title="bbox 306 1661 1957 1741">
     <span class='ocr_line' id='line_1_28' title="bbox 306 1661 1957 1741; baseline -0.008 -11"><span class='ocrx_word' id='word_1_201' title='bbox 306 1693 513 1741; x_wconf 82' lang='grc' dir='ltr'>νωπας,</span> <span class='ocrx_word' id='word_1_202' title='bbox 561 1668 969 1725; x_wconf 79' lang='grc' dir='ltr'>καταπινόντων</span> <span class='ocrx_word' id='word_1_203' title='bbox 1025 1661 1082 1719; x_wconf 71' lang='grc' dir='ltr'><strong>δέ</strong></span> <span class='ocrx_word' id='word_1_204' title='bbox 1120 1665 1216 1727; x_wconf 84' lang='grc' dir='ltr'><strong>τὰς</strong></span> <span class='ocrx_word' id='word_1_205' title='bbox 1261 1662 1571 1737; x_wconf 77' lang='grc' dir='ltr'>καμήλους,</span> <span class='ocrx_word' id='word_1_206' title='bbox 1604 1663 1688 1718; x_wconf 80' lang='grc' dir='ltr'><strong>ὅτι</strong></span> <span class='ocrx_word' id='word_1_207' title='bbox 1719 1667 1957 1719; x_wconf 81' lang='grc' dir='ltr'>πεινῶν-</span> 
     </span>
    </p>
   </div>
   <div class='ocr_carea' id='block_1_29' title="bbox 2098 1661 3702 1747">
    <p class='ocr_par' dir='ltr' id='par_1_29' title="bbox 2098 1666 3702 1747">
     <span class='ocr_line' id='line_1_29' title="bbox 2098 1666 3702 1747; baseline 0.01 -27"><span class='ocrx_word' id='word_1_208' title='bbox 2098 1666 2528 1739; x_wconf 88' lang='lat' dir='ltr'><strong>.eglutientibus</strong></span> <span class='ocrx_word' id='word_1_209' title='bbox 2558 1670 2964 1743; x_wconf 89' lang='lat' dir='ltr'><strong>reprehensos,</strong></span> <span class='ocrx_word' id='word_1_210' title='bbox 2996 1675 3146 1742; x_wconf 90' lang='lat' dir='ltr'><strong>ideo,</strong></span> <span class='ocrx_word' id='word_1_211' title='bbox 3181 1678 3336 1747; x_wconf 91' lang='lat' dir='ltr'><strong>quod</strong></span> <span class='ocrx_word' id='word_1_212' title='bbox 3378 1679 3702 1736; x_wconf 87' lang='lat' dir='ltr'><strong>esurientes</strong></span> 
     </span>
    </p>
   </div>
   <div class='ocr_carea' id='block_1_30' title="bbox 312 1748 1990 1838">
    <p class='ocr_par' dir='ltr' id='par_1_30' title="bbox 312 1748 1953 1836">
     <span class='ocr_line' id='line_1_30' title="bbox 312 1748 1953 1836; baseline -0.009 -17"><span class='ocrx_word' id='word_1_213' title='bbox 312 1784 396 1826; x_wconf 88' lang='grc' dir='ltr'><strong>τες</strong></span> <span class='ocrx_word' id='word_1_214' title='bbox 420 1760 553 1822; x_wconf 70' lang='grc' dir='ltr'>τοὺς</span> <span class='ocrx_word' id='word_1_215' title='bbox 585 1761 790 1836; x_wconf 85' lang='grc' dir='ltr'>στάχυς</span> <span class='ocrx_word' id='word_1_216' title='bbox 822 1755 874 1812; x_wconf 87' lang='grc' dir='ltr'><strong>έν</strong></span> <span class='ocrx_word' id='word_1_217' title='bbox 906 1759 985 1827; x_wconf 80' lang='grc' dir='ltr'>τῷ</span> <span class='ocrx_word' id='word_1_218' title='bbox 1013 1749 1280 1825; x_wconf 69' lang='grc' dir='ltr'>Σαϐϐάτῳ</span> <span class='ocrx_word' id='word_1_219' title='bbox 1311 1748 1528 1809; x_wconf 83' lang='grc' dir='ltr'>ἔτιλλόν</span> <span class='ocrx_word' id='word_1_220' title='bbox 1545 1774 1603 1808; x_wconf 92' lang='grc' dir='ltr'><strong>τε</strong></span> <span class='ocrx_word' id='word_1_221' title='bbox 1624 1753 1712 1806; x_wconf 82' lang='grc' dir='ltr'><strong>καὶ</strong></span> <span class='ocrx_word' id='word_1_222' title='bbox 1735 1752 1953 1821; x_wconf 77' lang='grc' dir='ltr'>ἤσθιον,</span> 
     </span>
    </p>
   </div>
   <div class='ocr_carea' id='block_1_31' title="bbox 2098 1748 3706 1838">
    <p class='ocr_par' dir='ltr' id='par_1_31' title="bbox 2098 1755 3706 1838">
     <span class='ocr_line' id='line_1_31' title="bbox 2098 1755 3706 1838; baseline 0.01 -29"><span class='ocrx_word' id='word_1_223' title='bbox 2098 1755 2252 1826; x_wconf 77' lang='lat' dir='ltr'><strong>picas</strong></span> <span class='ocrx_word' id='word_1_224' title='bbox 2265 1757 2323 1812; x_wconf 91' lang='lat' dir='ltr'><strong>in</strong></span> <span class='ocrx_word' id='word_1_225' title='bbox 2341 1758 2614 1826; x_wconf 85' lang='lat' dir='ltr'><strong>Sabbato,</strong></span> <span class='ocrx_word' id='word_1_226' title='bbox 2631 1761 2846 1832; x_wconf 88' lang='lat' dir='ltr'><strong>quibus</strong></span> <span class='ocrx_word' id='word_1_227' title='bbox 2859 1766 3116 1835; x_wconf 89' lang='lat' dir='ltr'><strong>corporis</strong></span> <span class='ocrx_word' id='word_1_228' title='bbox 3139 1765 3331 1823; x_wconf 81' lang='lat' dir='ltr'><strong>famen</strong></span> <span class='ocrx_word' id='word_1_229' title='bbox 3354 1767 3706 1838; x_wconf 84' lang='lat' dir='ltr'><strong>solarentur,</strong></span> 
     </span>
    </p>
   </div>
   <div class='ocr_carea' id='block_1_32' title="bbox 315 1838 1990 1922">
    <p class='ocr_par' dir='ltr' id='par_1_32' title="bbox 315 1838 1990 1922">
     <span class='ocr_line' id='line_1_32' title="bbox 315 1838 1990 1922; baseline -0.007 -16"><span class='ocrx_word' id='word_1_230' title='bbox 315 1853 411 1921; x_wconf 76' lang='grc' dir='ltr'>τήν</span> <span class='ocrx_word' id='word_1_231' title='bbox 459 1855 556 1906; x_wconf 71' lang='grc' dir='ltr'><strong>τοῦ</strong></span> <span class='ocrx_word' id='word_1_232' title='bbox 602 1848 857 1922; x_wconf 80' lang='grc' dir='ltr'>σώματος</span> <span class='ocrx_word' id='word_1_233' title='bbox 895 1841 1381 1919; x_wconf 71' lang='grc' dir='ltr'>παραμυθούμενοι</span> <span class='ocrx_word' id='word_1_234' title='bbox 1429 1838 1628 1897; x_wconf 77' lang='grc' dir='ltr'>ἔνδειαν</span> <span class='ocrx_word' id='word_1_235' title='bbox 1681 1840 1749 1898; x_wconf 84' lang='grc' dir='ltr'><strong>δι’</strong></span> <span class='ocrx_word' id='word_1_236' title='bbox 1811 1839 1990 1905; x_wconf 36' lang='grc' dir='ltr'>ἐκεί-η</span> 
     </span>
    </p>
   </div>
   <div class='ocr_carea' id='block_1_33' title="bbox 2098 1838 3705 1922">
    <p class='ocr_par' dir='ltr' id='par_1_33' title="bbox 2101 1845 3705 1920">
     <span class='ocr_line' id='line_1_33' title="bbox 2101 1845 3705 1920; baseline 0.007 -18"><span class='ocrx_word' id='word_1_237' title='bbox 2101 1845 2389 1902; x_wconf 88' lang='lat' dir='ltr'><strong>vellebant</strong></span> <span class='ocrx_word' id='word_1_238' title='bbox 2417 1850 2473 1902; x_wconf 88' lang='lat' dir='ltr'><strong>et</strong></span> <span class='ocrx_word' id='word_1_239' title='bbox 2505 1849 2773 1920; x_wconf 88' lang='lat' dir='ltr'><strong>edebant,</strong></span> <span class='ocrx_word' id='word_1_240' title='bbox 2806 1855 3156 1910; x_wconf 86' lang='lat' dir='ltr'><strong>accusationi</strong></span> <span class='ocrx_word' id='word_1_241' title='bbox 3189 1854 3326 1912; x_wconf 86' lang='lat' dir='ltr'><strong>huic</strong></span> <span class='ocrx_word' id='word_1_242' title='bbox 3356 1873 3472 1912; x_wconf 89' lang='lat' dir='ltr'><strong>non</strong></span> <span class='ocrx_word' id='word_1_243' title='bbox 3523 1859 3705 1914; x_wconf 89' lang='lat' dir='ltr'><strong>obuo-</strong></span> 
     </span>
    </p>
   </div>
   <div class='ocr_carea' id='block_1_34' title="bbox 321 1929 1990 2016">
    <p class='ocr_par' dir='ltr' id='par_1_34' title="bbox 321 1929 1956 2016">
     <span class='ocr_line' id='line_1_34' title="bbox 321 1929 1956 2016; baseline -0.007 -18"><span class='ocrx_word' id='word_1_244' title='bbox 321 1964 448 2012; x_wconf 83' lang='grc' dir='ltr'>νων,</span> <span class='ocrx_word' id='word_1_245' title='bbox 486 1939 755 2016; x_wconf 75' lang='grc' dir='ltr'>κρείττους</span> <span class='ocrx_word' id='word_1_246' title='bbox 807 1956 866 1992; x_wconf 90' lang='grc' dir='ltr'><strong>τε</strong></span> <span class='ocrx_word' id='word_1_247' title='bbox 919 1941 1019 2004; x_wconf 83' lang='grc' dir='ltr'><strong>τῆς</strong></span> <span class='ocrx_word' id='word_1_248' title='bbox 1067 1932 1241 1996; x_wconf 69' lang='grc' dir='ltr'>αἰτίας</span> <span class='ocrx_word' id='word_1_249' title='bbox 1299 1932 1581 2007; x_wconf 81' lang='grc' dir='ltr'>ἀπέφαινε,</span> <span class='ocrx_word' id='word_1_250' title='bbox 1612 1930 1704 1987; x_wconf 81' lang='grc' dir='ltr'><strong>καὶ</strong></span> <span class='ocrx_word' id='word_1_251' title='bbox 1751 1929 1956 1987; x_wconf 85' lang='grc' dir='ltr'>ἀπέλυε</span> 
     </span>
    </p>
   </div>
   <div class='ocr_carea' id='block_1_35' title="bbox 2098 1929 3710 2016">
    <p class='ocr_par' dir='ltr' id='par_1_35' title="bbox 2098 1935 3710 2014">
     <span class='ocr_line' id='line_1_35' title="bbox 2098 1935 3710 2014; baseline 0.009 -25"><span class='ocrx_word' id='word_1_252' title='bbox 2098 1935 2190 1990; x_wconf 90' lang='lat' dir='ltr'><strong>.ios</strong></span> <span class='ocrx_word' id='word_1_253' title='bbox 2215 1935 2538 2007; x_wconf 89' lang='lat' dir='ltr'><strong>judicabat,</strong></span> <span class='ocrx_word' id='word_1_254' title='bbox 2570 1937 2673 1994; x_wconf 89' lang='lat' dir='ltr'><strong>sed</strong></span> <span class='ocrx_word' id='word_1_255' title='bbox 2703 1956 2736 1994; x_wconf 90' lang='lat' dir='ltr'><strong>a</strong></span> <span class='ocrx_word' id='word_1_256' title='bbox 2765 1939 3012 1998; x_wconf 87' lang='lat' dir='ltr'><strong>crimine</strong></span> <span class='ocrx_word' id='word_1_257' title='bbox 3040 1945 3456 2014; x_wconf 86' lang='lat' dir='ltr'><strong>pronuntiabat</strong></span> <span class='ocrx_word' id='word_1_258' title='bbox 3486 1945 3710 2003; x_wconf 91' lang='lat' dir='ltr'><strong>immu-</strong></span> 
     </span>
    </p>
   </div>
   <div class='ocr_carea' id='block_1_36' title="bbox 317 2021 1990 2108">
    <p class='ocr_par' dir='ltr' id='par_1_36' title="bbox 317 2021 1957 2108">
     <span class='ocr_line' id='line_1_36' title="bbox 317 2021 1957 2108; baseline -0.008 -20"><span class='ocrx_word' id='word_1_259' title='bbox 317 2037 410 2088; x_wconf 70' lang='grc' dir='ltr'><strong>τοῦ</strong></span> <span class='ocrx_word' id='word_1_260' title='bbox 440 2030 807 2108; x_wconf 71' lang='grc' dir='ltr'>ἐγκλήματος,</span> <span class='ocrx_word' id='word_1_261' title='bbox 837 2027 929 2081; x_wconf 85' lang='grc' dir='ltr'><strong>τὸν</strong></span> <span class='ocrx_word' id='word_1_262' title='bbox 980 2021 1154 2086; x_wconf 75' lang='grc' dir='ltr'>Δαϐἶδ</span> <span class='ocrx_word' id='word_1_263' title='bbox 1205 2023 1278 2085; x_wconf 87' lang='grc' dir='ltr'><strong>εἰς</strong></span> <span class='ocrx_word' id='word_1_264' title='bbox 1336 2021 1658 2098; x_wconf 82' lang='grc' dir='ltr'>συνηγορίαν</span> <span class='ocrx_word' id='word_1_265' title='bbox 1690 2021 1780 2076; x_wconf 86' lang='grc' dir='ltr'>καὶ</span> <span class='ocrx_word' id='word_1_266' title='bbox 1814 2023 1957 2096; x_wconf 80' lang='grc' dir='ltr'>βοή-</span> 
     </span>
    </p>
   </div>
   <div class='ocr_carea' id='block_1_37' title="bbox 2098 2021 3711 2108">
    <p class='ocr_par' dir='ltr' id='par_1_37' title="bbox 2098 2024 3711 2100">
     <span class='ocr_line' id='line_1_37' title="bbox 2098 2024 3711 2100; baseline 0.009 -22"><span class='ocrx_word' id='word_1_267' title='bbox 2098 2040 2190 2092; x_wconf 53' lang='lat' dir='ltr'><strong>tes,</strong></span> <span class='ocrx_word' id='word_1_268' title='bbox 2223 2024 2501 2081; x_wconf 89' lang='lat' dir='ltr'><strong>Davidem</strong></span> <span class='ocrx_word' id='word_1_269' title='bbox 2553 2031 2609 2083; x_wconf 90' lang='lat' dir='ltr'><strong>et</strong></span> <span class='ocrx_word' id='word_1_270' title='bbox 2642 2031 2990 2100; x_wconf 86' lang='lat' dir='ltr'><strong>sacerdotes,</strong></span> <span class='ocrx_word' id='word_1_271' title='bbox 3027 2047 3232 2090; x_wconf 88' lang='lat' dir='ltr'><strong>carnes</strong></span> <span class='ocrx_word' id='word_1_272' title='bbox 3279 2034 3613 2092; x_wconf 89' lang='lat' dir='ltr'><strong>scindentes</strong></span> <span class='ocrx_word' id='word_1_273' title='bbox 3653 2041 3711 2092; x_wconf 89' lang='lat' dir='ltr'><strong>et</strong></span> 
     </span>
    </p>
   </div>
   <div class='ocr_carea' id='block_1_38' title="bbox 314 2112 1990 2196">
    <p class='ocr_par' dir='ltr' id='par_1_38' title="bbox 314 2112 1958 2196">
     <span class='ocr_line' id='line_1_38' title="bbox 314 2112 1958 2196; baseline -0.009 -18"><span class='ocrx_word' id='word_1_274' title='bbox 314 2125 454 2178; x_wconf 76' lang='grc' dir='ltr'>ϐειάν</span> <span class='ocrx_word' id='word_1_275' title='bbox 498 2121 819 2196; x_wconf 86' lang='grc' dir='ltr'>προτείνων,</span> <span class='ocrx_word' id='word_1_276' title='bbox 871 2115 963 2172; x_wconf 82' lang='grc' dir='ltr'><strong>καὶ</strong></span> <span class='ocrx_word' id='word_1_277' title='bbox 1003 2114 1130 2177; x_wconf 77' lang='grc' dir='ltr'>τοὺς</span> <span class='ocrx_word' id='word_1_278' title='bbox 1186 2115 1353 2190; x_wconf 68' lang='grc' dir='ltr'>ἱερεῖς</span> <span class='ocrx_word' id='word_1_279' title='bbox 1394 2112 1539 2196; x_wconf 70' lang='grc' dir='ltr'>τοὺς</span> <span class='ocrx_word' id='word_1_280' title='bbox 1587 2112 1958 2187; x_wconf 82' lang='grc' dir='ltr'>κρεανομοὺν-</span> 
     </span>
    </p>
   </div>
   <div class='ocr_carea' id='block_1_39' title="bbox 2098 2112 3710 2196">
    <p class='ocr_par' dir='ltr' id='par_1_39' title="bbox 2098 2113 3710 2195">
     <span class='ocr_line' id='line_1_39' title="bbox 2098 2113 3710 2195; baseline 0.007 -27"><span class='ocrx_word' id='word_1_281' title='bbox 2098 2114 2230 2184; x_wconf 88' lang='lat' dir='ltr'><strong>igna</strong></span> <span class='ocrx_word' id='word_1_282' title='bbox 2259 2113 2542 2171; x_wconf 81' lang='lat' dir='ltr'><strong>ﬁndentes</strong></span> <span class='ocrx_word' id='word_1_283' title='bbox 2574 2115 2632 2170; x_wconf 89' lang='lat' dir='ltr'><strong>in</strong></span> <span class='ocrx_word' id='word_1_284' title='bbox 2657 2117 3000 2184; x_wconf 88' lang='lat' dir='ltr'><strong>Sabbato,in</strong></span> <span class='ocrx_word' id='word_1_285' title='bbox 3023 2121 3353 2178; x_wconf 88' lang='lat' dir='ltr'><strong>subsidium</strong></span> <span class='ocrx_word' id='word_1_286' title='bbox 3385 2130 3439 2179; x_wconf 91' lang='lat' dir='ltr'><strong>et</strong></span> <span class='ocrx_word' id='word_1_287' title='bbox 3460 2125 3710 2195; x_wconf 88' lang='lat' dir='ltr'><strong>patroci-</strong></span> 
     </span>
    </p>
   </div>
   <div class='ocr_carea' id='block_1_40' title="bbox 306 2195 1990 2286">
    <p class='ocr_par' dir='ltr' id='par_1_40' title="bbox 306 2195 1960 2278">
     <span class='ocr_line' id='line_1_40' title="bbox 306 2195 1960 2278; baseline -0.009 -11"><span class='ocrx_word' id='word_1_288' title='bbox 306 2211 398 2274; x_wconf 86' lang='grc' dir='ltr'><strong>τάς</strong></span> <span class='ocrx_word' id='word_1_289' title='bbox 441 2231 506 2264; x_wconf 88' lang='grc' dir='ltr'><strong>τε</strong></span> <span class='ocrx_word' id='word_1_290' title='bbox 546 2195 643 2262; x_wconf 81' lang='grc' dir='ltr'><strong>καὶ</strong></span> <span class='ocrx_word' id='word_1_291' title='bbox 694 2203 1130 2278; x_wconf 78' lang='grc' dir='ltr'>ξυλοκοποῦντας</span> <span class='ocrx_word' id='word_1_292' title='bbox 1172 2199 1224 2257; x_wconf 80' lang='grc' dir='ltr'><strong>έν</strong></span> <span class='ocrx_word' id='word_1_293' title='bbox 1264 2204 1343 2272; x_wconf 77' lang='grc' dir='ltr'>τῷ</span> <span class='ocrx_word' id='word_1_294' title='bbox 1393 2195 1686 2273; x_wconf 73' lang='grc' dir='ltr'>Σαϐϐάτῳ,</span> <span class='ocrx_word' id='word_1_295' title='bbox 1717 2198 1807 2254; x_wconf 80' lang='grc' dir='ltr'><strong>καὶ</strong></span> <span class='ocrx_word' id='word_1_296' title='bbox 1838 2200 1960 2254; x_wconf 85' lang='grc' dir='ltr'>τότε</span> 
     </span>
    </p>
   </div>
   <div class='ocr_carea' id='block_1_41' title="bbox 2098 2195 3709 2286">
    <p class='ocr_par' dir='ltr' id='par_1_41' title="bbox 2098 2203 3709 2286">
     <span class='ocr_line' id='line_1_41' title="bbox 2098 2203 3709 2286; baseline 0.007 -28"><span class='ocrx_word' id='word_1_297' title='bbox 2098 2203 2231 2258; x_wconf 73' lang='lat' dir='ltr'><strong>tium</strong></span> <span class='ocrx_word' id='word_1_298' title='bbox 2262 2218 2448 2259; x_wconf 65' lang='lat' dir='ltr'><strong>causa</strong></span> <span class='ocrx_word' id='word_1_299' title='bbox 2479 2203 2746 2274; x_wconf 77' lang='lat' dir='ltr'><strong>ati&#39;erens,</strong></span> <span class='ocrx_word' id='word_1_300' title='bbox 2770 2211 2943 2280; x_wconf 90' lang='lat' dir='ltr'><strong>atque</strong></span> <span class='ocrx_word' id='word_1_301' title='bbox 2971 2209 3032 2264; x_wconf 92' lang='lat' dir='ltr'><strong>id</strong></span> <span class='ocrx_word' id='word_1_302' title='bbox 3063 2209 3296 2281; x_wconf 87' lang='lat' dir='ltr'><strong>quidem</strong></span> <span class='ocrx_word' id='word_1_303' title='bbox 3329 2227 3394 2268; x_wconf 89' lang='lat' dir='ltr'><strong>eo</strong></span> <span class='ocrx_word' id='word_1_304' title='bbox 3427 2217 3709 2286; x_wconf 88' lang='lat' dir='ltr'><strong>tempore,</strong></span> 
     </span>
    </p>
   </div>
   <div class='ocr_carea' id='block_1_42' title="bbox 307 2286 1990 2371">
    <p class='ocr_par' dir='ltr' id='par_1_42' title="bbox 307 2286 1962 2371">
     <span class='ocr_line' id='line_1_42' title="bbox 307 2286 1962 2371; baseline -0.008 -16"><span class='ocrx_word' id='word_1_305' title='bbox 307 2297 390 2355; x_wconf 77' lang='grc' dir='ltr'><strong>διά</strong></span> <span class='ocrx_word' id='word_1_306' title='bbox 419 2305 528 2368; x_wconf 79' lang='grc' dir='ltr'><strong>τῆς</strong></span> <span class='ocrx_word' id='word_1_307' title='bbox 559 2299 710 2371; x_wconf 75' lang='grc' dir='ltr'>ἱερᾶς</span> <span class='ocrx_word' id='word_1_308' title='bbox 742 2291 1059 2368; x_wconf 80' lang='grc' dir='ltr'>ὑπηρεσίας,</span> <span class='ocrx_word' id='word_1_309' title='bbox 1093 2290 1175 2370; x_wconf 77' lang='grc' dir='ltr'><strong>ἐφ’</strong></span> <span class='ocrx_word' id='word_1_310' title='bbox 1212 2291 1248 2365; x_wconf 69' lang='grc' dir='ltr'><strong>ᾖ</strong></span> <span class='ocrx_word' id='word_1_311' title='bbox 1295 2287 1508 2364; x_wconf 79' lang='grc' dir='ltr'>μᾶλλον</span> <span class='ocrx_word' id='word_1_312' title='bbox 1537 2286 1643 2344; x_wconf 81' lang='grc' dir='ltr'>ἔδει</span> <span class='ocrx_word' id='word_1_313' title='bbox 1695 2289 1962 2358; x_wconf 82' lang='grc' dir='ltr'>σώζεσθαι</span> 
     </span>
    </p>
   </div>
   <div class='ocr_carea' id='block_1_43' title="bbox 2098 2286 3708 2371">
    <p class='ocr_par' dir='ltr' id='par_1_43' title="bbox 2098 2296 3708 2369">
     <span class='ocr_line' id='line_1_43' title="bbox 2098 2296 3708 2369; baseline 0.007 -22"><span class='ocrx_word' id='word_1_314' title='bbox 2098 2310 2184 2363; x_wconf 68' lang='lat' dir='ltr'><strong>[uo</strong></span> <span class='ocrx_word' id='word_1_315' title='bbox 2215 2309 2444 2349; x_wconf 89' lang='lat' dir='ltr'><strong>sacrum</strong></span> <span class='ocrx_word' id='word_1_316' title='bbox 2482 2296 2610 2366; x_wconf 87' lang='lat' dir='ltr'><strong>ejus</strong></span> <span class='ocrx_word' id='word_1_317' title='bbox 2643 2313 2878 2364; x_wconf 90' lang='lat' dir='ltr'><strong>munus,</strong></span> <span class='ocrx_word' id='word_1_318' title='bbox 2910 2299 3065 2369; x_wconf 88' lang='lat' dir='ltr'><strong>quod</strong></span> <span class='ocrx_word' id='word_1_319' title='bbox 3105 2300 3176 2355; x_wconf 90' lang='lat' dir='ltr'><strong>ad</strong></span> <span class='ocrx_word' id='word_1_320' title='bbox 3222 2300 3471 2358; x_wconf 87' lang='lat' dir='ltr'><strong>salutem</strong></span> <span class='ocrx_word' id='word_1_321' title='bbox 3503 2303 3708 2359; x_wconf 89' lang='lat' dir='ltr'><strong>mundi</strong></span> 
     </span>
    </p>
   </div>
   <div class='ocr_carea' id='block_1_44' title="bbox 303 2378 1990 2464">
    <p class='ocr_par' dir='ltr' id='par_1_44' title="bbox 303 2378 1412 2464">
     <span class='ocr_line' id='line_1_44' title="bbox 303 2378 1412 2464; baseline -0.012 -19"><span class='ocrx_word' id='word_1_322' title='bbox 303 2391 389 2446; x_wconf 79' lang='grc' dir='ltr'>τὸν</span> <span class='ocrx_word' id='word_1_323' title='bbox 406 2388 609 2464; x_wconf 81' lang='grc' dir='ltr'>νόμον,</span> <span class='ocrx_word' id='word_1_324' title='bbox 639 2389 738 2452; x_wconf 82' lang='grc' dir='ltr'><strong>νῆς</strong></span> <span class='ocrx_word' id='word_1_325' title='bbox 772 2382 1022 2460; x_wconf 75' lang='grc' dir='ltr'>ἐργασίας</span> <span class='ocrx_word' id='word_1_326' title='bbox 1053 2378 1362 2457; x_wconf 80' lang='grc' dir='ltr'>προϊούσης</span> <span class='ocrx_word' id='word_1_327' title='bbox 1398 2399 1412 2444; x_wconf 75' lang='grc' dir='ltr'><strong>ς</strong></span> 
     </span>
    </p>
   </div>
   <div class='ocr_carea' id='block_1_45' title="bbox 2098 2378 3361 2464">
    <p class='ocr_par' dir='ltr' id='par_1_45' title="bbox 2098 2382 3361 2460">
     <span class='ocr_line' id='line_1_45' title="bbox 2098 2382 3361 2460; baseline 0.006 -22"><span class='ocrx_word' id='word_1_328' title='bbox 2098 2382 2450 2448; x_wconf 71' lang='lat' dir='ltr'><strong>&#39;et&#39;erebatur,</strong></span> <span class='ocrx_word' id='word_1_329' title='bbox 2486 2401 2618 2442; x_wconf 90' lang='lat' dir='ltr'><strong>cum</strong></span> <span class='ocrx_word' id='word_1_330' title='bbox 2651 2385 2902 2443; x_wconf 83' lang='lat' dir='ltr'><strong>maxime</strong></span> <span class='ocrx_word' id='word_1_331' title='bbox 2933 2393 3242 2460; x_wconf 83' lang='lat' dir='ltr'><strong>urgeretur</strong></span> <span class='ocrx_word' id='word_1_332' title='bbox 3269 2389 3361 2446; x_wconf 62' lang='grc' dir='ltr'>’στί</span> 
     </span>
    </p>
   </div>
   <div class='ocr_carea' id='block_1_46' title="bbox 376 2589 1990 2674">
    <p class='ocr_par' dir='ltr' id='par_1_46' title="bbox 376 2589 1968 2674">
     <span class='ocr_line' id='line_1_46' title="bbox 376 2589 1968 2674; baseline -0.006 -16"><span class='ocrx_word' id='word_1_333' title='bbox 376 2608 464 2661; x_wconf 87' lang='lat' dir='ltr'><strong>lI&#39;.</strong></span> <span class='ocrx_word' id='word_1_334' title='bbox 500 2601 597 2661; x_wconf 85' lang='grc' dir='ltr'>Τίς</span> <span class='ocrx_word' id='word_1_335' title='bbox 629 2597 676 2654; x_wconf 82' lang='grc' dir='ltr'><strong>δ’</strong></span> <span class='ocrx_word' id='word_1_336' title='bbox 713 2596 776 2654; x_wconf 71' lang='grc' dir='ltr'>ἂν</span> <span class='ocrx_word' id='word_1_337' title='bbox 826 2595 1147 2674; x_wconf 88' lang='grc' dir='ltr'>σαφέστερος</span> <span class='ocrx_word' id='word_1_338' title='bbox 1202 2589 1439 2670; x_wconf 78' lang='grc' dir='ltr'>ἔλεγχος</span> <span class='ocrx_word' id='word_1_339' title='bbox 1487 2593 1521 2663; x_wconf 70' lang='grc' dir='ltr'><strong>ἢ</strong></span> <span class='ocrx_word' id='word_1_340' title='bbox 1575 2590 1968 2668; x_wconf 81' lang='grc' dir='ltr'>δυνατώτερος,</span> 
     </span>
    </p>
   </div>
   <div class='ocr_carea' id='block_1_47' title="bbox 2098 2589 3715 2674">
    <p class='ocr_par' dir='ltr' id='par_1_47' title="bbox 2147 2590 3715 2656">
     <span class='ocr_line' id='line_1_47' title="bbox 2147 2590 3715 2656; baseline 0.005 -9"><span class='ocrx_word' id='word_1_341' title='bbox 2147 2590 2289 2647; x_wconf 86' lang='lat' dir='ltr'><strong>VIII.</strong></span> <span class='ocrx_word' id='word_1_342' title='bbox 2320 2591 2627 2656; x_wconf 87' lang='lat' dir='ltr'><strong>Quodnam</strong></span> <span class='ocrx_word' id='word_1_343' title='bbox 2661 2609 2794 2650; x_wconf 90' lang='lat' dir='ltr'><strong>vero</strong></span> <span class='ocrx_word' id='word_1_344' title='bbox 2829 2593 3121 2654; x_wconf 83' lang='lat' dir='ltr'><strong>illustrius</strong></span> <span class='ocrx_word' id='word_1_345' title='bbox 3153 2601 3255 2654; x_wconf 90' lang='lat' dir='ltr'><strong>aut</strong></span> <span class='ocrx_word' id='word_1_346' title='bbox 3295 2598 3591 2656; x_wconf 79' lang='lat' dir='ltr'><strong>efﬁcacius</strong></span> <span class='ocrx_word' id='word_1_347' title='bbox 3622 2617 3715 2655; x_wconf 83' lang='lat' dir='ltr'><strong>nr-</strong></span> 
     </span>
    </p>
   </div>
   <div class='ocr_carea' id='block_1_48' title="bbox 311 2680 1990 2764">
    <p class='ocr_par' dir='ltr' id='par_1_48' title="bbox 311 2680 1970 2764">
     <span class='ocr_line' id='line_1_48' title="bbox 311 2680 1970 2764; baseline -0.008 -14"><span class='ocrx_word' id='word_1_348' title='bbox 311 2696 389 2750; x_wconf 83' lang='grc' dir='ltr'><strong>ὅτι</strong></span> <span class='ocrx_word' id='word_1_349' title='bbox 423 2689 676 2764; x_wconf 82' lang='grc' dir='ltr'>μηδενὸς</span> <span class='ocrx_word' id='word_1_350' title='bbox 705 2693 814 2744; x_wconf 79' lang='grc' dir='ltr'>τῶν</span> <span class='ocrx_word' id='word_1_351' title='bbox 864 2685 1114 2760; x_wconf 75' lang='grc' dir='ltr'>ἐπιγείων</span> <span class='ocrx_word' id='word_1_352' title='bbox 1173 2685 1202 2739; x_wconf 84' lang='grc' dir='ltr'><strong>ὁ</strong></span> <span class='ocrx_word' id='word_1_353' title='bbox 1263 2683 1507 2756; x_wconf 77' lang='grc' dir='ltr'>Πονηρὸς</span> <span class='ocrx_word' id='word_1_354' title='bbox 1561 2680 1832 2752; x_wconf 78' lang='grc' dir='ltr'>δεσπόζει,</span> <span class='ocrx_word' id='word_1_355' title='bbox 1862 2686 1970 2737; x_wconf 83' lang='grc' dir='ltr'><strong>τῶν</strong></span> 
     </span>
    </p>
   </div>
   <div class='ocr_carea' id='block_1_49' title="bbox 2098 2680 3714 2764">
    <p class='ocr_par' dir='ltr' id='par_1_49' title="bbox 2098 2682 3714 2757">
     <span class='ocr_line' id='line_1_49' title="bbox 2098 2682 3714 2757; baseline 0.006 -23"><span class='ocrx_word' id='word_1_356' title='bbox 2098 2685 2425 2751; x_wconf 65' lang='lat' dir='ltr'><strong>ramentum</strong></span> <span class='ocrx_word' id='word_1_357' title='bbox 2484 2682 2674 2738; x_wconf 82' lang='lat' dir='ltr'><strong>atl&#39;erri</strong></span> <span class='ocrx_word' id='word_1_358' title='bbox 2729 2688 2934 2756; x_wconf 90' lang='lat' dir='ltr'><strong>potest,</strong></span> <span class='ocrx_word' id='word_1_359' title='bbox 2968 2701 3081 2757; x_wconf 89' lang='lat' dir='ltr'><strong>quo</strong></span> <span class='ocrx_word' id='word_1_360' title='bbox 3139 2691 3363 2744; x_wconf 87' lang='lat' dir='ltr'><strong>constet</strong></span> <span class='ocrx_word' id='word_1_361' title='bbox 3428 2687 3573 2744; x_wconf 89' lang='lat' dir='ltr'><strong>nulli</strong></span> <span class='ocrx_word' id='word_1_362' title='bbox 3629 2689 3714 2744; x_wconf 88' lang='lat' dir='ltr'><strong>rei</strong></span> 
     </span>
    </p>
   </div>
   <div class='ocr_carea' id='block_1_50' title="bbox 314 2770 1970 2855">
    <p class='ocr_par' dir='ltr' id='par_1_50' title="bbox 314 2770 1970 2855">
     <span class='ocr_line' id='line_1_50' title="bbox 314 2770 1970 2855; baseline -0.007 -18"><span class='ocrx_word' id='word_1_363' title='bbox 314 2783 482 2838; x_wconf 70' lang='grc' dir='ltr'>αὐτοῦ</span> <span class='ocrx_word' id='word_1_364' title='bbox 540 2778 806 2855; x_wconf 79' lang='grc' dir='ltr'>ῥημάτων</span> <span class='ocrx_word' id='word_1_365' title='bbox 855 2775 1084 2844; x_wconf 76' lang='grc' dir='ltr'>ἐκείνου,</span> <span class='ocrx_word' id='word_1_366' title='bbox 1143 2771 1213 2828; x_wconf 85' lang='grc' dir='ltr'><strong>δι’</strong></span> <span class='ocrx_word' id='word_1_367' title='bbox 1261 2773 1334 2827; x_wconf 84' lang='grc' dir='ltr'>ὧν</span> <span class='ocrx_word' id='word_1_368' title='bbox 1413 2772 1588 2842; x_wconf 72' lang='grc' dir='ltr'>ἑαυτῷ</span> <span class='ocrx_word' id='word_1_369' title='bbox 1639 2772 1741 2840; x_wconf 85' lang='grc' dir='ltr'><strong>τήν</strong></span> <span class='ocrx_word' id='word_1_370' title='bbox 1797 2770 1970 2826; x_wconf 81' lang='grc' dir='ltr'>κτίσιν</span> 
     </span>
    </p>
   </div>
   <div class='ocr_carea' id='block_1_51' title="bbox 321 2859 1976 2939">
    <p class='ocr_par' dir='ltr' id='par_1_51' title="bbox 321 2859 1976 2939">
     <span class='ocr_line' id='line_1_51' title="bbox 321 2859 1976 2939; baseline -0.008 -12"><span class='ocrx_word' id='word_1_371' title='bbox 321 2865 810 2939; x_wconf 74' lang='grc' dir='ltr'>ὑποϐαλλόμενος,</span> <span class='ocrx_word' id='word_1_372' title='bbox 852 2863 940 2920; x_wconf 76' lang='grc' dir='ltr'><strong>ὅτε</strong></span> <span class='ocrx_word' id='word_1_373' title='bbox 995 2859 1354 2938; x_wconf 83' lang='grc' dir='ltr'>κρυπτομένῳ</span> <span class='ocrx_word' id='word_1_374' title='bbox 1408 2861 1500 2916; x_wconf 83' lang='grc' dir='ltr'><strong>καὶ</strong></span> <span class='ocrx_word' id='word_1_375' title='bbox 1551 2859 1976 2932; x_wconf 79' lang='grc' dir='ltr'>λανθάνοντιτῷ</span> 
     </span>
    </p>
   </div>
   <div class='ocr_carea' id='block_1_52' title="bbox 319 2949 1975 3031">
    <p class='ocr_par' dir='ltr' id='par_1_52' title="bbox 319 2949 1975 3031">
     <span class='ocr_line' id='line_1_52' title="bbox 319 2949 1975 3031; baseline -0.007 -17"><span class='ocrx_word' id='word_1_376' title='bbox 319 2956 658 3031; x_wconf 80' lang='grc' dir='ltr'>δημιουργῷ</span> <span class='ocrx_word' id='word_1_377' title='bbox 685 2959 794 3010; x_wconf 82' lang='grc' dir='ltr'><strong>τῶν</strong></span> <span class='ocrx_word' id='word_1_378' title='bbox 825 2952 971 3008; x_wconf 77' lang='grc' dir='ltr'>ὅλων</span> <span class='ocrx_word' id='word_1_379' title='bbox 1001 2951 1090 3007; x_wconf 73' lang='grc' dir='ltr'><strong>καὶ</strong></span> <span class='ocrx_word' id='word_1_380' title='bbox 1135 2949 1372 3024; x_wconf 76' lang='grc' dir='ltr'>δτσπότῃ</span> <span class='ocrx_word' id='word_1_381' title='bbox 1413 2949 1756 3023; x_wconf 81' lang='grc' dir='ltr'>έπιπειράσαι</span> <span class='ocrx_word' id='word_1_382' title='bbox 1802 2969 1975 3023; x_wconf 88' lang='grc' dir='ltr'>προσ-</span> 
     </span>
    </p>
   </div>
   <div class='ocr_carea' id='block_1_53' title="bbox 322 3039 1975 3120">
    <p class='ocr_par' dir='ltr' id='par_1_53' title="bbox 322 3039 1975 3120">
     <span class='ocr_line' id='line_1_53' title="bbox 322 3039 1975 3120; baseline -0.005 -18"><span class='ocrx_word' id='word_1_383' title='bbox 322 3051 440 3117; x_wconf 85' lang='grc' dir='ltr'>ιὼν,</span> <span class='ocrx_word' id='word_1_384' title='bbox 509 3047 602 3102; x_wconf 84' lang='grc' dir='ltr'>καὶ</span> <span class='ocrx_word' id='word_1_385' title='bbox 647 3044 743 3106; x_wconf 76' lang='grc' dir='ltr'><strong>τὰς</strong></span> <span class='ocrx_word' id='word_1_386' title='bbox 799 3042 1074 3120; x_wconf 71' lang='grc' dir='ltr'>ἐπιγείους</span> <span class='ocrx_word' id='word_1_387' title='bbox 1133 3039 1410 3116; x_wconf 81' lang='grc' dir='ltr'>βασιλείας</span> <span class='ocrx_word' id='word_1_388' title='bbox 1465 3041 1660 3106; x_wconf 87' lang='grc' dir='ltr'>πάσας,</span> <span class='ocrx_word' id='word_1_389' title='bbox 1717 3039 1807 3094; x_wconf 82' lang='grc' dir='ltr'><strong>καὶ</strong></span> <span class='ocrx_word' id='word_1_390' title='bbox 1874 3040 1975 3109; x_wconf 78' lang='grc' dir='ltr'>τὴν</span> 
     </span>
    </p>
   </div>
   <div class='ocr_carea' id='block_1_54' title="bbox 2081 2770 3715 2850">
    <p class='ocr_par' dir='ltr' id='par_1_54' title="bbox 2081 2770 3715 2850">
     <span class='ocr_line' id='line_1_54' title="bbox 2081 2770 3715 2850; baseline 0.007 -27"><span class='ocrx_word' id='word_1_391' title='bbox 2081 2770 2339 2825; x_wconf 87' lang='lat' dir='ltr'><strong>terrestri</strong></span> <span class='ocrx_word' id='word_1_392' title='bbox 2371 2771 2658 2827; x_wconf 87' lang='lat' dir='ltr'><strong>dominari</strong></span> <span class='ocrx_word' id='word_1_393' title='bbox 2689 2774 2928 2844; x_wconf 84' lang='lat' dir='ltr'><strong>Malum,</strong></span> <span class='ocrx_word' id='word_1_394' title='bbox 2949 2791 3122 2847; x_wconf 89' lang='lat' dir='ltr'><strong>quam</strong></span> <span class='ocrx_word' id='word_1_395' title='bbox 3153 2776 3283 2850; x_wconf 89' lang='lat' dir='ltr'><strong>ipsa</strong></span> <span class='ocrx_word' id='word_1_396' title='bbox 3315 2777 3491 2850; x_wconf 88' lang='lat' dir='ltr'><strong>hujus</strong></span> <span class='ocrx_word' id='word_1_397' title='bbox 3522 2779 3715 2846; x_wconf 84' lang='lat' dir='ltr'><strong>verba,</strong></span> 
     </span>
    </p>
   </div>
   <div class='ocr_carea' id='block_1_55' title="bbox 2084 2859 3722 2937">
    <p class='ocr_par' dir='ltr' id='par_1_55' title="bbox 2084 2859 3722 2937">
     <span class='ocr_line' id='line_1_55' title="bbox 2084 2859 3722 2937; baseline 0.006 -23"><span class='ocrx_word' id='word_1_398' title='bbox 2084 2859 2295 2928; x_wconf 86' lang='lat' dir='ltr'><strong>quibus</strong></span> <span class='ocrx_word' id='word_1_399' title='bbox 2317 2866 2640 2917; x_wconf 86' lang='lat' dir='ltr'><strong>creaturam</strong></span> <span class='ocrx_word' id='word_1_400' title='bbox 2675 2863 2787 2919; x_wconf 88' lang='lat' dir='ltr'><strong>sibi</strong></span> <span class='ocrx_word' id='word_1_401' title='bbox 2811 2864 2924 2936; x_wconf 90' lang='lat' dir='ltr'><strong>ipsi</strong></span> <span class='ocrx_word' id='word_1_402' title='bbox 2947 2867 3436 2937; x_wconf 84' lang='lat' dir='ltr'><strong>subiiciens,cum</strong></span> <span class='ocrx_word' id='word_1_403' title='bbox 3467 2869 3536 2924; x_wconf 86' lang='lat' dir='ltr'><strong>ad</strong></span> <span class='ocrx_word' id='word_1_404' title='bbox 3559 2870 3722 2925; x_wconf 88' lang='lat' dir='ltr'><strong>Crea-</strong></span> 
     </span>
    </p>
   </div>
   <div class='ocr_carea' id='block_1_56' title="bbox 2086 2950 3722 3014">
    <p class='ocr_par' dir='ltr' id='par_1_56' title="bbox 2086 2950 3722 3014">
     <span class='ocr_line' id='line_1_56' title="bbox 2086 2950 3722 3014; baseline 0.006 -12"><span class='ocrx_word' id='word_1_405' title='bbox 2086 2950 2266 3003; x_wconf 88' lang='lat' dir='ltr'><strong>torem</strong></span> <span class='ocrx_word' id='word_1_406' title='bbox 2299 2951 2562 3006; x_wconf 92' lang='lat' dir='ltr'><strong>omnium</strong></span> <span class='ocrx_word' id='word_1_407' title='bbox 2601 2953 2954 3010; x_wconf 86' lang='lat' dir='ltr'><strong>occultatum</strong></span> <span class='ocrx_word' id='word_1_408' title='bbox 2997 2959 3054 3012; x_wconf 90' lang='lat' dir='ltr'><strong>et</strong></span> <span class='ocrx_word' id='word_1_409' title='bbox 3085 2955 3356 3014; x_wconf 84' lang='lat' dir='ltr'><strong>latentem</strong></span> <span class='ocrx_word' id='word_1_410' title='bbox 3389 2961 3722 3014; x_wconf 84' lang='lat' dir='ltr'><strong>tentaturus</strong></span> 
     </span>
    </p>
   </div>
   <div class='ocr_carea' id='block_1_57' title="bbox 2087 3039 3728 3118">
    <p class='ocr_par' dir='ltr' id='par_1_57' title="bbox 2087 3039 3728 3118">
     <span class='ocr_line' id='line_1_57' title="bbox 2087 3039 3728 3118; baseline 0.005 -25"><span class='ocrx_word' id='word_1_411' title='bbox 2087 3039 2398 3106; x_wconf 85' lang='lat' dir='ltr'><strong>accederet,</strong></span> <span class='ocrx_word' id='word_1_412' title='bbox 2431 3042 2625 3113; x_wconf 86' lang='lat' dir='ltr'><strong>regnis</strong></span> <span class='ocrx_word' id='word_1_413' title='bbox 2673 3045 2918 3100; x_wconf 88' lang='lat' dir='ltr'><strong>terrenis</strong></span> <span class='ocrx_word' id='word_1_414' title='bbox 2957 3045 3250 3114; x_wconf 88' lang='lat' dir='ltr'><strong>omnibus,</strong></span> <span class='ocrx_word' id='word_1_415' title='bbox 3277 3055 3331 3102; x_wconf 91' lang='lat' dir='ltr'><strong>et</strong></span> <span class='ocrx_word' id='word_1_416' title='bbox 3374 3045 3556 3118; x_wconf 86' lang='lat' dir='ltr'><strong>gloria</strong></span> <span class='ocrx_word' id='word_1_417' title='bbox 3597 3047 3728 3102; x_wconf 86' lang='lat' dir='ltr'><strong>illo-</strong></span> 
     </span>
    </p>
   </div>
   <div class='ocr_carea' id='block_1_58' title="bbox 319 3123 1990 3227">
    <p class='ocr_par' dir='ltr' id='par_1_58' title="bbox 319 3123 1976 3211">
     <span class='ocr_line' id='line_1_58' title="bbox 319 3123 1976 3211; baseline -0.006 -19"><span class='ocrx_word' id='word_1_418' title='bbox 319 3136 486 3211; x_wconf 76' lang='grc' dir='ltr'>δόξαν</span> <span class='ocrx_word' id='word_1_419' title='bbox 539 3135 720 3190; x_wconf 79' lang='grc' dir='ltr'>αὐτῶν</span> <span class='ocrx_word' id='word_1_420' title='bbox 779 3129 1103 3200; x_wconf 68' lang='grc' dir='ltr'>ἐπιδεικνὺς,</span> <span class='ocrx_word' id='word_1_421' title='bbox 1161 3123 1332 3204; x_wconf 76' lang='grc' dir='ltr'>ἔλεγεο</span> <span class='ocrx_word' id='word_1_422' title='bbox 1405 3130 1588 3186; x_wconf 76' lang='grc' dir='ltr'>Ταῦτα</span> <span class='ocrx_word' id='word_1_423' title='bbox 1653 3128 1824 3183; x_wconf 88' lang='grc' dir='ltr'>πάντα</span> <span class='ocrx_word' id='word_1_424' title='bbox 1890 3128 1976 3182; x_wconf 81' lang='grc' dir='ltr'><strong>σοὶ</strong></span> 
     </span>
    </p>
   </div>
   <div class='ocr_carea' id='block_1_59' title="bbox 2098 3123 3732 3227">
    <p class='ocr_par' dir='ltr' id='par_1_59' title="bbox 2098 3133 3732 3202">
     <span class='ocr_line' id='line_1_59' title="bbox 2098 3133 3732 3202; baseline 0.005 -20"><span class='ocrx_word' id='word_1_425' title='bbox 2098 3144 2219 3183; x_wconf 88' lang='lat' dir='ltr'><strong>rum</strong></span> <span class='ocrx_word' id='word_1_426' title='bbox 2243 3133 2675 3202; x_wconf 85' lang='lat' dir='ltr'><strong>demonstratis,</strong></span> <span class='ocrx_word' id='word_1_427' title='bbox 2699 3133 2926 3190; x_wconf 90' lang='lat' dir='ltr'><strong>dicebat</strong></span> <span class='ocrx_word' id='word_1_428' title='bbox 2953 3152 2966 3189; x_wconf 89' lang='lat'><strong>:</strong></span> <span class='ocrx_word' id='word_1_429' title='bbox 3002 3139 3139 3192; x_wconf 70' lang='lat' dir='ltr'><strong>Haec</strong></span> <span class='ocrx_word' id='word_1_430' title='bbox 3166 3138 3352 3192; x_wconf 82' lang='lat' dir='ltr'><strong>omnia</strong></span> <span class='ocrx_word' id='word_1_431' title='bbox 3373 3136 3473 3191; x_wconf 82' lang='lat' dir='ltr'><strong>tibi</strong></span> <span class='ocrx_word' id='word_1_432' title='bbox 3501 3136 3657 3202; x_wconf 84' lang='lat' dir='ltr'><strong>dabo,</strong></span> <span class='ocrx_word' id='word_1_433' title='bbox 3676 3137 3732 3190; x_wconf 82' lang='grc' dir='ltr'><strong>.ςί</strong></span> 
     </span>
    </p>
   </div>
   <div class='ocr_carea' id='block_1_60' title="bbox 317 3219 1975 3296">
    <p class='ocr_par' dir='ltr' id='par_1_60' title="bbox 317 3219 1975 3296">
     <span class='ocr_line' id='line_1_60' title="bbox 317 3219 1975 3296; baseline -0.007 -12"><span class='ocrx_word' id='word_1_434' title='bbox 317 3227 516 3296; x_wconf 73' lang='grc' dir='ltr'>δώσω,</span> <span class='ocrx_word' id='word_1_435' title='bbox 550 3225 641 3280; x_wconf 73' lang='grc' dir='ltr'>ἐὰν</span> <span class='ocrx_word' id='word_1_436' title='bbox 696 3224 877 3278; x_wconf 83' lang='grc' dir='ltr'>πεσὼν</span> <span class='ocrx_word' id='word_1_437' title='bbox 934 3223 1312 3295; x_wconf 77' lang='grc' dir='ltr'>προσκυνήσῃς</span> <span class='ocrx_word' id='word_1_438' title='bbox 1375 3239 1520 3292; x_wconf 85' lang='grc' dir='ltr'>μοι;</span> <span class='ocrx_word' id='word_1_439' title='bbox 1578 3220 1645 3277; x_wconf 72' lang='grc' dir='ltr'><strong>Εἴ</strong></span> <span class='ocrx_word' id='word_1_440' title='bbox 1701 3221 1806 3294; x_wconf 88' lang='grc' dir='ltr'><strong>γάρ</strong></span> <span class='ocrx_word' id='word_1_441' title='bbox 1864 3219 1975 3275; x_wconf 77' lang='grc' dir='ltr'>ἐστι</span> 
     </span>
    </p>
   </div>
   <div class='ocr_carea' id='block_1_61' title="bbox 318 3305 1980 3391">
    <p class='ocr_par' dir='ltr' id='par_1_61' title="bbox 318 3305 1980 3391">
     <span class='ocr_line' id='line_1_61' title="bbox 318 3305 1980 3391; baseline -0.001 -24"><span class='ocrx_word' id='word_1_442' title='bbox 318 3317 560 3391; x_wconf 72' lang='grc' dir='ltr'>ψεύσης,</span> <span class='ocrx_word' id='word_1_443' title='bbox 628 3314 716 3369; x_wconf 85' lang='grc' dir='ltr'><strong>καὶ</strong></span> <span class='ocrx_word' id='word_1_444' title='bbox 803 3309 1061 3367; x_wconf 81' lang='grc' dir='ltr'>οὐδέποτε</span> <span class='ocrx_word' id='word_1_445' title='bbox 1131 3309 1186 3365; x_wconf 68' lang='grc' dir='ltr'>ἐν</span> <span class='ocrx_word' id='word_1_446' title='bbox 1275 3313 1345 3383; x_wconf 80' lang='grc' dir='ltr'><strong>τῇ</strong></span> <span class='ocrx_word' id='word_1_447' title='bbox 1421 3307 1655 3380; x_wconf 79' lang='grc' dir='ltr'>ἀληθείᾳ</span> <span class='ocrx_word' id='word_1_448' title='bbox 1739 3305 1980 3379; x_wconf 71' lang='grc' dir='ltr'>ἕστηκεο</span> 
     </span>
    </p>
   </div>
   <div class='ocr_carea' id='block_1_62' title="bbox 317 3395 1980 3479">
    <p class='ocr_par' dir='ltr' id='par_1_62' title="bbox 317 3395 1980 3479">
     <span class='ocr_line' id='line_1_62' title="bbox 317 3395 1980 3479; baseline -0.007 -17"><span class='ocrx_word' id='word_1_449' title='bbox 317 3404 518 3478; x_wconf 67' lang='grc' dir='ltr'>(τοῦτο</span> <span class='ocrx_word' id='word_1_450' title='bbox 577 3404 684 3479; x_wconf 83' lang='grc' dir='ltr'><strong>γάρ</strong></span> <span class='ocrx_word' id='word_1_451' title='bbox 732 3404 768 3471; x_wconf 82' lang='grc' dir='ltr'>ἡ</span> <span class='ocrx_word' id='word_1_452' title='bbox 827 3400 1184 3459; x_wconf 77' lang='grc' dir='ltr'>ἑνυπόστάτος</span> <span class='ocrx_word' id='word_1_453' title='bbox 1226 3401 1375 3472; x_wconf 77' lang='grc' dir='ltr'>ἡμᾶς</span> <span class='ocrx_word' id='word_1_454' title='bbox 1426 3395 1659 3468; x_wconf 74' lang='grc' dir='ltr'>έδίδαξεν</span> <span class='ocrx_word' id='word_1_455' title='bbox 1705 3397 1980 3470; x_wconf 84' lang='grc' dir='ltr'>ἀλήθεια),</span> 
     </span>
    </p>
   </div>
   <div class='ocr_carea' id='block_1_63' title="bbox 318 3486 1987 3566">
    <p class='ocr_par' dir='ltr' id='par_1_63' title="bbox 318 3486 1987 3566">
     <span class='ocr_line' id='line_1_63' title="bbox 318 3486 1987 3566; baseline -0.006 -13"><span class='ocrx_word' id='word_1_456' title='bbox 318 3497 408 3552; x_wconf 83' lang='grc' dir='ltr'><strong>καὶ</strong></span> <span class='ocrx_word' id='word_1_457' title='bbox 455 3495 567 3551; x_wconf 75' lang='grc' dir='ltr'>οὐκ</span> <span class='ocrx_word' id='word_1_458' title='bbox 612 3487 756 3548; x_wconf 79' lang='grc' dir='ltr'>ἔστιν</span> <span class='ocrx_word' id='word_1_459' title='bbox 803 3487 980 3552; x_wconf 79' lang='grc' dir='ltr'>οὐδεὶς</span> <span class='ocrx_word' id='word_1_460' title='bbox 1028 3487 1175 3551; x_wconf 82' lang='grc' dir='ltr'>ὅλως</span> <span class='ocrx_word' id='word_1_461' title='bbox 1212 3493 1321 3544; x_wconf 82' lang='grc' dir='ltr'><strong>τῶν</strong></span> <span class='ocrx_word' id='word_1_462' title='bbox 1373 3486 1808 3566; x_wconf 81' lang='grc' dir='ltr'>ὁμολογούντων</span> <span class='ocrx_word' id='word_1_463' title='bbox 1858 3491 1987 3563; x_wconf 86' lang='grc' dir='ltr'>Χρι-</span> 
     </span>
    </p>
   </div>
   <div class='ocr_carea' id='block_1_64' title="bbox 322 3578 1987 3656">
    <p class='ocr_par' dir='ltr' id='par_1_64' title="bbox 322 3578 1987 3656">
     <span class='ocr_line' id='line_1_64' title="bbox 322 3578 1987 3656; baseline -0.013 -14"><span class='ocrx_word' id='word_1_464' title='bbox 322 3587 482 3656; x_wconf 86' lang='grc' dir='ltr'>στὸν,</span> <span class='ocrx_word' id='word_1_465' title='bbox 518 3583 580 3647; x_wconf 78' lang='grc' dir='ltr'>δς</span> <span class='ocrx_word' id='word_1_466' title='bbox 602 3583 664 3637; x_wconf 78' lang='grc' dir='ltr'>ἂν</span> <span class='ocrx_word' id='word_1_467' title='bbox 695 3579 999 3654; x_wconf 82' lang='grc' dir='ltr'>τολμήσειε</span> <span class='ocrx_word' id='word_1_468' title='bbox 1051 3581 1152 3647; x_wconf 81' lang='grc' dir='ltr'><strong>τήν</strong></span> <span class='ocrx_word' id='word_1_469' title='bbox 1201 3579 1456 3646; x_wconf 88' lang='grc' dir='ltr'>τοιαύτην</span> <span class='ocrx_word' id='word_1_470' title='bbox 1487 3580 1674 3656; x_wconf 79' lang='grc' dir='ltr'>φωνὴν</span> <span class='ocrx_word' id='word_1_471' title='bbox 1706 3578 1987 3654; x_wconf 74' lang='grc' dir='ltr'>παραγρά-</span> 
     </span>
    </p>
   </div>
   <div class='ocr_carea' id='block_1_65' title="bbox 323 3664 1989 3750">
    <p class='ocr_par' dir='ltr' id='par_1_65' title="bbox 323 3664 1989 3750">
     <span class='ocr_line' id='line_1_65' title="bbox 323 3664 1989 3750; baseline -0.005 -20"><span class='ocrx_word' id='word_1_472' title='bbox 323 3677 562 3750; x_wconf 74' lang='grc' dir='ltr'>ψασθαιο</span> <span class='ocrx_word' id='word_1_473' title='bbox 625 3675 744 3733; x_wconf 78' lang='grc' dir='ltr'>πῶς</span> <span class='ocrx_word' id='word_1_474' title='bbox 803 3670 867 3724; x_wconf 84' lang='grc' dir='ltr'><strong>ού</strong></span> <span class='ocrx_word' id='word_1_475' title='bbox 925 3669 1141 3724; x_wconf 81' lang='grc' dir='ltr'>πάντων</span> <span class='ocrx_word' id='word_1_476' title='bbox 1173 3667 1282 3724; x_wconf 80' lang='grc' dir='ltr'>ἐστὶ</span> <span class='ocrx_word' id='word_1_477' title='bbox 1341 3671 1738 3748; x_wconf 71' lang='grc' dir='ltr'>φανερώτερον,</span> <span class='ocrx_word' id='word_1_478' title='bbox 1771 3669 1844 3730; x_wconf 84' lang='grc' dir='ltr'><strong>ὡς</strong></span> <span class='ocrx_word' id='word_1_479' title='bbox 1893 3664 1989 3722; x_wconf 75' lang='grc' dir='ltr'><strong>οὓ-</strong></span> 
     </span>
    </p>
   </div>
   <div class='ocr_carea' id='block_1_66' title="bbox 324 3755 1988 3836">
    <p class='ocr_par' dir='ltr' id='par_1_66' title="bbox 324 3755 1988 3836">
     <span class='ocr_line' id='line_1_66' title="bbox 324 3755 1988 3836; baseline -0.005 -17"><span class='ocrx_word' id='word_1_480' title='bbox 324 3761 488 3824; x_wconf 81' lang='grc' dir='ltr'>δενὸς</span> <span class='ocrx_word' id='word_1_481' title='bbox 543 3764 653 3816; x_wconf 74' lang='grc' dir='ltr'><strong>τῶν</strong></span> <span class='ocrx_word' id='word_1_482' title='bbox 709 3756 962 3836; x_wconf 75' lang='grc' dir='ltr'>ἰπιγείων</span> <span class='ocrx_word' id='word_1_483' title='bbox 1016 3757 1326 3830; x_wconf 84' lang='grc' dir='ltr'>κτισμάτων</span> <span class='ocrx_word' id='word_1_484' title='bbox 1383 3759 1412 3812; x_wconf 86' lang='grc' dir='ltr'>ὁ</span> <span class='ocrx_word' id='word_1_485' title='bbox 1468 3761 1565 3812; x_wconf 78' lang='grc' dir='ltr'><strong>τοῦ</strong></span> <span class='ocrx_word' id='word_1_486' title='bbox 1607 3755 1833 3831; x_wconf 84' lang='grc' dir='ltr'>ψεύδους</span> <span class='ocrx_word' id='word_1_487' title='bbox 1885 3755 1988 3827; x_wconf 83' lang='grc' dir='ltr'>δη-</span> 
     </span>
    </p>
   </div>
   <div class='ocr_carea' id='block_1_67' title="bbox 327 3843 1991 3926">
    <p class='ocr_par' dir='ltr' id='par_1_67' title="bbox 327 3843 1991 3926">
     <span class='ocr_line' id='line_1_67' title="bbox 327 3843 1991 3926; baseline -0.004 -19"><span class='ocrx_word' id='word_1_488' title='bbox 327 3850 606 3926; x_wconf 80' lang='grc' dir='ltr'>μιουργὸς</span> <span class='ocrx_word' id='word_1_489' title='bbox 649 3847 832 3923; x_wconf 74' lang='grc' dir='ltr'>ἄρχει,</span> <span class='ocrx_word' id='word_1_490' title='bbox 886 3843 1002 3902; x_wconf 77' lang='grc' dir='ltr'>οὐδ’</span> <span class='ocrx_word' id='word_1_491' title='bbox 1033 3845 1175 3901; x_wconf 69' lang='grc' dir='ltr'>ἐστὶν</span> <span class='ocrx_word' id='word_1_492' title='bbox 1221 3845 1394 3902; x_wconf 78' lang='grc' dir='ltr'>αὐτῶν</span> <span class='ocrx_word' id='word_1_493' title='bbox 1447 3847 1704 3917; x_wconf 75' lang='grc' dir='ltr'>ποιητὴς,</span> <span class='ocrx_word' id='word_1_494' title='bbox 1735 3843 1882 3917; x_wconf 88' lang='grc' dir='ltr'>πλήν</span> <span class='ocrx_word' id='word_1_495' title='bbox 1930 3866 1991 3922; x_wconf 92' lang='grc' dir='ltr'><strong>γε</strong></span> 
     </span>
    </p>
   </div>
   <div class='ocr_carea' id='block_1_68' title="bbox 323 3933 1988 4012">
    <p class='ocr_par' dir='ltr' id='par_1_68' title="bbox 323 3933 1988 4012">
     <span class='ocr_line' id='line_1_68' title="bbox 323 3933 1988 4012; baseline -0.005 -15"><span class='ocrx_word' id='word_1_496' title='bbox 323 3947 436 3998; x_wconf 78' lang='grc' dir='ltr'>τῶν</span> <span class='ocrx_word' id='word_1_497' title='bbox 474 3937 808 4011; x_wconf 79' lang='grc' dir='ltr'>Θελημάτων</span> <span class='ocrx_word' id='word_1_498' title='bbox 841 3935 1052 3992; x_wconf 74' lang='grc' dir='ltr'>ἐκείνων</span> <span class='ocrx_word' id='word_1_499' title='bbox 1099 3937 1192 3990; x_wconf 85' lang='grc' dir='ltr'><strong>καὶ</strong></span> <span class='ocrx_word' id='word_1_500' title='bbox 1228 3937 1497 4012; x_wconf 78' lang='grc' dir='ltr'>πράξεων,</span> <span class='ocrx_word' id='word_1_501' title='bbox 1530 3937 1602 3990; x_wconf 82' lang='grc' dir='ltr'>ὧν</span> <span class='ocrx_word' id='word_1_502' title='bbox 1636 3935 1794 3996; x_wconf 79' lang='grc' dir='ltr'>αὐτός</span> <span class='ocrx_word' id='word_1_503' title='bbox 1850 3933 1988 3990; x_wconf 81' lang='grc' dir='ltr'>ἐστιν</span> 
     </span>
    </p>
   </div>
   <div class='ocr_carea' id='block_1_69' title="bbox 326 4021 1990 4103">
    <p class='ocr_par' dir='ltr' id='par_1_69' title="bbox 326 4021 1990 4103">
     <span class='ocr_line' id='line_1_69' title="bbox 326 4021 1990 4103; baseline -0.005 -17"><span class='ocrx_word' id='word_1_504' title='bbox 326 4026 689 4103; x_wconf 73' lang='grc' dir='ltr'>ὑποσπορεὺς</span> <span class='ocrx_word' id='word_1_505' title='bbox 738 4025 831 4081; x_wconf 81' lang='grc' dir='ltr'><strong>καὶ</strong></span> <span class='ocrx_word' id='word_1_506' title='bbox 899 4025 972 4080; x_wconf 81' lang='grc' dir='ltr'>ὧν</span> <span class='ocrx_word' id='word_1_507' title='bbox 1038 4024 1167 4087; x_wconf 81' lang='grc' dir='ltr'>τοὺς</span> <span class='ocrx_word' id='word_1_508' title='bbox 1239 4022 1542 4100; x_wconf 81' lang='grc' dir='ltr'>λογισμοὺς</span> <span class='ocrx_word' id='word_1_509' title='bbox 1618 4021 1990 4097; x_wconf 82' lang='grc' dir='ltr'>μετεπλάσατο</span> 
     </span>
    </p>
   </div>
   <div class='ocr_carea' id='block_1_70' title="bbox 326 4111 1992 4192">
    <p class='ocr_par' dir='ltr' id='par_1_70' title="bbox 326 4111 1992 4192">
     <span class='ocr_line' id='line_1_70' title="bbox 326 4111 1992 4192; baseline -0.004 -17"><span class='ocrx_word' id='word_1_510' title='bbox 326 4122 503 4177; x_wconf 58' lang='lat' dir='ltr'><strong>aut?”</strong></span> <span class='ocrx_word' id='word_1_511' title='bbox 565 4115 886 4192; x_wconf 79' lang='grc' dir='ltr'>ἐπιγράφειν</span> <span class='ocrx_word' id='word_1_512' title='bbox 932 4112 1152 4184; x_wconf 87' lang='grc' dir='ltr'>κτίστην</span> <span class='ocrx_word' id='word_1_513' title='bbox 1210 4114 1302 4169; x_wconf 84' lang='grc' dir='ltr'><strong>καὶ</strong></span> <span class='ocrx_word' id='word_1_514' title='bbox 1361 4111 1722 4190; x_wconf 85' lang='grc' dir='ltr'>δημιουργὸν,</span> <span class='ocrx_word' id='word_1_515' title='bbox 1755 4113 1864 4188; x_wconf 80' lang='grc' dir='ltr'>οὐχ</span> <span class='ocrx_word' id='word_1_516' title='bbox 1909 4112 1992 4169; x_wconf 78' lang='grc' dir='ltr'><strong>ὅτι</strong></span> 
     </span>
    </p>
   </div>
   <div class='ocr_carea' id='block_1_71' title="bbox 2087 3216 3732 3289">
    <p class='ocr_par' dir='ltr' id='par_1_71' title="bbox 2087 3216 3732 3289">
     <span class='ocr_line' id='line_1_71' title="bbox 2087 3216 3732 3289; baseline 0.005 -19"><span class='ocrx_word' id='word_1_517' title='bbox 2087 3216 2368 3288; x_wconf 78' lang='lat' dir='ltr'><strong>precidem</strong></span> <span class='ocrx_word' id='word_1_518' title='bbox 2425 3235 2509 3276; x_wconf 80' lang='lat' dir='ltr'><strong>me</strong></span> <span class='ocrx_word' id='word_1_519' title='bbox 2556 3221 2878 3278; x_wconf 71' lang='lat' dir='ltr'><strong>adoraveri:</strong></span> <span class='ocrx_word' id='word_1_520' title='bbox 2915 3221 2982 3280; x_wconf 79' lang='grc'><strong>⁸⁷.</strong></span> <span class='ocrx_word' id='word_1_521' title='bbox 3009 3224 3064 3278; x_wconf 89' lang='lat' dir='ltr'><strong>Si</strong></span> <span class='ocrx_word' id='word_1_522' title='bbox 3122 3225 3281 3280; x_wconf 90' lang='lat' dir='ltr'><strong>enim</strong></span> <span class='ocrx_word' id='word_1_523' title='bbox 3329 3225 3574 3281; x_wconf 82' lang='lat' dir='ltr'><strong>mendax</strong></span> <span class='ocrx_word' id='word_1_524' title='bbox 3621 3227 3732 3289; x_wconf 85' lang='lat' dir='ltr'><strong>est,</strong></span> 
     </span>
    </p>
   </div>
   <div class='ocr_carea' id='block_1_72' title="bbox 2090 3311 3730 3386">
    <p class='ocr_par' dir='ltr' id='par_1_72' title="bbox 2090 3311 3730 3386">
     <span class='ocr_line' id='line_1_72' title="bbox 2090 3311 3730 3386; baseline 0.004 -25"><span class='ocrx_word' id='word_1_525' title='bbox 2090 3322 2263 3379; x_wconf 78' lang='lat' dir='ltr'><strong>neque</strong></span> <span class='ocrx_word' id='word_1_526' title='bbox 2304 3323 2548 3380; x_wconf 81' lang='lat' dir='ltr'><strong>unquam</strong></span> <span class='ocrx_word' id='word_1_527' title='bbox 2578 3311 2638 3364; x_wconf 79' lang='lat' dir='ltr'><strong>in</strong></span> <span class='ocrx_word' id='word_1_528' title='bbox 2682 3311 2913 3368; x_wconf 77' lang='lat' dir='ltr'><strong>veritate</strong></span> <span class='ocrx_word' id='word_1_529' title='bbox 2938 3311 3250 3384; x_wconf 64' lang='lat' dir='ltr'><strong>perstitit”</strong></span> <span class='ocrx_word' id='word_1_530' title='bbox 3285 3313 3391 3386; x_wconf 85' lang='lat' dir='ltr'><strong>(ita</strong></span> <span class='ocrx_word' id='word_1_531' title='bbox 3429 3313 3583 3369; x_wconf 90' lang='lat' dir='ltr'><strong>enim</strong></span> <span class='ocrx_word' id='word_1_532' title='bbox 3623 3328 3730 3369; x_wconf 89' lang='lat' dir='ltr'><strong>nos</strong></span> 
     </span>
    </p>
   </div>
   <div class='ocr_carea' id='block_1_73' title="bbox 2091 3397 3732 3474">
    <p class='ocr_par' dir='ltr' id='par_1_73' title="bbox 2091 3397 3732 3474">
     <span class='ocr_line' id='line_1_73' title="bbox 2091 3397 3732 3474; baseline 0.003 -22"><span class='ocrx_word' id='word_1_533' title='bbox 2091 3397 2289 3452; x_wconf 89' lang='lat' dir='ltr'><strong>docuit</strong></span> <span class='ocrx_word' id='word_1_534' title='bbox 2317 3397 3052 3474; x_wconf 85' lang='lat' dir='ltr'><strong>ipsissimaveritas,neque</strong></span> <span class='ocrx_word' id='word_1_535' title='bbox 3073 3402 3384 3474; x_wconf 88' lang='lat' dir='ltr'><strong>quisquam</strong></span> <span class='ocrx_word' id='word_1_536' title='bbox 3407 3407 3496 3459; x_wconf 88' lang='lat' dir='ltr'><strong>est</strong></span> <span class='ocrx_word' id='word_1_537' title='bbox 3512 3417 3732 3469; x_wconf 88' lang='lat' dir='ltr'><strong>eorum,</strong></span> 
     </span>
    </p>
   </div>
   <div class='ocr_carea' id='block_1_74' title="bbox 2094 3485 3735 3563">
    <p class='ocr_par' dir='ltr' id='par_1_74' title="bbox 2094 3485 3735 3563">
     <span class='ocr_line' id='line_1_74' title="bbox 2094 3485 3735 3563; baseline 0.004 -23"><span class='ocrx_word' id='word_1_538' title='bbox 2094 3485 2190 3555; x_wconf 88' lang='lat' dir='ltr'><strong>qui</strong></span> <span class='ocrx_word' id='word_1_539' title='bbox 2220 3485 2519 3543; x_wconf 87' lang='lat' dir='ltr'><strong>Christum</strong></span> <span class='ocrx_word' id='word_1_540' title='bbox 2579 3489 2943 3560; x_wconf 83' lang='lat' dir='ltr'><strong>proﬁtentur,</strong></span> <span class='ocrx_word' id='word_1_541' title='bbox 2993 3493 3094 3563; x_wconf 89' lang='lat' dir='ltr'><strong>qui</strong></span> <span class='ocrx_word' id='word_1_542' title='bbox 3153 3492 3305 3549; x_wconf 90' lang='lat' dir='ltr'><strong>hanc</strong></span> <span class='ocrx_word' id='word_1_543' title='bbox 3357 3491 3735 3548; x_wconf 87' lang='lat' dir='ltr'><strong>assertionem</strong></span> 
     </span>
    </p>
   </div>
   <div class='ocr_carea' id='block_1_75' title="bbox 2094 3575 3740 3648">
    <p class='ocr_par' dir='ltr' id='par_1_75' title="bbox 2094 3575 3740 3648">
     <span class='ocr_line' id='line_1_75' title="bbox 2094 3575 3740 3648; baseline 0.004 -18"><span class='ocrx_word' id='word_1_544' title='bbox 2094 3575 2398 3632; x_wconf 85' lang='lat' dir='ltr'><strong>admittere</strong></span> <span class='ocrx_word' id='word_1_545' title='bbox 2441 3577 2627 3648; x_wconf 90' lang='lat' dir='ltr'><strong>nolit),</strong></span> <span class='ocrx_word' id='word_1_546' title='bbox 2666 3595 2858 3636; x_wconf 88' lang='lat' dir='ltr'><strong>nonne</strong></span> <span class='ocrx_word' id='word_1_547' title='bbox 2905 3581 3164 3638; x_wconf 89' lang='lat' dir='ltr'><strong>omnium</strong></span> <span class='ocrx_word' id='word_1_548' title='bbox 3199 3581 3740 3638; x_wconf 79' lang='lat' dir='ltr'><strong>manifestissimum</strong></span> 
     </span>
    </p>
   </div>
   <div class='ocr_carea' id='block_1_76' title="bbox 2096 3667 3738 3736">
    <p class='ocr_par' dir='ltr' id='par_1_76' title="bbox 2096 3667 3738 3736">
     <span class='ocr_line' id='line_1_76' title="bbox 2096 3667 3738 3736; baseline 0.004 -16"><span class='ocrx_word' id='word_1_549' title='bbox 2096 3669 2206 3734; x_wconf 89' lang='lat' dir='ltr'><strong>est,</strong></span> <span class='ocrx_word' id='word_1_550' title='bbox 2237 3667 2392 3736; x_wconf 90' lang='lat' dir='ltr'><strong>quod</strong></span> <span class='ocrx_word' id='word_1_551' title='bbox 2431 3667 2717 3723; x_wconf 88' lang='lat' dir='ltr'><strong>mendacii</strong></span> <span class='ocrx_word' id='word_1_552' title='bbox 2753 3679 2949 3727; x_wconf 89' lang='lat' dir='ltr'><strong>auctor</strong></span> <span class='ocrx_word' id='word_1_553' title='bbox 2978 3671 3123 3727; x_wconf 90' lang='lat' dir='ltr'><strong>nulli</strong></span> <span class='ocrx_word' id='word_1_554' title='bbox 3154 3688 3343 3727; x_wconf 88' lang='lat' dir='ltr'><strong>rerum</strong></span> <span class='ocrx_word' id='word_1_555' title='bbox 3375 3671 3738 3728; x_wconf 86' lang='lat' dir='ltr'><strong>terrestrium</strong></span> 
     </span>
    </p>
   </div>
   <div class='ocr_carea' id='block_1_77' title="bbox 2098 3755 3736 3828">
    <p class='ocr_par' dir='ltr' id='par_1_77' title="bbox 2098 3755 3736 3828">
     <span class='ocr_line' id='line_1_77' title="bbox 2098 3755 3736 3828; baseline 0.001 -16"><span class='ocrx_word' id='word_1_556' title='bbox 2098 3755 2447 3824; x_wconf 90' lang='lat' dir='ltr'><strong>dominetur,</strong></span> <span class='ocrx_word' id='word_1_557' title='bbox 2467 3772 2652 3828; x_wconf 89' lang='lat' dir='ltr'><strong>neque</strong></span> <span class='ocrx_word' id='word_1_558' title='bbox 2683 3758 2808 3828; x_wconf 89' lang='lat' dir='ltr'><strong>ipse</strong></span> <span class='ocrx_word' id='word_1_559' title='bbox 2833 3775 3033 3816; x_wconf 90' lang='lat' dir='ltr'><strong>earum</strong></span> <span class='ocrx_word' id='word_1_560' title='bbox 3058 3761 3326 3818; x_wconf 86' lang='lat' dir='ltr'><strong>conditor</strong></span> <span class='ocrx_word' id='word_1_561' title='bbox 3354 3762 3612 3826; x_wconf 82' lang='lat' dir='ltr'><strong>exsistat,</strong></span> <span class='ocrx_word' id='word_1_562' title='bbox 3635 3759 3736 3814; x_wconf 89' lang='lat' dir='ltr'><strong>sed</strong></span> 
     </span>
    </p>
   </div>
   <div class='ocr_carea' id='block_1_78' title="bbox 2099 3845 3739 3905">
    <p class='ocr_par' dir='ltr' id='par_1_78' title="bbox 2099 3845 3739 3905">
     <span class='ocr_line' id='line_1_78' title="bbox 2099 3845 3739 3905; baseline 0.002 -5"><span class='ocrx_word' id='word_1_563' title='bbox 2099 3849 2320 3900; x_wconf 89' lang='lat' dir='ltr'><strong>tantum</strong></span> <span class='ocrx_word' id='word_1_564' title='bbox 2353 3850 2556 3902; x_wconf 91' lang='lat' dir='ltr'><strong>auctor</strong></span> <span class='ocrx_word' id='word_1_565' title='bbox 2583 3845 2896 3903; x_wconf 86' lang='lat' dir='ltr'><strong>voluntatis</strong></span> <span class='ocrx_word' id='word_1_566' title='bbox 2927 3856 2982 3904; x_wconf 91' lang='lat' dir='ltr'><strong>et</strong></span> <span class='ocrx_word' id='word_1_567' title='bbox 3019 3851 3318 3905; x_wconf 87' lang='lat' dir='ltr'><strong>actionum</strong></span> <span class='ocrx_word' id='word_1_568' title='bbox 3369 3849 3601 3905; x_wconf 90' lang='lat' dir='ltr'><strong>illorum</strong></span> <span class='ocrx_word' id='word_1_569' title='bbox 3635 3848 3739 3904; x_wconf 88' lang='lat' dir='ltr'><strong>ho-</strong></span> 
     </span>
    </p>
   </div>
   <div class='ocr_carea' id='block_1_79' title="bbox 2099 3934 3740 4009">
    <p class='ocr_par' dir='ltr' id='par_1_79' title="bbox 2099 3934 3740 4009">
     <span class='ocr_line' id='line_1_79' title="bbox 2099 3934 3740 4009; baseline 0.002 -21"><span class='ocrx_word' id='word_1_570' title='bbox 2099 3934 2326 3990; x_wconf 91' lang='lat' dir='ltr'><strong>minum</strong></span> <span class='ocrx_word' id='word_1_571' title='bbox 2360 3935 2457 4004; x_wconf 89' lang='lat' dir='ltr'><strong>sit,</strong></span> <span class='ocrx_word' id='word_1_572' title='bbox 2481 3950 2622 4007; x_wconf 91' lang='lat' dir='ltr'><strong>quos</strong></span> <span class='ocrx_word' id='word_1_573' title='bbox 2643 3935 2770 4008; x_wconf 87' lang='lat' dir='ltr'><strong>ipse</strong></span> <span class='ocrx_word' id='word_1_574' title='bbox 2800 3939 3022 3993; x_wconf 88' lang='lat' dir='ltr'><strong>occulte</strong></span> <span class='ocrx_word' id='word_1_575' title='bbox 3051 3939 3372 4007; x_wconf 86' lang='lat' dir='ltr'><strong>seminavit,</strong></span> <span class='ocrx_word' id='word_1_576' title='bbox 3405 3943 3463 3994; x_wconf 90' lang='lat' dir='ltr'><strong>et</strong></span> <span class='ocrx_word' id='word_1_577' title='bbox 3492 3953 3740 4009; x_wconf 90' lang='lat' dir='ltr'><strong>quorum</strong></span> 
     </span>
    </p>
   </div>
   <div class='ocr_carea' id='block_1_80' title="bbox 2100 4024 3744 4098">
    <p class='ocr_par' dir='ltr' id='par_1_80' title="bbox 2100 4024 3744 4098">
     <span class='ocr_line' id='line_1_80' title="bbox 2100 4024 3744 4098; baseline 0.001 -20"><span class='ocrx_word' id='word_1_578' title='bbox 2100 4024 2382 4079; x_wconf 87' lang='lat' dir='ltr'><strong>rationem</strong></span> <span class='ocrx_word' id='word_1_579' title='bbox 2412 4024 2492 4080; x_wconf 87' lang='lat' dir='ltr'><strong>ita</strong></span> <span class='ocrx_word' id='word_1_580' title='bbox 2521 4024 2975 4095; x_wconf 86' lang='lat' dir='ltr'><strong>transformavit,</strong></span> <span class='ocrx_word' id='word_1_581' title='bbox 3002 4035 3065 4082; x_wconf 90' lang='lat' dir='ltr'><strong>ut</strong></span> <span class='ocrx_word' id='word_1_582' title='bbox 3086 4027 3281 4098; x_wconf 83' lang='lat' dir='ltr'><strong>ipsum</strong></span> <span class='ocrx_word' id='word_1_583' title='bbox 3304 4027 3664 4082; x_wconf 87' lang='lat' dir='ltr'><strong>conditorem</strong></span> <span class='ocrx_word' id='word_1_584' title='bbox 3686 4030 3744 4080; x_wconf 90' lang='lat' dir='ltr'><strong>et</strong></span> 
     </span>
    </p>
   </div>
   <div class='ocr_carea' id='block_1_81' title="bbox 2101 4113 3743 4186">
    <p class='ocr_par' dir='ltr' id='par_1_81' title="bbox 2101 4113 3743 4186">
     <span class='ocr_line' id='line_1_81' title="bbox 2101 4113 3743 4186; baseline 0.001 -19"><span class='ocrx_word' id='word_1_585' title='bbox 2101 4117 2395 4170; x_wconf 87' lang='lat' dir='ltr'><strong>auctorem</strong></span> <span class='ocrx_word' id='word_1_586' title='bbox 2427 4127 2622 4170; x_wconf 88' lang='lat' dir='ltr'><strong>rerum</strong></span> <span class='ocrx_word' id='word_1_587' title='bbox 2653 4114 3058 4183; x_wconf 89' lang='lat' dir='ltr'><strong>inscriberent,</strong></span> <span class='ocrx_word' id='word_1_588' title='bbox 3079 4131 3194 4170; x_wconf 93' lang='lat' dir='ltr'><strong>non</strong></span> <span class='ocrx_word' id='word_1_589' title='bbox 3218 4115 3386 4186; x_wconf 90' lang='lat' dir='ltr'><strong>quasi</strong></span> <span class='ocrx_word' id='word_1_590' title='bbox 3412 4115 3460 4170; x_wconf 89' lang='lat' dir='ltr'><strong>is</strong></span> <span class='ocrx_word' id='word_1_591' title='bbox 3482 4113 3743 4170; x_wconf 88' lang='lat' dir='ltr'><strong>animam</strong></span> 
     </span>
    </p>
   </div>
   <div class='ocr_carea' id='block_1_82' title="bbox 326 4197 1990 4282">
    <p class='ocr_par' dir='ltr' id='par_1_82' title="bbox 326 4197 1990 4282">
     <span class='ocr_line' id='line_1_82' title="bbox 326 4197 1990 4282; baseline -0.013 -17"><span class='ocrx_word' id='word_1_592' title='bbox 326 4213 520 4264; x_wconf 77' lang='grc' dir='ltr'>αὐτῶν</span> <span class='ocrx_word' id='word_1_593' title='bbox 562 4207 666 4276; x_wconf 85' lang='grc' dir='ltr'><strong>τήν</strong></span> <span class='ocrx_word' id='word_1_594' title='bbox 698 4205 888 4282; x_wconf 78' lang='grc' dir='ltr'>ψυχὴν</span> <span class='ocrx_word' id='word_1_595' title='bbox 919 4201 980 4258; x_wconf 79' lang='grc' dir='ltr'>ἐκ</span> <span class='ocrx_word' id='word_1_596' title='bbox 1012 4203 1088 4276; x_wconf 81' lang='grc' dir='ltr'>μὴ</span> <span class='ocrx_word' id='word_1_597' title='bbox 1137 4197 1330 4270; x_wconf 71' lang='grc' dir='ltr'>ὄντων,</span> <span class='ocrx_word' id='word_1_598' title='bbox 1362 4203 1397 4272; x_wconf 73' lang='grc' dir='ltr'><strong>ἢ</strong></span> <span class='ocrx_word' id='word_1_599' title='bbox 1431 4203 1494 4258; x_wconf 81' lang='grc' dir='ltr'>τὸ</span> <span class='ocrx_word' id='word_1_600' title='bbox 1553 4206 1714 4275; x_wconf 85' lang='grc' dir='ltr'>σῶμα</span> <span class='ocrx_word' id='word_1_601' title='bbox 1741 4204 1990 4278; x_wconf 77' lang='grc' dir='ltr'>παρήγα-</span> 
     </span>
    </p>
   </div>
   <div class='ocr_carea' id='block_1_83' title="bbox 2098 4197 3747 4282">
    <p class='ocr_par' dir='ltr' id='par_1_83' title="bbox 2105 4205 3747 4279">
     <span class='ocr_line' id='line_1_83' title="bbox 2105 4205 3747 4279; baseline 0.001 -19"><span class='ocrx_word' id='word_1_602' title='bbox 2105 4210 2205 4261; x_wconf 90' lang='lat' dir='ltr'><strong>aut</strong></span> <span class='ocrx_word' id='word_1_603' title='bbox 2232 4222 2443 4279; x_wconf 87' lang='lat' dir='ltr'><strong>corpus</strong></span> <span class='ocrx_word' id='word_1_604' title='bbox 2492 4223 2694 4263; x_wconf 91' lang='lat' dir='ltr'><strong>eorum</strong></span> <span class='ocrx_word' id='word_1_605' title='bbox 2726 4224 2795 4263; x_wconf 84' lang='lat' dir='ltr'><strong>ex</strong></span> <span class='ocrx_word' id='word_1_606' title='bbox 2835 4223 2952 4264; x_wconf 93' lang='lat' dir='ltr'><strong>non</strong></span> <span class='ocrx_word' id='word_1_607' title='bbox 2990 4207 3401 4263; x_wconf 84' lang='lat' dir='ltr'><strong>exsistentibus</strong></span> <span class='ocrx_word' id='word_1_608' title='bbox 3432 4205 3747 4278; x_wconf 82' lang='lat' dir='ltr'><strong>produxis-</strong></span> 
     </span>
    </p>
   </div>
   <div class='ocr_carea' id='block_1_84' title="bbox 324 4291 1990 4375">
    <p class='ocr_par' dir='ltr' id='par_1_84' title="bbox 324 4291 1990 4375">
     <span class='ocr_line' id='line_1_84' title="bbox 324 4291 1990 4375; baseline -0.005 -21"><span class='ocrx_word' id='word_1_609' title='bbox 324 4320 444 4375; x_wconf 86' lang='grc' dir='ltr'>γεν,</span> <span class='ocrx_word' id='word_1_610' title='bbox 482 4295 614 4352; x_wconf 81' lang='grc' dir='ltr'>ἀλλ’</span> <span class='ocrx_word' id='word_1_611' title='bbox 648 4296 736 4350; x_wconf 74' lang='grc' dir='ltr'><strong>ὅτι</strong></span> <span class='ocrx_word' id='word_1_612' title='bbox 767 4293 932 4349; x_wconf 76' lang='grc' dir='ltr'>αὐτὸν</span> <span class='ocrx_word' id='word_1_613' title='bbox 984 4294 1198 4354; x_wconf 75' lang='grc' dir='ltr'>ἑαυτοῖς</span> <span class='ocrx_word' id='word_1_614' title='bbox 1249 4293 1397 4348; x_wconf 80' lang='grc' dir='ltr'>οὗτοι</span> <span class='ocrx_word' id='word_1_615' title='bbox 1443 4292 1864 4368; x_wconf 81' lang='grc' dir='ltr'>παρηνέχθησαν</span> <span class='ocrx_word' id='word_1_616' title='bbox 1899 4291 1990 4346; x_wconf 88' lang='grc' dir='ltr'>κύ-</span> 
     </span>
    </p>
   </div>
   <div class='ocr_carea' id='block_1_85' title="bbox 2098 4291 3744 4375">
    <p class='ocr_par' dir='ltr' id='par_1_85' title="bbox 2105 4297 3744 4367">
     <span class='ocr_line' id='line_1_85' title="bbox 2105 4297 3744 4367; baseline -0.001 -16"><span class='ocrx_word' id='word_1_617' title='bbox 2105 4299 2214 4364; x_wconf 86' lang='lat' dir='ltr'><strong>set,</strong></span> <span class='ocrx_word' id='word_1_618' title='bbox 2229 4298 2325 4351; x_wconf 91' lang='lat' dir='ltr'><strong>sed</strong></span> <span class='ocrx_word' id='word_1_619' title='bbox 2345 4298 2496 4367; x_wconf 89' lang='lat' dir='ltr'><strong>quod</strong></span> <span class='ocrx_word' id='word_1_620' title='bbox 2529 4299 2672 4355; x_wconf 88' lang='lat' dir='ltr'><strong>adeo</strong></span> <span class='ocrx_word' id='word_1_621' title='bbox 2696 4298 2751 4353; x_wconf 89' lang='lat' dir='ltr'><strong>in</strong></span> <span class='ocrx_word' id='word_1_622' title='bbox 2777 4302 3170 4355; x_wconf 82' lang='lat' dir='ltr'><strong>transversum</strong></span> <span class='ocrx_word' id='word_1_623' title='bbox 3195 4297 3305 4353; x_wconf 89' lang='lat' dir='ltr'><strong>acti</strong></span> <span class='ocrx_word' id='word_1_624' title='bbox 3328 4300 3487 4364; x_wconf 88' lang='lat' dir='ltr'><strong>sunt,</strong></span> <span class='ocrx_word' id='word_1_625' title='bbox 3521 4300 3584 4351; x_wconf 89' lang='lat' dir='ltr'><strong>ut</strong></span> <span class='ocrx_word' id='word_1_626' title='bbox 3608 4310 3744 4351; x_wconf 90' lang='lat' dir='ltr'><strong>eum</strong></span> 
     </span>
    </p>
   </div>
   <div class='ocr_carea' id='block_1_86' title="bbox 325 4381 1990 4464">
    <p class='ocr_par' dir='ltr' id='par_1_86' title="bbox 325 4381 1990 4464">
     <span class='ocr_line' id='line_1_86' title="bbox 325 4381 1990 4464; baseline -0.004 -22"><span class='ocrx_word' id='word_1_627' title='bbox 325 4410 456 4464; x_wconf 80' lang='grc' dir='ltr'>ριον</span> <span class='ocrx_word' id='word_1_628' title='bbox 511 4385 966 4460; x_wconf 80' lang='grc' dir='ltr'>ἐπιγράψασθαι;</span> <span class='ocrx_word' id='word_1_629' title='bbox 1020 4384 1181 4438; x_wconf 80' lang='grc' dir='ltr'>Ὥστε</span> <span class='ocrx_word' id='word_1_630' title='bbox 1235 4381 1368 4457; x_wconf 79' lang='grc' dir='ltr'>ὅπερ</span> <span class='ocrx_word' id='word_1_631' title='bbox 1416 4383 1552 4444; x_wconf 75' lang='grc' dir='ltr'>τινὲς</span> <span class='ocrx_word' id='word_1_632' title='bbox 1590 4387 1698 4438; x_wconf 82' lang='grc' dir='ltr'><strong>τῶν</strong></span> <span class='ocrx_word' id='word_1_633' title='bbox 1753 4381 1859 4438; x_wconf 86' lang='grc' dir='ltr'>ἀπὸ</span> <span class='ocrx_word' id='word_1_634' title='bbox 1897 4388 1990 4452; x_wconf 83' lang='grc' dir='ltr'><strong>τῆς</strong></span> 
     </span>
    </p>
   </div>
   <div class='ocr_carea' id='block_1_87' title="bbox 2098 4381 3747 4464">
    <p class='ocr_par' dir='ltr' id='par_1_87' title="bbox 2105 4383 3747 4458">
     <span class='ocr_line' id='line_1_87' title="bbox 2105 4383 3747 4458; baseline -0.001 -17"><span class='ocrx_word' id='word_1_635' title='bbox 2105 4385 2218 4456; x_wconf 91' lang='lat' dir='ltr'><strong>ipsi</strong></span> <span class='ocrx_word' id='word_1_636' title='bbox 2248 4387 2360 4442; x_wconf 90' lang='lat' dir='ltr'><strong>sibi</strong></span> <span class='ocrx_word' id='word_1_637' title='bbox 2409 4387 2718 4444; x_wconf 90' lang='lat' dir='ltr'><strong>Dominum</strong></span> <span class='ocrx_word' id='word_1_638' title='bbox 2761 4387 3212 4444; x_wconf 86' lang='lat' dir='ltr'><strong>constituerint?</strong></span> <span class='ocrx_word' id='word_1_639' title='bbox 3251 4388 3445 4458; x_wconf 86' lang='lat' dir='ltr'><strong>Itaque</strong></span> <span class='ocrx_word' id='word_1_640' title='bbox 3473 4385 3556 4455; x_wconf 92' lang='lat' dir='ltr'><strong>id,</strong></span> <span class='ocrx_word' id='word_1_641' title='bbox 3588 4383 3747 4456; x_wconf 89' lang='lat' dir='ltr'><strong>quod</strong></span> 
     </span>
    </p>
   </div>
   <div class='ocr_carea' id='block_1_88' title="bbox 331 4467 1990 4548">
    <p class='ocr_par' dir='ltr' id='par_1_88' title="bbox 331 4467 1990 4548">
     <span class='ocr_line' id='line_1_88' title="bbox 331 4467 1990 4548; baseline -0.004 -15"><span class='ocrx_word' id='word_1_642' title='bbox 331 4477 564 4545; x_wconf 82' lang='grc' dir='ltr'>πλάνης</span> <span class='ocrx_word' id='word_1_643' title='bbox 616 4473 696 4537; x_wconf 67' lang='grc' dir='ltr'>εἷς</span> <span class='ocrx_word' id='word_1_644' title='bbox 761 4473 1095 4548; x_wconf 88' lang='grc' dir='ltr'>παράστασιν</span> <span class='ocrx_word' id='word_1_645' title='bbox 1151 4476 1249 4526; x_wconf 75' lang='grc' dir='ltr'><strong>τοῦ</strong></span> <span class='ocrx_word' id='word_1_646' title='bbox 1316 4469 1520 4526; x_wconf 76' lang='grc' dir='ltr'>οἰκείου</span> <span class='ocrx_word' id='word_1_647' title='bbox 1587 4467 1990 4547; x_wconf 72' lang='grc' dir='ltr'>προϐάλλονται</span> 
     </span>
    </p>
   </div>
   <div class='ocr_carea' id='block_1_89' title="bbox 2098 4467 3746 4548">
    <p class='ocr_par' dir='ltr' id='par_1_89' title="bbox 2107 4473 3746 4546">
     <span class='ocr_line' id='line_1_89' title="bbox 2107 4473 3746 4546; baseline -0.002 -15"><span class='ocrx_word' id='word_1_648' title='bbox 2107 4475 2375 4532; x_wconf 89' lang='lat' dir='ltr'><strong>nonnulli</strong></span> <span class='ocrx_word' id='word_1_649' title='bbox 2407 4478 2730 4533; x_wconf 89' lang='lat' dir='ltr'><strong>errantium</strong></span> <span class='ocrx_word' id='word_1_650' title='bbox 2760 4478 2819 4532; x_wconf 91' lang='lat' dir='ltr'><strong>in</strong></span> <span class='ocrx_word' id='word_1_651' title='bbox 2851 4477 3248 4534; x_wconf 79' lang='lat' dir='ltr'><strong>defensionem</strong></span> <span class='ocrx_word' id='word_1_652' title='bbox 3279 4473 3594 4546; x_wconf 90' lang='lat' dir='ltr'><strong>impietatis</strong></span> <span class='ocrx_word' id='word_1_653' title='bbox 3625 4489 3746 4529; x_wconf 73' lang='lat' dir='ltr'><strong>suae</strong></span> 
     </span>
    </p>
   </div>
   <div class='ocr_carea' id='block_1_90' title="bbox 333 4557 1988 4637">
    <p class='ocr_par' dir='ltr' id='par_1_90' title="bbox 333 4557 1988 4637">
     <span class='ocr_line' id='line_1_90' title="bbox 333 4557 1988 4637; baseline -0.005 -15"><span class='ocrx_word' id='word_1_654' title='bbox 333 4559 788 4637; x_wconf 73' lang='grc' dir='ltr'>δυσσεὸήματος,</span> <span class='ocrx_word' id='word_1_655' title='bbox 853 4562 1042 4635; x_wconf 80' lang='grc' dir='ltr'>ὅτιπερ</span> <span class='ocrx_word' id='word_1_656' title='bbox 1087 4558 1247 4637; x_wconf 77' lang='grc' dir='ltr'>ἄρχει</span> <span class='ocrx_word' id='word_1_657' title='bbox 1277 4564 1385 4616; x_wconf 76' lang='grc' dir='ltr'><strong>τῶν</strong></span> <span class='ocrx_word' id='word_1_658' title='bbox 1435 4557 1688 4636; x_wconf 78' lang='grc' dir='ltr'>ἔπιγείων</span> <span class='ocrx_word' id='word_1_659' title='bbox 1739 4561 1766 4614; x_wconf 84' lang='grc' dir='ltr'>ὁ</span> <span class='ocrx_word' id='word_1_660' title='bbox 1811 4565 1988 4630; x_wconf 85' lang='grc' dir='ltr'>Πονη-</span> 
     </span>
    </p>
   </div>
   <div class='ocr_carea' id='block_1_91' title="bbox 335 4647 1998 4731">
    <p class='ocr_par' dir='ltr' id='par_1_91' title="bbox 335 4647 1998 4731">
     <span class='ocr_line' id='line_1_91' title="bbox 335 4647 1998 4731; baseline -0.005 -19"><span class='ocrx_word' id='word_1_661' title='bbox 335 4659 460 4731; x_wconf 78' lang='grc' dir='ltr'>ρὸς,</span> <span class='ocrx_word' id='word_1_662' title='bbox 491 4657 664 4710; x_wconf 79' lang='grc' dir='ltr'>τοῦτο</span> <span class='ocrx_word' id='word_1_663' title='bbox 689 4651 875 4713; x_wconf 83' lang='grc' dir='ltr'>αὐτοῖς</span> <span class='ocrx_word' id='word_1_664' title='bbox 901 4650 977 4713; x_wconf 76' lang='grc' dir='ltr'>εἲς</span> <span class='ocrx_word' id='word_1_665' title='bbox 1001 4655 1064 4706; x_wconf 85' lang='grc' dir='ltr'>τὸ</span> <span class='ocrx_word' id='word_1_666' title='bbox 1098 4647 1332 4722; x_wconf 80' lang='grc' dir='ltr'>μηδενὸς</span> <span class='ocrx_word' id='word_1_667' title='bbox 1364 4649 1545 4704; x_wconf 80' lang='grc' dir='ltr'>αὐτῶν</span> <span class='ocrx_word' id='word_1_668' title='bbox 1577 4650 1998 4724; x_wconf 82' lang='grc' dir='ltr'>περιέστραπται</span> 
     </span>
    </p>
   </div>
   <div class='ocr_carea' id='block_1_92' title="bbox 338 4735 2001 4820">
    <p class='ocr_par' dir='ltr' id='par_1_92' title="bbox 338 4735 2001 4820">
     <span class='ocr_line' id='line_1_92' title="bbox 338 4735 2001 4820; baseline -0.005 -19"><span class='ocrx_word' id='word_1_669' title='bbox 338 4747 610 4820; x_wconf 84' lang='grc' dir='ltr'>μετέχειν</span> <span class='ocrx_word' id='word_1_670' title='bbox 665 4749 768 4812; x_wconf 84' lang='grc' dir='ltr'>τῆς</span> <span class='ocrx_word' id='word_1_671' title='bbox 819 4741 1019 4816; x_wconf 84' lang='grc' dir='ltr'>ἀρχῆς.</span> <span class='ocrx_word' id='word_1_672' title='bbox 1070 4739 1324 4806; x_wconf 85' lang='grc' dir='ltr'>Ψεύστης</span> <span class='ocrx_word' id='word_1_673' title='bbox 1361 4738 1458 4813; x_wconf 78' lang='grc' dir='ltr'><strong>γὰρ</strong></span> <span class='ocrx_word' id='word_1_674' title='bbox 1507 4735 1580 4793; x_wconf 82' lang='grc' dir='ltr'>ὣν</span> <span class='ocrx_word' id='word_1_675' title='bbox 1628 4738 1720 4793; x_wconf 84' lang='grc' dir='ltr'><strong>καὶ</strong></span> <span class='ocrx_word' id='word_1_676' title='bbox 1769 4735 2001 4812; x_wconf 79' lang='grc' dir='ltr'>ψεύδους</span> 
     </span>
    </p>
   </div>
   <div class='ocr_carea' id='block_1_93' title="bbox 338 4825 2000 4912">
    <p class='ocr_par' dir='ltr' id='par_1_93' title="bbox 338 4825 2000 4912">
     <span class='ocr_line' id='line_1_93' title="bbox 338 4825 2000 4912; baseline -0.005 -22"><span class='ocrx_word' id='word_1_677' title='bbox 338 4833 601 4912; x_wconf 76' lang='grc' dir='ltr'>ἀρχηγὸς</span> <span class='ocrx_word' id='word_1_678' title='bbox 659 4831 818 4894; x_wconf 82' lang='grc' dir='ltr'>αὐτὸς</span> <span class='ocrx_word' id='word_1_679' title='bbox 873 4831 1085 4885; x_wconf 81' lang='grc' dir='ltr'>ἀνεῖπεν</span> <span class='ocrx_word' id='word_1_680' title='bbox 1143 4830 1317 4901; x_wconf 72' lang='grc' dir='ltr'>ἑαυτῷ</span> <span class='ocrx_word' id='word_1_681' title='bbox 1374 4832 1480 4882; x_wconf 85' lang='grc' dir='ltr'><strong>τῶν</strong></span> <span class='ocrx_word' id='word_1_682' title='bbox 1533 4826 1783 4904; x_wconf 70' lang='grc' dir='ltr'>ἐπιγείων</span> <span class='ocrx_word' id='word_1_683' title='bbox 1851 4825 2000 4906; x_wconf 83' lang='grc' dir='ltr'>ἔχειν</span> 
     </span>
    </p>
   </div>
   <div class='ocr_carea' id='block_1_94' title="bbox 337 4916 2002 4998">
    <p class='ocr_par' dir='ltr' id='par_1_94' title="bbox 337 4916 2002 4998">
     <span class='ocr_line' id='line_1_94' title="bbox 337 4916 2002 4998; baseline -0.005 -18"><span class='ocrx_word' id='word_1_684' title='bbox 337 4929 448 4994; x_wconf 70' lang='grc' dir='ltr'>τὴν</span> <span class='ocrx_word' id='word_1_685' title='bbox 493 4924 704 4998; x_wconf 78' lang='grc' dir='ltr'>ἀρχήν.</span> <span class='ocrx_word' id='word_1_686' title='bbox 754 4917 928 4977; x_wconf 83' lang='grc' dir='ltr'><strong>Ἀλλὰ</strong></span> <span class='ocrx_word' id='word_1_687' title='bbox 981 4919 1088 4994; x_wconf 82' lang='grc' dir='ltr'><strong>γὰρ</strong></span> <span class='ocrx_word' id='word_1_688' title='bbox 1127 4917 1174 4973; x_wconf 83' lang='grc' dir='ltr'><strong>εί</strong></span> <span class='ocrx_word' id='word_1_689' title='bbox 1202 4917 1271 4973; x_wconf 78' lang='grc' dir='ltr'>τὰ</span> <span class='ocrx_word' id='word_1_690' title='bbox 1299 4916 1526 4991; x_wconf 85' lang='grc' dir='ltr'>σώματά</span> <span class='ocrx_word' id='word_1_691' title='bbox 1556 4916 1665 4972; x_wconf 83' lang='grc' dir='ltr'>ἐστι</span> <span class='ocrx_word' id='word_1_692' title='bbox 1694 4921 1792 4973; x_wconf 79' lang='grc' dir='ltr'><strong>τοῦ</strong></span> <span class='ocrx_word' id='word_1_693' title='bbox 1823 4923 2002 4988; x_wconf 87' lang='grc' dir='ltr'>Πονη-</span> 
     </span>
    </p>
   </div>
   <div class='ocr_carea' id='block_1_95' title="bbox 346 5005 2003 5091">
    <p class='ocr_par' dir='ltr' id='par_1_95' title="bbox 346 5005 2003 5091">
     <span class='ocr_line' id='line_1_95' title="bbox 346 5005 2003 5091; baseline -0.005 -22"><span class='ocrx_word' id='word_1_694' title='bbox 346 5019 473 5091; x_wconf 73' lang='grc' dir='ltr'>ροῦ,</span> <span class='ocrx_word' id='word_1_695' title='bbox 521 5016 645 5074; x_wconf 81' lang='grc' dir='ltr'><strong>πῶς</strong></span> <span class='ocrx_word' id='word_1_696' title='bbox 693 5010 746 5065; x_wconf 76' lang='grc' dir='ltr'>οἱ</span> <span class='ocrx_word' id='word_1_697' title='bbox 794 5008 1031 5084; x_wconf 83' lang='grc' dir='ltr'>μαθηταὶ</span> <span class='ocrx_word' id='word_1_698' title='bbox 1071 5007 1136 5063; x_wconf 84' lang='grc' dir='ltr'>τὸ</span> <span class='ocrx_word' id='word_1_699' title='bbox 1171 5005 1306 5070; x_wconf 75' lang='grc' dir='ltr'>ἅλας</span> <span class='ocrx_word' id='word_1_700' title='bbox 1339 5005 1550 5062; x_wconf 79' lang='grc' dir='ltr'>ἔσονται</span> <span class='ocrx_word' id='word_1_701' title='bbox 1573 5009 1672 5073; x_wconf 77' lang='grc' dir='ltr'>τῆς</span> <span class='ocrx_word' id='word_1_702' title='bbox 1705 5009 1806 5084; x_wconf 76' lang='grc' dir='ltr'><strong>γῆς</strong></span> <span class='ocrx_word' id='word_1_703' title='bbox 1833 5026 1848 5076; x_wconf 88' lang='grc'><strong>;</strong></span> <span class='ocrx_word' id='word_1_704' title='bbox 1878 5009 2003 5070; x_wconf 82' lang='grc' dir='ltr'>Πῶς</span> 
     </span>
    </p>
   </div>
   <div class='ocr_carea' id='block_1_96' title="bbox 345 5093 2001 5177">
    <p class='ocr_par' dir='ltr' id='par_1_96' title="bbox 345 5093 2001 5177">
     <span class='ocr_line' id='line_1_96' title="bbox 345 5093 2001 5177; baseline -0.005 -18"><span class='ocrx_word' id='word_1_705' title='bbox 345 5103 408 5159; x_wconf 66' lang='grc' dir='ltr'><strong>δὲ</strong></span> <span class='ocrx_word' id='word_1_706' title='bbox 437 5102 504 5158; x_wconf 83' lang='grc' dir='ltr'><strong>τὸ</strong></span> <span class='ocrx_word' id='word_1_707' title='bbox 544 5104 662 5177; x_wconf 82' lang='grc' dir='ltr'><strong>φῶς</strong></span> <span class='ocrx_word' id='word_1_708' title='bbox 709 5101 807 5154; x_wconf 78' lang='grc' dir='ltr'>τοῦ</span> <span class='ocrx_word' id='word_1_709' title='bbox 843 5096 1056 5171; x_wconf 85' lang='grc' dir='ltr'>κόσμου</span> <span class='ocrx_word' id='word_1_710' title='bbox 1084 5117 1100 5164; x_wconf 74' lang='grc' dir='ltr'><strong>ς</strong></span> <span class='ocrx_word' id='word_1_711' title='bbox 1148 5095 1198 5166; x_wconf 68' lang='grc' dir='ltr'><strong>ἐξ</strong></span> <span class='ocrx_word' id='word_1_712' title='bbox 1226 5096 1484 5169; x_wconf 86' lang='grc' dir='ltr'>ἡμισείας</span> <span class='ocrx_word' id='word_1_713' title='bbox 1513 5096 1614 5172; x_wconf 78' lang='grc' dir='ltr'>γὰρ</span> <span class='ocrx_word' id='word_1_714' title='bbox 1637 5097 1727 5152; x_wconf 83' lang='grc' dir='ltr'><strong>καὶ</strong></span> <span class='ocrx_word' id='word_1_715' title='bbox 1751 5093 2001 5152; x_wconf 86' lang='grc' dir='ltr'>άλίσουσι</span> 
     </span>
    </p>
   </div>
   <div class='ocr_carea' id='block_1_97' title="bbox 345 5183 2002 5269">
    <p class='ocr_par' dir='ltr' id='par_1_97' title="bbox 345 5183 2002 5269">
     <span class='ocr_line' id='line_1_97' title="bbox 345 5183 2002 5269; baseline -0.004 -22"><span class='ocrx_word' id='word_1_716' title='bbox 345 5193 444 5247; x_wconf 68' lang='grc' dir='ltr'><strong>καὶ</strong></span> <span class='ocrx_word' id='word_1_717' title='bbox 481 5188 802 5269; x_wconf 86' lang='grc' dir='ltr'>φωτίσουσι,</span> <span class='ocrx_word' id='word_1_718' title='bbox 856 5184 1069 5262; x_wconf 80' lang='grc' dir='ltr'>μᾶλλον</span> <span class='ocrx_word' id='word_1_719' title='bbox 1124 5183 1182 5240; x_wconf 72' lang='grc' dir='ltr'><strong>δὲ</strong></span> <span class='ocrx_word' id='word_1_720' title='bbox 1229 5185 1331 5241; x_wconf 73' lang='grc' dir='ltr'><strong>οὐκ</strong></span> <span class='ocrx_word' id='word_1_721' title='bbox 1376 5184 1425 5254; x_wconf 78' lang='grc' dir='ltr'><strong>ἐξ</strong></span> <span class='ocrx_word' id='word_1_722' title='bbox 1457 5184 1731 5258; x_wconf 79' lang='grc' dir='ltr'>ἡμισείας.</span> <span class='ocrx_word' id='word_1_723' title='bbox 1767 5185 1867 5242; x_wconf 81' lang='grc' dir='ltr'>Καὶ</span> <span class='ocrx_word' id='word_1_724' title='bbox 1898 5185 2002 5262; x_wconf 78' lang='grc' dir='ltr'><strong>γὰρ</strong></span> 
     </span>
    </p>
   </div>
   <div class='ocr_carea' id='block_1_98' title="bbox 347 5273 2005 5352">
    <p class='ocr_par' dir='ltr' id='par_1_98' title="bbox 347 5273 2005 5352">
     <span class='ocr_line' id='line_1_98' title="bbox 347 5273 2005 5352; baseline -0.003 -17"><span class='ocrx_word' id='word_1_725' title='bbox 347 5281 448 5336; x_wconf 80' lang='grc' dir='ltr'><strong>καὶ</strong></span> <span class='ocrx_word' id='word_1_726' title='bbox 473 5278 542 5334; x_wconf 76' lang='grc' dir='ltr'><strong>τά</strong></span> <span class='ocrx_word' id='word_1_727' title='bbox 571 5277 750 5352; x_wconf 73' lang='grc' dir='ltr'>ἡμίση</span> <span class='ocrx_word' id='word_1_728' title='bbox 777 5274 942 5332; x_wconf 82' lang='grc' dir='ltr'>πάλιν</span> <span class='ocrx_word' id='word_1_729' title='bbox 963 5279 1061 5332; x_wconf 81' lang='grc' dir='ltr'>τοῦ</span> <span class='ocrx_word' id='word_1_730' title='bbox 1092 5274 1433 5351; x_wconf 79' lang='grc' dir='ltr'>ἄνθρωπίνου</span> <span class='ocrx_word' id='word_1_731' title='bbox 1465 5274 1854 5352; x_wconf 84' lang='grc' dir='ltr'>συγκρίματος,</span> <span class='ocrx_word' id='word_1_732' title='bbox 1877 5273 2005 5331; x_wconf 82' lang='grc' dir='ltr'>ἀλλ’</span> 
     </span>
    </p>
   </div>
   <div class='ocr_carea' id='block_1_99' title="bbox 352 5360 2006 5442">
    <p class='ocr_par' dir='ltr' id='par_1_99' title="bbox 352 5360 2006 5442">
     <span class='ocr_line' id='line_1_99' title="bbox 352 5360 2006 5442; baseline -0.004 -17"><span class='ocrx_word' id='word_1_733' title='bbox 352 5366 471 5442; x_wconf 77' lang='grc' dir='ltr'>οὐχ</span> <span class='ocrx_word' id='word_1_734' title='bbox 497 5364 629 5423; x_wconf 77' lang='grc' dir='ltr'>ὅλον</span> <span class='ocrx_word' id='word_1_735' title='bbox 679 5365 842 5422; x_wconf 74' lang='grc' dir='ltr'>ποθὶν</span> <span class='ocrx_word' id='word_1_736' title='bbox 877 5363 970 5420; x_wconf 87' lang='grc' dir='ltr'><strong>τὸν</strong></span> <span class='ocrx_word' id='word_1_737' title='bbox 1003 5361 1310 5438; x_wconf 79' lang='grc' dir='ltr'>ἄνθρωπον.</span> <span class='ocrx_word' id='word_1_738' title='bbox 1360 5360 1729 5419; x_wconf 84' lang='grc' dir='ltr'>Ἀνεπίδεκτον</span> <span class='ocrx_word' id='word_1_739' title='bbox 1759 5362 1862 5438; x_wconf 89' lang='grc' dir='ltr'><strong>γάρ</strong></span> <span class='ocrx_word' id='word_1_740' title='bbox 1895 5362 2006 5419; x_wconf 81' lang='grc' dir='ltr'>ἐστι</span> 
     </span>
    </p>
   </div>
   <div class='ocr_carea' id='block_1_100' title="bbox 354 5451 2006 5533">
    <p class='ocr_par' dir='ltr' id='par_1_100' title="bbox 354 5451 2006 5533">
     <span class='ocr_line' id='line_1_100' title="bbox 354 5451 2006 5533; baseline -0.003 -17"><span class='ocrx_word' id='word_1_741' title='bbox 354 5459 424 5516; x_wconf 73' lang='grc' dir='ltr'>τὸ</span> <span class='ocrx_word' id='word_1_742' title='bbox 455 5457 680 5533; x_wconf 84' lang='grc' dir='ltr'>ηλάσμα</span> <span class='ocrx_word' id='word_1_743' title='bbox 723 5461 823 5514; x_wconf 81' lang='grc' dir='ltr'><strong>τοῦ</strong></span> <span class='ocrx_word' id='word_1_744' title='bbox 879 5459 1138 5530; x_wconf 81' lang='grc' dir='ltr'>Πονηροῦ</span> <span class='ocrx_word' id='word_1_745' title='bbox 1191 5455 1508 5526; x_wconf 80' lang='grc' dir='ltr'>ἁλισθῆναι,</span> <span class='ocrx_word' id='word_1_746' title='bbox 1553 5451 1692 5510; x_wconf 81' lang='grc' dir='ltr'>ὥστε</span> <span class='ocrx_word' id='word_1_747' title='bbox 1752 5454 1830 5529; x_wconf 84' lang='grc' dir='ltr'>μή</span> <span class='ocrx_word' id='word_1_748' title='bbox 1869 5455 2006 5530; x_wconf 83' lang='grc' dir='ltr'>πρὸς</span> 
     </span>
    </p>
   </div>
   <div class='ocr_carea' id='block_1_101' title="bbox 2125 4563 3747 4638">
    <p class='ocr_par' dir='ltr' id='par_1_101' title="bbox 2125 4563 3747 4638">
     <span class='ocr_line' id='line_1_101' title="bbox 2125 4563 3747 4638; baseline -0.001 -17"><span class='ocrx_word' id='word_1_749' title='bbox 2125 4566 2393 4636; x_wconf 75' lang='lat' dir='ltr'><strong>afferunt,</strong></span> <span class='ocrx_word' id='word_1_750' title='bbox 2419 4565 2574 4638; x_wconf 84' lang='lat' dir='ltr'><strong>quod</strong></span> <span class='ocrx_word' id='word_1_751' title='bbox 2603 4567 2824 4623; x_wconf 88' lang='lat' dir='ltr'><strong>scilicet</strong></span> <span class='ocrx_word' id='word_1_752' title='bbox 2855 4565 3590 4624; x_wconf 89' lang='lat' dir='ltr'><strong>terrestribus-dominetur</strong></span> <span class='ocrx_word' id='word_1_753' title='bbox 3620 4563 3747 4619; x_wconf 88' lang='lat' dir='ltr'><strong>Ma-</strong></span> 
     </span>
    </p>
   </div>
   <div class='ocr_carea' id='block_1_102' title="bbox 2099 4651 3748 4726">
    <p class='ocr_par' dir='ltr' id='par_1_102' title="bbox 2099 4651 3748 4726">
     <span class='ocr_line' id='line_1_102' title="bbox 2099 4651 3748 4726; baseline 0.001 -18"><span class='ocrx_word' id='word_1_754' title='bbox 2099 4653 2220 4722; x_wconf 90' lang='lat' dir='ltr'><strong>lus,</strong></span> <span class='ocrx_word' id='word_1_755' title='bbox 2249 4656 2328 4726; x_wconf 90' lang='lat' dir='ltr'><strong>id,</strong></span> <span class='ocrx_word' id='word_1_756' title='bbox 2360 4656 2625 4726; x_wconf 91' lang='lat' dir='ltr'><strong>inquam,</strong></span> <span class='ocrx_word' id='word_1_757' title='bbox 2661 4671 2727 4710; x_wconf 90' lang='lat' dir='ltr'><strong>eo</strong></span> <span class='ocrx_word' id='word_1_758' title='bbox 2777 4654 3039 4711; x_wconf 87' lang='lat' dir='ltr'><strong>adhiberi</strong></span> <span class='ocrx_word' id='word_1_759' title='bbox 3081 4658 3287 4724; x_wconf 88' lang='lat' dir='ltr'><strong>potest,</strong></span> <span class='ocrx_word' id='word_1_760' title='bbox 3332 4661 3392 4709; x_wconf 93' lang='lat' dir='ltr'><strong>ut</strong></span> <span class='ocrx_word' id='word_1_761' title='bbox 3440 4653 3549 4710; x_wconf 90' lang='lat' dir='ltr'><strong>sub</strong></span> <span class='ocrx_word' id='word_1_762' title='bbox 3586 4651 3748 4710; x_wconf 90' lang='lat' dir='ltr'><strong>nullo</strong></span> 
     </span>
    </p>
   </div>
   <div class='ocr_carea' id='block_1_103' title="bbox 2099 4743 3747 4815">
    <p class='ocr_par' dir='ltr' id='par_1_103' title="bbox 2099 4743 3747 4815">
     <span class='ocr_line' id='line_1_103' title="bbox 2099 4743 3747 4815; baseline 0 -17"><span class='ocrx_word' id='word_1_763' title='bbox 2099 4744 2346 4815; x_wconf 90' lang='lat' dir='ltr'><strong>imperio</strong></span> <span class='ocrx_word' id='word_1_764' title='bbox 2391 4761 2516 4801; x_wconf 89' lang='lat' dir='ltr'><strong>esse</strong></span> <span class='ocrx_word' id='word_1_765' title='bbox 2562 4745 2854 4800; x_wconf 90' lang='lat' dir='ltr'><strong>dicantur.</strong></span> <span class='ocrx_word' id='word_1_766' title='bbox 2887 4744 2994 4810; x_wconf 86' lang='lat' dir='ltr'><strong>Qui</strong></span> <span class='ocrx_word' id='word_1_767' title='bbox 3042 4743 3199 4800; x_wconf 89' lang='lat' dir='ltr'><strong>enim</strong></span> <span class='ocrx_word' id='word_1_768' title='bbox 3252 4743 3499 4799; x_wconf 83' lang='lat' dir='ltr'><strong>mendax</strong></span> <span class='ocrx_word' id='word_1_769' title='bbox 3549 4746 3656 4811; x_wconf 85' lang='lat' dir='ltr'><strong>est,</strong></span> <span class='ocrx_word' id='word_1_770' title='bbox 3688 4745 3747 4799; x_wconf 85' lang='lat' dir='ltr'><strong>et</strong></span> 
     </span>
    </p>
   </div>
   <div class='ocr_carea' id='block_1_104' title="bbox 2103 4831 3748 4904">
    <p class='ocr_par' dir='ltr' id='par_1_104' title="bbox 2103 4831 3748 4904">
     <span class='ocr_line' id='line_1_104' title="bbox 2103 4831 3748 4904; baseline -0.002 -16"><span class='ocrx_word' id='word_1_771' title='bbox 2103 4836 2304 4888; x_wconf 87' lang='lat' dir='ltr'><strong>auctor</strong></span> <span class='ocrx_word' id='word_1_772' title='bbox 2333 4831 2644 4900; x_wconf 89' lang='lat' dir='ltr'><strong>mendacii,</strong></span> <span class='ocrx_word' id='word_1_773' title='bbox 2677 4833 2801 4898; x_wconf 89' lang='lat' dir='ltr'><strong>ipse</strong></span> <span class='ocrx_word' id='word_1_774' title='bbox 2845 4833 2951 4888; x_wconf 85' lang='lat' dir='ltr'><strong>sibi</strong></span> <span class='ocrx_word' id='word_1_775' title='bbox 2984 4832 3296 4904; x_wconf 90' lang='lat' dir='ltr'><strong>imperium</strong></span> <span class='ocrx_word' id='word_1_776' title='bbox 3337 4847 3535 4888; x_wconf 90' lang='lat' dir='ltr'><strong>rerum</strong></span> <span class='ocrx_word' id='word_1_777' title='bbox 3565 4835 3748 4888; x_wconf 86' lang='lat' dir='ltr'><strong>terre-</strong></span> 
     </span>
    </p>
   </div>
   <div class='ocr_carea' id='block_1_105' title="bbox 2103 4919 3746 4994">
    <p class='ocr_par' dir='ltr' id='par_1_105' title="bbox 2103 4919 3746 4994">
     <span class='ocr_line' id='line_1_105' title="bbox 2103 4919 3746 4994; baseline -0.001 -16"><span class='ocrx_word' id='word_1_778' title='bbox 2103 4922 2314 4978; x_wconf 88' lang='lat' dir='ltr'><strong>strium</strong></span> <span class='ocrx_word' id='word_1_779' title='bbox 2359 4920 2694 4978; x_wconf 89' lang='lat' dir='ltr'><strong>vindicavit.</strong></span> <span class='ocrx_word' id='word_1_780' title='bbox 2726 4921 2784 4977; x_wconf 84' lang='lat' dir='ltr'><strong>Si</strong></span> <span class='ocrx_word' id='word_1_781' title='bbox 2825 4937 2995 4993; x_wconf 90' lang='lat' dir='ltr'><strong>porro</strong></span> <span class='ocrx_word' id='word_1_782' title='bbox 3041 4937 3288 4994; x_wconf 89' lang='lat' dir='ltr'><strong>corpora</strong></span> <span class='ocrx_word' id='word_1_783' title='bbox 3326 4928 3461 4978; x_wconf 85' lang='lat' dir='ltr'><strong>sunt</strong></span> <span class='ocrx_word' id='word_1_784' title='bbox 3492 4939 3526 4977; x_wconf 93' lang='lat' dir='ltr'><strong>a</strong></span> <span class='ocrx_word' id='word_1_785' title='bbox 3573 4919 3746 4988; x_wconf 86' lang='lat' dir='ltr'><strong>Malo,</strong></span> 
     </span>
    </p>
   </div>
   <div class='ocr_carea' id='block_1_106' title="bbox 2105 5007 3750 5084">
    <p class='ocr_par' dir='ltr' id='par_1_106' title="bbox 2105 5007 3750 5084">
     <span class='ocr_line' id='line_1_106' title="bbox 2105 5007 3750 5084; baseline -0.002 -17"><span class='ocrx_word' id='word_1_786' title='bbox 2105 5011 2397 5084; x_wconf 91' lang='lat' dir='ltr'><strong>quomodo</strong></span> <span class='ocrx_word' id='word_1_787' title='bbox 2429 5009 2703 5083; x_wconf 89' lang='lat' dir='ltr'><strong>discipuli</strong></span> <span class='ocrx_word' id='word_1_788' title='bbox 2735 5009 2820 5067; x_wconf 89' lang='lat' dir='ltr'><strong>sal</strong></span> <span class='ocrx_word' id='word_1_789' title='bbox 2869 5013 3036 5068; x_wconf 88' lang='lat' dir='ltr'><strong>erant</strong></span> <span class='ocrx_word' id='word_1_790' title='bbox 3064 5015 3231 5068; x_wconf 67' lang='lat' dir='ltr'><strong>terra</strong></span> <span class='ocrx_word' id='word_1_791' title='bbox 3253 5011 3281 5067; x_wconf 85' lang='lat'><strong>?</strong></span> <span class='ocrx_word' id='word_1_792' title='bbox 3323 5010 3613 5083; x_wconf 87' lang='lat' dir='ltr'><strong>quomodo</strong></span> <span class='ocrx_word' id='word_1_793' title='bbox 3649 5007 3750 5064; x_wconf 77' lang='lat' dir='ltr'><strong>lux</strong></span> 
     </span>
    </p>
   </div>
   <div class='ocr_carea' id='block_1_107' title="bbox 2108 5098 3752 5173">
    <p class='ocr_par' dir='ltr' id='par_1_107' title="bbox 2108 5098 3752 5173">
     <span class='ocr_line' id='line_1_107' title="bbox 2108 5098 3752 5173; baseline -0.002 -17"><span class='ocrx_word' id='word_1_794' title='bbox 2108 5100 2316 5158; x_wconf 91' lang='lat' dir='ltr'><strong>mundi</strong></span> <span class='ocrx_word' id='word_1_795' title='bbox 2343 5099 2390 5136; x_wconf 70' lang='grc' dir='ltr'><strong>δ’</strong></span> <span class='ocrx_word' id='word_1_796' title='bbox 2409 5099 2436 5154; x_wconf 84' lang='lat'><strong>?</strong></span> <span class='ocrx_word' id='word_1_797' title='bbox 2465 5116 2535 5157; x_wconf 84' lang='lat' dir='ltr'><strong>ex</strong></span> <span class='ocrx_word' id='word_1_798' title='bbox 2562 5098 2803 5156; x_wconf 90' lang='lat' dir='ltr'><strong>dimidia</strong></span> <span class='ocrx_word' id='word_1_799' title='bbox 2822 5099 2978 5156; x_wconf 89' lang='lat' dir='ltr'><strong>enim</strong></span> <span class='ocrx_word' id='word_1_800' title='bbox 2996 5103 3226 5157; x_wconf 89' lang='lat' dir='ltr'><strong>tantum</strong></span> <span class='ocrx_word' id='word_1_801' title='bbox 3251 5105 3412 5173; x_wconf 86' lang='lat' dir='ltr'><strong>parte</strong></span> <span class='ocrx_word' id='word_1_802' title='bbox 3443 5098 3672 5166; x_wconf 87' lang='lat' dir='ltr'><strong>salient,</strong></span> <span class='ocrx_word' id='word_1_803' title='bbox 3695 5099 3752 5152; x_wconf 89' lang='lat' dir='ltr'><strong>et</strong></span> 
     </span>
    </p>
   </div>
   <div class='ocr_carea' id='block_1_108' title="bbox 2107 5188 3750 5261">
    <p class='ocr_par' dir='ltr' id='par_1_108' title="bbox 2107 5188 3750 5261">
     <span class='ocr_line' id='line_1_108' title="bbox 2107 5188 3750 5261; baseline -0.001 -17"><span class='ocrx_word' id='word_1_804' title='bbox 2107 5189 2548 5251; x_wconf 88' lang='lat' dir='ltr'><strong>illuminabunt.</strong></span> <span class='ocrx_word' id='word_1_805' title='bbox 2570 5189 2689 5246; x_wconf 90' lang='lat' dir='ltr'><strong>imo</strong></span> <span class='ocrx_word' id='word_1_806' title='bbox 2718 5205 2853 5246; x_wconf 86' lang='lat' dir='ltr'><strong>vero</strong></span> <span class='ocrx_word' id='word_1_807' title='bbox 2870 5203 3026 5246; x_wconf 80' lang='lat' dir='ltr'><strong>ueex</strong></span> <span class='ocrx_word' id='word_1_808' title='bbox 3047 5188 3290 5245; x_wconf 88' lang='lat' dir='ltr'><strong>dimidia</strong></span> <span class='ocrx_word' id='word_1_809' title='bbox 3304 5189 3536 5261; x_wconf 85' lang='lat' dir='ltr'><strong>quidem</strong></span> <span class='ocrx_word' id='word_1_810' title='bbox 3567 5191 3750 5259; x_wconf 85' lang='lat' dir='ltr'><strong>parte.</strong></span> 
     </span>
    </p>
   </div>
   <div class='ocr_carea' id='block_1_109' title="bbox 2109 5277 3752 5336">
    <p class='ocr_par' dir='ltr' id='par_1_109' title="bbox 2109 5277 3752 5336">
     <span class='ocr_line' id='line_1_109' title="bbox 2109 5277 3752 5336; baseline -0.002 -1"><span class='ocrx_word' id='word_1_811' title='bbox 2109 5279 2254 5335; x_wconf 87' lang='lat' dir='ltr'><strong>Nam</strong></span> <span class='ocrx_word' id='word_1_812' title='bbox 2284 5278 2542 5335; x_wconf 86' lang='lat' dir='ltr'><strong>vicissim</strong></span> <span class='ocrx_word' id='word_1_813' title='bbox 2575 5278 2882 5336; x_wconf 89' lang='lat' dir='ltr'><strong>dimidiam</strong></span> <span class='ocrx_word' id='word_1_814' title='bbox 2913 5283 3139 5336; x_wconf 88' lang='lat' dir='ltr'><strong>tantum</strong></span> <span class='ocrx_word' id='word_1_815' title='bbox 3179 5278 3451 5335; x_wconf 82' lang='lat' dir='ltr'><strong>humanas</strong></span> <span class='ocrx_word' id='word_1_816' title='bbox 3481 5277 3752 5332; x_wconf 79' lang='lat' dir='ltr'><strong>substan-</strong></span> 
     </span>
    </p>
   </div>
   <div class='ocr_carea' id='block_1_110' title="bbox 2110 5365 3753 5441">
    <p class='ocr_par' dir='ltr' id='par_1_110' title="bbox 2110 5365 3753 5441">
     <span class='ocr_line' id='line_1_110' title="bbox 2110 5365 3753 5441; baseline -0.002 -17"><span class='ocrx_word' id='word_1_817' title='bbox 2110 5368 2203 5424; x_wconf 62' lang='lat' dir='ltr'><strong>tias</strong></span> <span class='ocrx_word' id='word_1_818' title='bbox 2259 5372 2500 5441; x_wconf 88' lang='lat' dir='ltr'><strong>partem,</strong></span> <span class='ocrx_word' id='word_1_819' title='bbox 2535 5384 2649 5424; x_wconf 92' lang='lat' dir='ltr'><strong>non</strong></span> <span class='ocrx_word' id='word_1_820' title='bbox 2694 5384 2824 5425; x_wconf 89' lang='lat' dir='ltr'><strong>vero</strong></span> <span class='ocrx_word' id='word_1_821' title='bbox 2857 5368 2956 5425; x_wconf 88' lang='lat' dir='ltr'><strong>toti</strong></span> <span class='ocrx_word' id='word_1_822' title='bbox 2999 5366 3221 5425; x_wconf 91' lang='lat' dir='ltr'><strong>homini</strong></span> <span class='ocrx_word' id='word_1_823' title='bbox 3267 5367 3321 5423; x_wconf 93' lang='lat' dir='ltr'><strong>id</strong></span> <span class='ocrx_word' id='word_1_824' title='bbox 3377 5365 3753 5438; x_wconf 79' lang='lat' dir='ltr'><strong>praestabunt,</strong></span> 
     </span>
    </p>
   </div>
   <div class='ocr_carea' id='block_1_111' title="bbox 2114 5455 3756 5524">
    <p class='ocr_par' dir='ltr' id='par_1_111' title="bbox 2114 5455 3756 5524">
     <span class='ocr_line' id='line_1_111' title="bbox 2114 5455 3756 5524; baseline -0.002 -11"><span class='ocrx_word' id='word_1_825' title='bbox 2114 5457 2382 5515; x_wconf 89' lang='lat' dir='ltr'><strong>Creatura</strong></span> <span class='ocrx_word' id='word_1_826' title='bbox 2407 5457 2564 5514; x_wconf 87' lang='lat' dir='ltr'><strong>enim</strong></span> <span class='ocrx_word' id='word_1_827' title='bbox 2597 5457 2734 5514; x_wconf 88' lang='lat' dir='ltr'><strong>Mali</strong></span> <span class='ocrx_word' id='word_1_828' title='bbox 2750 5457 3052 5515; x_wconf 87' lang='lat' dir='ltr'><strong>salituram</strong></span> <span class='ocrx_word' id='word_1_829' title='bbox 3075 5473 3189 5515; x_wconf 86' lang='lat' dir='ltr'><strong>non</strong></span> <span class='ocrx_word' id='word_1_830' title='bbox 3213 5455 3486 5524; x_wconf 86' lang='lat' dir='ltr'><strong>admittit,</strong></span> <span class='ocrx_word' id='word_1_831' title='bbox 3520 5469 3592 5511; x_wconf 89' lang='lat' dir='ltr'><strong>ne</strong></span> <span class='ocrx_word' id='word_1_832' title='bbox 3635 5470 3756 5510; x_wconf 88' lang='lat' dir='ltr'><strong>ma-</strong></span> 
     </span>
    </p>
   </div>
   <div class='ocr_carea' id='block_1_112' title="bbox 443 5733 1990 5814">
    <p class='ocr_par' dir='ltr' id='par_1_112' title="bbox 443 5733 1963 5814">
     <span class='ocr_line' id='line_1_112' title="bbox 443 5733 1963 5814; baseline 0 -16"><span class='ocrx_word' id='word_1_833' title='bbox 443 5737 487 5776; x_wconf 71' lang='lat'><strong>“</strong></span> <span class='ocrx_word' id='word_1_834' title='bbox 513 5739 714 5800; x_wconf 71' lang='lat' dir='ltr'><strong>Matth.</strong></span> <span class='ocrx_word' id='word_1_835' title='bbox 745 5757 849 5814; x_wconf 80' lang='lat' dir='ltr'><strong>xu,</strong></span> <span class='ocrx_word' id='word_1_836' title='bbox 881 5743 906 5798; x_wconf 79' lang='lat' dir='ltr'><strong>t</strong></span> <span class='ocrx_word' id='word_1_837' title='bbox 941 5755 1106 5813; x_wconf 81' lang='lat' dir='ltr'><strong>seqq.</strong></span> <span class='ocrx_word' id='word_1_838' title='bbox 1181 5735 1226 5777; x_wconf 67' lang='grc' dir='ltr'><strong>’τ</strong></span> <span class='ocrx_word' id='word_1_839' title='bbox 1255 5735 1462 5797; x_wconf 86' lang='lat' dir='ltr'><strong>Matth.</strong></span> <span class='ocrx_word' id='word_1_840' title='bbox 1483 5751 1562 5811; x_wconf 82' lang='lat' dir='ltr'><strong>tv,</strong></span> <span class='ocrx_word' id='word_1_841' title='bbox 1590 5736 1646 5798; x_wconf 84' lang='lat'><strong>9.</strong></span> <span class='ocrx_word' id='word_1_842' title='bbox 1721 5733 1766 5775; x_wconf 78' lang='grc'><strong>⁸⁸</strong></span> <span class='ocrx_word' id='word_1_843' title='bbox 1794 5737 1963 5798; x_wconf 85' lang='lat' dir='ltr'><strong>Joan.</strong></span> 
     </span>
    </p>
   </div>
   <div class='ocr_carea' id='block_1_113' title="bbox 2098 5733 2805 5814">
    <p class='ocr_par' dir='ltr' id='par_1_113' title="bbox 2100 5737 2805 5812">
     <span class='ocr_line' id='line_1_113' title="bbox 2100 5737 2805 5812; baseline -0.001 -17"><span class='ocrx_word' id='word_1_844' title='bbox 2100 5780 2120 5812; x_wconf 92' lang='lat'><strong>,</strong></span> <span class='ocrx_word' id='word_1_845' title='bbox 2151 5738 2241 5796; x_wconf 68' lang='grc'><strong>44.</strong></span> <span class='ocrx_word' id='word_1_846' title='bbox 2319 5737 2366 5775; x_wconf 74' lang='grc' dir='ltr'><strong>’θ</strong></span> <span class='ocrx_word' id='word_1_847' title='bbox 2395 5737 2598 5798; x_wconf 87' lang='lat' dir='ltr'><strong>Matth.</strong></span> <span class='ocrx_word' id='word_1_848' title='bbox 2631 5754 2684 5807; x_wconf 73' lang='grc' dir='ltr'>ν,</span> <span class='ocrx_word' id='word_1_849' title='bbox 2719 5739 2805 5794; x_wconf 82' lang='lat' dir='ltr'><strong>t3.</strong></span> 
     </span>
    </p>
   </div>
  </div>
