4084 6210
323 345 438 408 195

1429 307 1432 310 ’
1515 337 1783 400 PHOTlI
1829 338 2355 402 suamsuam:
2399 338 2514 400 CP.

3598 341 3715 404 196

318 482 449 538 litia
476 482 549 537 ad
581 477 949 552 putredinem
978 475 1258 534 inclinare
1301 472 1505 545 possit,
1527 487 1660 529 cum
1699 476 1821 530 tota
1851 489 1958 546 pu-

2074 470 2304 548 σαπρίαν
2331 473 2454 528 τινὰ
2472 455 2661 528 κακίαν
2693 470 3011 539 ἀποκλῖναι,
3043 470 3173 527 ὅλον
3196 472 3328 528 αὐτὸ
3353 473 3580 546 τοιαύτη
3603 477 3718 549 (94)

322 572 482 626 tredo
531 570 790 626 exsistat.
821 567 1022 639 Neque
1062 565 1215 621 idem
1265 563 1538 619 idoneum
1583 566 1668 619 est
1703 564 1772 618 ad
1813 561 1958 619 reci-

321 663 563 736 piendas
605 661 752 716 lucis
819 658 1142 724 stricturas,
1188 655 1475 728 praecipue
1530 670 1662 710 eum
1719 669 1960 710 erronea

321 768 524 808 eorum
566 749 832 807 doctrina
863 749 919 804 id
953 762 1180 818 quoque
1211 745 1400 800 tradat
1427 760 1546 811 eos,
1580 745 1682 816 qui
1711 745 1783 799 ad
1814 744 1965 814 eius-

323 840 481 897 modi
511 840 653 912 quid
688 836 1142 912 perpetrandum
1160 833 1436 890 destinati
1461 831 1600 899 sint,
1628 832 1964 888 facultatem

319 929 481 985 illam
539 945 654 985 non
709 927 942 996 habere,
993 923 1094 980 sed
1156 941 1189 979 a
1249 923 1475 979 delictis
1531 923 1657 978 suis
1704 921 1962 978 retineri.

321 1019 560 1084 Quando
609 1032 741 1072 vero
773 1015 896 1087 ipse
953 1015 1222 1070 Servator
1282 1012 1497 1068 diserte
1552 1010 1815 1066 clamat:
1851 1009 1966 1066 Non

319 1109 444 1164 veni
489 1108 658 1177 legem
703 1104 930 1173 solvere,
989 1107 1085 1158 aut
1138 1103 1450 1174 praphetas,
1497 1098 1593 1156 sed
1644 1099 1866 1172 implere
1892 1097 1962 1169 9°,

320 1195 609 1268 quomodo
637 1192 1147 1265 impudentissima
1176 1191 1489 1263 impiorum
1531 1205 1694 1246 mens
1725 1205 1840 1244 non
1869 1203 1964 1243 ve-

319 1289 475 1340 retur
515 1284 725 1354 dicere,
757 1281 943 1354 legem
994 1286 1051 1337 et
1081 1280 1390 1353 prophetas
1420 1296 1454 1335 a
1494 1279 1646 1336 malo
1679 1275 1964 1350 principio

317 1374 604 1445 profectas
645 1388 792 1439 esse,
827 1375 1002 1442 atque
1053 1369 1191 1427 huic
1237 1369 1297 1425 in
1363 1369 1483 1425 vita
1531 1369 1754 1424 cultum
1805 1365 1963 1423 exhi-

317 1461 560 1519 buisse?
589 1462 645 1517 Si
675 1463 831 1518 enim
884 1464 1150 1516 Servatur
1197 1463 1396 1516 noster
1434 1457 1636 1530 implet
1665 1457 1853 1528 legem
1908 1459 1964 1512 et

318 1553 654 1625 prephetas,
688 1553 1140 1621 consequeretur
1169 1565 1232 1605 ex
1267 1549 1498 1604 duobus
1530 1545 1962 1612 abominandis,

317 1649 371 1696 et
402 1641 460 1695 in
511 1641 764 1711 ipsorum
818 1639 1130 1712 perniciem
1172 1637 1556 1710 vergentibus,
1590 1635 1960 1700 alterutrum,

314 1729 404 1785 vel
429 1731 583 1801 quod
616 1729 830 1785 Malum
865 1729 922 1782 in
954 1728 1176 1783 Bonum
1217 1729 1573 1794 convertant,
1605 1724 1690 1780 vel
1735 1722 1783 1779 si
1817 1721 1961 1777 illud

316 1817 551 1874 malitiae
608 1817 874 1874 terminis
937 1816 1442 1888 circumscriptum
1505 1816 1758 1880 maneat,
1803 1811 1954 1883 quod
1991 1797 2036 1861 Β

317 1907 614 1964 Christum
636 1911 1046 1978 spontaneum,
1064 1904 1221 1962 illius
1233 1905 1565 1960 ministrum
1585 1901 1962 1970 constituant,

319 1996 418 2067 qui
464 2012 566 2067 per
607 1995 892 2050 inﬁnitam
943 2011 1109 2050 suam
1151 1993 1471 2048 bonitatem
1517 1990 1648 2046 ideo
1691 1988 1865 2058 venit,
1898 1991 1964 2043 ut

315 2083 527 2139 Malum
561 2083 896 2140 deturbaret
929 2083 999 2138 de
1038 2081 1284 2153 imperio
1314 2079 1472 2151 quod
1503 2079 1656 2135 inter
1696 2076 1963 2133 homines

314 2177 554 2230 exercet.
592 2172 697 2228 Illa
737 2189 872 2228 vero
920 2172 1140 2228 verba:
1194 2171 1360 2226 Amen
1409 2169 1532 2226 dico
1586 2168 1759 2236 vobis,
1793 2167 1962 2224 donec

315 2261 602 2318 transierit
656 2262 850 2317 eretum
881 2268 933 2316 et
973 2265 1144 2328 terra,
1177 2261 1289 2316 iota
1317 2275 1493 2315 unum
1519 2263 1621 2315 aut
1649 2273 1792 2313 unus
1821 2272 1963 2328 apex

313 2368 423 2408 non
466 2351 722 2408 transibit
762 2368 795 2406 a
863 2351 1017 2422 Lege,
1058 2349 1226 2406 donec
1283 2351 1468 2405 omnia
1511 2348 1648 2418 ﬁant
1678 2346 1744 2414 οί,
1804 2362 1960 2402 nun-

315 2457 489 2512 quam
521 2439 880 2513 probationis
939 2439 1330 2495 accessionem
1383 2437 1714 2493 admittunt.
1758 2435 1960 2492 Nonne

317 2531 512 2602 potius
557 2529 769 2585 erroris
809 2526 1166 2584 eversionem
1215 2526 1588 2593 ebuccinant,
1638 2529 1738 2580 aut
1784 2523 1957 2579 indo-

316 2621 457 2674 mita
489 2618 802 2689 impiorum
833 2631 933 2672 ora
961 2617 1257 2683 obturant,
1277 2615 1508 2671 etiamsi
1538 2614 1833 2670 mordicus
1855 2613 1956 2668 ad-

316 2707 430 2763 huc
458 2705 608 2762 tueri
647 2708 950 2774 conentur,
982 2705 1136 2777 quod
1175 2703 1266 2760 lex
1305 2708 1363 2761 et
1401 2703 1692 2776 prophetat
1729 2719 1764 2757 a
1808 2699 1957 2758 Malo

317 2797 440 2853 sint
458 2795 487 2849 ‘t

386 2973 479 3031 1X.
502 2973 739 3040 Quando
779 2989 915 3030 vero
960 2970 1252 3029 audiveris
1299 2970 1714 3044 evangelistam
1743 2969 1958 3027 adven-

315 3071 437 3121 tum
468 3064 606 3120 Jesu
637 3061 868 3132 Christi,
900 3060 1030 3118 Filii
1061 3059 1184 3129 Dei,
1219 3058 1689 3128 lnenarrabilem,
1712 3059 1959 3131 ejusque

314 3153 574 3210 actiones
605 3167 834 3208 omnem
867 3166 1194 3207 sermonem
1217 3150 1706 3206 excedenteslnde
1739 3166 1772 3204 a
1803 3149 1958 3221 prin-

313 3241 463 3313 cipio
490 3241 563 3297 ad
604 3240 909 3312 prophetas
951 3241 1250 3311 (tanquam
1296 3239 1674 3311 prenuntios)
1706 3238 1958 3294 referen-

308 3337 446 3399 tem,
499 3345 694 3386 nonne
741 3329 964 3400 pudore
1012 3333 1070 3384 et
1129 3327 1466 3400 poenitentia
1514 3327 1764 3397 duceris,
1797 3327 1953 3399 quod

307 3437 406 3476 eos
436 3419 650 3490 injuria
680 3419 911 3474 afﬁcere
932 3418 1172 3483 audeas,
1194 3433 1338 3488 quos
1369 3433 1533 3473 sacra
1553 3416 1789 3473 oracula
1809 3415 1957 3472 tanti

309 3507 586 3578 mysterii,
614 3522 870 3564 amorem
921 3507 982 3562 in
1031 3505 1299 3562 homines
1341 3506 1627 3572 testantis,
1663 3521 1955 3574 praecones

308 3605 366 3657 et
395 3602 657 3657 doctores
684 3599 1075 3666 constituunt,
1107 3605 1160 3653 el
1191 3613 1440 3669 quorum
1473 3597 1747 3654 vaticinia
1779 3597 1958 3652 Evan-

309 3690 442 3764 gelii
479 3694 616 3746 sunt
653 3689 1098 3746 fundamentum
1130 3687 1159 3743 ‘t
1211 3687 1440 3744 Initium
1483 3689 1628 3743 enim
1676 3688 1960 3757 Evangelii

304 3782 434 3837 Jesu
468 3777 693 3843 Christi,
726 3777 861 3833 Filii
889 3777 1004 3840 Dei,
1036 3776 1248 3848 inquit,
1279 3779 1423 3832 sicut
1467 3777 1736 3848 scriptum
1779 3785 1862 3833 est
1897 3778 1955 3832 in

303 3870 587 3941 prophetis
615 3868 776 3923 :Ecce
798 3881 898 3935 ego
925 3865 1081 3921 mitto
1110 3865 1366 3937 angelum
1393 3881 1574 3920 meum
1603 3869 1734 3922 ante
1758 3865 1958 3936 faciem

307 3963 480 4025 tuam,
514 3957 611 4030 qui
658 3955 880 4028 parabit
917 3958 1064 4012 viam
1106 3963 1260 4011 tuam
1303 3961 1430 4012 ante
1481 3962 1531 4011 te
1559 3955 1626 4011 9³.
1660 3955 1798 4022 Quis
1826 3973 1957 4014 vero

308 4047 490 4118 misit,
518 4050 582 4102 ut
613 4049 917 4118 pararetur
945 4044 1038 4101 via
1067 4045 1204 4102 boni
1228 4044 1356 4101 Filii
1387 4049 1445 4102 et
1477 4045 1598 4110 Dei,
1624 4045 1736 4102 nisi
1769 4046 1958 4102 bonus

307 4141 502 4208 Pater,
527 4135 626 4209 qui
645 4153 747 4208 per
767 4153 902 4192 suos
927 4136 986 4192 in
1018 4133 1138 4206 lege
1175 4135 1471 4191 ministros
1503 4136 1707 4191 multis
1729 4134 1958 4192 saeculis

307 4231 438 4284 ante
477 4226 788 4295 nuntiavit,
822 4225 1034 4280 Filium
1068 4239 1242 4279 suum
1275 4239 1458 4293 usque
1487 4223 1561 4278 ad
1599 4224 1956 4295 assumptio-

307 4331 442 4371 nem
492 4314 684 4369 carnis
729 4316 786 4368 et
825 4311 1131 4381 sanguinis
1180 4309 1541 4365 exinanitum
1588 4311 1708 4366 iri?
1739 4312 1801 4366 In
1842 4311 1958 4368 ﬁne

304 4421 437 4461 vero
466 4407 795 4473 temporum
832 4399 1067 4454 illorum
1100 4400 1370 4470 angelum
1419 4419 1617 4471 suum,
1647 4403 1952 4472 Joannem,

305 4493 468 4549 misit
496 4491 826 4546 dicentem:
860 4491 1074 4543 Parate
1102 4487 1252 4544 viam
1301 4490 1542 4557 Domini,
1575 4499 1753 4549 rectas
1785 4492 1951 4560 facile

306 4584 535 4638 semitas
591 4579 707 4651 ejus
741 4578 809 4634 ⁸³.
863 4578 1088 4649 Aquam
1139 4594 1292 4646 vero,
1326 4580 1384 4635 in
1442 4595 1559 4651 qua
1617 4583 1960 4642 submersus

305 4670 479 4726 Jesus
537 4669 839 4726 hominum
897 4667 1354 4736 amantissimus,
1387 4686 1622 4728 omnem
1663 4672 1956 4743 justitiam

308 4757 589 4832 implevit,
611 4759 899 4831 quomodo
920 4757 1010 4815 vel
1042 4759 1316 4830 tetigerit,
1341 4775 1412 4816 ne
1443 4761 1656 4830 dicam,
1675 4779 1744 4820 ea
1771 4764 1958 4820 omni-

309 4865 384 4906 no
415 4849 563 4920 tingi
605 4849 975 4918 sustinuerit,
1009 4864 1258 4922 eamque
1287 4849 1634 4922 puriﬁcandi
1680 4856 1738 4909 et
1781 4869 1957 4911 mun-

308 4938 484 4995 dandi
517 4936 788 4994 facultate
831 4937 1194 5008 instruxerit,
1228 4939 1342 4997 nisi
1373 4957 1488 4996 sum
1522 4942 1741 5014 potius,
1774 4959 1951 5016 quam

2070 562 2308 640 πεφυκὸς
2358 560 2577 635 σαπρία.
2627 559 2732 618 Καὶ
2777 564 2885 634 μὴν
2932 560 3022 615 καὶ
3083 559 3452 633 ἂνεπιτήδειον
3522 559 3720 618 ὑποδὲ-

2070 651 2254 721 ξασθαι
2299 653 2392 712 τᾶς
2439 655 2535 706 τοῦ
2593 651 2777 730 φωτὸς
2823 651 3198 726 μαρμαρυγὰς,
3238 650 3477 724 μάλιστά
3525 674 3588 728 γε
3617 655 3718 722 τῆς

2070 737 2286 811 πλάνης
2327 735 2880 809 συνυποϐαλλούσης,
2911 741 3001 795 καὶ
3046 740 3170 802 τοὺς
3203 744 3368 795 ταῦτα
3397 740 3715 815 καταπράτ-

2067 831 2248 885 τεσθαι
2295 830 2877 904 κεχειροτονουμένους
2932 831 3032 899 τήν
3095 828 3252 905 ἰσχὺν
3286 831 3392 885 οὐκ
3421 828 3588 905 ἔχειν,
3620 826 3716 886 ἅτε

2072 915 2138 988 δὴ
2178 924 2295 981 τοῖς
2355 918 2493 981 ἴσοις
2540 919 2853 992 αἰτιάμασιν
2890 917 3270 993 ἐνεχομένους.
3302 921 3428 978 Ὅτε
3467 917 3524 974 δὲ
3551 919 3713 982 αὐτὸς

2072 1007 2100 1062 6
2160 1010 2360 1082 Σωτὴρ
2402 1006 2671 1083 λαμπρῶς
2721 1006 3027 1082 ἂνακράζειο
3083 1008 3193 1064 Οὐκ
3247 1007 3421 1077 ἦλθον
3469 1008 3713 1065 καταλῦ-

2073 1117 2160 1151 σαι
2215 1098 2309 1153 τὸν
2344 1098 2511 1170 νόμον
2576 1099 2610 1166 ἦ
2671 1098 2797 1160 τοὺς
2856 1099 3163 1176 προφήτας,
3197 1096 3346 1153 ἀλλᾶ
3392 1099 3708 1174 πληρῶσαι⁹

2071 1188 2188 1247 πῶς
2239 1185 2302 1240 οὐ
2362 1181 2572 1241 δέδοικε
2624 1185 2687 1240 τὸ
2748 1184 3109 1260 ἀναίσχυντον
3158 1190 3264 1240 τῶν
3310 1180 3520 1240 ἀσεϐῶν
3575 1184 3716 1265 996-

2070 1295 2221 1347 νημα
2267 1274 2358 1329 τὸν
2415 1273 2587 1348 νόμον
2643 1272 2735 1329 καί
2779 1273 2908 1336 τοὺς
2938 1277 3222 1350 προφήτας
3256 1279 3500 1349 πονηρᾶς
3531 1273 3718 1348 λέγειν

2071 1363 2356 1439 προελθεῖν
2389 1362 2590 1438 ἀρχῆς,
2641 1364 2732 1418 καὶ
2778 1364 2980 1434 ταύτην
3025 1361 3114 1418 διὰ
3155 1364 3279 1439 βίου
3328 1362 3718 1440 τεθεραπευκὲ-

2071 1474 2157 1509 ναι
2190 1471 2204 1521 ;
2234 1451 2295 1508 Ei
2326 1453 2430 1526 γὰρ
2457 1450 2764 1524 πληρωτής
2805 1452 2945 1508 ἐστιν
2996 1453 3025 1506 6
3058 1455 3255 1527 Σωτὴρ
3300 1455 3459 1526 ἡμῶν
3489 1458 3585 1508 τοῦ
3613 1451 3714 1507 νό-

2076 1563 2180 1615 μου
2246 1542 2335 1595 καὶ
2373 1545 2482 1596 τῶν
2540 1545 2860 1620 προφητῶν,
2919 1540 3003 1611 εἴη
3038 1537 3095 1596 δὲ
3123 1540 3305 1602 αὐτοῖς
3332 1543 3396 1596 τὸ
3443 1541 3714 1614 ἑπόμενον

2075 1630 2404 1710 βλάσφημον
2452 1632 2908 1705 περιτρεπόμενον
2961 1629 3038 1693 εἷς
3085 1631 3182 1692 τὰς
3229 1630 3490 1708 κεφαλὰς,
3559 1627 3712 1686 δυοῖν

2069 1722 2312 1796 θάτερον,
2370 1719 2405 1788 ἢ
2464 1721 2561 1788 τὴν
2622 1721 2863 1795 πονηρὰν
2937 1719 3400 1794 μεταπλάττουσιν
3470 1719 3545 1781 εἷς
3607 1721 3710 1788 τήν

2068 1811 2220 1890 φόσιν
2261 1815 2358 1866 τοῦ
2401 1811 2628 1888 ἀγαθοῦ,
2676 1813 2712 1882 ἢ
2768 1811 2830 1867 τὸ
2875 1809 3163 1880 ἀνάπαλιν,
3227 1812 3487 1884 μένουσαν
3544 1810 3596 1867 ἐν
3641 1815 3714 1886 τῇ

2073 1901 2183 1974 ἰδίᾳ
2209 1909 2309 1971 τῆς
2353 1903 2545 1966 κακίας
2592 1905 2923 1981 περιγραφῇ,
2976 1903 3217 1956 ἑκούσιον
3273 1900 3550 1976 ὑπηρέτην
3581 1901 3713 1956 ταύ-

2069 2012 2169 2062 της
2227 1993 2488 2065 γενέσθαι,
2519 1987 2939 2060 καταδικάζουσι
2977 1993 3068 2046 τὸν
3125 1988 3214 2044 διὰ
3261 1989 3480 2060 πολλήν
3520 1989 3720 2065 ἀγαθό-

2069 2101 2228 2151 τητα,
2289 2081 2381 2135 καὶ
2427 2086 2527 2149 τῆς
2577 2078 2632 2135 ἐν
2675 2081 2982 2156 ἂνθρώποις
3027 2085 3136 2134 τῶν
3184 2081 3371 2135 παθῶν
3399 2077 3720 2155 τυραννίδος

2069 2171 2473 2246 παραγεγονότα
2514 2168 2760 2225 καθελεῖν
2822 2169 3014 2239 αὐτήν.
3073 2170 3148 2227 Τὸ
3208 2167 3286 2236 δὲ,
3344 2171 3521 2242 ’Δμὴν
3574 2169 3720 2244 λέγω

2072 2259 2224 2333 ὑμῖν,
2273 2256 2380 2322 ἕως
2428 2259 2488 2314 ἃν
2535 2257 2779 2334 παρέλθῃ
2831 2259 2857 2314 ὁ
2901 2259 3128 2334 οὐρανὸς
3175 2260 3265 2313 καὶ
3323 2260 3358 2328 ἡ
3416 2265 3508 2334 γῆ,
3580 2259 3721 2313 ἰῶτα

2067 2346 2193 2418 ’ἐνῆ
2245 2348 2342 2421 μία
2406 2347 2594 2421 κεραία
2663 2349 2728 2403 οὐ
2791 2349 2866 2421 μη
2928 2346 3171 2424 παρέλθῃ
3207 2348 3312 2403 ἀπὸ
3369 2353 3464 2403 τοῦ
3511 2349 3716 2422 νόμου,

2067 2432 2170 2500 ἕως
2229 2437 2290 2492 ἃν
2349 2438 2524 2492 πάντα
2570 2437 2815 2514 γένηται,
2868 2439 2984 2493 τίνα
3032 2438 3124 2510 μὲν
3179 2431 3519 2512 βεϐαιώσεως
3549 2437 3723 2509 ὕπερ-

2067 2523 2243 2597 ϐολὴν
2274 2526 2562 2583 ἀπολείπει
2592 2527 2700 2581 τινί
2727 2546 2742 2597 ;
2776 2531 2895 2590 πῶς
2927 2524 2974 2581 δ’
3004 2527 3065 2581 οὗ
3096 2527 3194 2594 τήν
3229 2533 3328 2596 τῆς
3347 2525 3562 2597 πλάνης
3581 2524 3723 2581 σαλ-

2068 2621 2210 2692 πίξει
2241 2619 2642 2695 καταστροφὴν,
2675 2619 2710 2689 ἢ
2757 2620 2825 2674 τὰ
2869 2623 2978 2674 τῶν
3019 2615 3226 2674 ἀσεϐῶν
3275 2617 3377 2674 οὐκ
3421 2617 3726 2697 ἒμφράττει

2064 2709 2330 2765 ἀπύλωτα
2371 2709 2632 2783 στόματα,
2677 2707 2772 2764 κᾶν
2826 2708 2916 2764 ὑπ’
2954 2706 3146 2764 ὀδόντα
3202 2707 3584 2785 φιλονεικῶσιν
3629 2706 3714 2766 ἔτι

2063 2794 2535 2876 παραφθὲλγεσθαι
2581 2797 2674 2853 τὸν
2722 2796 2892 2870 νόμον
2931 2798 3024 2852 καὶ
3061 2795 3188 2859 τοὺς
3239 2801 3522 2878 προφήτας
3572 2799 3710 2854 εἶναι

2063 2891 2161 2942 τοῦ
2196 2891 2450 2962 Πονηροῦ
2475 2905 2489 2956 ;

2137 2977 2213 3034 6⁸.
2260 2977 2424 3034 ’Όταν
2476 2972 2532 3030 δὲ
2586 2976 2675 3030 τὸν
2727 2975 3123 3052 εὐαγγελιστήν
3180 2975 3417 3051 ἀκούσῃς
3464 2976 3564 3046 τήν
3609 2973 3713 3030 τοῦ

2066 3065 2244 3132 Ἰησοῦ
2293 3068 2525 3139 Χριστοῦ
2581 3069 2679 3120 τοῦ
2745 3066 2872 3120 Υἳοῦ
2937 3069 3034 3122 τοῦ
3093 3069 3226 3121 Θεοῦ
3283 3063 3556 3141 ἄφραστον
3595 3063 3717 3119 ἐπι-

2066 3151 2290 3228 δημίαν,
2339 3155 2562 3216 καὶτὰς
2613 3155 2742 3228 ὑπὲρ
2788 3152 2949 3228 λόγον
2999 3153 3219 3228 πράξεις
3267 3153 3361 3208 ἀπ’
3405 3155 3569 3220 αὐτῆς
3610 3154 3715 3228 ἀρ-

2067 3250 2174 3320 χῆς
2215 3244 2292 3307 εἰς
2340 3244 2466 3306 τοὺς
2513 3245 2803 3319 προφήτας
2835 3240 3184 3323 ἀναφέροντα,
3246 3243 3362 3304 πῶς
3413 3244 3510 3298 οὐκ
3541 3241 3718 3307 αἰδώς

2067 3355 2123 3389 σε
2181 3327 2447 3406 λαμϐάνει
2505 3333 2595 3388 καὶ
2659 3333 2936 3405 μετάνοια,
2970 3331 3086 3386 ἀνθ’
3118 3333 3190 3386 ὧν
3242 3325 3518 3407 ἐνυϐρίσαι
3565 3353 3715 3408 παρ-

2065 3424 2325 3498 ηνὲχθης,
2385 3420 2477 3485 οὕς
2530 3423 2825 3497 ἀναγράφει
2884 3421 2952 3477 τὰ
2999 3421 3119 3494 ἱερά
3148 3420 3339 3496 Λόγια,
3371 3423 3712 3493 τηλικούτου

2064 3511 2456 3588 φιλανθρώπου
2511 3512 2819 3586 μυστηρίου
2873 3511 3114 3584 κήρυκάς
3170 3531 3229 3566 τε
3282 3511 3374 3566 καὶ
3451 3510 3717 3589 ὲκφάντοο

2063 3609 2183 3678 ράς,
2215 3600 2304 3656 καὶ
2363 3602 2438 3656 ὧν
2497 3600 2552 3655 αἱ
2608 3605 2940 3677 προφητεῖαι
2995 3605 3093 3654 τοῦ
3154 3599 3484 3676 Εὐαγγελίου
3546 3601 3715 3673 θεμέ-

2065 3693 2232 3761 λιος;
2292 3691 2472 3766 Ἀρχή
2530 3691 2658 3765 γὰρ,
2721 3691 2901 3768 φασὶν,
2959 3694 3057 3745 τοῦ
3128 3688 3466 3767 Εὖαγγελίου
3522 3691 3714 3762 Ἰησοῦ

2063 3783 2299 3856 Χριστοῦ
2353 3780 2481 3834 Υἱοῦ
2527 3783 2623 3834 τοῦ
2662 3782 2817 3848 Θεοῦ,
2883 3780 2958 3842 ὡς
3009 3777 3308 3853 γέγραπται
3337 3778 3388 3834 ἐν
3426 3784 3543 3842 τοῖς
3575 3799 3720 3856 προ-

2063 3873 2262 3951 φήταις
2327 3873 2457 3944 (95).
2537 3866 2675 3924 Ἰδοὺ
2753 3868 2857 3944 ἐγὼ
2932 3866 3256 3924 ἀποστέλλω
3313 3870 3404 3924 τὸν
3472 3867 3714 3946 ἄγγελόν

2069 3982 2173 4034 μου
2237 3960 2344 4036 πρὸ
2419 3958 2716 4034 προσώπου
2797 3979 2914 4026 σου,
3000 3959 3062 4020 ’ὀς
3139 3959 3521 4014 κατασκευάσει
3607 3960 3716 4028 τήν

2065 4047 2189 4105 ὁδόν
2249 4069 2344 4104 σου
2404 4045 2706 4121 ἔμπροσθεν
2763 4067 2880 4104 σου.
2949 4047 3041 4110 Τίς
3095 4043 3139 4100 δ’
3197 4047 3497 4104 ἀπέστελλε
3549 4069 3718 4103 κατα-

2067 4139 2341 4207 σκευάζειν
2368 4138 2470 4207 τῆν
2524 4134 2650 4192 όδὸν
2697 4140 2795 4191 τοῦ
2826 4135 3028 4211 ἀγαθοῦ
3073 4136 3200 4190 Υἱοῦ
3230 4137 3320 4192 καὶ
3363 4141 3520 4210 Θεοῦ,
3551 4136 3595 4192 εί
3631 4139 3713 4210 μή

2065 4230 2094 4284 6
2125 4228 2326 4305 ἀγαθὸς
2369 4229 2578 4303 Πατὴρ,
2645 4229 2704 4290 ὃς
2741 4227 2830 4282 τιὰ
2884 4231 2991 4282 τῶν
3045 4224 3098 4281 ἒν
3125 4232 3205 4300 τῷ
3246 4228 3405 4302 νόμῳ
3453 4229 3722 4302 θεραπόν-

2064 4338 2170 4372 των
2225 4318 2394 4372 αὐτοῦ
2442 4319 2542 4387 τὴν
2592 4317 2758 4392 μέχρι
2818 4317 3016 4392 σαρκὸς
3060 4317 3151 4371 καὶ
3183 4314 3421 4391 α’ίματος
3453 4315 3550 4373 τοῦ
3579 4319 3718 4374 Υἱοῦ

1987 4408 2289 4490 Βκένωσιν
2344 4404 2554 4462 ἔσεσθαι
2629 4406 2868 4469 πολλοῖς
2945 4408 3173 4482 χρόνοις
3258 4409 3639 4483 προεθέσπιζεν
3697 4431 3716 4480 ;

2066 4496 2186 4551 Ἐπὶ
2217 4493 2362 4551 τέλει
2395 4492 2451 4550 δὲ
2475 4499 2583 4550 τῶν
2617 4495 2829 4550 αἰώνων
2859 4495 2949 4549 καὶ
2980 4495 3071 4550 τὸν
3122 4494 3354 4571 ἄγγελον
3411 4495 3574 4552 αὐτοῦ
3615 4497 3717 4553 τὸν

2068 4584 2326 4654 Ἰωάννην
2410 4583 2710 4640 ἀπέστελλε
2796 4581 3022 4659 λέγοντα
3063 4601 3078 4618 ⁸
3147 4586 3510 4658 Ἑτοιμάσατε
3608 4587 3716 4656 τὴν

2067 4669 2191 4728 ὁδὸν
2263 4671 2483 4746 Κυρίου,
2545 4672 2753 4735 εὓθείας
2809 4673 3014 4728 ποίεῖτε
3068 4671 3164 4737 τὰς
3223 4669 3445 4749 τρίϐους
3523 4674 3718 4734 αὐτοῦ,

2065 4765 2173 4820 Τοῦ
2231 4761 2289 4818 δὲ
2345 4759 2562 4833 ὕδατος,
2597 4761 2650 4816 ἐν
2707 4761 2753 4835 ᾧ
2807 4759 3184 4824 καταδεδυκὼς
3241 4763 3270 4817 ὁ
3317 4761 3717 4840 φιλάνθρωπος

2062 4850 2276 4923 Ἰησοῦς
2343 4856 2516 4906 πᾶσαν
2599 4847 2943 4922 δικαιοσύνην
3021 4848 3332 4927 ἐπλήρωσε,
3391 4856 3509 4915 πῶς
3565 4851 3723 4918 ὅλως

2062 4944 2287 5016 ψαῦσαι,
2348 4941 2424 5014 μή
2485 4941 2568 4995 ὅτι
2615 4961 2676 5017 γε
2729 4939 2968 4996 καθόλου
3026 4939 3080 4997 ὲν
3140 4939 3287 5015 αὓτῷ
3331 4941 3720 5018 βαπτισθῆναι,

381 5061 427 5099 ⁹⁰
452 5061 655 5120 Matth.
685 5078 742 5131 γ,
775 5063 864 5118 17.
939 5062 982 5098 ⁹¹
1014 5062 1158 5119 ibid.
1192 5063 1278 5118 l8.
1355 5063 1402 5100 ⁶²
1431 5064 1604 5122 Marc.
1636 5080 1677 5138 ι,
1711 5070 1763 5136 1,
1794 5070 1850 5124 2.
1925 5066 1958 5104 ⁸⁵

2069 5067 2144 5124 id.
2176 5068 2231 5126 3.

1482 5219 1716 5275 νΑῑιΙιΕ
1754 5218 2144 5277 LECTIONES
2175 5221 2268 5277 ET
2307 5220 2536 5278 ΝΟΤᾸΕ.

378 5345 498 5418 (94)
529 5341 790 5418 Τοίαυτη.
819 5341 926 5400 Ms.
958 5341 1016 5418 in
1048 5342 1222 5398 dandi
1255 5358 1395 5400 casu
1427 5342 1583 5412 legit,
1616 5345 1766 5402 sicut
1785 5349 1841 5403 et
1874 5362 1958 5402 se-

307 5413 491 5498 quens
521 5413 741 5498 σαπρίᾳ.
761 5417 850 5498 Att
878 5415 1092 5498 rectius
1122 5419 1514 5498 utraqueﬂox
1560 5432 1662 5488 pro
1684 5419 1952 5498 nomina-

306 5486 428 5548 tivo
460 5486 728 5544 habetur.
761 5489 842 5543 Ea
878 5487 1034 5542 enim
1071 5491 1156 5542 est
1202 5486 1392 5543 Pbotii
1423 5486 1612 5559 mens,
1645 5489 1951 5548 salituram

311 5578 430 5644 non
461 5559 665 5644 cadere
694 5559 754 5615 in
776 5575 1010 5631 corpus,
1033 5563 1315 5644 tanquam
1339 5561 1714 5644 rem‘penitus
1737 5564 1952 5644 malam

307 5638 368 5692 et
411 5631 723 5763 putridtttm,
755 5630 894 5702 quis
932 5630 1172 5702 proinde
1211 5647 1246 5686 a
1273 5630 1582 5702 putredine
1613 5637 1950 5704 preservari

307 5719 429 5763 non
459 5719 619 5763 D0881
653 5745 669 5760 .

307 5719 429 5764 non
459 5719 669 5777 possit.

2136 5348 2248 5419 (95)
2283 5347 2368 5402 Ἐν
2406 5349 2523 5406 τοῖς
2552 5345 2883 5420 πθοφήταις.
2905 5346 3002 5420 ita
3037 5345 3283 5404 Photius
3313 5363 3714 5420 communem,

2067 5435 2192 5491 quae
2225 5419 2399 5475 hodie
2431 5422 2583 5474 recte
2621 5419 2868 5491 obtinet,
2902 5419 3207 5475 lectionem
3241 5421 3469 5486 astruit,
3504 5436 3718 5491 quem-

2061 5489 2380 5548 admodum
2441 5491 2690 5546 lrenasus
2743 5489 2845 5547 lib.
2905 5507 2991 5556 tu,
3053 5506 3102 5547 c.
3158 5493 3218 5546 11
3255 5509 3270 5560 ;
3306 5495 3362 5546 et
3407 5489 3566 5546 Titus
3597 5493 3712 5548 Bo-

2061 5564 2304 5620 strensis
2325 5562 2426 5617 lib.
2460 5578 2504 5629 ι,
2537 5561 2740 5632 Contra
2785 5561 3143 5632 Manicheam.
3193 5562 3427 5619 Codices
3466 5563 3714 5632 quidam

2060 5649 2241 5708 manu
2273 5635 2501 5708 exarati
2527 5631 2740 5688 habent
2775 5631 2841 5708 ἐν
2861 5635 2942 5708 τῷ
2964 5634 3253 5708 προφήτη.
3289 5631 3556 5708 Lege_Jo.
3588 5636 3712 5693 Mil-

2058 5703 2228 5778 lium,
2261 5710 2318 5762 et
2343 5705 2433 5763 Jo.
2466 5707 2771 5762 Ernestum
2802 5703 3186 5764 Grabiu'm'ad
3210 5703 3410 5762 Irenéi
3443 5705 3482 5762 l.
3515 5721 3567 5764 ο.
