4084 6210
249 360 346 421 I97

1296 353 1618 417 CONTRA
1659 351 2140 416 MANICHEOS
2187 351 2418 414 LIBER
2462 354 2569 414 IV.

3413 381 3422 388 ·
3515 355 3630 416 198

244 490 520 567 ἠνέσχετο,
571 488 670 545 καὶ
722 485 1020 564 καθαρσίου
1068 485 1349 562 δυνάμεως
1405 487 1498 544 καὶ
1553 488 1878 564 ἁγιαστικῆς

2006 489 2263 562 ippositaa
2301 489 2608 562 potestatis
2649 506 2797 562 opus
2843 490 3194 548 exsisteret?
3225 493 3415 564 Atque
3479 492 3632 550 hanc

249 578 562 654 μεταδοῦναι
612 579 869 656 χάριτος,
921 574 967 632 εί
1022 576 1099 651 μή
1149 583 1247 648 τῆς
1286 577 1456 633 αὑτοῦ
1486 574 1878 652 δημιουργίας,

245 669 377 725 ἀλλὰ
405 675 508 738 τῆς
539 666 918 740 ἀντικειμένης
964 665 1228 741 ἐτύγχανε
1276 665 1675 742 δημιούργημα
1709 686 1724 738 ;
1774 668 1882 723 Καὶ

245 759 431 828 ταύτην
458 758 558 827 τήν
588 755 755 832 χάριν
789 756 854 810 ού
883 758 1074 832 παρὼν
1110 755 1274 830 μόνον
1325 761 1404 829 τῷ
1447 755 1661 829 σώματι
1699 754 1882 830 πηγά-

247 853 341 916 ζειν
403 842 690 920 ἐδωρεῖτο,
739 841 890 900 ἀλλά
932 842 1025 898 καὶ
1074 844 1150 906 εἷς
1205 843 1335 907 τοὺς
1401 843 1590 924 ἐφεξῆς
1647 844 1885 908 ἅπαντας

245 935 432 996 αἰῶνας
483 931 554 988 δι’
613 932 779 988 αὐτοῦ
831 934 932 1003 τήν
991 930 1288 988 ἀνάπλασιν
1344 934 1434 989 καὶ
1531 933 1884 1012 ἀναγέννησιν

249 1023 500 1099 εὑρίσκειν
549 1024 678 1085 τοὺς
723 1021 1072 1094 σωζομένους
1147 1021 1390 1099 ἐνεργείᾳ
1454 1027 1552 1080 τοῦ
1611 1024 1884 1100 παναγίου

246 1113 552 1187 Πνεύματος
611 1111 966 1188 ἐχαρίτωσεν,
1026 1112 1101 1173 ὡς
1174 1111 1437 1170 ἀθάνατον
1517 1111 1666 1187 αύτῷ
1739 1134 1883 1188 παρ-

249 1202 566 1258 ακολουθεῖν
616 1203 716 1272 τὴν
764 1199 971 1277 δωρεὰν
1018 1205 1116 1257 τοῦ
1166 1203 1531 1278 χαρίσματος.
1579 1203 1770 1274 ’Ἄξιος
1828 1199 1885 1258 δὲ

243 1293 396 1349 πάλιν
446 1300 552 1363 τῆς
599 1291 909 1372 ἐπιφανείας
956 1295 1054 1348 τοῦ
1102 1293 1303 1368 ἀγαθοῦ
1360 1298 1494 1350 Θεοῦ
1557 1294 1798 1370 γεγονὼς
1857 1294 1886 1348 ὁ

245 1382 514 1455 Ἰωάννης,
563 1383 654 1438 καὶ
730 1383 1018 1460 προφήτου
1068 1380 1474 1459 περισσότερος,
1531 1383 1620 1438 καὶ
1683 1382 1881 1456 μείζων

243 1477 337 1527 τῶν
377 1471 434 1528 ἐν
483 1476 771 1549 γεννητοῖς
817 1475 1083 1546 γυναικῶν
1136 1471 1223 1526 ὑπ’
1269 1470 1438 1542 αὐτῆς
1485 1479 1587 1542 τῆς
1621 1471 1882 1544 ἀληθείας

244 1561 638 1638 ἀναγορευθεὶς,
691 1563 812 1622 πῶς
871 1559 1070 1632 ὑπέστη
1131 1568 1368 1635 νομικῆς
1421 1561 1653 1632 ἐντολῆς
1727 1563 1884 1636 ὑπερ-

246 1657 460 1727 μαχεῖν,
491 1651 584 1706 καὶ
614 1649 736 1704 τότε
765 1646 1084 1725 πρόδρομος
1113 1658 1212 1720 τῆς
1243 1652 1473 1728 χάριτος
1512 1649 1837 1714 ἀποσταλείς
1866 1669 1879 1720 ;

241 1741 298 1797 Ὀ
350 1738 414 1795 δὲ
461 1741 529 1795 οὗ
591 1739 758 1814 μόνον
813 1739 949 1815 ὑπὲρ
1001 1747 1102 1810 τῆς
1150 1737 1260 1812 ἤδη
1311 1741 1650 1814 παυομένης,
1709 1739 1884 1804 οὕτως

1989 578 2237 652 gratiam
2259 595 2327 637 ex
2343 580 2636 652 baptismo
2666 583 2945 651 tanquam
2971 581 3128 637 fonte
3149 580 3429 637 scaturire
3452 581 3636 653 jussit

1991 684 2108 725 non
2138 667 2327 724 solum
2374 673 2538 738 tunc,
2569 685 2704 725 cum
2749 685 2988 740 corpore
3036 685 3291 742 praesens
3329 673 3506 738 esset,
3538 670 3637 726 sed

1991 757 2248 830 gratiose
2278 757 2487 828 etl'ecit,
2521 762 2586 813 ut
2606 757 2666 813 in
2690 757 2886 814 futura
2915 759 3129 814 saecula
3157 759 3356 816 omnia
3375 759 3640 816 salvandi

1993 845 2088 902 hic
2118 862 2219 917 per
2249 846 2530 918 Spiritum
2574 853 2843 902 sanctum
2889 847 3386 919 regenerationem
3416 864 3644 905 novam-

1994 951 2108 1010 que
2137 935 2490 992 creationem
2538 934 2884 1004 invenirenl,
2916 941 3091 1007 atque
3125 937 3270 993 adeo
3302 937 3410 993 hoc
3439 937 3640 1009 gratiis

1996 1025 2222 1079 donum
2281 1039 2587 1096 nunquam
2661 1023 3052 1081 intercideret.
3111 1025 3410 1089 Quomodo
3470 1043 3642 1100 porro

1993 1112 2274 1182 Joannes,
2307 1114 2521 1185 dignus
2552 1112 2808 1184 habitus,
2841 1113 2942 1185 qui
2972 1113 3191 1170 videret
3213 1115 3427 1170 bonum
3458 1121 3642 1173 Deum

1991 1203 2417 1272 adventantem,
2478 1203 2748 1274 idemque
2820 1203 3121 1274 propheta,
3154 1203 3534 1276 lpraestantior
3587 1210 3644 1262 et

1995 1292 2183 1363 major
2213 1291 2512 1358 omnibus,
2535 1291 2634 1364 qui
2665 1309 2737 1348 ex
2767 1291 3046 1349 uxoribus
3077 1291 3198 1348 nati
3229 1294 3481 1362 sunt,ab
3512 1293 3644 1366 ipsa

1992 1381 2234 1439 veritate
2293 1381 2610 1451 renuntiat,
2669 1397 2773 1454 pro
2822 1381 3125 1454 praeceptis
3180 1381 3326 1456 legis
3387 1400 3644 1456 pugnare

1993 1469 2294 1542 ingressus
2323 1478 2430 1541 est,
2461 1472 2512 1528 is
2542 1471 2786 1540 scilicet,
2811 1471 2912 1543 qui
2943 1471 3161 1528 missus
3183 1477 3328 1540 erat,
3357 1479 3416 1529 ut
3445 1474 3643 1545 gratias

1993 1566 2148 1618 esset
2178 1562 2802 1634 praenuntius?Neque
2824 1563 2873 1618 is
2906 1568 3128 1618 tantum
3154 1579 3256 1634 pro
3287 1578 3356 1620 ea
3391 1564 3513 1634 jam
3543 1565 3642 1624 de.

1994 1651 2182 1707 situra
2211 1652 2373 1722 (adeo
2403 1651 2565 1708 illam
2597 1655 2765 1708 norat
2795 1650 2894 1707 Dei
2927 1651 3147 1708 donum
3173 1653 3323 1724 esse)
3354 1657 3645 1710 certamen

1996 1741 2300 1814 ingressus
2331 1747 2433 1808 est,
2459 1742 2560 1797 sed
2583 1757 2650 1798 eo
2669 1757 2903 1813 quoque
2925 1744 3016 1798 est
3033 1746 3363 1814 provectus,
3387 1741 3646 1798 utvitam

243 1825 366 1903 ᾓδει
393 1830 594 1899 ταύτην
629 1826 762 1884 Θεοῦ
808 1825 1008 1904 δῶρον,
1049 1829 1140 1885 τὸν
1191 1829 1377 1904 ἀγῶνα
1415 1829 1716 1906 προθύμως
1760 1851 1890 1905 μετ-

2006 1849 2165 1889 suam
2216 1837 2590 1906 postponeret
2637 1833 2788 1888 serio
2831 1831 2992 1888 illam
3039 1831 3383 1889 observandi
3427 1832 3648 1891 studio.

246 1921 482 1993 ἤρχετο,
539 1917 679 1974 ἀλλὰ
742 1919 834 1974 καὶ
905 1919 1071 1994 μέχρι
1125 1919 1410 1988 τοσούτου,
1463 1918 1604 1977 ὥστε
1661 1920 1749 1976 καὶ
1789 1922 1886 1990 τὴν

249 2007 447 2061 ἑαυτοῦ
497 2007 632 2075 ζωὴν
679 2003 930 2080 δευτέραν
980 2009 1130 2084 ἄγειν
1179 2015 1280 2078 τῆς
1327 2008 1452 2083 περὶ
1499 2008 1667 2078 αὐτὴν
1712 2009 1891 2084 φυλα-

245 2103 370 2165 κῆς.
423 2096 501 2152 Τὸ
546 2094 646 2172 γάρ
699 2095 950 2172 ἐλέγχειν
983 2097 1076 2152 τὸν
1126 2095 1403 2171 Ἡρώδην,
1449 2097 1524 2161 ὡς
1575 2098 1690 2154 Οὐκ
1723 2093 1891 2169 ἔξεστί

245 2206 324 2240 σοι
379 2180 534 2261 ἔχειν
591 2186 692 2254 τήν
751 2190 976 2261 γυναῖκα
1029 2190 1126 2241 τοῖ’)
1209 2183 1449 2266 ἀδελφοῦ
1526 2208 1646 2259 σου,
1729 2188 1890 2243 πόθεν

242 2268 424 2328 λαϐὼν
458 2271 717 2347 ἐπετίμα,
749 2273 785 2342 ἢ
815 2273 963 2337 τίνος
1004 2275 1383 2350 ὑπερασπίζων
1431 2275 1751 2350 νομοθεσίας
1798 2277 1891 2332 τὸν

244 2357 477 2439 ἔλεγχον
535 2369 810 2438 προσῆγεν
866 2367 946 2436 τῷ
1005 2363 1262 2440 βασιλεῖ;
1320 2364 1439 2440 Οὐχ
1497 2366 1646 2441 ὁρᾷς,
1721 2364 1891 2420 πόσον

241 2451 468 2528 ἀπεῖχεν
522 2448 758 2526 ὑϐρίζειν
807 2452 903 2515 τὰς
951 2453 1179 2527 νομικὰς
1221 2452 1441 2517 ἐντολὰς
1472 2455 1500 2510 ὁ
1530 2461 1632 2525 τῆς
1661 2454 1894 2533 χάριτος

241 2540 590 2616 πρόδρομος,
620 2542 708 2596 καὶ
741 2541 832 2596 τὸν
859 2548 960 2612 τῆς
1019 2543 1250 2620 χάριτος
1298 2539 1600 2618 νομοθέτην
1633 2543 1895 2619 βαπτίσαι

241 2628 637 2700 καταξιωθείςς
698 2629 761 2687 Εἰ
813 2628 870 2685 δὲ
920 2632 997 2704 μὴ
1043 2633 1140 2703 τῆς
1188 2632 1358 2703 αὐτῆς
1407 2633 1544 2702 ἦσαν
1599 2633 1746 2696 θείας
1803 2633 1892 2688 καὶ

240 2717 598 2795 ἀγαθουργοῦ
655 2717 938 2782 ἐπιπνοίας
991 2724 1059 2776 τὰ
1114 2722 1384 2777 Μωσαϊκά
1437 2721 1895 2797 παραγγέλματα,

243 2813 354 2871 πῶς
385 2809 416 2864 ὀ
472 2809 641 2870 αὑτὸς
688 2815 790 2878 τῆς
840 2810 1069 2886 ⁶χάριτος
1105 2811 1382 2884 ὑπηρέτης
1404 2810 1520 2866 οὐδ’
1552 2811 1767 2866 ἐκείνων
1799 2813 1897 2881 τήν

237 2897 543 2974 ὀλιγωρίαν
586 2895 870 2972 ὑπέμενεν,
924 2897 1052 2954 ἀλλ’
1090 2899 1158 2969 ἦν
1211 2899 1387 2954 αὐτῶν
1444 2897 1676 2976 σφοδρὰς
1712 2899 1900 2972 ζηλω-

239 2990 330 3055 τής
369 2989 470 3043 καὶ
509 2984 778 3061 διάπυρος
809 2984 1143 3059 ἐκδικητής,
1180 2989 1420 3062 μάλιστά
1458 3010 1522 3066 γε
1567 2994 1664 3044 τοῦ
1715 2997 1903 3061 Σωτῆ-

1998 1924 2162 1982 Unde
2192 1925 2350 1981 enim
2384 1922 2945 1980 animadversionem
2976 1921 3139 1979 illam
3175 1939 3344 1980 suam
3375 1922 3438 1978 in
3468 1923 3649 1979 Hero-

1999 2015 2152 2084 dem,
2187 2014 2432 2070 dicens:
2481 2013 2598 2069 Non
2631 2013 2762 2069 licet
2805 2013 2910 2067 tibi
2939 2012 3148 2068 habere
3195 2028 3426 2068 uxorem
3453 2013 3651 2083 fratris

2001 2103 2084 2158 tui
2111 2102 2175 2171 9‘,
2209 2103 2381 2170 unde,
2423 2102 2687 2172 inquam,
2721 2115 2849 2156 eam
2882 2104 3089 2156 nactus
3120 2104 3227 2170 est,
3258 2105 3362 2157 aut
3391 2118 3496 2172 pro
3527 2116 3648 2172 qua

2001 2189 2125 2262 lege
2174 2206 2552 2263 propugnans
2619 2190 2701 2245 ita
2773 2188 3101 2260 objurgavit
3159 2189 3394 2260 regem?
3447 2190 3652 2246 Nonne

1999 2279 2181 2348 vides,
2204 2295 2379 2352 quam
2409 2278 2583 2350 longe
2612 2279 2962 2350 prodromus
2981 2279 3182 2350 gratim
3208 2296 3243 2335 a
3270 2278 3648 2345 contumelia,

2005 2368 2313 2441 praeceptis
2342 2367 2491 2441 legis
2519 2367 2847 2435 inferenda,
2882 2367 3156 2438 abfuerit,
3185 2367 3238 2423 is
3267 2367 3527 2440 omnino,
3551 2366 3653 2438 qui

2005 2463 2071 2514 ut
2100 2463 2396 2514 auctorem
2427 2457 2626 2530 gratiae
2659 2455 2996 2529 baptizaret,
3020 2456 3236 2528 dignus
3267 2457 3504 2514 habitus
3523 2458 3651 2512 est?

2005 2548 2066 2606 Si
2098 2563 2232 2604 vero
2265 2549 2520 2604 mosaica
2550 2554 2834 2618 praecepta
2883 2562 2998 2602 non
3033 2545 3104 2601 ab
3139 2547 3341 2602 eadem
3369 2545 3569 2603 divina
3597 2551 3658 2602 et

2003 2637 2262 2694 benefica
2313 2635 2697 2708 inspiratione
2754 2635 3014 2707 profecta
3058 2636 3324 2705 fuissent,
3366 2635 3656 2707 quomodo

2004 2725 2157 2782 idem
2205 2725 2404 2798 gratiis
2449 2724 2714 2780 minister
2771 2723 2874 2782 illa
2930 2725 3073 2782 adeo
3113 2741 3230 2782 non
3280 2725 3656 2797 contemptim

2005 2815 2230 2882 habuit,
2264 2819 2327 2871 ut
2358 2830 2423 2871 ea
2452 2815 2642 2886 potius
2681 2817 2844 2870 omni
2877 2815 3071 2871 studio
3102 2819 3423 2872 sectaretur
3451 2819 3509 2873 et
3537 2814 3658 2872 fer—
3708 2866 3710 2868 ,

2011 2903 2138 2960 vide
2169 2903 2445 2974 urgeret?
2465 2902 2766 2958 Servatore
2797 2906 2992 2959 nostro
3014 2901 3310 2974 imprimis
3333 2903 3654 2961 clamante:

2009 2995 2174 3049 Nemo
2198 2997 2372 3064 potest
2399 2993 2608 3048 duobus
2633 2991 2876 3048 dominis
2903 2992 3122 3049 servire
3141 3011 3162 3048 :
3182 3001 3280 3049 aut
3309 2995 3458 3050 enim
3486 3010 3661 3049 unum

238 3095 323 3150 ρος
385 3073 848 3153 διακεκραγότος·
916 3073 1105 3139 Οὒδεὶς
1185 3074 1406 3133 δύναται
1490 3075 1611 3132 δυσὶ
1689 3079 1895 3154 κυρίοις

2012 3083 2132 3139 odio
2164 3082 2402 3149 habebit,
2432 3091 2485 3137 et
2513 3081 2754 3138 alterum
2797 3081 3030 3153 diliget:
3063 3091 3166 3138 aut
3201 3082 3306 3138 uni
3335 3083 3657 3154 adharebit,

237 3163 550 3222 δουλεύειν·
609 3163 645 3235 ἢ
701 3164 804 3240 γὰρ
859 3165 952 3220 τὸν
1004 3162 1093 3221 ἕνα
1134 3168 1374 3240 μισήσει,
1431 3167 1520 3222 καὶ
1573 3168 1666 3224 τὸν
1715 3166 1896 3243 ἕτερον

2014 3180 2064 3228 et
2115 3172 2352 3226 alterum
2400 3175 2724 3227 contemnet.
2771 3171 2891 3226 Non
2927 3172 3149 3242 potestis
3195 3173 3300 3227 Deo
3357 3173 3564 3227 servire
3609 3180 3662 3227 et

237 3255 528 3330 ἀγαπήσει
560 3275 574 3290 ·
637 3255 674 3324 ἢ
739 3258 835 3310 τοῦ
892 3255 1010 3317 ἐνὸς
1064 3255 1355 3326 ἀνθέξεται,
1411 3259 1503 3312 καὶ
1560 3261 1658 3312 τοῦ
1716 3257 1895 3334 ἑτέρου

2010 3263 2338 3318 Hammona:
2369 3259 2438 3317 95.
2471 3260 2632 3326 Quod
2665 3259 2714 3316 si
2743 3259 2835 3315 lex
2865 3263 2922 3315 et
2969 3259 3155 3330 gratia
3194 3277 3228 3316 a
3278 3259 3511 3315 duobus
3561 3261 3664 3315 dc-

237 3346 678 3425 καταφρονήσει.
763 3344 836 3400 Οὔ
923 3342 1144 3400 δύνασθε
1237 3351 1354 3419 Θεῷ
1443 3344 1720 3403 δουλεύειν
1813 3349 1895 3404 καὶ

2014 3349 2190 3406 minis
2227 3347 2514 3422 cppositis
2562 3364 2681 3404 non
2711 3356 2905 3405 autem
2938 3347 3010 3404 ab
3058 3349 3261 3404 eadem
3305 3348 3565 3405 bonitate
3603 3351 3664 3404 et

239 3435 582 3510 Μαμμωνᾷ.
633 3433 731 3489 Καὶ
780 3436 889 3509 μὴν
935 3435 982 3490 εἰ
1033 3432 1128 3491 δύο
1178 3435 1376 3511 κυρίων
1437 3437 1820 3512 ἀντικειμένων
1881 3439 1895 3493 ί

2018 3443 2294 3512 potestate
2342 3437 2606 3510 profectae
2648 3441 2807 3506 sunt,
2859 3437 3150 3509 quomodo
3179 3437 3252 3505 is,
3302 3453 3418 3508 quo
3463 3435 3664 3494 nullus

239 3525 426 3596 νόμο;
463 3523 566 3579 καὶ
597 3523 633 3592 ἡ
667 3523 856 3599 χάρις,
887 3521 1034 3579 ἀλλά
1070 3526 1145 3597 μὴ
1188 3531 1289 3595 τῆς
1325 3531 1451 3598 μιᾶς
1484 3527 1825 3603 ἀγαθότητός
1853 3548 1895 3584 τε

2019 3528 2173 3586 inter
2201 3528 2465 3586 homines
2510 3528 2702 3600 major
2750 3531 2860 3596 est,
2893 3527 3124 3584 duobus
3167 3526 3444 3596 dominia,
3495 3529 3670 3599 prout

243 3614 331 3668 καὶ
367 3611 718 3687 μοναρχίας,
749 3616 867 3675 πῶς
909 3613 970 3667 οὗ
1013 3611 1205 3687 μηδεὶς
1251 3612 1304 3669 ἐν
1335 3615 1646 3690 ἀνθρώποις
1687 3615 1888 3691 μείζων

2022 3618 2207 3691 impia
2250 3617 2556 3674 hominum
2607 3617 2810 3690 lingua
2855 3617 3053 3688 tradit,
3089 3616 3306 3673 servire
3348 3617 3508 3673 visus
3537 3616 3674 3673 est?

245 3700 369 3757 δυσὶ
421 3698 716 3758 δουλεύων
767 3697 923 3779 ὤφθη
980 3700 1192 3777 κυρίοις
1241 3704 1380 3759 κατά
1421 3707 1520 3772 τήν
1553 3703 1705 3762 ἄθεον
1736 3705 1895 3782 γλωσ

2023 3709 2208 3780 Atque
2233 3707 2436 3764 eodem
2486 3706 2659 3762 modo
2708 3709 3083 3778 comparatus
3113 3705 3226 3761 fuit
3253 3705 3541 3772 omnium,
3573 3704 3676 3776 qui

249 3791 493 3869 σαλγίαν
524 3809 538 3858 ;
573 3789 848 3853 Ὡσαύτως
881 3789 938 3847 δὲ
966 3790 1057 3846 καὶ
1103 3796 1211 3848 τῶν
1262 3794 1368 3866 πρὸ
1411 3793 1575 3850 αὑτοῦ
1621 3802 1895 3873 προφητῶ·

2029 3804 2162 3853 ante
2192 3797 2385 3868 ipsum
2415 3796 2675 3862 fuerunt,
2709 3793 3124 3866 prophetarum
3158 3798 3364 3850 cintus.
3393 3793 3523 3850 Jam
3544 3807 3679 3850 vero

248 3885 284 3951 ἡ
335 3884 652 3956 ὁμήγυρις.
699 3881 771 3935 Τὸ
819 3880 923 3956 γὰρ
974 3879 1060 3936 ὅτι
1106 3883 1197 3937 καὶ
1245 3882 1405 3945 αὐτὸς
1444 3884 1472 3937 ὁ
1506 3885 1702 3958 Σωτήρ
1722 3886 1785 3939 τὸ
1816 3905 1895 3940 πα·

2030 3886 2112 3950 id,
2143 3883 2298 3955 quod
2329 3885 2596 3940 Servator
2623 3884 2769 3955 ipse,
2801 3883 2976 3940 homo
2999 3885 3208 3950 factus,
3238 3883 3425 3939 Patris
3471 3883 3680 3938 volun-

248 3973 442 4047 τρικὸν
504 3970 758 4042 ἐπλήρου
807 3969 1224 4045 ἐνανθρωπήσας
1273 3973 1513 4045 θέλημα,
1559 3972 1650 4028 καὶ
1700 3974 1776 4036 ὡς
1821 3974 1895 4030 ού;

2031 3980 2210 4032 tatem
2259 3973 2523 4046 perfecit,
2557 3973 2827 4044 quodque
2872 3987 2990 4028 non
3038 3971 3197 4027 venit
3242 3973 3316 4028 ad
3346 3970 3684 4026 solvendam

247 4063 392 4131 ἦλθε
442 4057 760 4116 καταλῦσαι
806 4061 900 4114 τὸν
949 4060 1140 4134 νόμον,
1191 4061 1227 4130 ἢ
1275 4062 1405 4124 τοὺς
1434 4064 1742 4140 προφήτας,
1779 4061 1895 4118 ἀλλι

2032 4064 2222 4136 legem
2263 4067 2366 4121 aut
2403 4061 2738 4134 prophetas,
2791 4061 2914 4116 sed
2943 4060 3136 4131 potius
3179 4061 3250 4114 ad
3298 4059 3684 4132 implendum,

251 4152 590 4226 πληρῶσαι,
644 4147 734 4204 διὰ
780 4151 880 4219 τήν
931 4157 1032 4220 τῆς
1075 4151 1370 4222 ἀθεότητος
1431 4147 1768 4228 ὑπερϐολὴν,
1827 4154 1895 4209 οὐ·

2035 4152 2216 4210 nolim
2270 4149 2544 4222 amplius,
2578 4150 2650 4206 ob
2697 4148 3010 4206 maximam
3061 4148 3360 4205 contrariae
3392 4148 3690 4205 sententias

253 4243 314 4296 ἓν
349 4240 673 4310 ὑποσταίην
698 4241 1019 4320 σαφέστερον
1049 4239 1464 4311 ἀναπτύξασθαι.

2037 4241 2429 4313 impietatem,
2462 4237 2748 4297 evolvere.

327 4332 392 4390 ι’.
449 4328 614 4398 Πλὴν
660 4330 790 4403 τόγε
835 4326 1097 4406 ἀῤῥητον,
1147 4331 1221 4393 ὡς
1269 4331 1384 4386 οἶόν
1438 4331 1496 4388 τέ
1541 4331 1677 4403 ἐστι,
1725 4333 1816 4388 καὶ
1846 4335 1895 4411 ἐς

2108 4331 2174 4388 Χ.
2206 4333 2279 4388 At
2317 4330 2625 4388 infandum
2655 4327 2822 4395 illud,
2855 4328 3047 4402 quoad
3099 4327 3224 4385 fieri
3271 4330 3483 4401 potest,
3530 4330 3586 4383 et
3633 4326 3692 4382 in

253 4420 388 4476 ὅσον
425 4420 514 4493 μὴ
546 4417 836 4514 παντελᾳῶς
874 4419 1204 4494 χαρίσασθαι
1236 4425 1354 4484 τοῖς
1391 4419 1613 4496 ἐχθροῖς
1662 4421 1895 4501 ἐκφυγὼι.

2006 4425 2332 4502 >(ιιιιιιιῑυω
2363 4436 2482 4476 non
2532 4418 2692 4475 omni
2741 4433 2812 4474 ex
2861 4426 3025 4490 parte
3073 4416 3386 4490 gratiﬁcari
3433 4415 3696 4472 hostibus

258 4511 325 4564 τὸ
361 4509 496 4583 μετ’
527 4506 707 4562 ἐκεῖνο
746 4505 994 4584 δεύτερον
1026 4507 1155 4584 ἐρῶ.
1189 4511 1276 4572 Ὧς
1307 4510 1335 4564 ὁ
1366 4510 1625 4582 Ἰωάννης
1649 4517 1719 4586 τῇ
1749 4533 1808 4568 τε
1835 4535 1895 4569 το

2045 4509 2224 4568 simul
2255 4509 2475 4575 licebit,
2509 4517 2786 4579 tanquam
2818 4506 2997 4579 priori
3030 4507 3142 4563 isto
3173 4506 3495 4562 secundum
3535 4519 3700 4560 enar-

260 4594 452 4672 νόμου
501 4594 796 4673 διαγνώσει
826 4597 916 4652 καὶ
945 4605 1046 4668 τῆς
1078 4599 1307 4677 χάριτος
1341 4599 1803 4675 ὑπηρετούμενος,
1855 4602 1942 4658 ναὶ

265 4685 337 4758 ὂή
371 4687 479 4742 καὶ
512 4687 576 4742 τὸ
626 4684 905 4762 σύνταγμα
939 4693 1048 4742 τῶν
1093 4687 1200 4761 πρὸ
1256 4688 1421 4744 αὑτοῦ
1450 4694 1747 4766 προφητῶν
1804 4691 1944 4769 ἀφύ-

263 4797 431 4840 κτοις
465 4774 730 4850 ἐλέγχοις
759 4777 886 4838 τοὺς
917 4771 1128 4840 ἀσεϐεῖς
1168 4775 1548 4849 στηλιτεύουσι
1613 4781 1712 4850 τήν
1753 4777 1947 4836 ένυπό-

270 4886 487 4921 στατον
531 4862 798 4936 ἀλήθειαν
846 4864 922 4927 εἰς
965 4863 1165 4940 ψεῦδος
1215 4863 1511 4939 διασύρειν,
1560 4866 1652 4922 καὶ
1695 4867 1950 4944 μαχομέ-

271 4976 397 5018 νοις
434 4952 767 5028 νομοθέταις
794 4953 892 5016 τὰς
924 4953 1155 5017 ἐντολὰς
1185 4951 1574 5031 διασχίζοντας
1593 4959 1662 5031 τῇ
1686 4962 1794 5013 τῶν
1822 4978 1894 5032 πρ

2064 4955 2362 5014 tantialem
2420 4962 2702 5026 tanquam
2763 4950 3137 5007 mendacium
3194 4951 3576 5018 insectentur,
3630 4953 3710 5017 et,

271 5042 465 5120 τὲρων
520 5037 782 5117 διαϐολῇ,
829 5039 928 5099 κᾶν
972 5039 1127 5098 οὔπω
1169 5046 1351 5118 γυμνῇ
1397 5046 1468 5118 τῇ
1513 5043 1726 5123 κεφαλῇ
1765 5048 1890 5102 τεθα

2065 5045 2227 5114 dum,
2283 5043 2525 5102 invectis
2574 5039 3002 5116 legislatoribus
3050 5040 3378 5105 contrariis,
3431 5041 3714 5110 praecepta

277 5133 554 5212 ῥήκασιν,
602 5129 759 5188 οὐδὲν
819 5129 1045 5189 ἔλαττον
1105 5130 1416 5195 ἑαλωκότας
1484 5133 1560 5207 (τί
1615 5134 1721 5210 γὰρ
1777 5133 1838 5190 ἃν

2066 5133 2423 5202 distrahunt,
2458 5132 2661 5190 eadem
2691 5147 2890 5204 opera,
2914 5146 3032 5202 qua
3044 5129 3238 5202 priora
3256 5128 3711 5196 calumniantur,

279 5221 537 5286 ψεύδους
597 5220 661 5278 οὗ
713 5220 922 5301 φαῦλον
979 5221 1246 5297 προέλθοι
1271 5223 1312 5296 ;)
1371 5221 1809 5298 συνεξορχεῖσθαι
1865 5245 1895 5280 κ

2069 5223 2338 5296 quamvis
2360 5221 2422 5280 id
2451 5221 2643 5294 palam
2673 5221 2861 5277 facere
2890 5235 3007 5276 non
3041 5219 3317 5288 audeant,
3349 5233 3466 5274 non
3514 5217 3716 5273 minus

280 5311 356 5365 τὰ
404 5316 517 5380 τῆς
563 5312 817 5387 χάριτος.
871 5311 932 5368 Εἰ
983 5309 1084 5388 γάρ
1122 5317 1225 5381 τῆς
1272 5311 1504 5389 χάριτος
1555 5311 1652 5385 μὲν
1699 5313 1729 5367 ὁ
1760 5311 1894 5390 ἀγαθ

2069 5317 2128 5371 et
2155 5330 2243 5382 ea,
2276 5329 2403 5385 quas
2432 5310 2634 5384 gratiae
2661 5317 2800 5367 sunt
2831 5308 2993 5381 (quid
3024 5307 3179 5366 enim
3208 5305 3350 5364 mali
3379 5321 3452 5363 ex
3483 5306 3718 5362 menda-

287 5399 592 5471 Δεσπότης
628 5399 963 5473 νομοθέτης,
992 5395 1048 5455 ἔν
1080 5396 1140 5455 δὲ
1181 5397 1348 5455 αὐτοῦ
1375 5403 1484 5454 τῶν
1529 5399 1820 5477 δογμάτων
1870 5423 1895 5457 κ

2073 5403 2162 5462 cio
2192 5419 2312 5461 non
2343 5401 2746 5476 proﬁciscatur
2763 5401 2812 5474 ?)
2839 5399 3089 5472 prodant
3107 5401 3164 5456 et
3182 5397 3360 5455 simul
3382 5396 3714 5470 explodant.

287 5490 383 5560 τὸ,
460 5487 664 5562 μηδένα
720 5487 978 5547 δύνασθαι
1035 5487 1156 5546 δυσὶ
1221 5488 1436 5566 κυρίοις
1520 5488 1820 5563 δουλεύειν,

2071 5493 2131 5549 Si
2177 5492 2336 5549 enim
2369 5492 2556 5549 bonus
2591 5489 2872 5548 Dominus
2901 5491 3101 5562 gratias
3150 5491 3352 5546 auctor
3395 5489 3507 5556 est,
3541 5486 3716 5560 hujus

2057 4601 2214 4657 rabo.
2260 4599 2518 4656 Joannes
2569 4598 2810 4662 scilicet,
2843 4597 2902 4652 in
2947 4596 3200 4652 conﬁnio
3243 4594 3386 4666 legis
3417 4598 3474 4650 et
3501 4595 3701 4666 gratiae

2059 4687 2384 4746 ministerio
2418 4687 2690 4758 fungens,
2723 4687 2840 4741 imo
2869 4689 2925 4740 et
2944 4683 3136 4740 omnis
3167 4683 3605 4755 prephetarum,
3638 4699 3704 4739 eo

2059 4777 2340 4850 priorum,
2371 4784 2559 4832 coetus
2599 4773 2964 4846 argumentis
2995 4788 3112 4828 non
3145 4771 3439 4828 solvendis
3465 4772 3706 4828 convin-

2060 4869 2203 4924 cunt
2231 4865 2500 4921 homines
2541 4863 2685 4920 istos
2728 4862 2962 4935 impios,
2995 4861 3149 4933 quod
3199 4860 3503 4916 veritatem
3535 4861 3709 4918 subs-

379 5710 436 5748 ⁸⁵
470 5709 644 5772 Marc.
676 5727 752 5786 γι,
788 5715 872 5772 18.
949 5712 1000 5751 ⁹⁶
1028 5713 1236 5772 Matth.
1266 5729 1343 5787 vr,
1373 5714 1466 5772 24.
