4084 6210
383 373 497 436 199
1578 361 1851 424 PHOTII
1896 357 2045 420 PAT

2158 357 2422 418 tRCH/E
2465 358 2580 420 ep.
3659 359 3788 442 20o

380 526 514 566 vero
543 509 691 564 inter
722 505 948 579 reliqua
975 503 1083 560 hoc
1108 503 1321 571 dogma
1349 502 1458 565 est,
1492 498 1646 569 quod
1680 510 1849 552 nemo
1889 509 2022 565 pos-

2158 487 2361 579 ἰδια-τέρᾳ
2422 484 2480 543 δὶ
2533 485 2716 563 μερίδι
2784 483 3212 543 διδουλεύκασιν
3280 487 3332 542 oi
3390 487 3793 563 προειρημένοι

384 599 462 654 sit
493 597 725 653 duobus
756 575 1010 650 dominis
1040 589 1529 661 servire,utrique
1551 601 1681 642 vero
1713 583 1857 656 parti
1886 599 2023 655 pre:-

2158 575 2299 633 ἴλλον
2348 575 2404 633 δὲ
2453 579 2647 652 Κύριον
2692 584 2808 639 τοῖς
2857 582 3171 638 Μωσαϊκοῖς
3229 575 3512 657 ἐφίστησιν
3564 583 3600 649 ἡ
3646 579 3788 635 ἀπο-

383 689 520 743 dicti
548 687 632 742 illi
665 685 1011 750 servierunt,
1046 695 1200 735 nunc
1250 683 1442 735 autem
1474 675 1573 732 illa
1621 677 2020 746 apostatarum

2158 665 2338 722 τασία⁶
2372 671 2490 729 πῶς
2523 667 2621 722 οὐκ
2651 666 2702 721 ἐν
2733 671 2812 740 τῷ
2843 664 3293 738 προπηλακισμῷ
3333 671 3427 722 τοῦ
3477 667 3674 740 νόμου,
3737 668 3786 723 εἰ

385 776 659 833 colluvies
689 773 869 829 alium
903 769 1170 828 Mosaicis
1193 767 1492 840 praeceptis
1513 765 1828 821 Dominum
1859 777 2023 817 cons-

384 866 546 921 tituit
569 883 584 931 ;
607 878 797 919 nonne
818 863 967 916 inter
989 859 1210 913 medios
1239 855 1751 928 praetextusipsam
1775 851 2022 924 gratiam

387 955 613 1028 probris
669 953 1047 1018 insectantur,
1099 947 1244 1002 dum
1303 944 1738 1001 calumniantur
1795 939 2026 1012 legem?

389 1046 471 1100 Ila
499 1044 651 1099 enim
684 1044 856 1112 (qua,
889 1043 1016 1094 utut
1066 1037 1240 1093 etiam
1291 1036 1348 1091 in
1396 1035 1792 1092 confutatione
1822 1031 2027 1102 impie-

390 1133 519 1189 tatis
551 1143 1006 1186 commemorare
1050 1126 1142 1182 vix
1190 1126 1275 1180 fas
1308 1125 1405 1192 sit,
1436 1123 1624 1195 magis
1654 1126 1851 1178 tamen
1884 1120 2028 1176 inle-

387 1237 556 1292 grum
583 1217 981 1288 fuerit)ipsum
1005 1217 1443 1270 Testamentum
1471 1211 1755 1267 mendacii
1778 1210 2031 1266 insimu-

389 1309 508 1364 lare
551 1306 987 1377 judicabantur.
1040 1304 1143 1360 Sed
1195 1301 1331 1372 quid
1401 1301 1451 1356 si
1501 1301 1634 1372 quis
1680 1298 1970 1371 exceperit
2011 1317 2024 1354 :

390 1399 448 1454 Si
478 1397 568 1453 lex
599 1397 752 1450 bona
784 1399 892 1462 est,
915 1410 1068 1460 num,
1089 1393 1192 1463 qui
1220 1391 1331 1446 sub
1361 1389 1549 1462 gratia
1570 1405 1793 1457 sumus,
1822 1404 2030 1444 secun-

391 1491 522 1542 dam
559 1501 686 1542 eam
749 1482 1041 1540 vivimus?
1100 1483 1170 1536 At
1221 1484 1320 1534 tua
1368 1479 1605 1550 quidem
1664 1494 1843 1535 causa
1887 1475 2028 1532 nihil

393 1575 601 1631 attinet
657 1587 1016 1644 quemquam
1091 1570 1150 1624 in
1193 1568 1521 1624 subsidium
1572 1583 1788 1622 vocare.
1843 1566 2036 1630 Quod-

394 1679 529 1719 nam
560 1662 716 1718 enim
749 1660 852 1714 tibi
883 1658 1061 1730 impio
1110 1656 1365 1729 amplius
1413 1655 1658 1711 dubium
1705 1655 1834 1721 erit,
1865 1654 2036 1724 cujus

395 1751 748 1808 solutionem
783 1764 896 1803 non
929 1747 1278 1819 aggrediar?
1323 1745 1595 1818 Nunquid
1649 1746 1790 1800 forte
1854 1743 2037 1799 levius

2136 755 2224 808 καὶ
2265 752 2353 809 διὰ
2395 752 2572 828 μέσων
2632 754 3157 830 παραπετασμάτων,
3203 756 3267 810 οὐ
3319 755 3787 832 συμπροπηλακί-

2138 852 2284 914 ζουσι
2334 847 2422 902 καὶ
2477 850 2575 916 τήν
2630 848 2794 922 χάριν
2823 874 2837 918 ;
2879 846 3032 901 Οὕτω
3063 847 3166 921 γὰρ
3201 847 3416 922 (καίπερ
3447 849 3508 903 οὗ
3541 851 3786 926 φορητὸν

2136 934 2248 990 οὐδ’
2280 935 2362 990 ἐπ’
2393 935 2613 1012 ἐλέγχῳ
2646 936 2822 1012 λέγειν
2853 943 2951 1004 τῆς
2983 930 3248 1002 ἀσεϐείας,
3291 934 3444 1010 ὅμως
3501 937 3794 993 ἀνεκτότε-

2138 1030 2278 1099 ρον),
2319 1024 2554 1100 ψεύδους
2598 1027 2767 1095 αὐτὴν
2809 1023 3075 1097 διαθήκην
3095 1026 3487 1102 ἀποφαίνοντες
3516 1026 3614 1082 εἶεν
3645 1031 3799 1099 (96).

2143 1118 2156 1139 1
2297 1116 2310 1132 ‘
2417 1115 2428 1134 Ι
2522 1114 2547 1134 ν
2783 1115 2798 1136 τ
2860 1115 2871 1132 ο
3235 1113 3258 1136 Ἰ
3437 1117 3450 1132 'I
3566 1117 3576 1130 ι

2161 1114 2322 1171 Αλλα
2375 1137 2429 1170 τι
2477 1136 2572 1171 καν
2632 1137 2718 1178 τις
2778 1133 3127 1190 υπεκρουσεν⁸
3187 1117 3353 1188 Ειπερ
3427 1118 3642 1190 αγαοος,
3715 1117 3799 1190 μὴ

2144 1204 2281 1260 κατά
2310 1206 2481 1278 νόμον
2509 1209 2601 1260 νῦν
2657 1206 2708 1259 οἱ
2749 1209 2847 1270 τῆς
2888 1207 3118 1284 χάριτος
3168 1203 3432 1279 βιοῦμεν;
3483 1203 3658 1261 Ἀλλά
3697 1209 3799 1261 σοῦ

2153 1296 2246 1367 μὶν
2278 1295 2441 1368 χάριν
2471 1291 2628 1350 οὐδὲν
2671 1293 2890 1350 ἀπαιτεῖ
2938 1299 3273 1370 προσειπεῖν.
3315 1294 3374 1349 Τί
3421 1295 3525 1370 γὰρ
3576 1289 3653 1349 ἔτι
3706 1315 3801 1350 σοι

2151 1379 2495 1438 δυσσεϐοῦντι
2515 1386 2629 1456 (97)
2653 1381 3009 1458 διηπόρηται,
3029 1383 3139 1458 ἐγὼ
3164 1381 3219 1438 δὲ
3243 1385 3320 1456 μή
3346 1382 3493 1439 λύειν
3526 1383 3798 1458 ἑλοίμην;

2155 1476 2291 1547 ’Δρα
2319 1472 2647 1549 κουφότερον
2680 1467 2984 1542 ἀσεϐήσεις,
3015 1473 3050 1541 ἢ
3081 1473 3179 1541 τὴν
3226 1467 3550 1547 ἀνύϐριστον
3595 1472 3802 1548 ἀγαθό-

2151 1583 2290 1632 τητα
2345 1558 2685 1635 καθυϐρίζων
2737 1558 3012 1635 κερδανεῖς
3066 1563 3165 1630 τήν
3223 1556 3398 1636 ὕϐριν,
3438 1562 3471 1630 ἢ
3511 1563 3806 1634 μετριώτε-

2154 1671 2245 1723 ρον
2273 1649 2606 1720 ἀπαλλάξεις
2636 1672 2650 1721 ;
2683 1651 2936 1726 Καίτοιγε
2968 1650 3097 1706 αὐτὸ
3126 1658 3226 1720 τῆς
3278 1650 3510 1724 ἀπορίας
3552 1651 3614 1706 τὸ
3659 1652 3800 1726 πρό-

2158 1737 2348 1813 βλημα
2377 1736 2528 1793 οὐδὲν
2558 1733 2785 1794 ἔλαττον
2815 1740 2916 1808 τήν
2946 1739 3271 1794 ἀποστασίαν
3307 1736 3622 1814 διελέγχει·
3653 1738 3803 1795 οὕτω

397 1805 688 1916 peccabis,
779 1843 836 1895 et
922 1805 1063 1893 aliis
1155 1805 1496 1903 bonitatem,
1576 1833 1718 1890 nulli
1814 1832 2042 1904 injuria

2158 1828 2486 1906 πανταχόθεν
2527 1828 2617 1883 καὶ
2673 1825 2762 1882 διὰ
2797 1833 2902 1883 τῶν
2953 1827 3210 1885 ἐναντίων
3257 1836 3357 1899 τῆς
3406 1827 3666 1901 ἀληθείας
3705 1830 3804 1886 ἀσο

396 1930 703 1990 obnoxiam
763 1927 981 1996 injuria
1025 1925 1237 1992 afficis,
1286 1923 1373 1980 vel
1427 1925 1664 1993 impune
1706 1939 1835 1978 eam
1895 1923 2043 1977 feres

397 2021 482 2076 vel
516 2018 741 2074 facilius
773 2016 1216 2070 dimittes?lmo
1248 2029 1382 2068 vero
1405 2012 1533 2083 ipsa
1554 2011 1654 2067 illa
1676 2009 2041 2067 difficultatis

397 2107 687 2180 oppositio
720 2120 832 2160 non
874 2103 1070 2158 minus
1099 2101 1483 2158 defectionem
1532 2101 1684 2156 hanc
1729 2100 2040 2156 confutat:

400 2199 543 2253 adeo
576 2194 966 2264 undequaque
995 2191 1170 2246 etiam
1195 2206 1261 2246 ex
1284 2189 1457 2245 rebus
1477 2189 1591 2261 ipsi
1613 2188 1922 2245 contrariis
1951 2203 2044 2243 ve-

400 2284 588 2342 ritatis
619 2283 796 2338 robur
813 2279 1165 2352 resplendet.
1187 2278 1247 2334 Si
1278 2279 1432 2334 enim
1454 2294 1522 2334 ex
1551 2293 1637 2346 eo,
1671 2278 1827 2349 quod
1861 2278 1949 2333 lex
1971 2278 2043 2333 ab

402 2375 542 2442 illis,
575 2371 675 2444 qui
706 2375 843 2427 sunt
873 2371 979 2425 sub
1011 2374 1190 2436 Bono,
1224 2384 1339 2422 non
1371 2367 1726 2432 observatur,
1767 2366 1825 2420 in
1858 2366 2048 2438 suspi-

401 2463 628 2518 cionem
679 2459 879 2514 eodem
912 2455 1260 2520 admittitur,
1294 2470 1361 2509 ac
1407 2453 1456 2509 si
1505 2468 1642 2510 cum
1691 2452 1878 2524 gratia
1928 2469 2042 2508 non

403 2549 750 2615 concordet;
793 2555 1020 2618 quantis
1069 2543 1348 2600 bonitatis
1399 2544 1682 2614 particeps
1711 2544 1912 2599 eadem
1952 2559 2045 2598 re-

406 2637 716 2696 nuntiatur
749 2652 814 2691 eo
845 2635 996 2706 ipso,
1031 2633 1185 2705 quod
1220 2632 1374 2688 Deus
1395 2631 1582 2687 bonus
1610 2631 1790 2698 venit,
1824 2647 1960 2697 non,
1989 2633 2047 2686 ut

403 2730 628 2785 solveret
657 2729 826 2797 legem
854 2728 906 2780 et
931 2724 1236 2795 prophetas,
1269 2721 1360 2777 sed
1389 2725 1448 2776 ut
1471 2720 1770 2792 impleret?
1791 2721 1855 2776 Et
1885 2737 2049 2792 apos-

405 2819 545 2874 tatis
589 2815 821 2887 quidem
871 2812 1042 2884 plura
1097 2811 1442 2883 respondere
1486 2826 1602 2865 non
1633 2825 1779 2881 opus
1818 2813 1926 2865 est.
1977 2813 2050 2864 At

407 2907 635 2978 piorum
667 2920 865 2972 causa,
897 2900 994 2972 qui
1043 2900 1202 2972 digni
1235 2904 1392 2959 sunt.
1427 2903 1490 2954 ut
1528 2899 1728 2970 gratiis
1759 2897 2051 2970 mysteriis

407 2994 663 3067 amplius
693 2993 1018 3058 initientur,
1054 2988 1221 3045 facile
1247 2987 1485 3044 edisseri
1509 2992 1719 3060 potest,
1744 2988 1894 3058 quod
1917 3001 2047 3058 pro-

407 3089 601 3154 pterea
628 3079 953 3138 secundum
986 3077 1258 3147 antiquas
1286 3077 1440 3148 leges
1469 3091 1582 3132 non
1613 3075 1884 3141 vivimus,
1917 3074 2048 3145 quia
2079 3115 2121 3184 Ο

406 3171 692 3238 Christus,
739 3168 840 3224 ubi
889 3168 1219 3234 advenerat,
1265 3165 1428 3221 omni
1469 3165 1748 3236 implevit,
1799 3166 2045 3237 gratiam

407 3261 632 3317 scilicet
664 3275 765 3330 pro
796 3257 984 3329 gratia
1015 3272 1114 3327 per
1152 3256 1351 3312 Mosen
1400 3256 1630 3320 tradita,
1667 3271 1886 3325 proque
1917 3271 2046 3309 san-

408 3352 539 3418 ctis,
590 3364 716 3420 quas
747 3348 805 3402 in
855 3350 1060 3402 sancto
1091 3349 1276 3410 erant,
1309 3345 1519 3416 typicis
1568 3345 1778 3400 Sancta
1817 3348 2048 3399 sancto-

408 3456 556 3506 rum,
592 3454 719 3509 qua
741 3453 844 3508 per
863 3433 963 3490 illa
986 3434 1351 3506 praﬁgurata
1370 3438 1557 3502 erant,
1589 3432 1887 3499 exhibens,
1913 3449 2050 3503 quo-

410 3545 541 3585 rum
565 3528 810 3583 alterum
844 3523 1062 3579 Paulus
1093 3521 1178 3592 9",
1211 3521 1454 3576 alterum
1482 3523 1738 3577 Joannes
1768 3520 1834 3588 9°,
1869 3522 1926 3576 in
1959 3522 2048 3576 di-

410 3618 544 3674 vina
572 3632 682 3672 sua
711 3613 972 3668 doctrina
1005 3611 1203 3666 tradit.
1237 3611 1436 3682 Itaque
1469 3627 1624 3665 nunc
1655 3611 1914 3681 quidem,
1947 3612 2045 3682 qui

413 3705 732 3762 secundum
767 3718 863 3757 eas
893 3701 1081 3757 vivere
1112 3699 1402 3763 instituat,
1428 3698 1937 3770 reprehendendus
1971 3700 2051 3754 fo-

413 3798 520 3861 ret,
566 3799 839 3863 tanquam
904 3789 1000 3859 qui
1049 3788 1289 3843 auderet
1342 3804 1552 3859 negare
1597 3787 1913 3855 Christum,
1948 3789 2048 3860 qui

408 3883 595 3955 legem
627 3879 908 3952 implevit,
933 3877 1132 3934 omnia
1161 3877 1288 3948 ejus
1319 3877 1678 3949 implevisse.
1711 3878 1818 3933 Sed
1852 3894 2047 3949 regre-

409 3973 687 4029 diendum
710 3986 776 4026 eo
805 3973 912 4034 est,
943 3968 1099 4023 unde
1129 3968 1416 4023 sermonis
1439 3968 1716 4038 impetus,
1749 3969 1819 4022 ad
1852 3967 2050 4023 afﬁnia

409 4063 743 4128 deﬂecten,
777 4075 891 4114 non
941 4056 1166 4114 avertit.
1202 4061 1417 4113 Auctor
1447 4057 1641 4126 gratia;
1673 4061 1730 4111 et
1758 4056 1966 4112 cmlum
1995 4060 2052 4111 et

408 4156 622 4208 terram
642 4155 698 4205 et
715 4147 1136 4217 Hierosolyma,
1160 4145 1280 4200 imo
1299 4150 1356 4201 et
1385 4145 1628 4215 capillos
1645 4146 1786 4200 adeo
1808 4145 2050 4201 revereri

408 4257 519 4295 non
548 4240 737 4308 jubet,
768 4241 832 4290 ut
865 4251 970 4289 nec
1001 4234 1070 4288 ad
1113 4233 1532 4302 jusjurandum
1567 4233 1830 4287 adhiberi
1861 4233 2046 4288 velit:

410 4331 467 4383 et
497 4327 707 4382 coelum
741 4324 1003 4393 quidem,
1040 4321 1308 4374 Thronum
1360 4320 1474 4386 Dei,
1507 4327 1714 4373 terram
1763 4336 1889 4375 vero
1935 4337 2058 4375 sca-

2150 1917 2370 1989 tpime:
2430 1917 2492 1972 τὸ
2539 1917 2757 1992 κράτος.
2820 1918 2880 1974 Ei
2938 1918 3062 1994 γὰρ,
3114 1919 3198 1973 ὅτι
3253 1919 3328 1990 μή
3385 1923 3503 1982 τοῖς
3559 1919 3662 1974 ὑπὸ
3702 1919 3804 1988 τὴν

2150 2006 2312 2079 χάριν
2340 2005 2650 2078 πράττεται,
2685 2007 2759 2069 εἰς
2792 2007 3050 2062 ὑπόνοιαν
3085 2008 3114 2062 6
3143 2007 3333 2081 νόμος,
3393 2008 3477 2063 ὅτι
3529 2011 3604 2081 μή
3659 2030 3803 2081 συμ-

2153 2099 2317 2170 φωνεῖ
2361 2098 2431 2168 τῇ
2481 2095 2800 2170 ἀγαθότητι,
2849 2097 3183 2174 περιάγεται·
3237 2095 3413 2168 πόσης
3454 2097 3802 2172 ἀγαθότητος

2153 2182 2252 2238 οὐκ
2305 2184 2728 2259 ἂνακηρύττεται
2787 2185 3022 2261 μέτοχος
3094 2190 3173 2258 τῷ
3219 2187 3309 2242 τὸν
3393 2186 3585 2262 ἀγαθὸν
3658 2187 3801 2242 Θεὸν

2154 2274 2354 2346 ἐλθεῖν,
2415 2275 2475 2330 ού
2543 2275 2841 2332 καταλῦσαι
2905 2278 2994 2332 τὸν
3052 2279 3221 2350 νόμον
3288 2276 3323 2346 ἢ
3381 2276 3511 2339 τοὺς
3568 2280 3802 2352 προφή-

2151 2385 2269 2436 τας,
2318 2362 2464 2419 ἀλλά
2509 2364 2842 2440 πληριῖ›σαι;
2891 2365 2988 2421 Καὶ
3027 2366 3162 2441 πρὸς
3223 2367 3319 2440 μὶν
3371 2366 3500 2428 τοὺς
3557 2367 3805 2422 ἀποστά-

2156 2473 2251 2517 τας
2315 2450 2466 2508 ούδὲν
2526 2451 2826 2529 ἒπενεγκεῖν
2893 2454 2974 2510 δεῖ
3028 2455 3218 2512 πλέον.
3278 2460 3392 2512 Τῶν
3451 2453 3507 2511 δὲ
3563 2453 3806 2512 εὐσεϐῶν

2153 2539 2326 2610 ἕνεκα,
2373 2543 2460 2597 καὶ
2511 2545 2758 2615 μυεῖσθαι
2806 2545 2895 2600 καὶ
2951 2551 3326 2622 μυσταγωγεῖν
3374 2545 3442 2600 τά
3487 2553 3590 2615 τῆς
3633 2546 3806 2621 χάρι-

2154 2651 2247 2694 τος
2307 2631 2406 2686 οὐκ
2461 2632 2706 2706 ἀναξίων,
2767 2635 2894 2707 ῥᾷον
2953 2634 3042 2689 καὶ
3104 2636 3265 2712 σαφὲς
3330 2635 3519 2706 εἰπεῖν,
3579 2636 3663 2690 ὅτι
3713 2633 3806 2690 διὰ

2157 2725 2316 2776 τοῦτο
2378 2721 2453 2794 μὴ
2511 2721 2648 2776 κατά
2702 2723 2829 2786 τοὺς
2880 2721 3049 2778 πάλαι
3109 2723 3312 2798 νόμους
3370 2723 3800 2798 πολιτευόμεθα,

2159 2807 2300 2864 διότι
2351 2811 2735 2886 παραγεγονὼς
2809 2813 2984 2867 πάντα
3038 2811 3400 2888 πεπλήρωκεν
3460 2815 3488 2869 ὁ
3545 2812 3804 2888 Χριστός,

2159 2900 2322 2973 χάριν
2373 2900 2466 2972 μὲν
2514 2898 2627 2956 ἀντὶ
2672 2902 2770 2969 τῆς
2819 2897 2906 2955 διὰ
2946 2901 3186 2964 Μωσέως
3217 2903 3450 2976 χάριτος
3479 2903 3810 2978 παρασχὼν,

2159 2988 2276 3043 ἀντὶ
2327 2986 2384 3043 δὲ
2428 2993 2536 3043 ’τῶν
2585 2987 2638 3044 ἐν
2686 2995 2802 3051 τοῖς
2843 2991 3021 3066 ἁγίοις
3067 2990 3375 3046 ἀντιτύπων
3434 2992 3618 3068 ἁγίων,
3665 2993 3811 3048 αύτὰ

2159 3077 2225 3132 τὰ
2255 3073 2763 3151 προδιατυπούμενα
2789 3077 2954 3152 ἁγίων
2985 3081 3171 3155 Ἅγια,
3206 3081 3280 3134 ὧν
3310 3080 3372 3134 τὸ
3408 3081 3501 3153 μὲν
3551 3079 3806 3153 Παῦλος,

2154 3166 2217 3221 τὸ
2272 3163 2328 3221 δὲ
2395 3166 2645 3237 Ἰωάννης
2723 3167 2993 3243 θεολογῶν
3090 3169 3343 3244 ἑκάτερος
3423 3169 3807 3246 ἀνακέκραγεν.

2156 3257 2317 3310 Ὥστε
2351 3253 2563 3327 μᾶλλον
2590 3261 2702 3325 νῦν,
2737 3255 2867 3317 εἷ’τις
2899 3252 3051 3311 ἐϐίου
3083 3260 3200 3312 κατ’
3232 3257 3490 3330 ἐκείνους,
3539 3258 3806 3335 ἠλέγχετ’

2158 3342 2216 3398 ἂν
2271 3343 2620 3419 ἀπαρνεῖσθαι
2676 3345 2927 3419 τολμῶν,
2990 3347 3066 3419 μὴ
3126 3348 3297 3402 πάντα
3373 3345 3804 3419 πεπληρωκέναι

2156 3434 2248 3489 τὸν
2281 3433 2581 3507 πληρωτὴν
2612 3439 2707 3489 τοῦ
2736 3435 2908 3508 νόμου
2942 3437 3197 3510 Χριστόν.
3252 3435 3431 3492 Ἀλλά
3481 3438 3581 3511 γὰρ
3631 3435 3809 3492 ἐπαν-

2161 3523 2316 3590 ιτέον,
2377 3521 2493 3577 ὅθεν
2550 3526 2584 3593 ἡ
2634 3528 2730 3578 τοῦ
2781 3523 2949 3600 λόγου
2997 3526 3137 3602 φορὰ
3189 3526 3328 3600 πρὸς
3383 3527 3445 3581 τὸ
3495 3524 3806 3581 ἀκόλουθον

2157 3613 2508 3687 ἁρμοζομένη
2568 3614 2875 3686 παρήνεγκε
2933 3612 3187 3690 φέρουσα.
3261 3609 3618 3670 Εὐλαόεῖσθαι
3703 3615 3803 3670 τὸν

2158 3701 2382 3775 οὐρανὸν
2431 3701 2518 3756 καὶ
2566 3703 2665 3771 τὴν
2698 3709 2802 3775 γῆν
2845 3703 2934 3756 καὶ
2981 3704 3047 3756 τὰ
3089 3702 3464 3776 Ἱεροσόλυμα,
3514 3701 3661 3758 ἀλλὰ
3707 3705 3802 3759 καὶ

2160 3789 2321 3851 αὐτὰς
2376 3792 2470 3852 τὰς
2532 3791 2752 3865 τρίχας,
2815 3793 2842 3846 6
2907 3798 3006 3861 τῆς
3078 3792 3301 3866 χάριτος
3374 3791 3803 3866 παρακελεύεται

2157 3880 2480 3953 νομοθέτης,
2540 3879 2631 3935 καὶ
2698 3884 2980 3950 τοσοῦτον,
3040 3881 3176 3935 ὥστε
3235 3879 3365 3954 μηδ’
3439 3880 3584 3956 ὅρκῳ
3642 3886 3816 3938 ταῦτα

2157 3964 2622 4040 καθυποϐάλλειν,
2681 3970 2770 4024 καὶ
2829 3971 2920 4024 τὸν
2984 3970 3078 4042 μὶν
3132 3970 3354 4046 οὐρανὸν
3410 3971 3602 4045 θρόνον
3671 3971 3811 4026 ἀνα-

2159 4059 2412 4133 κηρύττει
2477 4063 2573 4113 τοῦ
2632 4063 2788 4130 Θεοῦ,
2832 4057 3130 4114 ὑποπόδιον
3192 4057 3250 4115 δὲ
3305 4062 3404 4130 τὴν
3463 4063 3585 4135 γῆν.
3632 4061 3814 4118 Πάλιν

2160 4145 2236 4217 δὶ,
2296 4151 2362 4204 τὰ
2416 4147 2781 4224 Ἱεροσόλυμα
2838 4147 3002 4204 πόλιν
3051 4154 3147 4204 τοῦ
3195 4149 3360 4205 αὐτοῦ
3410 4156 3545 4206 Θεοῦ
3589 4152 3680 4206 καὶ
3724 4172 3824 4225 με·

2166 4236 2346 4311 γάλου
2405 4236 2701 4299 Βασιλέως.
2767 4237 2828 4293 Εἰ
2889 4238 2983 4294 οὖν
3039 4245 3141 4307 τῆς
3197 4238 3425 4304 κτίσεώς
3480 4239 3590 4295 ἐστι
3645 4244 3822 4296 ταῦτα

2167 4328 2262 4378 τοῦ
2294 4323 2496 4401 ἀγαθοῦ
2530 4327 2766 4401 Πατρὸς,
2799 4327 2873 4388 ὡς
2905 4328 2933 4382 ὁ
2964 4328 3138 4383 πάντα
3167 4331 3234 4383 τά
3262 4333 3360 4384 τοῦ
3399 4330 3612 4405 Ηατρὸς
3653 4327 3819 4394 εἰδὼς

410 4418 611 4474 bellum
651 4411 855 4484 pedum
931 4410 1072 4476 eius,
1129 4408 1500 4474 Hierosolyma
1551 4412 1732 4462 autem
1777 4408 2045 4464 civitatem

2173 4412 2296 4474 Υἱὸς
2329 4408 2641 4469 ἐϐεϐαίωσεο
2675 4420 2792 4478 πῶς
2844 4415 2976 4492 οὐχὶ
3042 4417 3148 4491 πρὸ
3205 4424 3305 4487 τῆς
3354 4419 3490 4473 κατά
3537 4423 3648 4474 τῶν
3697 4439 3822 4474 κτι-

407 4507 657 4577 ejusdem
687 4502 785 4557 Dei
828 4505 903 4555 ιε.
931 4497 1127 4566 magni
1153 4495 1314 4566 Regis
1338 4493 1406 4562 97,
1457 4495 1733 4566 appellat.
1777 4497 1837 4552 Si
1884 4498 2058 4569 igitur

408 4594 525 4650 ista
555 4593 624 4649 ad
660 4593 956 4647 creaturas
989 4584 1122 4641 boni
1148 4583 1338 4640 Patris
1361 4583 1671 4656 pertinent,
1694 4585 1845 4642 sicut
1861 4587 2062 4670 Filius,

410 4683 510 4754 qui
543 4679 746 4738 omnia
776 4694 901 4750 quae
931 4675 1121 4732 Patris
1162 4678 1322 4743 sunt,
1356 4673 1532 4745 novit,
1566 4675 1888 4740 confirmat,
1917 4695 2061 4750 quo-

411 4771 581 4827 modo
614 4785 729 4826 non
765 4784 866 4840 pro
896 4783 984 4833 eo,
1009 4764 1165 4837 quod
1197 4765 1255 4820 in
1287 4773 1584 4822 creaturas
1606 4765 2060 4837 debacchentur,

2174 4502 2394 4574 σμάτων
2426 4498 2634 4578 ὕϐρεως
2663 4505 2780 4559 κατ’
2811 4503 2976 4560 αὐτοῦ
3012 4510 3109 4560 τοῦ
3163 4505 3363 4581 Κυρίου
3415 4508 3576 4580 ἡμῶν
3630 4508 3820 4577 Ἰησοῦ

2174 4594 2409 4666 Χριστοῦ
2446 4591 2536 4646 καὶ
2584 4591 2719 4646 κατά
2764 4597 2860 4647 τοῦ
2911 4593 3121 4670 [ἰατρὸς
3161 4591 3346 4663 αὐτοῦ,
3394 4593 3446 4648 έν
3491 4595 3536 4667 ᾧ
3567 4600 3818 4670 πονηρᾶς

2173 4679 2353 4757 ἀρχῆς
2413 4681 2466 4736 o't
2522 4681 2818 4737 ἀποστάται
2872 4683 2970 4752 τὴν
3031 4681 3210 4738 αὐτῶν
3262 4683 3436 4739 κτίσιν
3519 4683 3821 4760 ἀναρτῶσι,

2179 4769 2480 4843 μεμηνότες
2510 4769 2617 4848 οὐχ
2647 4768 2989 4839 ἀλίσκονταις

409 4862 470 4918 ἱιι
501 4862 696 4934 ipsum
733 4859 925 4933 potius
972 4857 1288 4914 Dominum
1333 4860 1601 4912 nostrum
1650 4856 1854 4914 Jesum
1887 4858 2186 4917 Christum
2224 4866 2280 4917 et
2330 4863 2552 4918 Patrem
2603 4862 2754 4934 ejus,
2787 4879 2854 4920 eo
2904 4864 3048 4936 ipso,
3082 4863 3234 4936 quod
3285 4869 3562 4938 apostatis
3583 4864 3826 4924 illorum

399 4952 765 5010 creationem
790 4968 822 5006 a
855 4947 1007 5005 malo
1041 4947 1323 5019 principio
1354 4951 1642 5020 repetunt,
1675 4947 1859 5004 furere
1889 4949 2263 5007 existimandi
2295 4959 2450 5008 sunt.

485 5059 550 5096 9"
581 5057 752 5116 Hebr.
784 5074 863 5128 xi,
895 5056 948 5111 3.
981 5053 1028 5090 9‘
1056 5055 1220 5112 Joan.
1253 5071 1295 5126 ι,
1329 5055 1419 5111 16.
1453 5054 1495 5091 ⁵⁷
1529 5053 1731 5112 Matth.
1763 5072 1816 5122 v,
1851 5056 1940 5111 35.

1581 5171 1822 5230 VARIIE
1864 5175 2259 5234 LECTIONES
2301 5178 2387 5234 ET
2424 5177 2655 5236 NOTAE.

489 5292 597 5366 (96)
641 5281 1304 5366 _’Anogatvowsc.shv._
1356 5285 1464 5340 Ms.
1532 5284 1616 5366 ita
1694 5285 2063 5366 interpunge.

415 5355 516 5423 bat
548 5355 764 5431 εἀὐτήν
797 5355 1513 5431 διαθήκην-ἀποφαίνοντες.
1549 5355 1687 5408 Εἶεν.
1731 5355 2059 5431 εθόίηρξυξ

418 5427 730 5502 orationis,
774 5437 938 5509 puto,
987 5427 1128 5509 satis
1170 5427 1448 5509 petenti-it.
1501 5433 1864 5509 postremum
1914 5427 2058 5509 illud

416 5514 659 5565 verbum
692 5499 823 5562 cum
846 5501 1221 5558 antecedente
1249 5499 1553 5570 participio
1583 5501 2057 5570 conjungendum

418 5597 565 5639 esse.
595 5579 712 5635 Hoc
745 5578 867 5632 loco
901 5587 1134 5628 monere
1173 5571 1262 5626 fas
1293 5571 1368 5625 sit
1399 5586 1490 5625 me
1529 5571 1847 5640 saepissime
1879 5573 2060 5627 inter-

421 5643 1141 5726 punctionem_apographi
1173 5641 1354 5726 nostri
1387 5641 1748 5726 Holsteniani
1780 5656 2061 5726 mutasse,

421 5711 582 5786 etiam
631 5721 729 5778 ubi
778 5711 970 5776 illius'
993 5711 1073 5773 rei
1119 5713 1178 5770 in
1217 5713 1374 5772 notis
1433 5711 1712 5769 indicium
1763 5730 1878 5769 non
1933 5714 2062 5785 feci,

2173 5303 2305 5344 cum
2339 5289 2398 5345 id
2429 5289 2606 5346 nimis
2636 5289 2839 5348 crebro
2869 5291 2992 5347 ﬁeri
3023 5291 3339 5362 debuisset,
3371 5297 3430 5350 et
3475 5295 3823 5354 mutationis

2173 5377 2357 5436 causae
2387 5365 2584 5417 essent
2615 5363 2953 5436 manifestae.
2978 5364 3036 5419 Si
3067 5365 3222 5436 quod
3255 5382 3388 5422 vero
3412 5366 3652 5422 dubium
3684 5370 3825 5424 sub-

2174 5431 2312 5487 oriri
2344 5433 2680 5504 poteratqid
2716 5450 3020 5504 nunquam
3053 5431 3232 5492 tacui.

2243 5497 2363 5574 (97)-
2416 5497 2959 5574 AucasSoiivu._Ms.
3019 5505 3228 5563 dividit
3282 5507 3432 5564 hanc
3499 5526 3694 5565 vocem
3765 5510 3824 5566 in

2172 5569 2350 5642 duas,
2382 5576 2589 5658 legens
2645 5569 2936 5658 δυσσεϐοὖν
2995 5597 3068 5633 τι.
3131 5580 3560 5638 Emendationis
3614 5589 3822 5639 nostris

2173 5660 2350 5702 causa
2381 5653 2438 5701 in
2470 5653 2736 5734 promptu
2773 5654 2893 5730 οδε.⁸
