4084 6210
284 385 389 447 201

1362 384 1668 448 CONTRA
1715 383 2189 447 MANICHEOS
2233 386 2472 449 LIBER
2513 389 2614 450 IV.

3560 397 3678 457 202

346 520 454 575 ΙΛ⁸.
488 517 565 572 Σὺ
625 515 811 573 δὲκαὶ
875 517 1164 593 βαθύτερον
1223 517 1400 573 αὐτῶν
1455 524 1556 586 τῆς
1617 511 1927 578 δυσσεϐείας

2113 520 2212 575 XI.
2238 521 2323 576 Tu
2347 538 2480 577 vero
2502 522 2853 579 crassiorem
2887 525 3078 582 adhuc
3100 525 3416 598 impiorum
3440 527 3674 586 illorum

283 607 375 680 ὅρα
424 607 524 674 τὴν
564 605 777 680 τόλμαν
807 607 898 662 καὶ
945 608 1042 674 τὴν
1094 605 1376 662 ἀπόνοιαν.
1412 607 1518 662 Τὸν
1548 605 1708 686 ἄρτον
1769 607 1928 678 ἡμῶν

281 697 364 752 τὸν
417 694 717 768 ἐπιούσιον,
766 697 865 764 τὴν
919 696 1184 770 μυστικὴν
1241 697 1356 768 (98)
1411 693 1586 750 τελῶν
1637 697 1771 765 ἡμῖν
1834 695 1927 748 καὶ

283 781 620 859 παραδιδοὺς
665 787 693 839 6
746 786 968 860 Σωτὴρ,
999 786 1157 845 αὐτὸς
1220 786 1314 856 μὲν
1367 784 1513 858 παρᾶ
1568 787 1665 838 τοῦ
1717 783 1928 856 Πατρὸς

286 874 447 929 αὑτοῦ
495 874 785 949 προσέταξε
831 873 1031 945 ταύτην
1063 876 1178 948 (99)
1207 873 1395 931 αἰτεῖν.
1437 873 1498 927 Οἱ
1531 869 1588 926 δὲ
1627 871 1718 926 τὸν
1771 874 1930 946 ἄρτον

289 965 357 1027 εἰς
415 965 514 1032 τήν
561 962 838 1036 ὀλέθριον,
899 963 982 1018 ὅτι
1032 965 1120 1018 καὶ
1160 963 1336 1018 πάντα
1382 963 1449 1017 τὰ
1503 961 1589 1015 ἐπὶ
1637 968 1742 1036 γῆς
1797 981 1932 1034 μετ-

290 1056 507 1130 άγουσιν
569 1054 770 1128 ἀρχὴν,
821 1053 912 1108 καὶ
958 1052 1168 1130 τρέφειν
1204 1052 1271 1106 τά
1309 1051 1359 1124 ἐξ
1409 1051 1577 1120 αὐτῆς
1634 1049 1929 1124 τερατολο-

287 1148 436 1217 γοῦσι
468 1141 820 1218 προαχθέντα
852 1143 1097 1214 σώματα.
1131 1141 1287 1197 Οὕτω
1317 1143 1435 1196 κατ’
1483 1143 1654 1209 αὐτῆς
1695 1137 1933 1202 ἀναιδῶς

288 1239 382 1302 τῆς
445 1234 783 1296 Δεσποτικῇς
851 1229 1222 1286 ἐπανίστανται
1298 1229 1563 1299 ἐντολῆς,
1630 1227 1809 1308 φαῦλά
1875 1247 1934 1282 τε

289 1317 535 1393 λέγοντες
566 1319 634 1373 τὰ
669 1319 896 1391 σώματα
925 1317 1013 1372 καὶ
1055 1316 1261 1394 φαῦλον
1318 1319 1416 1386 τήν
1471 1317 1703 1393 τροφὴν,
1754 1315 1931 1370 καίτοι

287 1405 590 1483 διαρρήδην
622 1411 718 1462 τοῦ
767 1406 1039 1462 Δεσπότου
1091 1405 1486 1476 διατάττοντος,
1535 1408 1737 1476 ταύτην
1797 1408 1933 1479 ἡμῖν

284 1497 424 1570 παρά
481 1501 584 1551 τοῦ
643 1496 852 1570 [ἰατρὸς
901 1496 1166 1551 αἰτεῖσθαι
1195 1501 1293 1551 τοῦ
1331 1496 1558 1572 ἀγαθοῦ.
1592 1495 1694 1552 Καὶ
1727 1499 1844 1556 πῶς
1875 1493 1935 1548 ἂν

284 1584 363 1656 εἴη
386 1585 633 1652 τούτοις,
671 1587 747 1657 μή
791 1585 874 1641 ὅτι
924 1606 988 1660 γε
1033 1592 1135 1654 τῆς
1192 1585 1431 1656 ἀληθοῦς
1473 1585 1696 1654 ἐντολὴν
1725 1581 1933 1658 ὁμολο-

283 1680 418 1748 γεῖν,
451 1674 600 1729 ἀλλά
646 1674 742 1729 κᾶν
803 1678 933 1750 γοῦν
972 1677 1221 1750 σχήματι
1255 1673 1428 1748 μύθου
1486 1679 1651 1729 ταῦτα
1709 1671 1931 1728 δυνατὸν

288 1759 589 1820 ὑποϐαλεῖν
623 1785 638 1834 ς
674 1765 810 1820 Ἰσον
862 1764 965 1838 γάρ
1007 1763 1121 1818 ἐστι
1170 1763 1422 1840 ῥυσθῆναί
1461 1785 1518 1818 τε
1556 1768 1652 1819 τοῦ
1685 1767 1935 1837 Πονηροῦ

294 1851 583 1924 δυσωπεῖν,
612 1853 701 1908 καὶ
733 1849 943 1909 ἔνοικον
973 1853 1133 1910 αὐτὸν
1184 1849 1370 1910 λαϐεῖν
1423 1856 1568 1929 παρά
1623 1859 1720 1910 τοῦ
1780 1855 1940 1928 Ἀγα-
1970 1835 2016 1899 Β

299 1945 402 1996 θοῦ
465 1943 747 2012 ἐπιζητεῖν.
817 1942 986 2018 Εἴπερ
1041 1947 1138 1998 τοῦ
1217 1948 1467 2018 Πονηροῦ
1551 1944 1815 2020 γεώργιον
1900 1945 1934 2012 ἡ

294 2032 505 2106 τροφὴ,
561 2031 645 2085 καὶ
695 2033 806 2105 μὴν
862 2029 947 2085 ἐπὶ
1005 2030 1151 2086 τέλει
1205 2033 1305 2100 τῆς
1365 2033 1536 2105 εὐχῆς
1581 2029 1761 2105 ὥσπερ
1808 2031 1938 2086 αὐτὸ

291 2123 462 2174 τοῦτο
511 2125 851 2196 προαναιρῶν
881 2121 981 2188 τήν
1026 2115 1295 2190 ἀσέϐειαν,
1329 2121 1356 2175 6
1406 2120 1492 2174 ἐπὶ
1544 2119 1789 2196 σωτηρίᾳ
1841 2124 1938 2175 τοῦ

281 2212 477 2287 γένους
534 2209 945 2287 παραγεγονὼς,
1004 2209 1082 2273 εἷς
1141 2211 1198 2266 ’ὸν
1261 2213 1361 2281 τήν
1414 2210 1628 2281 αἴτησιν
1663 2212 1938 2286 ἀναφέρειν

281 2308 380 2370 τῆς
415 2307 631 2380 τροφῆς
665 2300 743 2362 εἷς
780 2302 872 2356 τὸν
905 2301 1066 2355 αὐτὸν
1113 2299 1394 2376 ἀναφέρειν
1441 2301 1530 2356 καὶ
1581 2302 1679 2370 τήν
1737 2301 1936 2355 ἱκεσίαν

287 2389 562 2456 ἐθέσπισε,
609 2388 680 2444 δι’
721 2392 788 2458 ἧς
821 2388 1146 2465 ρυσθείημεν
1205 2389 1267 2443 ἂν
1315 2393 1412 2444 τοῦ
1455 2392 1725 2464 Πονηροῦ,
1752 2386 1938 2457 δηλῶν

281 2479 352 2542 ὡς
387 2481 418 2534 ὁ
454 2478 723 2553 ῥυόμενος
754 2481 901 2551 ἡμᾶς
935 2483 1031 2534 τοῦ
1065 2483 1336 2550 Πονηροῦ,
1369 2477 1528 2540 αὐτός
1571 2477 1708 2532 ἐστιν
1744 2478 1770 2531 ὁ
1801 2497 1938 2552 παρ-

284 2565 436 2643 έχων
475 2569 616 2638 ἡμῖν
662 2565 751 2620 καὶ
799 2568 898 2636 τήν
961 2567 1278 2638 σωματικὴν
1333 2567 1565 2641 τροφὴν,
1600 2564 1678 2642 ἐφ’
1708 2565 1792 2627 οἷς
1849 2565 1940 2618 καὶ

279 2658 374 2724 τήν
447 2655 733 2730 βασιλείαν
783 2655 872 2710 καὶ
918 2657 1018 2726 τήν
1069 2652 1296 2727 δύναμιν
1344 2655 1431 2709 καὶ
1480 2657 1578 2724 τὴν
1648 2652 1803 2724 δόξαν
1864 2653 1938 2716 εἰς

281 2745 408 2806 τοὺς
471 2745 674 2806 αἱωνας
730 2745 866 2799 εἶναι
923 2743 1014 2798 καὶ
1071 2741 1338 2815 διαμένειν
1395 2745 1424 2797 6
1487 2744 1788 2818 μονογενὴς
1821 2742 1943 2806 Υἱὸς

283 2839 378 2889 τοῦ
439 2837 612 2889 ταῦτα
670 2833 1044 2908 χαριζομένου
1103 2832 1313 2907 Πατρὸς
1377 2829 1698 2901 ἀνεδίδαξιν.
1755 2832 1940 2905 Ὁρᾷς,

280 2924 352 2986 εἷς
425 2925 554 2978 οἷον
599 2923 766 2997 βάθος
805 2924 840 2991 ἡ
897 2921 1200 2977 ἀποστασία
1257 2918 1598 2990 καταδύεται,
1657 2920 1748 2976 καὶ
1806 2921 1942 2981 ὡςὸ

279 3017 398 3069 κατ’
439 3013 614 3082 αὐτῆς
634 3019 736 3081 τῆς
779 3011 1038 3082 ἀληθείας
1072 3011 1238 3088 λόγος
1296 3010 1511 3087 ἐνεργὴς
1539 3010 1634 3080 ὣν,
1682 3012 1773 3065 καὶ
1823 3007 1942 3064 δισ-

272 3103 467 3176 τόμου
530 3102 812 3176 μαχαίρας
880 3099 1093 3171 ἁπάσης
1149 3101 1464 3174 τομώτερος
1514 3098 1832 3177 ἔπαφίεται;
1873 3099 1938 3155 Εἰ

274 3189 328 3246 δὲ
383 3191 490 3246 τὸν
551 3188 827 3244 ἐπιούσιον
882 3187 1041 3264 ἄρτον
1101 3190 1212 3264 οὐχ
1266 3187 1458 3252 ἁπλῶς
1494 3186 1605 3263 ἐρεῖ
1631 3209 1713 3249 τις
1741 3189 1831 3243 τὸν
1862 3187 1939 3250 εἷς

269 3281 502 3355 τροφήν
551 3283 634 3351 τῷ
675 3281 890 3351 σώματι
921 3278 1364 3354 χορηγούμενον,
1394 3277 1526 3334 ἀλλ’
1571 3279 1630 3340 ’ὀς
1663 3276 1740 3340 εἷς
1781 3281 1943 3350 σῶμα

269 3373 528 3444 Χριστοῦ
565 3363 899 3441 μεταϐάλλει
930 3370 1004 3441 (1)
1037 3368 1126 3422 καὶ
1165 3369 1264 3438 τὴν
1308 3367 1493 3442 ψυχὴν
1537 3363 1944 3441 συναγιάζει’τῷ

270 3461 527 3532 σώματι,
564 3455 717 3512 οὐδὲν
769 3455 993 3513 ἔλαττον
1046 3455 1136 3512 διὰ
1179 3463 1281 3526 τῆς
1327 3457 1584 3528 τοιαύτης
1615 3455 1864 3531 θεωρίας,
1897 3455 1941 3511 εἰ

276 3550 354 3622 μή
391 3547 496 3602 καὶ
535 3546 776 3619 μᾶλλον,
809 3549 844 3616 ἡ
895 3542 1115 3602 ἀσέϐεια
1156 3545 1529 3616 στηλιτεύεται
1565 3549 1640 3617 (2)
1697 3547 1786 3602 καὶ
1843 3546 1940 3614 τήν

275 3635 534 3708 ἐκτομὴν
571 3636 600 3690 6
633 3631 796 3712 λόγος
828 3638 946 3689 κατ’
977 3634 1144 3690 αὐτοῦ
1170 3634 1412 3712 ἐπιφέρει
1454 3632 1834 3707 ἀδυσώπητον.

357 3727 473 3784 ΙΒ’.
510 3725 574 3781 Ei
615 3722 672 3780 δὲ
699 3726 786 3780 καὶ
822 3722 940 3780 δυσὶ
988 3724 1196 3800 κυρίοις
1229 3725 1328 3780 οὐκ
1385 3723 1495 3780 ἔστι
1553 3723 1851 3795 δουλεύειν,
1881 3725 1942 3780 τὸ

282 3813 340 3871 ἃ
373 3820 486 3872 τοῦ
517 3813 868 3889 ἀνθρωπίνου
899 3815 1262 3890 συγκρίματος
1304 3817 1465 3888 ἡμῶν
1512 3814 1604 3869 ἅτε
1642 3812 1708 3884 δὴ
1744 3814 1947 3886 κτίσμα

279 3905 574 3981 ὑπάρχον,
606 3904 682 3965 ὡς
711 3905 746 3972 ἡ
796 3898 1014 3958 ἀσέϐεια
1048 3901 1326 3978 βούλεται,
1369 3907 1468 3958 τοῦ
1503 3905 1774 3976 Πονηροῦ,
1809 3897 1943 3956 61:6-

274 4013 464 4050 κειται
497 3993 651 4066 αὖτῷ
679 3993 772 4047 καὶ
821 3991 1022 4048 ἄκουσα
1051 3991 1141 4048 καὶ
1190 3991 1438 4048 δουλεύει
1476 3991 1552 4052 ὡς
1590 3990 1820 4064 πλάσμα
1866 3996 1944 4063 τῷ

271 4083 585 4150 πλάσαντι,
657 4080 832 4145 ούδεῖς
889 4081 992 4157 ἄρα
1049 4080 1360 4138 δουλεύσειε
1416 4084 1667 4155 καθαρῶς
1723 4084 1797 4154 (3)
1851 4081 1941 4136 καὶ

272 4171 623 4246 ὁλοκλήρως
677 4176 811 4243 Θεῷ.
864 4171 963 4226 Καὶ
1015 4171 1091 4234 εἷς
1137 4170 1309 4246 λῆρον
1356 4172 1542 4233 αὐτοῖς
1589 4171 1656 4226 τὰ
1699 4172 1815 4226 θεῖα
1852 4191 1944 4226 κα-

267 4261 573 4338 ταστρέφει
633 4261 981 4336 κηρύγματα,
1031 4261 1122 4316 καὶ
1189 4259 1234 4315 ὢ
1289 4265 1391 4327 τῆς
1446 4261 1649 4316 ἀτόπου
1709 4261 1939 4338 φρενόςί

275 4355 310 4421 ἡ
369 4351 589 4429 φρικτή
650 4349 920 4425 παρουσία
973 4351 1086 4422 καὶ,
1119 4350 1548 4428 ἐνανθρώπησις,
1606 4352 1698 4406 καὶ
1750 4349 1940 4421 πάντα,

1982 3149 2025 3216 C

2039 609 2340 664 audaciam
2374 617 2430 666 et
2461 612 2816 670 dementiam
2850 615 3133 686 perspice.
3169 616 3380 672 Panem
3414 621 3676 674 nostrum

2040 699 2466 768 quotidianum,
2503 702 2808 773 mysticam
2840 697 3007 758 nobis
3047 705 3365 760 orationem
3398 705 3680 761 exhibens

2039 793 2093 842 et
2127 789 2358 844 tradens
2391 789 2676 858 Servator,
2711 809 2743 845 a
2775 791 2941 846 Patre
2972 808 3074 847 suo
3097 794 3580 864 expeterejussit.
3613 798 3683 850 At

2039 875 2121 930 illi
2149 893 2373 946 panem,
2409 877 2558 934 sicut
2585 883 2642 934 et
2688 880 2886 936 omnia
2918 883 3230 946 terrestria,
3279 883 3349 936 ad
3397 883 3681 954 pernicio-

2041 980 2168 1020 sum
2203 966 2462 1021 referunt
2494 967 2868 1039 principium,
2900 985 3082 1040 eoque
3106 986 3346 1039 corpora
3377 971 3448 1026 ab
3479 973 3681 1028 eodem

2041 1055 2321 1125 producta
2368 1057 2572 1111 nutriri
2613 1061 2929 1130 nugantur.
2966 1059 3118 1113 Adeo
3160 1058 3532 1128 impudenter
3565 1061 3686 1118 Do-

2043 1143 2254 1200 minico
2286 1161 2347 1200 se
2379 1144 2460 1199 illi
2496 1151 2779 1216 praecepto
2809 1152 3126 1217 opponunt,
3170 1148 3308 1202 dum
3340 1156 3390 1204 et
3445 1164 3686 1220 corpora

2042 1237 2098 1288 et
2128 1233 2322 1289 cibum
2356 1235 2509 1289 mala
2537 1251 2662 1291 esse
2693 1237 3365 1307 contendunt,quamvis
3403 1237 3686 1294 Dominus

2043 1322 2257 1378 diserte
2287 1324 2606 1396 praecipiat,
2642 1332 2700 1380 ut
2731 1339 2865 1380 eum
2889 1342 2922 1381 a
2951 1325 3100 1381 bono
3133 1331 3298 1383 Patre
3319 1332 3680 1398 expetamus.

2043 1411 2109 1466 At
2142 1413 2431 1482 quomodo
2463 1413 2583 1468 fieri
2621 1417 2831 1484 potest,
2875 1417 2939 1469 ut
2981 1413 3079 1468 illi‘
3114 1415 3347 1485 quidem
3394 1415 3520 1486 hoc,
3569 1433 3686 1472 non

2045 1497 2258 1568 dicam,
2292 1517 2394 1571 pro
2426 1499 2684 1557 veritatis
2716 1507 2998 1574 praecepto
3029 1502 3299 1572 habeant,
3333 1505 3436 1560 sed
3458 1503 3545 1560 vel
3579 1504 3686 1560 sub

2045 1587 2253 1644 fabulae
2285 1590 2473 1660 specie
2507 1592 2620 1646 ista
2650 1591 2846 1648 animo
2878 1595 3330 1665 repraesentant?
3352 1594 3508 1650 Idem
3532 1594 3687 1650 enim

2047 1677 2150 1734 boc
2184 1684 2290 1748 est,
2341 1696 2406 1735 ac
2464 1681 2514 1735 si
2568 1685 2896 1748 vereantur,
2957 1698 3084 1738 nea
3145 1683 3299 1738 malo
3347 1681 3688 1750 liberentur,

2045 1770 2302 1841 adeoque
2328 1787 2360 1825 a
2390 1769 2548 1826 Bono
2579 1777 2870 1842 expetant,
2905 1776 2968 1826 ut
2997 1771 3138 1826 illud
3172 1775 3450 1844 tanquam
3483 1773 3690 1828 dome-

2047 1859 2260 1914 sticum
2295 1858 2591 1927 recipiant.
2626 1860 2682 1914 Si
2706 1859 2860 1914 enim
2895 1860 3060 1915 cibus
3091 1860 3226 1916 Mali
3260 1865 3348 1915 est
3379 1876 3547 1932 opus,
3581 1875 3694 1916 cer-

2048 1948 2104 2000 te
2137 1945 2202 2012 is,
2237 1945 2335 2015 qui
2367 1945 2435 1998 ad
2469 1945 2777 2001 salvandos
2809 1945 3076 2002 homines
3107 1947 3280 2016 venit,
3307 1947 3445 2002 dum
3487 1947 3546 2003 in
3579 1947 3694 2002 fine

2049 2032 2322 2088 orationis
2355 2033 2505 2088 idem
2537 2033 2679 2088 illud
2713 2051 2743 2089 e
2775 2035 2963 2090 medio
2996 2035 3168 2101 tollit,
3201 2037 3270 2090 ad
3294 2036 3589 2104 eumdem,
3619 2035 3691 2091 ad

2050 2137 2222 2191 quem
2255 2136 2454 2191 preces
2485 2137 2588 2192 pro
2619 2121 2746 2176 cibo
2777 2123 2984 2178 deferri
3016 2124 3159 2189 vult,
3194 2125 3514 2179 orationem
3549 2140 3694 2195 quo-

2050 2226 2164 2282 que
2186 2209 2441 2280 praestari
2467 2210 2656 2278 jubet,
2679 2226 2780 2281 per
2801 2227 2975 2283 quam
2993 2229 3026 2266 a
3057 2211 3206 2267 Malo
3224 2211 3576 2268 liberemur:
3609 2213 3694 2268 in-

2050 2298 2252 2354 dicans
2283 2297 2524 2365 scilicet,
2549 2299 2723 2368 quod,
2749 2299 2842 2369 qui
2869 2316 2975 2354 nos
2998 2317 3030 2354 a
3052 2301 3205 2356 malo
3226 2299 3514 2367 liberavit,
3537 2300 3692 2358 idem

2050 2386 2220 2442 nobis
2251 2391 2309 2442 et
2327 2402 2671 2457 corporeum
2704 2387 2902 2442 cibum
2943 2389 3294 2460 suppeditat,
3341 2405 3517 2459 super
3559 2389 3694 2460 qui-

2051 2477 2163 2532 bus
2194 2479 2250 2532 et
2277 2491 2546 2547 regnum,
2578 2482 2633 2531 et
2662 2477 3000 2548 potentiam,
3035 2482 3091 2532 et
3119 2476 3362 2548 gloriam
3385 2477 3441 2533 in
3489 2494 3693 2550 perpe-

2051 2571 2219 2621 tuum
2241 2581 2366 2621 esse
2393 2575 2445 2620 et
2477 2582 2820 2621 mansuram
2855 2582 3086 2638 quoque
3117 2567 3455 2638 unigenitus
3487 2568 3692 2637 Patris,

2051 2655 2151 2726 qui
2183 2655 2294 2711 ista
2322 2654 2569 2727 largitus
2598 2659 2706 2722 est,
2732 2655 2910 2710 Filius
2933 2656 3149 2711 docuit.
3174 2655 3427 2712 Videsne
3448 2656 3509 2712 in
3537 2657 3692 2727 quod

2051 2745 2393 2800 barathrum
2427 2743 2715 2816 apostasia
2743 2760 2806 2800 se
2824 2743 3155 2815 praecipitet,
3179 2749 3236 2801 et
3260 2745 3552 2817 quomodo
3575 2761 3696 2800 ver-

2050 2834 2191 2889 bum
2241 2833 2516 2903 veritatis,
2559 2833 2762 2889 efficax
2815 2831 3036 2888 scilicet
3091 2839 3147 2889 et
3205 2833 3445 2903 ancipiti
3502 2835 3694 2906 gladio

2050 2924 2251 2995 quovis
2283 2925 2708 2994 penetrantius,
2732 2923 2789 2976 in
2803 2937 2935 2977 eum
2958 2923 3296 2994 grassetur?
3317 2923 3375 2978 Si
3403 2923 3536 2994 quis
3559 2940 3692 2980 vero

2051 3028 2262 3083 panem
2313 3011 2723 3083 quotidianum
2772 3011 2981 3066 dixerit
3013 3028 3126 3066 non
3166 3012 3514 3081 simpliciter
3557 3028 3694 3069 eum

2052 3117 2179 3156 esse
2208 3101 2306 3172 qui
2337 3099 2566 3173 corpori
2596 3101 2654 3156 in
2687 3115 2880 3156 escam
2929 3100 3361 3170 suppeditatur,
3409 3100 3513 3156 sed
3563 3117 3695 3156 eum

2054 3191 2154 3262 qui
2187 3190 2246 3244 in
2287 3205 2494 3262 corpus
2543 3189 2760 3246 Christi
2821 3192 3098 3257 mutatur,
3148 3195 3202 3243 et
3259 3187 3514 3244 animam
3561 3205 3696 3244 cum

2053 3295 2292 3351 corpore
2330 3280 2673 3348 sanctificat,
2719 3293 2835 3332 non
2867 3276 3084 3342 minus,
3118 3276 3230 3332 nisi
3262 3277 3455 3334 adhuc
3487 3278 3696 3349 magis,

2052 3368 2164 3424 hac
2202 3369 2691 3425 commentatione
2720 3367 2995 3439 impietas
3027 3365 3374 3432 confoditur,
3407 3370 3466 3423 et
3505 3381 3696 3424 sermo

2053 3457 2150 3514 hic
2181 3459 2670 3516 immedicabilem
2701 3456 2816 3529 ipsi
2846 3455 3285 3514 clademinfert.

2125 3726 2253 3781 XII.
2303 3725 2467 3788 Quod
2507 3723 2552 3778 si
2593 3738 2726 3778 vero
2765 3721 2996 3778 duobus
3036 3721 3291 3778 dominis
3329 3722 3546 3778 servire
3584 3736 3702 3777 non

2052 3813 2555 3880 licet,substantite
2586 3828 2717 3867 vero
2741 3812 3002 3866 humanae
3025 3810 3271 3867 dimidia
3301 3828 3457 3882 pars,
3484 3810 3700 3882 quippe

2055 3921 2182 3975 quae
2205 3920 2274 3958 ex
2303 3903 2620 3974 impiorum
2654 3900 2960 3956 hominum
3012 3904 3204 3954 mente
3250 3905 3515 3955 creatura
3563 3898 3699 3954 Mali

2056 3993 2303 4061 exsistit,
2348 3991 2457 4062 ipsi
2491 3990 2641 4045 Malo
2671 3989 2847 4044 etiam
2892 3987 3078 4042 invita
3125 3988 3301 4043 servit
3339 3992 3396 4044 et
3442 3987 3706 4057 subjecta

2056 4091 2138 4139 est
2167 4088 2444 4152 tanquam
2473 4085 2734 4134 creatura
2755 4075 3062 4142 conditori,
3096 4091 3266 4131 nemo
3298 4090 3440 4132 sane
3469 4090 3613 4146 pure
3642 4079 3704 4130 et

2056 4177 2280 4242 integre
2313 4170 2424 4224 Deo
2456 4183 2714 4238 unquam
2746 4164 3066 4222 serviverit.
3100 4165 3254 4220 Adeo
3275 4165 3334 4218 in
3354 4181 3538 4236 nugas
3561 4163 3705 4233 ipsis

2055 4262 2267 4316 abeunt
2298 4257 2496 4313 divina
2527 4255 2833 4326 praeconia,
2880 4259 2956 4322 et,
3009 4269 3041 4309 0
3091 4253 3396 4309 hominum
3439 4253 3704 4308 insolen-

2057 4347 2233 4406 tiaml
2266 4347 2386 4418 ipse
2427 4361 2662 4417 quoque
2705 4345 3043 4400 tremendus
3089 4341 3305 4398 Christi
3335 4342 3619 4398 adventus
3649 4349 3706 4396 et

268 4440 376 4496 ὅσα
443 4440 582 4515 ὑπὲρ
639 4446 742 4508 τῆς
799 4441 960 4512 ἡμῶν
1020 4438 1294 4514 σωτηρίας
1365 4442 1394 4496 6
1471 4438 1735 4510 δεσπότης
1807 4441 1937 4496 ἑκὼν

2059 4437 2408 4502 incarnatio,
2437 4439 2610 4506 atque
2638 4435 2780 4490 adeo
2810 4432 3028 4498 omnia,
3061 4448 3190 4503 quia
3238 4449 3342 4503 pro
3373 4430 3557 4486 salute
3607 4447 3708 4485 no-

271 4526 487 4598 ῦπέστη
551 4525 646 4580 καὶ
703 4523 1042 4599 κατεδέξατο.
1111 4525 1286 4584 Ἀλλά
1345 4528 1407 4582 σύ
1470 4528 1566 4601 μὲν
1597 4531 1704 4583 τῶν
1747 4529 1951 4604 ἀνθρω-

2057 4533 2177 4584 stra
2211 4527 2491 4584 Dominus
2519 4523 2674 4579 ultro
2701 4522 2982 4579 sustinuit
3019 4525 3078 4578 et
3108 4520 3344 4592 recepit.
3383 4517 3613 4576 Scilicet
3639 4525 3704 4574 tu

1459 4737 1704 4795 VARIE
1743 4736 2133 4796 LECTIONES
2174 4736 2261 4792 ET
2299 4735 2530 4792 NOTAE.

353 4908 473 4978 (98)
529 4905 837 4984 Μυστικήν.
891 4907 1276 4984 Subintellige
1322 4905 1616 4984 εὖχήνλὶά
1668 4914 1758 4984 est
1793 4926 1942 4984 _ora-

284 4981 513 5055 tionem
551 4980 935 5055 Dominicam,
969 4995 1095 5055 quae
1122 4979 1269 5055 alias
1303 4979 1647 5055 simpliciter
1675 4979 1814 5055 εὐχὴ
1850 4984 1953 5055 aut

283 5050 430 5124 εὐχὴ
505 5050 814 5124 Δεσποτική
871 5067 920 5124 a_
955 5053 1166 5124 Gracis
1204 5053 1532 5124 doctoribus
1560 5050 1947 5108 vocari'solet.

277 5119 539 5178 constat
570 5122 835 5192 alioquin
869 5119 1042 5193 εὐχὴν
1075 5122 1340 5193 μυστικὴν
1371 5125 1559 5178 vocari
1606 5125 1765 5180 illam
1823 5140 1950 5194 pre-

283 5194 469 5248 candi
505 5195 820 5248 formulam
840 5209 952 5264 qua
971 5195 1294 5249 sacerdotes
1317 5197 1372 5249 in
1398 5196 1572 5250 veteri
1598 5195 1853 5250 Ecclesia
1877 5194 1950 5250 ad

281 5265 692 5320 santificanda
721 5265 1012 5321 elementa
1043 5281 1219 5320 sacra:
1252 5282 1428 5322 coenae
1456 5266 1539 5320 uti
1575 5266 1860 5331 solebant,
1894 5271 1950 5321 et

282 5353 426 5464 ana
455 5353 593 5392 cum
628 5336 756 5407 ipsa
785 5335 1046 5392 oratione
1071 5336 1372 5392 Dominica
1401 5338 1678 5406 conjungi
1703 5337 1947 5393 solebat.

343 5409 488 5464 uiua
522 5407 746 5463 mentio
777 5409 1058 5464 frequens
1083 5413 1173 5464 est
1203 5409 1261 5463 in
1296 5409 1576 5464 Liturgiis
1606 5408 1840 5464 Graecis.

343 5409 488 5476 ujus
522 5407 746 5480 mentio
777 5409 1058 5479 frequens
1083 5413 1173 5465 est
1203 5409 1264 5480 in
1296 5409 1576 5480 Liturgiis
1606 5408 1840 5480 Graecis.

367 5481 480 5548 (99)
536 5477 768 5548 Ταύτην.
835 5477 1162 5551 Légendum
1220 5479 1400 5536 videri
1458 5477 1683 5551 poterat
1731 5477 1947 5551 τούτον,

284 5552 651 5638 quiaaeer
682 5556 773 5607 est
811 5552 882 5608 de
911 5550 1082 5638 ἄρτῳ.
1115 5553 1188 5606 Αι
1220 5550 1470 5638 Pbotius
1513 5551 1632 5638 haec
1691 5550 1949 5607 scribens

281 5623 575 5698 cogitavit
609 5624 680 5679 de
710 5640 848 5698 voce
877 5623 1076 5698 τροφὴ,
1111 5640 1238 5694 quae
1269 5625 1337 5678 de
1371 5639 1514 5698 pane
1547 5623 1719 5698 etiam
1747 5639 1945 5698 __usur-

281 5693 423 5767 pari
471 5695 642 5767 solet,
677 5703 729 5749 et
772 5696 844 5750 ad
895 5693 1067 5767 hanc,
1104 5693 1260 5750 more
1309 5693 1691 5767 scriptoribus
1736 5693 1948 5750 Graecis

281 5765 574 5834 solemni,
606 5783 928 5838 pronomen
960 5765 1161 5835 ταύτην
1197 5766 1412 5823 retulit.

625 5869 895 5932 Parnon.
945 5870 1053 5930 Gn.
1101 5868 1225 5930 Cll.

2130 4905 2201 4974 (1)
2237 4896 2604 4974 Μεταϐάλλει.
2668 4901 2868 4958 lnnuit
2925 4899 3020 4958 hic
3068 4916 3266 4974 eorum
3326 4901 3698 4974 sententiam,

2060 4979 2155 5047 qui
2184 4973 2347 5049 ἄρτον
2379 4973 2654 5049 ἐπιούσιον
2686 4975 2755 5030 de
2800 4977 3168 5049 sacrosancta
3215 4973 3698 5049 Eucharistia_in-

2061 5044 2470 5118 terpretantur,
2503 5047 2657 5118 quod
2714 5061 2782 5100 ex
2843 5045 3134 5100 veteribus
3180 5049 3236 5100 et
3277 5044 3702 5118 recentioribus

2059 5115 2328 5176 Ecclesiae
2359 5115 2694 5174 docto—ribus
2725 5133 2840 5172 non
2882 5118 2978 5172 uni
3011 5132 3351 5187 persuasum
3385 5115 3561 5171 fuisse
3584 5131 3683 5185 per

2057 5191 2366 5262 vulgatum
2391 5189 2648 5247 est.Vide
2668 5187 3241 5260 Baltbas.Stolbergii
3265 5189 3705 5257 Dissertationcs,

2062 5281 2118 5336 p.
2147 5267 2252 5318 220
2282 5279 2439 5336 seqq.

2131 5337 2204 5405 (2)
2263 5329 2644 5405 ΣτήΧιτεύται.
2703 5329 3006 5405 Befellitur
3047 5330 3283 5405 scilicet
3339 5330 3434 5386 hic
3505 5345 3706 5405 eorum

2059 5401 2220 5462 error
2248 5423 2315 5462 ex
2345 5401 2409 5460 co
2464 5404 2639 5474 quod,
2673 5404 2723 5474 si
2756 5403 2922 5474 panis
2973 5420 3007 5458 a
3045 5401 3190 5457 Malo
3240 5409 3418 5470 esset,
3451 5402 3706 5474 Optimus

2059 5478 2325 5533 Servator
2341 5472 2562 5546 aliquid
2589 5473 2726 5528 mali
2750 5472 2825 5546 ad
2842 5489 2960 5546 rem
2987 5478 3104 5528 tam
3129 5477 3390 5528 sanctam
3423 5472 3706 5528 adhiben-

2059 5549 2197 5603 dum
2231 5545 2576 5612 censuisset,
2610 5546 2762 5616 quod
2799 5545 2992 5600 dicere
3022 5546 3183 5600 nefas
3216 5556 3316 5616 est.

2129 5620 2204 5690 (3)
2240 5618 2517 5689 K'zﬂapibo
2555 5612 2644 5672 Ita
2689 5618 2814 5686 lego
2875 5633 2976 5690 pro
3037 5614 3290 5690 καθαρὸς,
3325 5614 3479 5690 quod
3513 5617 3599 5668 est
3645 5612 3704 5666 in

2057 5685 2168 5746 ms.
2190 5685 2397 5763 'ldque'
2415 5691 2501 5760 vel
2534 5706 2566 5746 a
2597 5685 2889 5760 sequente
2912 5685 3243 5760 ὁλοκλήρως
3275 5685 3579 5740 astruitur.

3357 5857 3386 5876 Η

3364 5871 3382 5913 l
