4084 6210
387 283 506 344 203

1584 275 1852 337 ΡΗΟΤΙΙ
1897 274 2428 338 ΡΑΤΗῙΑΗΟΗΕ
2468 276 2588 337 CP.

3665 274 3779 338 204

387 418 648 490 quidem,
672 415 862 473 malus
883 419 942 472 et
955 414 1222 488 ingratus
1242 411 1302 468 in
1323 409 1752 467 benefactorem
1777 410 2034 477 futurus,

2148 409 2317 464 πίνων
2353 409 2624 482 σωμάτων
2661 409 2760 478 τὴν
2805 407 3012 487 τροφὴν
3054 407 3297 481 πονηρὸς
3343 405 3434 463 καὶ
3483 407 3782 486 ἀχάριστος

387 508 581 564 cibum
615 523 925 578 corporum
959 505 1346 561 humanorum
1371 499 1606 556 malitiae
1629 503 1881 571 segetem
1907 516 2034 556 esse

388 595 617 651 tradis:
671 597 941 652 Servator
980 610 1112 650 vero
1156 589 1419 648 omnium
1465 593 1521 644 et
1566 594 1769 645 auctor
1809 593 2032 645 Patrem

387 702 560 742 suum
593 685 886 741 ccelestem
914 700 980 738 ac
1010 682 1218 748 Deum,
1263 679 1434 750 cujus
1477 695 1722 751 regnum
1770 694 1874 734 nos
1915 695 2029 750 pra)

387 773 561 830 rebus
591 771 886 844 corporeis
916 768 1188 826 omnibus
1219 781 1477 839 quaerere
1500 768 1688 838 jubet,
1726 783 1841 822 non
1872 766 2032 822 illius

385 862 573 919 solum
607 860 717 916 cibi
742 875 855 931 quo
888 857 1179 925 homines,
1204 857 1305 912 sed
1341 861 1397 911 et
1425 855 1682 924 illorum,
1708 855 1924 926 quibus
1943 872 2036 910 vo-

386 952 577 1008 lucres
608 950 972 1014 nutriuntur,
1003 951 1302 1003 auctorem
1335 949 1391 1001 et
1435 954 1867 1016 procuratorem
1901 960 2035 1014 pro-

387 1039 640 1098 nuntiat.
673 1038 744 1094 Et
773 1037 1064 1109 quomodo
1100 1052 1242 1090 sana
1273 1034 1417 1090 ratio
1450 1037 1668 1106 quaevis
1699 1032 1816 1090 illis
1845 1037 2031 1090 extre-

388 1145 493 1186 mae
523 1127 766 1184 insania
801 1144 998 1199 poenas
1033 1143 1148 1182 non
1183 1124 1388 1181 merito
1419 1125 1650 1197 irroget,
1687 1125 1787 1196 qui
1813 1124 2031 1180 clamo-

386 1234 478 1274 res
509 1233 648 1274 suos
704 1232 840 1274 cum
889 1214 1142 1272 oraculis
1195 1213 1515 1270 Dominicis
1573 1219 1631 1270 et
1679 1213 2034 1270 salutaribus

387 1309 772 1381 permutant?
803 1311 929 1363 Haec
961 1307 1116 1362 enim
1157 1307 1384 1373 docent,
1417 1305 1645 1360 Patrem
1687 1313 1952 1360 nostrum
1973 1305 2032 1360 in

387 1398 548 1454 caelis
585 1414 774 1461 nosse,
823 1395 1040 1468 quibus
1098 1411 1244 1466 opus
1294 1394 1636 1460 habeamus,
1670 1395 1741 1449 ad
1774 1409 1947 1466 quem
1979 1395 2037 1448 et

389 1503 588 1558 preces
615 1487 834 1542 deferre
851 1485 1000 1556 jussi
1035 1501 1242 1541 sumus
1265 1483 1585 1540 clamantes
1611 1501 1625 1537 :
1649 1485 1814 1538 Pater
1832 1491 2034 1551 noster,

388 1577 485 1649 qui
514 1593 568 1632 es
602 1579 661 1630 in
689 1576 841 1631 caelis
857 1575 958 1644 97’;
991 1589 1265 1644 eumque,
1289 1573 1338 1628 si
1369 1589 1613 1645 regnum
1647 1574 1772 1643 ejus
1795 1573 2036 1642 ejusque

381 1665 684 1738 justitiam
716 1679 1067 1735 quaeramus,
1115 1661 1411 1729 nuntiant,
1447 1678 1562 1717 non
1601 1661 1794 1717 solum
1836 1661 2034 1717 cibum

2141 498 2264 574 περὶ
2319 499 2411 554 τὸν
2461 499 2745 572 εὐεργέτην
2793 499 3053 574 γεγονὼς,
3104 498 3364 573 πονηρίας
3443 493 3791 574 δογματίζεις

2141 591 2407 667 γεώργιον
2429 609 2440 622 ⁸
2477 591 2504 643 ὁ
2537 587 2594 644 δὲ
2641 591 2836 660 Σωτὴρ
2880 593 2988 643 τῶν
3035 587 3181 644 ὅλων
3215 590 3306 644 καὶ
3339 589 3694 664 Δημιουργὸς
3726 588 3788 644 οὐ

2138 683 2239 744 τῆς
2291 678 2635 754 ἀνθρωπίνης
2679 681 2886 754 τροφῆς
2929 678 3092 751 μόνον
3150 678 3240 732 τὸν
3299 676 3547 752 οὐράνιον
3618 677 3782 733 αὐτοῦ

2143 769 2355 844 Πατέρα
2383 767 2472 822 καὶ
2504 767 2658 837 Θεὸν,
2702 766 2764 821 οὗ
2793 768 2892 836 τήν
2931 764 3211 842 βασιλείαν
3257 764 3623 842 ἐγκελεύεται,
3669 767 3779 840 πρὸ

2139 861 2248 912 τῶν
2289 860 2616 929 σωματικῶν
2658 855 2927 923 ἀπάντων,
2968 858 3116 928 ἡμᾶς
3159 855 3452 927 ἐπιζητεῖν,
3495 854 3638 911 ἀλλά
3697 857 3788 910 καὶ

2144 944 2214 1003 δι’
2249 948 2324 1002 ὧν
2379 947 2444 1002 τὰ
2495 946 2710 1002 πετεινᾶ
2765 947 3037 1022 τρέφεται,
3095 946 3257 1001 αὐτὸν
3325 943 3588 1021 ἀποφαίνε
3642 965 3788 1022 χορ-

2144 1037 2280 1110 ηγὸν
2312 1057 2372 1092 τε
2399 1035 2490 1090 καὶ
2517 1036 2852 1110 προνοητήν.
2885 1035 2986 1092 Καὶ
3019 1038 3134 1096 πῶς
3170 1033 3269 1089 οὐκ
3298 1031 3357 1088 ἃν
3387 1040 3488 1103 τῆς
3545 1032 3790 1109 ἐσχάτης

2145 1125 2337 1198 μανίας
2402 1123 2557 1195 δίκην
2607 1124 2953 1180 ἀποτιννύναι
2999 1124 3137 1184 ἅπας
3191 1122 3352 1195 ὀρθὸς
3411 1121 3790 1202 ἐπιψηφιεῖται

2146 1213 2308 1289 λόγος
2367 1213 2512 1276 τοὺς
2550 1213 2646 1276 τὰς
2700 1211 2841 1276 ἰδίας
2899 1213 3104 1276 ὑλακᾶς
3170 1217 3277 1267 τῶν
3327 1217 3669 1268 Δεσποτικῶν
3698 1213 3790 1268 καὶ

2143 1304 2430 1379 σωτηρίων
2463 1301 3006 1378 ἀνταλλασσομένους
3045 1305 3341 1377 χρησμῶν,
3373 1303 3434 1357 ὃν
3485 1300 3790 1380 διαρρήδην

2144 1391 2336 1448 εἰδέναι
2366 1414 2423 1447 τε
2459 1394 2550 1448 τὸν
2583 1391 2634 1447 έν
2685 1393 2939 1466 οὐρανοῖς
2986 1393 3198 1465 Πατέρα
3250 1393 3430 1463 ἡμῶν,
3471 1391 3547 1446 ὧν
3596 1393 3789 1466 χρείαν

2143 1479 2370 1560 ἔχομεν,
2402 1481 2538 1556 πρὸς
2569 1481 2629 1536 ’ὸν
2659 1481 2750 1536 καὶ
2788 1482 2887 1550 τήν
2939 1481 3111 1556 εὐχὴν
3151 1480 3442 1535 ἀνατείνειν
3492 1477 3792 1558 ἐδιδάχθη-

2149 1592 2268 1642 μεν,
2315 1572 2489 1645 Πάτερ
2545 1573 2731 1642 ἡμῶν,
2791 1570 3201 1644 ἂνακράζοντες,
3253 1569 3281 1623 ὁ
3331 1568 3384 1623 έν
3433 1574 3548 1632 τοῖς
3625 1567 3790 1643 οὐρα-

2142 1665 2278 1728 νοῖς,
2301 1660 2390 1714 καὶ
2435 1657 2486 1714 ἐν
2538 1664 2616 1731 σῷ
2664 1664 2844 1730 ζητεῖν
2888 1660 2988 1728 τήν
3043 1657 3324 1732 βασιλείαν
3373 1658 3538 1713 αὐτοῦ
3569 1658 3654 1714 καὶ
3683 1659 3786 1726 τὴν

389 1735 558 1812 nobis
587 1753 862 1824 praebere,
896 1752 995 1808 sed
1023 1756 1078 1808 et
1120 1750 1317 1807 omnia
1347 1750 1594 1822 reliqua,
1617 1766 1719 1822 per
1749 1765 1877 1822 quae
1905 1767 2030 1806 cor-

2148 1749 2484 1819 δικαιοσύνην
2538 1746 2722 1813 αὐτοῦ,
2775 1748 2838 1802 οὐ
2881 1749 2979 1817 τήν
3026 1749 3234 1824 τροφὴν
3264 1749 3575 1826 παρέχοντα
3620 1747 3786 1820 μόνον

391 1861 500 1915 pus
514 1850 767 1909 curatur,
783 1857 886 1897 nec
899 1857 967 1896 ea
979 1840 1169 1896 solum
1182 1883 1196 1906 ,
1221 1857 1347 1911 quas
1363 1840 1433 1894 ad
1449 1839 1843 1895 necessarium
1862 1855 2033 1895 usum

393 1931 695 1989 hominum
720 1931 1046 1996 conferunt,
1080 1929 1182 1984 sed
1202 1934 1256 1984 et
1279 1928 1746 1998 quassecundum
1770 1928 1888 1982 imo
1909 1927 2038 1982 ulti-

393 2036 550 2076 mum
568 2019 758 2074 locum
773 2034 911 2073 occu
923 2016 1282 2088 panl,habitu
1297 2033 1404 2072 suo
1419 2014 1672 2071 naturali
1686 2015 2038 2073 instruxisse

391 2112 450 2164 et
483 2107 716 2163 aluisse.
751 2105 1103 2161 Considerate
1131 2103 1302 2169 enim,
1334 2103 1550 2175 inquit,
1575 2105 1707 2160 lilia
1745 2106 2036 2176 agri,quo-

393 2196 550 2255 modo
571 2203 858 2252 crescant:
896 2210 1009 2250 non
1039 2194 1314 2259 laborant,
1355 2209 1528 2265 neque
1567 2199 1694 2250 nent
1735 2193 1802 2250 98.
1845 2194 2040 2265 Neque

397 2287 522 2342 haec
547 2285 758 2354 solum,
783 2285 884 2342 sed
923 2289 979 2340 et
1022 2285 1214 2356 ipsum
1246 2285 1388 2339 adeo
1429 2284 1551 2355 agri
1590 2300 1854 2356 gramen,
1886 2285 2038 2355 quod

395 2376 567 2432 hodie
606 2374 852 2442 exsistit,
892 2382 945 2430 et
1009 2389 1137 2428 cras
1194 2373 1254 2427 in
1309 2373 1595 2428 fornacem
1643 2374 1909 2430 mittitur.
1945 2375 2040 2430 Ait

396 2465 552 2521 enim
579 2481 592 2519 :
623 2466 686 2520 Si
713 2479 836 2520 vero
867 2478 1094 2532 gramen
1128 2464 1256 2530 agri
1301 2461 1459 2518 hodie
1501 2464 1785 2529 exsistens,
1833 2468 1886 2519 et
1914 2480 2035 2520 cras

393 2558 454 2610 in
498 2557 782 2626 fornacem
838 2555 1036 2624 conjici
1083 2553 1304 2608 solitum
1347 2552 1483 2606 Deus
1541 2555 1716 2618 vestit,
1766 2553 2038 2623 quomodo

389 2659 498 2700 non
543 2644 718 2700 multo
765 2641 942 2713 magis
976 2657 1085 2710 vos,
1135 2657 1165 2696 ο
1208 2643 1427 2711 exiguae
1470 2640 1606 2710 ﬁdei
1653 2640 1901 2698 homines
1946 2640 2042 2696 '9?

397 2737 464 2788 Et
484 2730 838 2788 naturalium
865 2729 1102 2802 quidem
1129 2729 1360 2784 illorum
1385 2729 1885 2800 indumentorum,
1911 2731 2042 2802 qui-

398 2823 510 2878 bus
539 2821 730 2876 bonus
764 2819 1039 2876 Dominus
1082 2834 1322 2890 gramen
1357 2818 1546 2888 vestit,
1579 2835 1704 2890 qua
1737 2823 1794 2874 et
1825 2826 2044 2891 quanta

397 2917 484 2968 est
517 2908 952 2981 magniﬁcentia
980 2907 992 2962 l
1028 2908 1108 2963 Ea
1137 2912 1292 2964 certe
1319 2911 1539 2963 vestem
1573 2907 1792 2980 regiam
1823 2915 1880 2963 et
1910 2925 2043 2980 pur-

399 3016 547 3072 pura
594 2998 1024 3070 splendentem,
1072 3013 1251 3068 quam
1293 2996 1554 3052 humana
1608 2995 1848 3052 olertia
1893 2998 2038 3054 inter

397 3089 621 3162 primas
651 3085 917 3152 collocat,
951 3091 1084 3158 post
1113 3102 1175 3141 se
1205 3090 1487 3156 tanquam
1515 3085 1828 3142 secundam
1861 3086 2037 3143 relin-

398 3178 542 3250 quit.
573 3178 700 3234 Dico
728 3179 877 3232 enim
907 3176 1076 3242 vobis,
1110 3175 1253 3247 quod
1283 3191 1456 3247 neque
1493 3175 1750 3232 Salomon
1791 3176 1851 3230 in
1891 3178 2042 3232 omni

393 3283 497 3323 sua
524 3267 704 3334 gloria
733 3267 957 3321 vestitus
998 3267 1072 3319 ita
1101 3265 1229 3333 fuit,
1261 3273 1320 3318 ut
1349 3281 1520 3319 unum
1551 3280 1619 3320 ea:
1651 3264 1768 3319 illis
1806 3265 1846 3318 ¹.
1883 3267 2042 3331 Quo-

401 3355 573 3410 modo
604 3354 780 3425 igitur
809 3352 1090 3424 graminis
1113 3353 1348 3424 quidem
1371 3353 1643 3408 vestitum
1668 3353 1857 3410 bonus
1880 3361 2041 3425 parat

399 3441 576 3507 Deus,
609 3444 674 3496 tu
698 3456 831 3496 vero
862 3439 1024 3496 illius
1053 3439 1407 3506 vestimenti,
1432 3456 1545 3511 quo
1571 3439 1820 3496 hominis
1841 3442 2042 3496 anima

401 3529 817 3597 circumdatur,
851 3527 1129 3599 corporis,
1171 3527 1434 3597 inquam,
1482 3526 1689 3598 alium,
1734 3545 1849 3584 non
1907 3546 2039 3586 vero

397 3617 690 3686 eumdem,
729 3615 989 3687 requires
1028 3616 1386 3673 conditorem
1415 3615 1443 3669 ‘I
1484 3616 1550 3671 Et
1589 3617 1883 3688 quomodo
1924 3635 2040 3674 non

397 3706 578 3763 simul
603 3709 656 3761 te
677 3706 869 3776 ipsum
891 3703 1058 3777 longe
1079 3704 1327 3777 graviori
1351 3721 1532 3776 poenas
1557 3706 1871 3762 obnoxium
1896 3706 2044 3763 fate-

399 3796 502 3867 ris,
535 3811 710 3868 quam
741 3809 980 3866 gramen
1004 3794 1171 3862 illud,
1205 3795 1356 3866 quod
1389 3794 1450 3850 in
1482 3796 1774 3852 fornacem
1803 3795 2040 3868 conjici-

397 3884 536 3942 tur?
567 3885 636 3942 Et
655 3885 918 3941 Servator
947 3884 1183 3956 quidem
1220 3884 1356 3950 illis,
1389 3884 1490 3956 qui
1513 3885 1805 3956 justitiam
1839 3886 1939 3942 Dei
1987 3890 2044 3942 et

402 3991 649 4049 regnum
682 3990 970 4048 perapera
987 3978 1273 4046 quarunt,
1293 3975 1588 4043 eumdem,
1613 3977 1776 4045 cujus
1801 3991 2040 4047 regnum

403 4067 547 4124 illud
588 4072 694 4134 est,
731 4073 789 4122 et
825 4066 1020 4122 cibum
1062 4069 1118 4121 et
1151 4066 1501 4120 vestimenta
1541 4065 1789 4137 aliaque,
1832 4065 2043 4133 quibus

403 4163 797 4221 conservatur,
857 4156 1366 4225 suppeditaturum
1435 4155 1744 4224 promittit.
1781 4158 1858 4208 Tu
1907 4169 2041 4208 vero

398 4246 514 4302 ista
568 4243 769 4315 gratiae
805 4250 861 4298 et
898 4242 1274 4313 benignitatis
1334 4258 1574 4297 munera
1621 4244 1691 4298 ad
1751 4242 2041 4299 contraria

2143 1836 2586 1913 διαγγέλλουσιν,
2631 1836 2777 1893 ἀλλᾶ
2831 1838 2922 1891 καὶ
2970 1838 3036 1891 τὰ
3075 1835 3221 1893 ἄλλα
3271 1839 3465 1907 πάντα,
3499 1834 3569 1892 δι’
3618 1836 3694 1890 ὥν
3755 1839 3790 1906 ἡ

2143 1927 2398 2001 θεραπεία
2442 1931 2540 1982 τοῦ
2588 1927 2864 2000 σώματος,
2921 1926 3012 1981 καὶ
3062 1925 3170 2005 οὐχ
3221 1927 3322 1981 ’ὃσα
3373 1925 3534 2000 μόνον
3583 1932 3652 2002 τῇ
3701 1927 3791 1982 ἀν-

2144 2017 2392 2090 θρωπίνῃ
2454 2016 2616 2094 χρείᾳ
2671 2015 2722 2087 ἐξ
2787 2014 3083 2093 ἀναγκαίου
3150 2014 3412 2084 συντελεῖ,
3473 2013 3617 2072 ἀλλά
3692 2016 3794 2072 καὶ

2145 2105 2246 2161 ὅσα
2319 2102 2587 2180 δευτέραν,
2660 2106 2697 2176 ἢ
2773 2105 2860 2160 καὶ
2951 2104 3261 2160 τελευταίαν
3340 2105 3521 2180 ἐπέχει
3612 2105 3794 2177 τάξιν,

2145 2195 2307 2257 αὐτὸν
2365 2192 2536 2250 αἶ’τιον
2595 2195 2726 2249 εἶναι
2775 2195 2866 2249 καὶ
2925 2201 3026 2264 τῆς
3099 2195 3306 2250 τούτων
3365 2201 3600 2273 Δφυσικῆς
3675 2216 3793 2250 πε-

2149 2280 2381 2358 ριϐολῆς
2454 2283 2543 2338 καὶ
2625 2283 2921 2354 αὐξήσεως.
2995 2286 3338 2358 Καταμάθετε
3418 2284 3541 2360 γὰρ,
3633 2283 3805 2360 φησὶ,

2153 2373 2220 2428 τὰ
2275 2372 2428 2448 κρίνα
2481 2378 2579 2429 τοῦ
2641 2373 2811 2447 ἀγροῦ
2875 2377 2994 2434 πῶς
3043 2372 3295 2444 αὐξάνει·
3330 2373 3394 2428 οὐ
3441 2378 3628 2444 κοπιᾷ,
3666 2371 3807 2430 οὐδέ

2153 2465 2328 2532 νήθει.
2392 2461 2490 2520 Καὶ
2549 2461 2610 2517 οὐ
2667 2466 2835 2517 ταῦτα
2895 2462 3085 2535 μόνον,
3150 2459 3297 2518 ἀλλά
3343 2462 3431 2518 καὶ
3479 2462 3668 2525 ἁπλῶς
3700 2465 3809 2519 τὸν

2152 2553 2354 2629 χόρτον
2411 2556 2508 2606 τοῦ
2568 2552 2734 2627 ἀγροῦ
2772 2553 2864 2607 τὸν
2907 2555 3143 2624 σήμετον
3176 2548 3325 2622 ὄντα,
3366 2551 3458 2607 καὶ
3491 2549 3684 2627 αὔριον
3727 2554 3810 2616 εἷς

2149 2637 2408 2698 κλίϐανον
2462 2641 2833 2718 βαλλόμενον.
2885 2642 3041 2716 Λέγει
3094 2641 3220 2717 γάρ.
3272 2640 3334 2697 El
3384 2639 3442 2697 δὲ
3467 2642 3559 2698 τὸν
3590 2643 3810 2717 χόρτον

2149 2737 2246 2787 τοῦ
2305 2732 2470 2808 ἀγροῦ
2521 2733 2762 2804 σήμερον
2817 2725 2944 2786 ὄντα
3004 2731 3094 2786 καὶ
3154 2727 3338 2806 αὔριον
3385 2731 3462 2793 εἰς
3537 2727 3808 2787 κλίϐανον

2156 2819 2500 2896 βαλλόμενον
2557 2819 2585 2874 ὁ
2643 2819 2772 2880 Θεὸς
2835 2819 3205 2898 ἀμφιέννυσιν,
3255 2819 3318 2875 οὐ
3377 2818 3575 2893 πολλῷ
3650 2819 3811 2892 μᾶλ-

2103 2957 2108 2962 .
2153 2910 2249 2966 λον
2310 2910 2471 2983 ὑμᾶς,
2512 2909 2905 2983 ὀλιγόπιστοι;
2959 2909 3058 2965 Καὶ
3113 2915 3222 2965 τῶν
3285 2917 3526 2989 φυσικῶν
3584 2911 3812 2989 ἀμφια-

2149 2999 2368 3072 σμάτων
2426 2997 2654 3068 τούτων,
2699 2999 2785 3060 οἷς
2827 2999 2855 3052 ὁ
2903 2997 3102 3073 ἀγαθὸς
3142 3001 3419 3069 Δεσπότης
3479 2999 3814 3077 ἡμφιάσατο

2149 3088 2241 3143 τὸν
2277 3087 2499 3163 χόρτον,
2531 3088 2614 3150 τίς
2642 3089 2676 3157 ἡ
2727 3084 3055 3162 λαμπρότης
3084 3088 3174 3143 καὶ
3224 3087 3367 3159 πόση
3397 3091 3409 3145 ί
3459 3088 3556 3153 Εἰς
3609 3085 3818 3146 δευτέ-

2149 3197 2248 3252 ραν
2309 3177 2465 3250 αὕτη,
2521 3177 2620 3245 τὴν
2655 3176 2703 3245 έξ
2767 3174 3111 3250 ἀνθρωπίνης
3170 3178 3447 3254 περινοίας
3490 3179 3557 3234 τὰ
3603 3183 3820 3253 πρῶτα

2150 3267 2426 3340 λαχοῦσαν
2481 3263 2772 3340 βασιλικὴν
2829 3264 3054 3335 στολήν,
3103 3266 3192 3321 καὶ
3242 3271 3312 3342 τῇ
3369 3264 3664 3345 προφυρίδι
3730 3268 3819 3324 έν-

2151 3355 2581 3430 αστράπτουσαν,
2613 3355 2976 3429 παραπέμρει.
3025 3353 3183 3429 Λέγω
3230 3354 3333 3430 γὰρ
3373 3355 3523 3430 ὑμῖν,
3557 3355 3641 3410 δτι
3672 3355 3827 3414 οὐδὲ

2154 3442 2427 3516 Σαλομὼν
2483 3442 2535 3498 ἐν
2595 3444 2741 3517 πάσῃ
2801 3445 2872 3515 τῇ
2931 3439 3057 3517 δόξῃ
3109 3442 3272 3499 αὑτοῦ
3311 3439 3692 3518 περιεϐάλετο,
3737 3445 3822 3510 ὡς

2150 3530 2205 3587 ’ἐν
2234 3533 2467 3591 τούτων.
2517 3531 2580 3590 Τί
2631 3531 2723 3587 οὖν
2771 3531 2872 3600 τήν
2909 3534 3005 3605 μέν
3045 3535 3141 3587 τοῦ
3172 3534 3380 3607 χόρτου
3431 3529 3754 3608 περιϐολῆν
3791 3534 3822 3591 ὁ

2151 3621 2351 3695 ἀγαθὸς
2384 3616 2709 3695 περιϐάλλει
2739 3621 2889 3688 Θεὸς,
2922 3627 3022 3690 τῆς
3055 3617 3111 3676 δέ
3149 3617 3476 3696 περιϐολῆς,
3509 3622 3574 3692 ἢν
3613 3623 3648 3690 ἡ
3714 3624 3825 3680 ἀν-

2153 3710 2396 3784 θρωπίνη
2445 3711 2600 3785 ψυχὴ
2650 3704 3067 3785 περιϐάλλεται,
3110 3711 3172 3766 τὸ
3223 3715 3383 3784 σῶμα
3421 3709 3586 3787 λέγω,
3621 3710 3824 3769 ἄλλον

2152 3803 2240 3859 καὶ
2299 3803 2428 3878 οὐχὶ
2475 3804 2566 3858 τὸν
2624 3803 2784 3859 αὐτὸν
2842 3803 3188 3874 έπιζητήσεις
3242 3801 3577 3880 δημιουργόν
3627 3825 3641 3875 ;
3711 3809 3828 3864 Καὶ

2152 3899 2268 3957 πῶς
2307 3893 2438 3972 οὐχὶ
2466 3898 2564 3949 τοῦ
2595 3893 2670 3955 εἷς
2701 3888 2961 3950 κλίϐανον
2988 3889 3410 3968 ἐμϐαλλομένου
3448 3897 3655 3972 χόρτου
3709 3920 3829 3956 πο-

2154 3983 2223 4040 λὺ
2271 3983 2659 4059 χαλεπωτέρας
2705 3985 2926 4040 σεαυτὸν
2969 3983 3241 4060 τιμωρίας
3300 3984 3590 4042 ὑπεύθυνον
3660 3989 3830 4046 ἀπο-

2153 4073 2399 4153 φαίνεις;
2445 4074 2542 4129 Καὶ
2577 4075 2605 4129 ὁ
2643 4074 2736 4147 μὲν
2776 4075 2970 4150 Σωτὴρ
3000 4079 3119 4136 τοῖς
3164 4075 3265 4144 τὴν
3316 4072 3671 4147 δικαιοσύνην
3709 4083 3828 4135 τοῦ

2153 4166 2309 4232 Θεοῦ,
2347 4162 2438 4216 καὶ
2483 4164 2582 4232 τήν
2636 4162 2912 4238 βασιλείαν
2951 4160 3021 4218 δι’
3077 4157 3246 4239 ἔργων
3283 4162 3661 4237 ἐπιζητοῦσιν,
3707 4166 3828 4224 αἰ)-

2149 4250 2242 4304 τὸν
2271 4251 2430 4323 ἡμῖν,
2456 4252 2517 4305 οῦ
2549 4254 2583 4321 ἡ
2622 4251 2868 4326 βασιλεία
2909 4252 2998 4308 καὶ
3047 4254 3147 4322 τήν
3201 4254 3410 4328 τροφὴν
3465 4253 3555 4309 καὶ
3605 4256 3674 4312 τά
3737 4257 3833 4313 ἐν·

396 4334 596 4390 omnia
626 4332 824 4388 refers.
857 4330 1156 4394 Quomodo
1193 4346 1325 4385 vero
1376 4330 1522 4399 ipse,
1555 4347 1617 4385 se
1647 4346 1845 4386 eorum
1893 4345 2036 4400 quo.

2150 4334 2381 4410 δόματα,
2413 4341 2501 4395 καὶ
2535 4343 2620 4403 οἷς
2661 4339 2856 4404 ἄλλοις
2883 4341 2947 4397 τὸ
2991 4347 3148 4416 σῶμα
3187 4342 3492 4418 συνέχεται,
3545 4349 3833 4424 χορηγή-

395 4440 523 4479 rum
550 4438 666 4477 non
685 4423 777 4475 est
808 4425 1027 4484 auctor,
1061 4418 1159 4472 sed
1194 4434 1318 4489 quin
1367 4416 1610 4474 alterius
1659 4423 1792 4474 sunt
1841 4434 2034 4489 opera,

396 4515 688 4568 auctorem
715 4506 1026 4564 inscribit?
1058 4508 1377 4574 Quomodo,
1412 4509 1567 4578 quod
1601 4509 1794 4564 adhuc
1826 4507 2037 4563 absur-

395 4601 530 4655 dius
560 4603 668 4663 est,
701 4614 763 4654 se
787 4595 1116 4653 hominibus
1149 4614 1249 4668 pro
1279 4598 1494 4654 virtute
1525 4597 1939 4655 dimicantibus
1981 4608 2036 4656 et

395 4706 636 4761 regnum
689 4704 861 4744 suum
901 4689 1312 4760 quaerentibus,
1360 4687 1533 4745 talem
1567 4689 1744 4757 sistit,
1794 4689 1893 4762 qui
1951 4689 2034 4746 eis

395 4778 575 4835 malas
615 4777 748 4834 Mali
789 4783 1082 4834 creaturas
1122 4778 1423 4850 praemium
1466 4779 1642 4835 studii
1683 4778 1798 4850 sui,
1839 4779 2032 4835 divino

386 4884 585 4924 amore
615 4866 789 4939 pleni,
821 4871 877 4922 et
904 4867 1292 4923 certaminum
1326 4868 1708 4940 plurimorum
1761 4869 1948 4924 tradat
1977 4871 2034 4923 et

387 4955 656 5014 exhibeat
681 4956 709 5012 ‘2

452 5231 597 5290 Xlll.
631 5233 794 5301 Quod
841 5247 972 5289 vero
1015 5231 1107 5290 lex
1145 5236 1420 5290 consonet
1460 5233 1682 5306 gratias,
1724 5233 1867 5290 adeo
1911 5249 2031 5289 cer-

383 5330 510 5383 tum
542 5333 647 5396 est,
683 5329 749 5382 ut
775 5323 956 5382 altera
985 5325 1055 5380 ab
1087 5323 1269 5380 altera
1298 5322 1649 5380 stabiliatur.
1676 5324 1876 5382 Gratia
1899 5322 2026 5396 qui-

381 5417 538 5487 dem,
568 5420 845 5486 tanquam
877 5429 1008 5486 quas
1029 5431 1062 5471 a
1091 5413 1218 5486 lege
1248 5413 1619 5486 praeﬁgurata
1663 5417 1719 5469 et
1753 5428 2030 5486 praenun-

450 5639 525 5676 π’
556 5638 762 5698 Matth.
795 5653 872 5708 v1,
903 5635 957 5693 9.
1034 5634 1084 5672 93
1115 5636 1320 5694 Matth.
1355 5652 1436 5704 v1,
1466 5635 1557 5692 28.
1634 5637 1678 5673 '°
1706 5637 1846 5693 ibid.
1879 5639 1969 5696 30.

2148 4447 2254 4482 σειν
2275 4426 2692 4505 ἐπαγγέλλεται.
2715 4430 2792 4486 Σὺ
2827 4429 3077 4487 δὲταῦτα
3113 4438 3216 4500 τῆς
3265 4429 3471 4508 δωρεᾶς
3517 4433 3610 4488 καὶ
3656 4453 3832 4510 χρη-

2148 4517 2410 4588 στότητος
2437 4519 2512 4580 είς
2545 4517 2916 4594 ἀλλοτρίωσιν
2973 4514 3328 4583 ὑποϐάλλεις.
3363 4521 3467 4578 Καὶ
3513 4526 3656 4594 πῶς,
3701 4526 3833 4580 ὧν·

2145 4626 2246 4680 περ
2277 4606 2438 4670 ἀύτὸς
2497 4608 2596 4664 οὐκ
2641 4604 2752 4664 ἔστι
2799 4610 3150 4686 προαγωγὸς,
3206 4609 3333 4666 ἀλλ’
3378 4609 3560 4686 ἑτέρας
3605 4612 3833 4692 ἀρχῆς

2144 4697 2438 4774 πεφύκασιν
2477 4695 2641 4774 ἔργα,
2693 4699 2851 4754 αὑτὸν
2901 4699 3192 4776 ἀναγράφει
3241 4702 3490 4775 παροχέα
3532 4719 3546 4769 ;
3598 4704 3719 4758 Καὶ
3751 4707 3834 4762 ’τὸ

2143 4781 2222 4842 ἔτι
2271 4787 2632 4861 ἀτοπώτερον,
2691 4794 2809 4851 τοῖς
2860 4795 2960 4858 τῆς
3015 4789 3209 4863 ἀρετῆς
3283 4788 3616 4864 ἀγωνισταῖς
3714 4795 3837 4850 καὶ

2139 4879 2239 4943 τήν
2276 4874 2554 4950 βασιλείαν
2587 4877 2752 4933 αὐτοῦ
2782 4881 3038 4935 ποθοῦσιν
3078 4882 3166 4935 οἷα
3205 4877 3272 4950 δὴ
3327 4881 3520 4954 μισθὸν
3549 4881 3640 4937 καὶ
3695 4892 3836 4957 τῆς

2141 4963 2401 5040 φιλοθέου
2449 4965 2756 5040 προθυμίας
2803 4965 2892 5022 καὶ
2940 4967 3047 5022 τῶν
3075 4967 3343 5042 ἀορίστων
3389 4969 3838 5044 ἀγωνισμάτων

2139 5054 2206 5107 τά
2255 5057 2353 5108 τοῦ
2410 5059 2661 5130 Πονηροῦ
2709 5053 3175 5134 δημιουργήματα
3229 5059 3545 5135 παρέχοντά
3589 5079 3646 5114 τε
3715 5064 3838 5119 καὶ

2139 5140 2564 5200 ἀνταποδιδόντα
2595 5165 2610 5215 ;

2210 5236 2308 5292 II".
2341 5239 2458 5290 Ὅτι
2494 5235 2677 5309 μέντοι
2717 5233 3005 5314 σύμφωνος
3035 5237 3064 5292 ὁ
3104 5235 3274 5311 νόμος
3303 5241 3374 5314 τῇ
3417 5238 3621 5314 χάριτι,
3665 5239 3842 5300 ἑκά-

2135 5342 2290 5394 τερον
2330 5320 2402 5378 δι’
2431 5323 2686 5401 ἑκατέρου
2717 5321 2934 5403 δέχεται
2966 5326 3068 5396 τὴν
3111 5322 3426 5402 βεϐαίωσιν.
3457 5329 3522 5384 Ἠ
3554 5327 3654 5402 μὲν
3736 5335 3846 5400 ὡς

2137 5412 2228 5466 ὐπ’
2284 5412 2450 5470 αὐτοῦ
2503 5411 3019 5490 προδιατυπουμένη
3058 5435 3116 5471 τε
3157 5416 3250 5471 καὶ
3297 5413 3851 5494 προκαταγγέλλο-

2046 5639 2065 5676 ¹
2098 5637 2234 5694 ibid.
2267 5639 2360 5697 29.
