  <div class='ocr_page' id='page_1' title='image "/cluster/home/n/w/nwhite01/storage/ocr_20150623/102/hvd.32044073502155/120.png"; bbox 0 0 4084 6210; ppageno 0'>
   <div class='ocr_carea' id='block_1_1' title="bbox 261 347 369 408">
    <p class='ocr_par' dir='ltr' id='par_1_1' title="bbox 261 347 369 408">
     <span class='ocr_line' id='line_1_1' title="bbox 261 347 369 408; baseline 0.019 -2"><span class='ocrx_word' id='word_1_1' title='bbox 261 347 369 408; x_wconf 82' lang='grc'><strong>205</strong></span> 
     </span>
    </p>
   </div>
   <div class='ocr_carea' id='block_1_2' title="bbox 1335 354 2594 422">
    <p class='ocr_par' dir='ltr' id='par_1_2' title="bbox 1335 354 2594 422">
     <span class='ocr_line' id='line_1_2' title="bbox 1335 354 2594 422; baseline 0.005 -8"><span class='ocrx_word' id='word_1_2' title='bbox 1335 354 1640 418; x_wconf 80' lang='lat' dir='ltr'><strong>CONTRA</strong></span> <span class='ocrx_word' id='word_1_3' title='bbox 1693 355 2171 418; x_wconf 64' lang='lat' dir='ltr'><strong>MANICHAL&#39;OS</strong></span> <span class='ocrx_word' id='word_1_4' title='bbox 2217 357 2447 419; x_wconf 85' lang='lat' dir='ltr'><strong>LIBER</strong></span> <span class='ocrx_word' id='word_1_5' title='bbox 2488 360 2594 422; x_wconf 90' lang='lat' dir='ltr'><strong>IV.</strong></span> 
     </span>
    </p>
   </div>
   <div class='ocr_carea' id='block_1_3' title="bbox 3534 362 3652 422">
    <p class='ocr_par' dir='ltr' id='par_1_3' title="bbox 3534 362 3652 422">
     <span class='ocr_line' id='line_1_3' title="bbox 3534 362 3652 422; baseline 0 0"><span class='ocrx_word' id='word_1_6' title='bbox 3534 362 3652 422; x_wconf 72' lang='lat'><strong>206</strong></span> 
     </span>
    </p>
   </div>
   <div class='ocr_carea' id='block_1_4' title="bbox 263 480 1911 573">
    <p class='ocr_par' dir='ltr' id='par_1_4' title="bbox 263 480 1897 573">
     <span class='ocr_line' id='line_1_4' title="bbox 263 480 1897 573; baseline 0.006 -38"><span class='ocrx_word' id='word_1_7' title='bbox 263 480 508 573; x_wconf 52' lang='grc' dir='ltr'>μένηὲκαί</span> <span class='ocrx_word' id='word_1_8' title='bbox 559 485 1228 573; x_wconf 14' lang='grc' dir='ltr'>οἷονγπροχαραττομένη,</span> <span class='ocrx_word' id='word_1_9' title='bbox 1269 487 1359 542; x_wconf 83' lang='grc' dir='ltr'>καὶ</span> <span class='ocrx_word' id='word_1_10' title='bbox 1418 487 1786 567; x_wconf 75' lang='grc' dir='ltr'><strong>ἐμφαινομένη</strong></span> <span class='ocrx_word' id='word_1_11' title='bbox 1838 511 1897 548; x_wconf 91' lang='grc' dir='ltr'><strong>τε</strong></span> 
     </span>
    </p>
   </div>
   <div class='ocr_carea' id='block_1_5' title="bbox 2023 480 3656 573">
    <p class='ocr_par' dir='ltr' id='par_1_5' title="bbox 2023 493 3656 573">
     <span class='ocr_line' id='line_1_5' title="bbox 2023 493 3656 573; baseline 0.006 -26"><span class='ocrx_word' id='word_1_12' title='bbox 2023 493 2147 552; x_wconf 80' lang='lat' dir='ltr'><strong>:iata</strong></span> <span class='ocrx_word' id='word_1_13' title='bbox 2191 499 2245 551; x_wconf 91' lang='lat' dir='ltr'><strong>et</strong></span> <span class='ocrx_word' id='word_1_14' title='bbox 2293 496 2457 568; x_wconf 66' lang='grc' dir='ltr'>σου.ςὶ</span> <span class='ocrx_word' id='word_1_15' title='bbox 2505 512 2799 568; x_wconf 88' lang='lat' dir='ltr'><strong>expressa,</strong></span> <span class='ocrx_word' id='word_1_16' title='bbox 2847 498 2964 554; x_wconf 86' lang='lat' dir='ltr'><strong>imo</strong></span> <span class='ocrx_word' id='word_1_17' title='bbox 3010 498 3383 554; x_wconf 81' lang='lat' dir='ltr'><strong>manifestata</strong></span> <span class='ocrx_word' id='word_1_18' title='bbox 3423 504 3478 554; x_wconf 88' lang='lat' dir='ltr'><strong>et</strong></span> <span class='ocrx_word' id='word_1_19' title='bbox 3516 517 3656 573; x_wconf 92' lang='lat' dir='ltr'><strong>pro-</strong></span> 
     </span>
    </p>
   </div>
   <div class='ocr_carea' id='block_1_6' title="bbox 265 569 1902 656">
    <p class='ocr_par' dir='ltr' id='par_1_6' title="bbox 265 569 1902 656">
     <span class='ocr_line' id='line_1_6' title="bbox 265 569 1902 656; baseline 0.006 -30"><span class='ocrx_word' id='word_1_20' title='bbox 265 573 342 626; x_wconf 81' lang='grc' dir='ltr'><strong>καὶ</strong></span> <span class='ocrx_word' id='word_1_21' title='bbox 383 569 762 646; x_wconf 82' lang='grc' dir='ltr'>ἔνδεικνυμένη</span> <span class='ocrx_word' id='word_1_22' title='bbox 794 579 917 638; x_wconf 89' lang='grc' dir='ltr'>τοῖς</span> <span class='ocrx_word' id='word_1_23' title='bbox 954 575 1297 650; x_wconf 80' lang='grc' dir='ltr'>σκιάσμασιν·</span> <span class='ocrx_word' id='word_1_24' title='bbox 1333 577 1360 632; x_wconf 89' lang='lat'><strong>6</strong></span> <span class='ocrx_word' id='word_1_25' title='bbox 1393 575 1450 633; x_wconf 70' lang='grc' dir='ltr'>δὲ</span> <span class='ocrx_word' id='word_1_26' title='bbox 1479 581 1570 635; x_wconf 78' lang='grc' dir='ltr'><strong>ἅτε</strong></span> <span class='ocrx_word' id='word_1_27' title='bbox 1587 584 1696 635; x_wconf 88' lang='grc' dir='ltr'><strong>τῶν</strong></span> <span class='ocrx_word' id='word_1_28' title='bbox 1727 580 1902 656; x_wconf 82' lang='grc' dir='ltr'>προρ-</span> 
     </span>
    </p>
   </div>
   <div class='ocr_carea' id='block_1_7' title="bbox 263 660 1898 743">
    <p class='ocr_par' dir='ltr' id='par_1_7' title="bbox 263 660 1898 743">
     <span class='ocr_line' id='line_1_7' title="bbox 263 660 1898 743; baseline 0.006 -28"><span class='ocrx_word' id='word_1_29' title='bbox 263 660 468 737; x_wconf 67' lang='grc' dir='ltr'>ῥήσεων</span> <span class='ocrx_word' id='word_1_30' title='bbox 497 664 586 717; x_wconf 77' lang='grc' dir='ltr'><strong>καὶ</strong></span> <span class='ocrx_word' id='word_1_31' title='bbox 631 665 1116 740; x_wconf 82' lang='grc' dir='ltr'>προχαραγμάτων</span> <span class='ocrx_word' id='word_1_32' title='bbox 1167 664 1252 722; x_wconf 84' lang='grc' dir='ltr'><strong>ἐπ’</strong></span> <span class='ocrx_word' id='word_1_33' title='bbox 1293 662 1476 743; x_wconf 80' lang='grc' dir='ltr'><strong>ἔργοις</strong></span> <span class='ocrx_word' id='word_1_34' title='bbox 1521 664 1898 740; x_wconf 74' lang='grc' dir='ltr'>έκϐεϐηκότων</span> 
     </span>
    </p>
   </div>
   <div class='ocr_carea' id='block_1_8' title="bbox 262 747 1904 834">
    <p class='ocr_par' dir='ltr' id='par_1_8' title="bbox 262 747 1904 834">
     <span class='ocr_line' id='line_1_8' title="bbox 262 747 1904 834; baseline 0.005 -30"><span class='ocrx_word' id='word_1_35' title='bbox 262 747 341 804; x_wconf 71' lang='grc' dir='ltr'><strong>διὰ</strong></span> <span class='ocrx_word' id='word_1_36' title='bbox 376 758 478 821; x_wconf 78' lang='grc' dir='ltr'><strong>τῆς</strong></span> <span class='ocrx_word' id='word_1_37' title='bbox 507 752 760 828; x_wconf 84' lang='grc' dir='ltr'>χάριτος,</span> <span class='ocrx_word' id='word_1_38' title='bbox 792 754 878 807; x_wconf 76' lang='grc' dir='ltr'>καὶ</span> <span class='ocrx_word' id='word_1_39' title='bbox 913 754 1013 822; x_wconf 81' lang='grc' dir='ltr'><strong>τήν</strong></span> <span class='ocrx_word' id='word_1_40' title='bbox 1041 753 1092 808; x_wconf 86' lang='grc' dir='ltr'><strong>έν</strong></span> <span class='ocrx_word' id='word_1_41' title='bbox 1133 755 1280 828; x_wconf 76' lang='grc' dir='ltr'>αὐτῷ</span> <span class='ocrx_word' id='word_1_42' title='bbox 1314 756 1418 810; x_wconf 83' lang='grc' dir='ltr'>ὑπὸ</span> <span class='ocrx_word' id='word_1_43' title='bbox 1449 763 1564 820; x_wconf 85' lang='grc' dir='ltr'>τοῖς</span> <span class='ocrx_word' id='word_1_44' title='bbox 1597 760 1904 834; x_wconf 85' lang='grc' dir='ltr'>παραπετά-</span> 
     </span>
    </p>
   </div>
   <div class='ocr_carea' id='block_1_9' title="bbox 263 841 1904 918">
    <p class='ocr_par' dir='ltr' id='par_1_9' title="bbox 263 841 1904 918">
     <span class='ocr_line' id='line_1_9' title="bbox 263 841 1904 918; baseline 0.005 -24"><span class='ocrx_word' id='word_1_45' title='bbox 263 861 418 915; x_wconf 81' lang='grc' dir='ltr'><strong>σμασι</strong></span> <span class='ocrx_word' id='word_1_46' title='bbox 476 844 861 916; x_wconf 86' lang='grc' dir='ltr'>κρυπτομένην</span> <span class='ocrx_word' id='word_1_47' title='bbox 915 841 1394 916; x_wconf 81' lang='grc' dir='ltr'>ἀνακαλυπτούσης</span> <span class='ocrx_word' id='word_1_48' title='bbox 1440 867 1498 900; x_wconf 88' lang='grc' dir='ltr'><strong>τε</strong></span> <span class='ocrx_word' id='word_1_49' title='bbox 1544 848 1635 902; x_wconf 84' lang='grc' dir='ltr'><strong>καὶ</strong></span> <span class='ocrx_word' id='word_1_50' title='bbox 1693 848 1904 918; x_wconf 86' lang='grc' dir='ltr'>ἀνακη-</span> 
     </span>
    </p>
   </div>
   <div class='ocr_carea' id='block_1_10' title="bbox 261 929 1904 1014">
    <p class='ocr_par' dir='ltr' id='par_1_10' title="bbox 261 929 1904 1014">
     <span class='ocr_line' id='line_1_10' title="bbox 261 929 1904 1014; baseline 0.005 -31"><span class='ocrx_word' id='word_1_51' title='bbox 261 932 555 1004; x_wconf 79' lang='grc' dir='ltr'>ρυττούσης</span> <span class='ocrx_word' id='word_1_52' title='bbox 615 929 897 1002; x_wconf 73' lang='grc' dir='ltr'>ἀληθειαν.</span> <span class='ocrx_word' id='word_1_53' title='bbox 958 933 1020 988; x_wconf 74' lang='lat' dir='ltr'><strong>Ei</strong></span> <span class='ocrx_word' id='word_1_54' title='bbox 1060 929 1116 987; x_wconf 72' lang='grc' dir='ltr'>δὲ</span> <span class='ocrx_word' id='word_1_55' title='bbox 1163 935 1238 1006; x_wconf 84' lang='grc' dir='ltr'>μή</span> <span class='ocrx_word' id='word_1_56' title='bbox 1291 934 1352 988; x_wconf 82' lang='grc' dir='ltr'>τὸ</span> <span class='ocrx_word' id='word_1_57' title='bbox 1395 934 1685 1014; x_wconf 81' lang='grc' dir='ltr'>σύμιρωνον</span> <span class='ocrx_word' id='word_1_58' title='bbox 1725 935 1904 991; x_wconf 80' lang='grc' dir='ltr'>συνδι-</span> 
     </span>
    </p>
   </div>
   <div class='ocr_carea' id='block_1_11' title="bbox 262 1017 1908 1099">
    <p class='ocr_par' dir='ltr' id='par_1_11' title="bbox 262 1017 1908 1099">
     <span class='ocr_line' id='line_1_11' title="bbox 262 1017 1908 1099; baseline 0.004 -26"><span class='ocrx_word' id='word_1_59' title='bbox 262 1020 455 1089; x_wconf 80' lang='grc' dir='ltr'>έσωζον</span> <span class='ocrx_word' id='word_1_60' title='bbox 482 1017 761 1089; x_wconf 75' lang='grc' dir='ltr'>ἀλλήλοις</span> <span class='ocrx_word' id='word_1_61' title='bbox 790 1022 825 1090; x_wconf 82' lang='grc' dir='ltr'><strong>ἡ</strong></span> <span class='ocrx_word' id='word_1_62' title='bbox 859 1020 1020 1096; x_wconf 85' lang='grc' dir='ltr'>χάρις</span> <span class='ocrx_word' id='word_1_63' title='bbox 1049 1023 1138 1077; x_wconf 81' lang='grc' dir='ltr'><strong>καί</strong></span> <span class='ocrx_word' id='word_1_64' title='bbox 1165 1022 1232 1078; x_wconf 76' lang='grc' dir='ltr'><strong>τὰ</strong></span> <span class='ocrx_word' id='word_1_65' title='bbox 1261 1025 1365 1099; x_wconf 86' lang='grc' dir='ltr'>πρὸ</span> <span class='ocrx_word' id='word_1_66' title='bbox 1397 1031 1498 1093; x_wconf 79' lang='grc' dir='ltr'><strong>τῆς</strong></span> <span class='ocrx_word' id='word_1_67' title='bbox 1521 1026 1771 1099; x_wconf 81' lang='grc' dir='ltr'>χάριτος,</span> <span class='ocrx_word' id='word_1_68' title='bbox 1790 1029 1908 1086; x_wconf 88' lang='grc' dir='ltr'><strong>πῶς</strong></span> 
     </span>
    </p>
   </div>
   <div class='ocr_carea' id='block_1_12' title="bbox 263 1108 1910 1193">
    <p class='ocr_par' dir='ltr' id='par_1_12' title="bbox 263 1108 1910 1193">
     <span class='ocr_line' id='line_1_12' title="bbox 263 1108 1910 1193; baseline 0.003 -30"><span class='ocrx_word' id='word_1_69' title='bbox 263 1110 315 1163; x_wconf 73' lang='grc' dir='ltr'><strong>ἂν</strong></span> <span class='ocrx_word' id='word_1_70' title='bbox 371 1108 406 1162; x_wconf 79' lang='grc' dir='ltr'>ἃ</span> <span class='ocrx_word' id='word_1_71' title='bbox 457 1109 604 1183; x_wconf 83' lang='grc' dir='ltr'><strong>παρά</strong></span> <span class='ocrx_word' id='word_1_72' title='bbox 649 1113 748 1165; x_wconf 88' lang='grc' dir='ltr'><strong>τοῦ</strong></span> <span class='ocrx_word' id='word_1_73' title='bbox 812 1111 986 1184; x_wconf 89' lang='grc' dir='ltr'>νόμου</span> <span class='ocrx_word' id='word_1_74' title='bbox 1043 1110 1132 1166; x_wconf 82' lang='grc' dir='ltr'><strong>καὶ</strong></span> <span class='ocrx_word' id='word_1_75' title='bbox 1191 1116 1299 1168; x_wconf 91' lang='grc' dir='ltr'><strong>τῶν</strong></span> <span class='ocrx_word' id='word_1_76' title='bbox 1329 1119 1628 1193; x_wconf 78' lang='grc' dir='ltr'><strong>προφητῶν</strong></span> <span class='ocrx_word' id='word_1_77' title='bbox 1661 1113 1910 1191; x_wconf 74' lang='grc' dir='ltr'>ἐχρησμ-</span> 
     </span>
    </p>
   </div>
   <div class='ocr_carea' id='block_1_13' title="bbox 261 1195 1906 1278">
    <p class='ocr_par' dir='ltr' id='par_1_13' title="bbox 261 1195 1906 1278">
     <span class='ocr_line' id='line_1_13' title="bbox 261 1195 1906 1278; baseline 0.004 -25"><span class='ocrx_word' id='word_1_78' title='bbox 261 1195 448 1272; x_wconf 74' lang='grc' dir='ltr'>ῳδήθη</span> <span class='ocrx_word' id='word_1_79' title='bbox 490 1203 659 1255; x_wconf 82' lang='grc' dir='ltr'>ταῦτα</span> <span class='ocrx_word' id='word_1_80' title='bbox 704 1197 1014 1274; x_wconf 72' lang='grc' dir='ltr'><strong>πανδήμοις</strong></span> <span class='ocrx_word' id='word_1_81' title='bbox 1065 1199 1305 1275; x_wconf 76' lang='grc' dir='ltr'>ὄμμασιν</span> <span class='ocrx_word' id='word_1_82' title='bbox 1356 1204 1540 1278; x_wconf 82' lang='grc' dir='ltr'>ὡρᾶτο</span> <span class='ocrx_word' id='word_1_83' title='bbox 1579 1202 1906 1277; x_wconf 74' lang='grc' dir='ltr'><strong>τελούμενα.</strong></span> 
     </span>
    </p>
   </div>
   <div class='ocr_carea' id='block_1_14' title="bbox 264 1285 1910 1369">
    <p class='ocr_par' dir='ltr' id='par_1_14' title="bbox 264 1285 1910 1369">
     <span class='ocr_line' id='line_1_14' title="bbox 264 1285 1910 1369; baseline 0.002 -26"><span class='ocrx_word' id='word_1_84' title='bbox 264 1292 377 1350; x_wconf 86' lang='grc' dir='ltr'>Πῶς</span> <span class='ocrx_word' id='word_1_85' title='bbox 426 1285 486 1343; x_wconf 75' lang='grc' dir='ltr'>δὲ</span> <span class='ocrx_word' id='word_1_86' title='bbox 536 1287 626 1343; x_wconf 86' lang='grc' dir='ltr'>καί</span> <span class='ocrx_word' id='word_1_87' title='bbox 677 1287 705 1342; x_wconf 96' lang='lat'><strong>6</strong></span> <span class='ocrx_word' id='word_1_88' title='bbox 757 1291 952 1365; x_wconf 69' lang='grc' dir='ltr'>Σωτήρ</span> <span class='ocrx_word' id='word_1_89' title='bbox 1004 1291 1166 1364; x_wconf 80' lang='grc' dir='ltr'>ἡμῶν</span> <span class='ocrx_word' id='word_1_90' title='bbox 1223 1293 1352 1356; x_wconf 86' lang='grc' dir='ltr'>τοὺς</span> <span class='ocrx_word' id='word_1_91' title='bbox 1410 1289 1647 1368; x_wconf 77' lang='grc' dir='ltr'>λεπροὺς</span> <span class='ocrx_word' id='word_1_92' title='bbox 1702 1292 1910 1369; x_wconf 77' lang='grc' dir='ltr'>ῥήματι</span> 
     </span>
    </p>
   </div>
   <div class='ocr_carea' id='block_1_15' title="bbox 260 1379 1908 1456">
    <p class='ocr_par' dir='ltr' id='par_1_15' title="bbox 260 1379 1908 1456">
     <span class='ocr_line' id='line_1_15' title="bbox 260 1379 1908 1456; baseline 0.002 -22"><span class='ocrx_word' id='word_1_93' title='bbox 260 1380 532 1454; x_wconf 81' lang='grc' dir='ltr'>καθαίρων</span> <span class='ocrx_word' id='word_1_94' title='bbox 592 1381 728 1453; x_wconf 86' lang='grc' dir='ltr'>πρὸς</span> <span class='ocrx_word' id='word_1_95' title='bbox 780 1379 911 1443; x_wconf 82' lang='grc' dir='ltr'>τοὺς</span> <span class='ocrx_word' id='word_1_96' title='bbox 967 1379 1018 1435; x_wconf 85' lang='grc' dir='ltr'>ἐν</span> <span class='ocrx_word' id='word_1_97' title='bbox 1073 1383 1230 1454; x_wconf 87' lang='grc' dir='ltr'>νόμῳ</span> <span class='ocrx_word' id='word_1_98' title='bbox 1285 1381 1446 1456; x_wconf 81' lang='grc' dir='ltr'>ἷερεῖς</span> <span class='ocrx_word' id='word_1_99' title='bbox 1502 1382 1730 1444; x_wconf 81' lang='grc' dir='ltr'>τούτους</span> <span class='ocrx_word' id='word_1_100' title='bbox 1815 1381 1908 1438; x_wconf 82' lang='grc' dir='ltr'>ἀπ-</span> 
     </span>
    </p>
   </div>
   <div class='ocr_carea' id='block_1_16' title="bbox 260 1467 1910 1546">
    <p class='ocr_par' dir='ltr' id='par_1_16' title="bbox 260 1467 1910 1546">
     <span class='ocr_line' id='line_1_16' title="bbox 260 1467 1910 1546; baseline 0.004 -22"><span class='ocrx_word' id='word_1_101' title='bbox 260 1467 504 1540; x_wconf 74' lang='grc' dir='ltr'>έστελλε,</span> <span class='ocrx_word' id='word_1_102' title='bbox 550 1470 899 1546; x_wconf 77' lang='grc' dir='ltr'><strong>προστάττων</strong></span> <span class='ocrx_word' id='word_1_103' title='bbox 952 1467 1167 1527; x_wconf 79' lang='grc' dir='ltr'>ἀπιέναι</span> <span class='ocrx_word' id='word_1_104' title='bbox 1223 1472 1313 1526; x_wconf 86' lang='grc' dir='ltr'><strong>καὶ</strong></span> <span class='ocrx_word' id='word_1_105' title='bbox 1362 1469 1728 1528; x_wconf 81' lang='grc' dir='ltr'>ἐπιδεικνύκαι</span> <span class='ocrx_word' id='word_1_106' title='bbox 1787 1473 1910 1530; x_wconf 92' lang='grc' dir='ltr'>τού-</span> 
     </span>
    </p>
   </div>
   <div class='ocr_carea' id='block_1_17' title="bbox 256 1557 1910 1642">
    <p class='ocr_par' dir='ltr' id='par_1_17' title="bbox 256 1557 1910 1642">
     <span class='ocr_line' id='line_1_17' title="bbox 256 1557 1910 1642; baseline 0.004 -28"><span class='ocrx_word' id='word_1_107' title='bbox 256 1580 365 1621; x_wconf 85' lang='grc' dir='ltr'>τοις</span> <span class='ocrx_word' id='word_1_108' title='bbox 399 1559 647 1630; x_wconf 69' lang='grc' dir='ltr'>ἑαυτοὺς,</span> <span class='ocrx_word' id='word_1_109' title='bbox 681 1559 755 1620; x_wconf 87' lang='grc' dir='ltr'>ὡς</span> <span class='ocrx_word' id='word_1_110' title='bbox 801 1559 828 1612; x_wconf 92' lang='lat'><strong>6</strong></span> <span class='ocrx_word' id='word_1_111' title='bbox 877 1557 1042 1632; x_wconf 80' lang='grc' dir='ltr'>νόμος</span> <span class='ocrx_word' id='word_1_112' title='bbox 1080 1558 1312 1616; x_wconf 81' lang='grc' dir='ltr'>ἐκέλευε.</span> <span class='ocrx_word' id='word_1_113' title='bbox 1351 1561 1448 1616; x_wconf 87' lang='grc' dir='ltr'>Καὶ</span> <span class='ocrx_word' id='word_1_114' title='bbox 1506 1563 1569 1618; x_wconf 87' lang='grc' dir='ltr'>τὸ</span> <span class='ocrx_word' id='word_1_115' title='bbox 1629 1563 1910 1642; x_wconf 85' lang='grc' dir='ltr'>ἰσχυρότε-</span> 
     </span>
    </p>
   </div>
   <div class='ocr_carea' id='block_1_18' title="bbox 258 1645 1906 1724">
    <p class='ocr_par' dir='ltr' id='par_1_18' title="bbox 258 1645 1906 1724">
     <span class='ocr_line' id='line_1_18' title="bbox 258 1645 1906 1724; baseline 0.001 -18"><span class='ocrx_word' id='word_1_116' title='bbox 258 1670 345 1723; x_wconf 90' lang='grc' dir='ltr'><strong>ρον</strong></span> <span class='ocrx_word' id='word_1_117' title='bbox 393 1653 776 1723; x_wconf 74' lang='grc' dir='ltr'>προσενεγκεῖν</span> <span class='ocrx_word' id='word_1_118' title='bbox 832 1649 896 1703; x_wconf 84' lang='grc' dir='ltr'>τὸ</span> <span class='ocrx_word' id='word_1_119' title='bbox 930 1645 1125 1724; x_wconf 89' lang='grc' dir='ltr'>δῶρον,</span> <span class='ocrx_word' id='word_1_120' title='bbox 1178 1650 1254 1714; x_wconf 83' lang='grc' dir='ltr'>ὡς</span> <span class='ocrx_word' id='word_1_121' title='bbox 1285 1650 1312 1704; x_wconf 91' lang='lat'><strong>6</strong></span> <span class='ocrx_word' id='word_1_122' title='bbox 1365 1657 1569 1721; x_wconf 81' lang='grc' dir='ltr'><strong>Μωσῆς</strong></span> <span class='ocrx_word' id='word_1_123' title='bbox 1609 1648 1906 1722; x_wconf 71' lang='grc' dir='ltr'>διετάξατο.</span> 
     </span>
    </p>
   </div>
   <div class='ocr_carea' id='block_1_19' title="bbox 257 1734 1908 1814">
    <p class='ocr_par' dir='ltr' id='par_1_19' title="bbox 257 1734 1908 1814">
     <span class='ocr_line' id='line_1_19' title="bbox 257 1734 1908 1814; baseline 0 -19"><span class='ocrx_word' id='word_1_124' title='bbox 257 1737 356 1796; x_wconf 74' lang='grc' dir='ltr'><strong>Καὶ</strong></span> <span class='ocrx_word' id='word_1_125' title='bbox 391 1738 441 1793; x_wconf 77' lang='grc' dir='ltr'><strong>εἰ</strong></span> <span class='ocrx_word' id='word_1_126' title='bbox 492 1738 560 1792; x_wconf 75' lang='grc' dir='ltr'><strong>τὰ</strong></span> <span class='ocrx_word' id='word_1_127' title='bbox 611 1734 820 1792; x_wconf 81' lang='grc' dir='ltr'>πάλαιὰ</span> <span class='ocrx_word' id='word_1_128' title='bbox 866 1741 986 1800; x_wconf 88' lang='grc' dir='ltr'>τοῖς</span> <span class='ocrx_word' id='word_1_129' title='bbox 1044 1737 1187 1800; x_wconf 87' lang='grc' dir='ltr'>νέοις</span> <span class='ocrx_word' id='word_1_130' title='bbox 1228 1735 1576 1814; x_wconf 80' lang='grc' dir='ltr'>διαμάχεται,</span> <span class='ocrx_word' id='word_1_131' title='bbox 1625 1745 1742 1805; x_wconf 88' lang='grc' dir='ltr'><strong>πῶς</strong></span> <span class='ocrx_word' id='word_1_132' title='bbox 1777 1739 1908 1802; x_wconf 76' lang='grc' dir='ltr'>τοὺς</span> 
     </span>
    </p>
   </div>
   <div class='ocr_carea' id='block_1_20' title="bbox 2013 583 3658 652">
    <p class='ocr_par' dir='ltr' id='par_1_20' title="bbox 2013 583 3658 652">
     <span class='ocr_line' id='line_1_20' title="bbox 2013 583 3658 652; baseline 0.005 -15"><span class='ocrx_word' id='word_1_133' title='bbox 2013 583 2267 652; x_wconf 85' lang='lat' dir='ltr'><strong>mulgata</strong></span> <span class='ocrx_word' id='word_1_134' title='bbox 2315 590 2404 640; x_wconf 90' lang='lat' dir='ltr'><strong>est</strong></span> <span class='ocrx_word' id='word_1_135' title='bbox 2449 585 2622 641; x_wconf 90' lang='lat' dir='ltr'><strong>variis</strong></span> <span class='ocrx_word' id='word_1_136' title='bbox 2672 587 3222 643; x_wconf 85' lang='lat' dir='ltr'><strong>adumbrationibus</strong></span> <span class='ocrx_word' id='word_1_137' title='bbox 3274 605 3287 643; x_wconf 88' lang='lat'><strong>:</strong></span> <span class='ocrx_word' id='word_1_138' title='bbox 3343 587 3435 644; x_wconf 81' lang='lat' dir='ltr'><strong>lex</strong></span> <span class='ocrx_word' id='word_1_139' title='bbox 3464 593 3658 645; x_wconf 88' lang='lat' dir='ltr'><strong>autem</strong></span> 
     </span>
    </p>
   </div>
   <div class='ocr_carea' id='block_1_21' title="bbox 2012 675 3656 750">
    <p class='ocr_par' dir='ltr' id='par_1_21' title="bbox 2012 675 3656 750">
     <span class='ocr_line' id='line_1_21' title="bbox 2012 675 3656 750; baseline 0.005 -24"><span class='ocrx_word' id='word_1_140' title='bbox 2012 677 2325 744; x_wconf 80' lang='lat' dir='ltr'><strong>postquam</strong></span> <span class='ocrx_word' id='word_1_141' title='bbox 2360 675 2767 746; x_wconf 60' lang='lat' dir='ltr'><strong>pradictiones</strong></span> <span class='ocrx_word' id='word_1_142' title='bbox 2794 681 2850 731; x_wconf 89' lang='lat' dir='ltr'><strong>et</strong></span> <span class='ocrx_word' id='word_1_143' title='bbox 2883 677 3081 748; x_wconf 74' lang='lat' dir='ltr'><strong>figurae</strong></span> <span class='ocrx_word' id='word_1_144' title='bbox 3111 676 3223 732; x_wconf 64' lang='lat' dir='ltr'><strong>illa:</strong></span> <span class='ocrx_word' id='word_1_145' title='bbox 3257 694 3359 750; x_wconf 91' lang='lat' dir='ltr'><strong>per</strong></span> <span class='ocrx_word' id='word_1_146' title='bbox 3387 678 3656 747; x_wconf 78' lang='lat' dir='ltr'><strong>gratiam,</strong></span> 
     </span>
    </p>
   </div>
   <div class='ocr_carea' id='block_1_22' title="bbox 2015 762 3659 837">
    <p class='ocr_par' dir='ltr' id='par_1_22' title="bbox 2015 762 3659 837">
     <span class='ocr_line' id='line_1_22' title="bbox 2015 762 3659 837; baseline 0.004 -21"><span class='ocrx_word' id='word_1_147' title='bbox 2015 762 2075 816; x_wconf 89' lang='lat' dir='ltr'><strong>in</strong></span> <span class='ocrx_word' id='word_1_148' title='bbox 2107 778 2226 817; x_wconf 83' lang='lat' dir='ltr'><strong>rem</strong></span> <span class='ocrx_word' id='word_1_149' title='bbox 2275 763 2461 832; x_wconf 90' lang='lat' dir='ltr'><strong>ipsam</strong></span> <span class='ocrx_word' id='word_1_150' title='bbox 2503 764 2794 830; x_wconf 86' lang='lat' dir='ltr'><strong>abierunt,</strong></span> <span class='ocrx_word' id='word_1_151' title='bbox 2845 783 2970 837; x_wconf 73' lang='lat' dir='ltr'><strong>quae</strong></span> <span class='ocrx_word' id='word_1_152' title='bbox 3021 768 3344 834; x_wconf 79' lang='lat' dir='ltr'><strong>veritatem,</strong></span> <span class='ocrx_word' id='word_1_153' title='bbox 3379 768 3485 822; x_wconf 91' lang='lat' dir='ltr'><strong>sub</strong></span> <span class='ocrx_word' id='word_1_154' title='bbox 3520 766 3659 822; x_wconf 82' lang='lat' dir='ltr'><strong>velis</strong></span> 
     </span>
    </p>
   </div>
   <div class='ocr_carea' id='block_1_23' title="bbox 2014 851 3662 927">
    <p class='ocr_par' dir='ltr' id='par_1_23' title="bbox 2014 851 3662 927">
     <span class='ocr_line' id='line_1_23' title="bbox 2014 851 3662 927; baseline 0.004 -23"><span class='ocrx_word' id='word_1_155' title='bbox 2014 851 2142 920; x_wconf 84' lang='lat' dir='ltr'><strong>ejus</strong></span> <span class='ocrx_word' id='word_1_156' title='bbox 2193 851 2467 908; x_wconf 78' lang='lat' dir='ltr'><strong>latentem</strong></span> <span class='ocrx_word' id='word_1_157' title='bbox 2509 855 2711 910; x_wconf 83' lang='lat' dir='ltr'><strong>retexit</strong></span> <span class='ocrx_word' id='word_1_158' title='bbox 2740 863 2793 910; x_wconf 88' lang='lat' dir='ltr'><strong>et</strong></span> <span class='ocrx_word' id='word_1_159' title='bbox 2825 855 2883 911; x_wconf 90' lang='lat' dir='ltr'><strong>in</strong></span> <span class='ocrx_word' id='word_1_160' title='bbox 2915 855 3103 911; x_wconf 86' lang='lat' dir='ltr'><strong>lucem</strong></span> <span class='ocrx_word' id='word_1_161' title='bbox 3156 857 3448 927; x_wconf 83' lang='lat' dir='ltr'><strong>produxit.</strong></span> <span class='ocrx_word' id='word_1_162' title='bbox 3499 856 3662 921; x_wconf 87' lang='lat' dir='ltr'><strong>Quod</strong></span> 
     </span>
    </p>
   </div>
   <div class='ocr_carea' id='block_1_24' title="bbox 2017 941 3664 1015">
    <p class='ocr_par' dir='ltr' id='par_1_24' title="bbox 2017 941 3664 1015">
     <span class='ocr_line' id='line_1_24' title="bbox 2017 941 3664 1015; baseline 0.004 -22"><span class='ocrx_word' id='word_1_163' title='bbox 2017 941 2062 994; x_wconf 88' lang='lat' dir='ltr'><strong>si</strong></span> <span class='ocrx_word' id='word_1_164' title='bbox 2098 957 2188 996; x_wconf 89' lang='lat' dir='ltr'><strong>res</strong></span> <span class='ocrx_word' id='word_1_165' title='bbox 2219 943 2414 1010; x_wconf 75' lang='lat' dir='ltr'><strong>gratiae</strong></span> <span class='ocrx_word' id='word_1_166' title='bbox 2463 947 2519 998; x_wconf 91' lang='lat' dir='ltr'><strong>et</strong></span> <span class='ocrx_word' id='word_1_167' title='bbox 2548 960 2637 999; x_wconf 90' lang='lat' dir='ltr'><strong>res</strong></span> <span class='ocrx_word' id='word_1_168' title='bbox 2671 960 2799 999; x_wconf 85' lang='lat' dir='ltr'><strong>eam</strong></span> <span class='ocrx_word' id='word_1_169' title='bbox 2833 947 3179 1015; x_wconf 68' lang='lat' dir='ltr'><strong>antegressae</strong></span> <span class='ocrx_word' id='word_1_170' title='bbox 3214 950 3482 1001; x_wconf 90' lang='lat' dir='ltr'><strong>mutuam</strong></span> <span class='ocrx_word' id='word_1_171' title='bbox 3516 945 3664 1000; x_wconf 89' lang='lat' dir='ltr'><strong>hanc</strong></span> 
     </span>
    </p>
   </div>
   <div class='ocr_carea' id='block_1_25' title="bbox 2017 1031 3665 1104">
    <p class='ocr_par' dir='ltr' id='par_1_25' title="bbox 2017 1031 3665 1104">
     <span class='ocr_line' id='line_1_25' title="bbox 2017 1031 3665 1104; baseline 0.003 -20"><span class='ocrx_word' id='word_1_172' title='bbox 2017 1031 2456 1086; x_wconf 85' lang='lat' dir='ltr'><strong>consensionem</strong></span> <span class='ocrx_word' id='word_1_173' title='bbox 2517 1049 2632 1088; x_wconf 91' lang='lat' dir='ltr'><strong>non</strong></span> <span class='ocrx_word' id='word_1_174' title='bbox 2679 1037 3033 1101; x_wconf 77' lang='lat' dir='ltr'><strong>servassent,</strong></span> <span class='ocrx_word' id='word_1_175' title='bbox 3077 1034 3392 1104; x_wconf 86' lang='lat' dir='ltr'><strong>quomodo,</strong></span> <span class='ocrx_word' id='word_1_176' title='bbox 3445 1051 3572 1104; x_wconf 85' lang='lat' dir='ltr'><strong>quae</strong></span> <span class='ocrx_word' id='word_1_177' title='bbox 3630 1050 3665 1089; x_wconf 87' lang='lat' dir='ltr'><strong>a</strong></span> 
     </span>
    </p>
   </div>
   <div class='ocr_carea' id='block_1_26' title="bbox 2014 1118 3664 1192">
    <p class='ocr_par' dir='ltr' id='par_1_26' title="bbox 2014 1118 3664 1192">
     <span class='ocr_line' id='line_1_26' title="bbox 2014 1118 3664 1192; baseline 0.003 -19"><span class='ocrx_word' id='word_1_178' title='bbox 2014 1118 2138 1191; x_wconf 92' lang='lat' dir='ltr'><strong>lege</strong></span> <span class='ocrx_word' id='word_1_179' title='bbox 2165 1128 2212 1174; x_wconf 91' lang='lat' dir='ltr'><strong>et</strong></span> <span class='ocrx_word' id='word_1_180' title='bbox 2248 1121 2543 1191; x_wconf 86' lang='lat' dir='ltr'><strong>pr0phelis</strong></span> <span class='ocrx_word' id='word_1_181' title='bbox 2566 1123 2953 1192; x_wconf 78' lang='lat' dir='ltr'><strong>praenuntiata</strong></span> <span class='ocrx_word' id='word_1_182' title='bbox 2975 1127 3160 1188; x_wconf 85' lang='lat' dir='ltr'><strong>erant,</strong></span> <span class='ocrx_word' id='word_1_183' title='bbox 3190 1122 3455 1178; x_wconf 90' lang='lat' dir='ltr'><strong>omnium</strong></span> <span class='ocrx_word' id='word_1_184' title='bbox 3479 1122 3664 1179; x_wconf 87' lang='lat' dir='ltr'><strong>oculis</strong></span> 
     </span>
    </p>
   </div>
   <div class='ocr_carea' id='block_1_27' title="bbox 2017 1207 3667 1281">
    <p class='ocr_par' dir='ltr' id='par_1_27' title="bbox 2017 1207 3667 1281">
     <span class='ocr_line' id='line_1_27' title="bbox 2017 1207 3667 1281; baseline 0.002 -19"><span class='ocrx_word' id='word_1_185' title='bbox 2017 1213 2082 1263; x_wconf 89' lang='lat' dir='ltr'><strong>ut</strong></span> <span class='ocrx_word' id='word_1_186' title='bbox 2104 1207 2342 1280; x_wconf 88' lang='lat' dir='ltr'><strong>impleta</strong></span> <span class='ocrx_word' id='word_1_187' title='bbox 2363 1212 2806 1281; x_wconf 84' lang='lat' dir='ltr'><strong>apparuerunt?</strong></span> <span class='ocrx_word' id='word_1_188' title='bbox 2827 1211 3126 1275; x_wconf 90' lang='lat' dir='ltr'><strong>Quomodo</strong></span> <span class='ocrx_word' id='word_1_189' title='bbox 3147 1227 3282 1266; x_wconf 88' lang='lat' dir='ltr'><strong>vero</strong></span> <span class='ocrx_word' id='word_1_190' title='bbox 3307 1216 3364 1267; x_wconf 90' lang='lat' dir='ltr'><strong>et</strong></span> <span class='ocrx_word' id='word_1_191' title='bbox 3396 1211 3667 1267; x_wconf 85' lang='lat' dir='ltr'><strong>Servator</strong></span> 
     </span>
    </p>
   </div>
   <div class='ocr_carea' id='block_1_28' title="bbox 2019 1298 3660 1370">
    <p class='ocr_par' dir='ltr' id='par_1_28' title="bbox 2019 1298 3660 1370">
     <span class='ocr_line' id='line_1_28' title="bbox 2019 1298 3660 1370; baseline 0.002 -19"><span class='ocrx_word' id='word_1_192' title='bbox 2019 1301 2232 1363; x_wconf 84' lang='lat' dir='ltr'><strong>noster,</strong></span> <span class='ocrx_word' id='word_1_193' title='bbox 2283 1298 2546 1370; x_wconf 87' lang='lat' dir='ltr'><strong>leprosos</strong></span> <span class='ocrx_word' id='word_1_194' title='bbox 2582 1300 2754 1355; x_wconf 91' lang='lat' dir='ltr'><strong>verbo</strong></span> <span class='ocrx_word' id='word_1_195' title='bbox 2807 1301 3141 1368; x_wconf 82' lang='lat' dir='ltr'><strong>mundatus,</strong></span> <span class='ocrx_word' id='word_1_196' title='bbox 3191 1300 3264 1356; x_wconf 91' lang='lat' dir='ltr'><strong>ad</strong></span> <span class='ocrx_word' id='word_1_197' title='bbox 3309 1301 3660 1367; x_wconf 82' lang='lat' dir='ltr'><strong>sacerdotes,</strong></span> 
     </span>
    </p>
   </div>
   <div class='ocr_carea' id='block_1_29' title="bbox 2018 1385 3664 1460">
    <p class='ocr_par' dir='ltr' id='par_1_29' title="bbox 2018 1385 3664 1460">
     <span class='ocr_line' id='line_1_29' title="bbox 2018 1385 3664 1460; baseline 0.002 -20"><span class='ocrx_word' id='word_1_198' title='bbox 2018 1386 2116 1457; x_wconf 88' lang='lat' dir='ltr'><strong>qui</strong></span> <span class='ocrx_word' id='word_1_199' title='bbox 2148 1387 2258 1442; x_wconf 90' lang='lat' dir='ltr'><strong>sub</strong></span> <span class='ocrx_word' id='word_1_200' title='bbox 2290 1385 2415 1459; x_wconf 86' lang='lat' dir='ltr'><strong>lege</strong></span> <span class='ocrx_word' id='word_1_201' title='bbox 2463 1391 2650 1458; x_wconf 85' lang='lat' dir='ltr'><strong>erant,</strong></span> <span class='ocrx_word' id='word_1_202' title='bbox 2683 1387 2934 1460; x_wconf 85' lang='lat' dir='ltr'><strong>ablegat,</strong></span> <span class='ocrx_word' id='word_1_203' title='bbox 2966 1389 3125 1444; x_wconf 89' lang='lat' dir='ltr'><strong>abire</strong></span> <span class='ocrx_word' id='word_1_204' title='bbox 3155 1405 3275 1455; x_wconf 92' lang='lat' dir='ltr'><strong>eos,</strong></span> <span class='ocrx_word' id='word_1_205' title='bbox 3317 1405 3493 1460; x_wconf 89' lang='lat' dir='ltr'><strong>seque</strong></span> <span class='ocrx_word' id='word_1_206' title='bbox 3521 1388 3664 1459; x_wconf 87' lang='lat' dir='ltr'><strong>ipsis</strong></span> 
     </span>
    </p>
   </div>
   <div class='ocr_carea' id='block_1_30' title="bbox 2017 1475 3664 1550">
    <p class='ocr_par' dir='ltr' id='par_1_30' title="bbox 2017 1475 3664 1550">
     <span class='ocr_line' id='line_1_30' title="bbox 2017 1475 3664 1550; baseline 0.001 -20"><span class='ocrx_word' id='word_1_207' title='bbox 2017 1483 2084 1530; x_wconf 82' lang='lat' dir='ltr'><strong>ex</strong></span> <span class='ocrx_word' id='word_1_208' title='bbox 2108 1481 2394 1547; x_wconf 69' lang='lat' dir='ltr'><strong>praecepto</strong></span> <span class='ocrx_word' id='word_1_209' title='bbox 2426 1475 2573 1550; x_wconf 88' lang='lat' dir='ltr'><strong>legis</strong></span> <span class='ocrx_word' id='word_1_210' title='bbox 2617 1479 2940 1545; x_wconf 88' lang='lat' dir='ltr'><strong>ostendere,</strong></span> <span class='ocrx_word' id='word_1_211' title='bbox 2966 1478 3105 1544; x_wconf 92' lang='lat' dir='ltr'><strong>imo,</strong></span> <span class='ocrx_word' id='word_1_212' title='bbox 3141 1478 3298 1548; x_wconf 91' lang='lat' dir='ltr'><strong>quod</strong></span> <span class='ocrx_word' id='word_1_213' title='bbox 3329 1477 3462 1549; x_wconf 84' lang='lat' dir='ltr'><strong>plus</strong></span> <span class='ocrx_word' id='word_1_214' title='bbox 3492 1475 3664 1548; x_wconf 88' lang='lat' dir='ltr'><strong>valet,</strong></span> 
     </span>
    </p>
   </div>
   <div class='ocr_carea' id='block_1_31' title="bbox 2017 1564 3668 1637">
    <p class='ocr_par' dir='ltr' id='par_1_31' title="bbox 2017 1564 3668 1637">
     <span class='ocr_line' id='line_1_31' title="bbox 2017 1564 3668 1637; baseline 0.002 -19"><span class='ocrx_word' id='word_1_215' title='bbox 2017 1564 2234 1619; x_wconf 89' lang='lat' dir='ltr'><strong>donum</strong></span> <span class='ocrx_word' id='word_1_216' title='bbox 2270 1581 2302 1620; x_wconf 90' lang='lat' dir='ltr'><strong>a</strong></span> <span class='ocrx_word' id='word_1_217' title='bbox 2329 1569 2483 1621; x_wconf 86' lang='lat' dir='ltr'><strong>Mose</strong></span> <span class='ocrx_word' id='word_1_218' title='bbox 2505 1565 2865 1637; x_wconf 87' lang='lat' dir='ltr'><strong>postulatum</strong></span> <span class='ocrx_word' id='word_1_219' title='bbox 2892 1567 3096 1622; x_wconf 74' lang='lat' dir='ltr'><strong>offerre</strong></span> <span class='ocrx_word' id='word_1_220' title='bbox 3117 1566 3355 1636; x_wconf 89' lang='lat' dir='ltr'><strong>jubens.</strong></span> <span class='ocrx_word' id='word_1_221' title='bbox 3380 1565 3439 1621; x_wconf 87' lang='lat' dir='ltr'><strong>Si</strong></span> <span class='ocrx_word' id='word_1_222' title='bbox 3473 1568 3668 1621; x_wconf 84' lang='lat' dir='ltr'><strong>vetera</strong></span> 
     </span>
    </p>
   </div>
   <div class='ocr_carea' id='block_1_32' title="bbox 2018 1652 3667 1726">
    <p class='ocr_par' dir='ltr' id='par_1_32' title="bbox 2018 1652 3667 1726">
     <span class='ocr_line' id='line_1_32' title="bbox 2018 1652 3667 1726; baseline 0 -18"><span class='ocrx_word' id='word_1_223' title='bbox 2018 1652 2182 1708; x_wconf 91' lang='lat' dir='ltr'><strong>novis</strong></span> <span class='ocrx_word' id='word_1_224' title='bbox 2233 1655 2492 1724; x_wconf 88' lang='lat' dir='ltr'><strong>opposita</strong></span> <span class='ocrx_word' id='word_1_225' title='bbox 2549 1659 2708 1724; x_wconf 85' lang='lat' dir='ltr'><strong>sunt,</strong></span> <span class='ocrx_word' id='word_1_226' title='bbox 2761 1656 3048 1726; x_wconf 89' lang='lat' dir='ltr'><strong>quomodo</strong></span> <span class='ocrx_word' id='word_1_227' title='bbox 3100 1671 3221 1724; x_wconf 91' lang='lat' dir='ltr'><strong>eos,</strong></span> <span class='ocrx_word' id='word_1_228' title='bbox 3273 1653 3374 1726; x_wconf 86' lang='lat' dir='ltr'><strong>qui</strong></span> <span class='ocrx_word' id='word_1_229' title='bbox 3431 1653 3667 1710; x_wconf 87' lang='lat' dir='ltr'><strong>Domini</strong></span> 
     </span>
    </p>
   </div>
   <div class='ocr_carea' id='block_1_33' title="bbox 2019 1742 3665 1816">
    <p class='ocr_par' dir='ltr' id='par_1_33' title="bbox 2019 1742 3665 1816">
     <span class='ocr_line' id='line_1_33' title="bbox 2019 1742 3665 1816; baseline 0.001 -20"><span class='ocrx_word' id='word_1_230' title='bbox 2019 1747 2304 1812; x_wconf 82' lang='lat' dir='ltr'><strong>praecepta</strong></span> <span class='ocrx_word' id='word_1_231' title='bbox 2360 1742 2766 1815; x_wconf 87' lang='lat' dir='ltr'><strong>impleverunt,</strong></span> <span class='ocrx_word' id='word_1_232' title='bbox 2824 1747 2882 1800; x_wconf 88' lang='lat' dir='ltr'><strong>et</strong></span> <span class='ocrx_word' id='word_1_233' title='bbox 2932 1743 2993 1798; x_wconf 91' lang='lat' dir='ltr'><strong>in</strong></span> <span class='ocrx_word' id='word_1_234' title='bbox 3033 1745 3225 1816; x_wconf 88' lang='lat' dir='ltr'><strong>gratia</strong></span> <span class='ocrx_word' id='word_1_235' title='bbox 3255 1743 3464 1798; x_wconf 84' lang='lat' dir='ltr'><strong>versati</strong></span> <span class='ocrx_word' id='word_1_236' title='bbox 3508 1747 3665 1812; x_wconf 85' lang='lat' dir='ltr'><strong>sunt,</strong></span> 
     </span>
    </p>
   </div>
   <div class='ocr_carea' id='block_1_34' title="bbox 257 1819 1911 1902">
    <p class='ocr_par' dir='ltr' id='par_1_34' title="bbox 257 1825 1911 1902">
     <span class='ocr_line' id='line_1_34' title="bbox 257 1825 1911 1902; baseline 0.002 -20"><span class='ocrx_word' id='word_1_237' title='bbox 257 1827 559 1902; x_wconf 69' lang='grc' dir='ltr'>πληρωτὰς</span> <span class='ocrx_word' id='word_1_238' title='bbox 603 1829 711 1880; x_wconf 86' lang='grc' dir='ltr'><strong>τῶν</strong></span> <span class='ocrx_word' id='word_1_239' title='bbox 775 1831 1125 1890; x_wconf 89' lang='grc' dir='ltr'>Δεσποτικῶν</span> <span class='ocrx_word' id='word_1_240' title='bbox 1173 1825 1406 1883; x_wconf 80' lang='grc' dir='ltr'>ἐντολῶν</span> <span class='ocrx_word' id='word_1_241' title='bbox 1446 1829 1538 1884; x_wconf 84' lang='grc' dir='ltr'><strong>καὶ</strong></span> <span class='ocrx_word' id='word_1_242' title='bbox 1586 1829 1911 1885; x_wconf 88' lang='grc' dir='ltr'>πολιτευσα-</span> 
     </span>
    </p>
   </div>
   <div class='ocr_carea' id='block_1_35' title="bbox 2023 1819 3667 1902">
    <p class='ocr_par' dir='ltr' id='par_1_35' title="bbox 2023 1829 3667 1900">
     <span class='ocr_line' id='line_1_35' title="bbox 2023 1829 3667 1900; baseline 0.002 -18"><span class='ocrx_word' id='word_1_243' title='bbox 2023 1829 2145 1900; x_wconf 89' lang='lat' dir='ltr'><strong>ipse</strong></span> <span class='ocrx_word' id='word_1_244' title='bbox 2197 1830 2466 1886; x_wconf 87' lang='lat' dir='ltr'><strong>Servator</strong></span> <span class='ocrx_word' id='word_1_245' title='bbox 2510 1831 2582 1886; x_wconf 87' lang='lat' dir='ltr'><strong>ab</strong></span> <span class='ocrx_word' id='word_1_246' title='bbox 2642 1831 2864 1886; x_wconf 85' lang='lat' dir='ltr'><strong>oriente</strong></span> <span class='ocrx_word' id='word_1_247' title='bbox 2926 1834 2984 1886; x_wconf 89' lang='lat' dir='ltr'><strong>et</strong></span> <span class='ocrx_word' id='word_1_248' title='bbox 3043 1831 3340 1887; x_wconf 82' lang='lat' dir='ltr'><strong>occidente</strong></span> <span class='ocrx_word' id='word_1_249' title='bbox 3399 1829 3667 1887; x_wconf 89' lang='lat' dir='ltr'><strong>collectos</strong></span> 
     </span>
    </p>
   </div>
   <div class='ocr_carea' id='block_1_36' title="bbox 267 1914 1910 1991">
    <p class='ocr_par' dir='ltr' id='par_1_36' title="bbox 267 1914 1910 1991">
     <span class='ocr_line' id='line_1_36' title="bbox 267 1914 1910 1991; baseline 0.001 -21"><span class='ocrx_word' id='word_1_250' title='bbox 267 1915 462 1990; x_wconf 84' lang='grc' dir='ltr'>μένους</span> <span class='ocrx_word' id='word_1_251' title='bbox 493 1914 541 1970; x_wconf 80' lang='grc' dir='ltr'>ἒν</span> <span class='ocrx_word' id='word_1_252' title='bbox 567 1919 632 1989; x_wconf 78' lang='grc' dir='ltr'><strong>τῇ</strong></span> <span class='ocrx_word' id='word_1_253' title='bbox 683 1915 871 1990; x_wconf 73' lang='grc' dir='ltr'>χάριτι</span> <span class='ocrx_word' id='word_1_254' title='bbox 904 1914 1007 1971; x_wconf 80' lang='grc' dir='ltr'><strong>ἄπὸ</strong></span> <span class='ocrx_word' id='word_1_255' title='bbox 1047 1915 1324 1971; x_wconf 85' lang='grc' dir='ltr'>ἀνατολῶν</span> <span class='ocrx_word' id='word_1_256' title='bbox 1375 1919 1466 1972; x_wconf 84' lang='grc' dir='ltr'>καὶ</span> <span class='ocrx_word' id='word_1_257' title='bbox 1521 1915 1739 1991; x_wconf 81' lang='grc' dir='ltr'><strong>δυσμῶν</strong></span> <span class='ocrx_word' id='word_1_258' title='bbox 1783 1939 1910 1973; x_wconf 90' lang='grc' dir='ltr'>συν-</span> 
     </span>
    </p>
   </div>
   <div class='ocr_carea' id='block_1_37' title="bbox 263 2001 1908 2081">
    <p class='ocr_par' dir='ltr' id='par_1_37' title="bbox 263 2001 1908 2081">
     <span class='ocr_line' id='line_1_37' title="bbox 263 2001 1908 2081; baseline 0.002 -22"><span class='ocrx_word' id='word_1_259' title='bbox 263 2005 418 2079; x_wconf 80' lang='grc' dir='ltr'>άγων</span> <span class='ocrx_word' id='word_1_260' title='bbox 484 2006 512 2060; x_wconf 88' lang='lat'><strong>6</strong></span> <span class='ocrx_word' id='word_1_261' title='bbox 569 2005 757 2079; x_wconf 78' lang='grc' dir='ltr'>Σωτὴρ</span> <span class='ocrx_word' id='word_1_262' title='bbox 805 2003 985 2075; x_wconf 81' lang='grc' dir='ltr'>αὐτὸς,</span> <span class='ocrx_word' id='word_1_263' title='bbox 1047 2005 1182 2078; x_wconf 80' lang='grc' dir='ltr'>μετὰ</span> <span class='ocrx_word' id='word_1_264' title='bbox 1235 2009 1330 2060; x_wconf 90' lang='grc' dir='ltr'><strong>τοῦ</strong></span> <span class='ocrx_word' id='word_1_265' title='bbox 1379 2001 1629 2081; x_wconf 75' lang='grc' dir='ltr'>’Δῦραὰμ</span> <span class='ocrx_word' id='word_1_266' title='bbox 1682 2006 1908 2063; x_wconf 77' lang='grc' dir='ltr'>καὶτοῦ</span> 
     </span>
    </p>
   </div>
   <div class='ocr_carea' id='block_1_38' title="bbox 264 2088 1910 2169">
    <p class='ocr_par' dir='ltr' id='par_1_38' title="bbox 264 2088 1910 2169">
     <span class='ocr_line' id='line_1_38' title="bbox 264 2088 1910 2169; baseline 0.001 -20"><span class='ocrx_word' id='word_1_267' title='bbox 264 2095 450 2150; x_wconf 72' lang='grc' dir='ltr'>Ἰσαὰκ</span> <span class='ocrx_word' id='word_1_268' title='bbox 489 2094 576 2148; x_wconf 86' lang='grc' dir='ltr'><strong>καί</strong></span> <span class='ocrx_word' id='word_1_269' title='bbox 629 2097 726 2149; x_wconf 91' lang='grc' dir='ltr'><strong>τοῦ</strong></span> <span class='ocrx_word' id='word_1_270' title='bbox 785 2088 1004 2163; x_wconf 75' lang='grc' dir='ltr'>Ἰακὼϐ,</span> <span class='ocrx_word' id='word_1_271' title='bbox 1042 2093 1174 2156; x_wconf 75' lang='grc' dir='ltr'>τοὺς</span> <span class='ocrx_word' id='word_1_272' title='bbox 1217 2096 1352 2150; x_wconf 83' lang='grc' dir='ltr'><strong>κατά</strong></span> <span class='ocrx_word' id='word_1_273' title='bbox 1397 2096 1567 2167; x_wconf 89' lang='grc' dir='ltr'>νόμον</span> <span class='ocrx_word' id='word_1_274' title='bbox 1619 2096 1910 2169; x_wconf 82' lang='grc' dir='ltr'>εὐηρεστη-</span> 
     </span>
    </p>
   </div>
   <div class='ocr_carea' id='block_1_39' title="bbox 257 2180 1906 2261">
    <p class='ocr_par' dir='ltr' id='par_1_39' title="bbox 257 2180 1906 2261">
     <span class='ocr_line' id='line_1_39' title="bbox 257 2180 1906 2261; baseline 0.001 -22"><span class='ocrx_word' id='word_1_275' title='bbox 257 2183 426 2245; x_wconf 86' lang='grc' dir='ltr'>κότας</span> <span class='ocrx_word' id='word_1_276' title='bbox 456 2187 572 2255; x_wconf 85' lang='grc' dir='ltr'><strong>Θεῷ</strong></span> <span class='ocrx_word' id='word_1_277' title='bbox 601 2183 654 2237; x_wconf 83' lang='grc' dir='ltr'>ἐν</span> <span class='ocrx_word' id='word_1_278' title='bbox 686 2187 756 2258; x_wconf 76' lang='grc' dir='ltr'><strong>τῇ</strong></span> <span class='ocrx_word' id='word_1_279' title='bbox 792 2180 1042 2258; x_wconf 84' lang='grc' dir='ltr'>βασιλεία</span> <span class='ocrx_word' id='word_1_280' title='bbox 1074 2184 1371 2261; x_wconf 82' lang='grc' dir='ltr'>συνεισάγει</span> <span class='ocrx_word' id='word_1_281' title='bbox 1412 2205 1470 2240; x_wconf 91' lang='grc' dir='ltr'><strong>τε</strong></span> <span class='ocrx_word' id='word_1_282' title='bbox 1500 2185 1587 2239; x_wconf 77' lang='grc' dir='ltr'><strong>καὶ</strong></span> <span class='ocrx_word' id='word_1_283' title='bbox 1629 2186 1906 2242; x_wconf 80' lang='grc' dir='ltr'>συντάττει</span> 
     </span>
    </p>
   </div>
   <div class='ocr_carea' id='block_1_40' title="bbox 257 2267 1904 2350">
    <p class='ocr_par' dir='ltr' id='par_1_40' title="bbox 257 2267 1904 2350">
     <span class='ocr_line' id='line_1_40' title="bbox 257 2267 1904 2350; baseline 0.001 -24"><span class='ocrx_word' id='word_1_284' title='bbox 257 2275 364 2326; x_wconf 86' lang='grc' dir='ltr'><strong>τῶν</strong></span> <span class='ocrx_word' id='word_1_285' title='bbox 420 2269 682 2346; x_wconf 79' lang='grc' dir='ltr'>οὐρανῶν.</span> <span class='ocrx_word' id='word_1_286' title='bbox 745 2271 884 2327; x_wconf 81' lang='grc' dir='ltr'>Ἴσον</span> <span class='ocrx_word' id='word_1_287' title='bbox 927 2267 983 2326; x_wconf 60' lang='grc' dir='ltr'>δὲ</span> <span class='ocrx_word' id='word_1_288' title='bbox 1022 2270 1164 2327; x_wconf 84' lang='grc' dir='ltr'>ἐστιν</span> <span class='ocrx_word' id='word_1_289' title='bbox 1212 2273 1380 2326; x_wconf 84' lang='grc' dir='ltr'>εἰπεῖν</span> <span class='ocrx_word' id='word_1_290' title='bbox 1440 2279 1539 2342; x_wconf 81' lang='grc' dir='ltr'><strong>τῆς</strong></span> <span class='ocrx_word' id='word_1_291' title='bbox 1572 2272 1737 2328; x_wconf 80' lang='grc' dir='ltr'>αὐτοῦ</span> <span class='ocrx_word' id='word_1_292' title='bbox 1769 2294 1904 2350; x_wconf 89' lang='grc' dir='ltr'>συγ-</span> 
     </span>
    </p>
   </div>
   <div class='ocr_carea' id='block_1_41' title="bbox 2019 1918 3666 1992">
    <p class='ocr_par' dir='ltr' id='par_1_41' title="bbox 2019 1918 3666 1992">
     <span class='ocr_line' id='line_1_41' title="bbox 2019 1918 3666 1992; baseline 0.001 -18"><span class='ocrx_word' id='word_1_293' title='bbox 2019 1934 2150 1974; x_wconf 92' lang='lat' dir='ltr'><strong>cum</strong></span> <span class='ocrx_word' id='word_1_294' title='bbox 2181 1918 2512 1975; x_wconf 89' lang='lat' dir='ltr'><strong>Abrahamo</strong></span> <span class='ocrx_word' id='word_1_295' title='bbox 2531 1923 2588 1974; x_wconf 89' lang='lat' dir='ltr'><strong>et</strong></span> <span class='ocrx_word' id='word_1_296' title='bbox 2622 1923 2820 1976; x_wconf 89' lang='lat' dir='ltr'><strong>Isaaco</strong></span> <span class='ocrx_word' id='word_1_297' title='bbox 2843 1924 2899 1976; x_wconf 89' lang='lat' dir='ltr'><strong>et</strong></span> <span class='ocrx_word' id='word_1_298' title='bbox 2919 1919 3098 1976; x_wconf 88' lang='lat' dir='ltr'><strong>Jacob</strong></span> <span class='ocrx_word' id='word_1_299' title='bbox 3131 1921 3198 1954; x_wconf 85' lang='grc'><strong>²·³</strong></span> <span class='ocrx_word' id='word_1_300' title='bbox 3219 1919 3320 1992; x_wconf 92' lang='lat' dir='ltr'><strong>qui</strong></span> <span class='ocrx_word' id='word_1_301' title='bbox 3344 1920 3666 1976; x_wconf 89' lang='lat' dir='ltr'><strong>secundum</strong></span> 
     </span>
    </p>
   </div>
   <div class='ocr_carea' id='block_1_42' title="bbox 2017 2007 3668 2081">
    <p class='ocr_par' dir='ltr' id='par_1_42' title="bbox 2017 2007 3668 2081">
     <span class='ocr_line' id='line_1_42' title="bbox 2017 2007 3668 2081; baseline 0.002 -19"><span class='ocrx_word' id='word_1_302' title='bbox 2017 2007 2204 2080; x_wconf 90' lang='lat' dir='ltr'><strong>legem</strong></span> <span class='ocrx_word' id='word_1_303' title='bbox 2255 2008 2366 2063; x_wconf 89' lang='lat' dir='ltr'><strong>Deo</strong></span> <span class='ocrx_word' id='word_1_304' title='bbox 2397 2007 2766 2078; x_wconf 86' lang='lat' dir='ltr'><strong>placuerunt,</strong></span> <span class='ocrx_word' id='word_1_305' title='bbox 2798 2008 2859 2064; x_wconf 92' lang='lat' dir='ltr'><strong>in</strong></span> <span class='ocrx_word' id='word_1_306' title='bbox 2893 2025 3068 2081; x_wconf 84' lang='lat' dir='ltr'><strong>regno</strong></span> <span class='ocrx_word' id='word_1_307' title='bbox 3103 2007 3380 2064; x_wconf 86' lang='lat' dir='ltr'><strong>caelorum</strong></span> <span class='ocrx_word' id='word_1_308' title='bbox 3426 2025 3668 2081; x_wconf 85' lang='lat' dir='ltr'><strong>congre-</strong></span> 
     </span>
    </p>
   </div>
   <div class='ocr_carea' id='block_1_43' title="bbox 2017 2097 3670 2170">
    <p class='ocr_par' dir='ltr' id='par_1_43' title="bbox 2017 2097 3670 2170">
     <span class='ocr_line' id='line_1_43' title="bbox 2017 2097 3670 2170; baseline 0.001 -19"><span class='ocrx_word' id='word_1_309' title='bbox 2017 2106 2114 2167; x_wconf 87' lang='lat' dir='ltr'><strong>gat</strong></span> <span class='ocrx_word' id='word_1_310' title='bbox 2143 2100 2200 2151; x_wconf 90' lang='lat' dir='ltr'><strong>et</strong></span> <span class='ocrx_word' id='word_1_311' title='bbox 2242 2097 2566 2170; x_wconf 72' lang='lat' dir='ltr'><strong>coniungit,</strong></span> <span class='ocrx_word' id='word_1_312' title='bbox 2622 2097 2732 2166; x_wconf 87' lang='lat' dir='ltr'><strong>vel,</strong></span> <span class='ocrx_word' id='word_1_313' title='bbox 2779 2099 2932 2168; x_wconf 91' lang='lat' dir='ltr'><strong>quod</strong></span> <span class='ocrx_word' id='word_1_314' title='bbox 2979 2097 3168 2153; x_wconf 90' lang='lat' dir='ltr'><strong>dicere</strong></span> <span class='ocrx_word' id='word_1_315' title='bbox 3215 2097 3300 2152; x_wconf 86' lang='lat' dir='ltr'><strong>fas</strong></span> <span class='ocrx_word' id='word_1_316' title='bbox 3341 2105 3447 2165; x_wconf 88' lang='lat' dir='ltr'><strong>est,</strong></span> <span class='ocrx_word' id='word_1_317' title='bbox 3505 2098 3670 2169; x_wconf 87' lang='lat' dir='ltr'><strong>regni</strong></span> 
     </span>
    </p>
   </div>
   <div class='ocr_carea' id='block_1_44' title="bbox 2018 2185 3670 2257">
    <p class='ocr_par' dir='ltr' id='par_1_44' title="bbox 2018 2185 3670 2257">
     <span class='ocr_line' id='line_1_44' title="bbox 2018 2185 3670 2257; baseline 0 -16"><span class='ocrx_word' id='word_1_318' title='bbox 2018 2186 2110 2242; x_wconf 90' lang='lat' dir='ltr'><strong>sui</strong></span> <span class='ocrx_word' id='word_1_319' title='bbox 2140 2201 2208 2241; x_wconf 86' lang='lat' dir='ltr'><strong>ex</strong></span> <span class='ocrx_word' id='word_1_320' title='bbox 2255 2191 2499 2257; x_wconf 89' lang='lat' dir='ltr'><strong>utroque</strong></span> <span class='ocrx_word' id='word_1_321' title='bbox 2543 2187 2916 2242; x_wconf 90' lang='lat' dir='ltr'><strong>Testamento</strong></span> <span class='ocrx_word' id='word_1_322' title='bbox 2965 2185 3295 2242; x_wconf 83' lang='lat' dir='ltr'><strong>cobaeredes</strong></span> <span class='ocrx_word' id='word_1_323' title='bbox 3339 2186 3670 2256; x_wconf 85' lang='lat' dir='ltr'><strong>constituit,</strong></span> 
     </span>
    </p>
   </div>
   <div class='ocr_carea' id='block_1_45' title="bbox 2018 2273 3602 2346">
    <p class='ocr_par' dir='ltr' id='par_1_45' title="bbox 2018 2273 3602 2346">
     <span class='ocr_line' id='line_1_45' title="bbox 2018 2273 3602 2346; baseline 0.001 -17"><span class='ocrx_word' id='word_1_324' title='bbox 2018 2281 2079 2329; x_wconf 89' lang='lat' dir='ltr'><strong>ut</strong></span> <span class='ocrx_word' id='word_1_325' title='bbox 2109 2273 2290 2330; x_wconf 90' lang='lat' dir='ltr'><strong>simul</strong></span> <span class='ocrx_word' id='word_1_326' title='bbox 2314 2274 2614 2346; x_wconf 84' lang='lat' dir='ltr'><strong>promissis</strong></span> <span class='ocrx_word' id='word_1_327' title='bbox 2653 2278 2710 2330; x_wconf 89' lang='lat' dir='ltr'><strong>et</strong></span> <span class='ocrx_word' id='word_1_328' title='bbox 2730 2274 2958 2330; x_wconf 74' lang='lat' dir='ltr'><strong>aeternis</strong></span> <span class='ocrx_word' id='word_1_329' title='bbox 2982 2274 3151 2331; x_wconf 90' lang='lat' dir='ltr'><strong>bonis</strong></span> <span class='ocrx_word' id='word_1_330' title='bbox 3182 2273 3293 2331; x_wconf 84' lang='lat' dir='ltr'><strong>frui</strong></span> <span class='ocrx_word' id='word_1_331' title='bbox 3326 2275 3602 2346; x_wconf 76' lang='lat' dir='ltr'><strong>possint?</strong></span> 
     </span>
    </p>
   </div>
   <div class='ocr_carea' id='block_1_46' title="bbox 257 2360 3670 2438">
    <p class='ocr_par' dir='ltr' id='par_1_46' title="bbox 257 2360 3670 2438">
     <span class='ocr_line' id='line_1_46' title="bbox 257 2360 3670 2438; baseline 0.001 -22"><span class='ocrx_word' id='word_1_332' title='bbox 257 2360 649 2435; x_wconf 81' lang='grc' dir='ltr'>κληρονόμους</span> <span class='ocrx_word' id='word_1_333' title='bbox 724 2381 782 2416; x_wconf 84' lang='grc' dir='ltr'><strong>τε</strong></span> <span class='ocrx_word' id='word_1_334' title='bbox 855 2362 1140 2432; x_wconf 80' lang='grc' dir='ltr'>καθίστησι</span> <span class='ocrx_word' id='word_1_335' title='bbox 1216 2363 1342 2425; x_wconf 81' lang='grc' dir='ltr'>τοὺς</span> <span class='ocrx_word' id='word_1_336' title='bbox 1411 2361 1460 2432; x_wconf 80' lang='grc' dir='ltr'><strong>ἐξ</strong></span> <span class='ocrx_word' id='word_1_337' title='bbox 1528 2363 1799 2437; x_wconf 73' lang='grc' dir='ltr'>ἑκατέρας,</span> <span class='ocrx_word' id='word_1_338' title='bbox 1867 2361 2136 2433; x_wconf 75' lang='grc' dir='ltr'>διαθήκης</span> <span class='ocrx_word' id='word_1_339' title='bbox 2199 2363 2287 2417; x_wconf 88' lang='grc' dir='ltr'>καὶ</span> <span class='ocrx_word' id='word_1_340' title='bbox 2355 2360 2826 2425; x_wconf 88' lang='grc' dir='ltr'>συναπολαύοντας</span> <span class='ocrx_word' id='word_1_341' title='bbox 2893 2366 3000 2418; x_wconf 90' lang='grc' dir='ltr'><strong>τῶν</strong></span> <span class='ocrx_word' id='word_1_342' title='bbox 3079 2361 3505 2438; x_wconf 73' lang='grc' dir='ltr'>ἐπηγγελμένων</span> <span class='ocrx_word' id='word_1_343' title='bbox 3578 2383 3670 2419; x_wconf 80' lang='grc' dir='ltr'><strong>και</strong></span> 
     </span>
    </p>
   </div>
   <div class='ocr_carea' id='block_1_47' title="bbox 259 2449 787 2525">
    <p class='ocr_par' dir='ltr' id='par_1_47' title="bbox 259 2449 787 2525">
     <span class='ocr_line' id='line_1_47' title="bbox 259 2449 787 2525; baseline 0.004 -20"><span class='ocrx_word' id='word_1_344' title='bbox 259 2449 500 2506; x_wconf 75' lang='grc' dir='ltr'>αἰωνίων</span> <span class='ocrx_word' id='word_1_345' title='bbox 547 2451 763 2525; x_wconf 71' lang='grc' dir='ltr'>ἃγαθῶν</span> <span class='ocrx_word' id='word_1_346' title='bbox 774 2495 787 2507; x_wconf 94' lang='grc'><strong>.</strong></span> 
     </span>
    </p>
   </div>
   <div class='ocr_carea' id='block_1_48' title="bbox 335 2533 1912 2622">
    <p class='ocr_par' dir='ltr' id='par_1_48' title="bbox 335 2533 1912 2622">
     <span class='ocr_line' id='line_1_48' title="bbox 335 2533 1912 2622; baseline -0.001 -24"><span class='ocrx_word' id='word_1_347' title='bbox 335 2543 449 2600; x_wconf 83' lang='grc' dir='ltr'><strong>ΙΔ’.</strong></span> <span class='ocrx_word' id='word_1_348' title='bbox 485 2541 609 2614; x_wconf 71' lang='grc' dir='ltr'><strong>Ἆρ’</strong></span> <span class='ocrx_word' id='word_1_349' title='bbox 650 2537 744 2595; x_wconf 80' lang='grc' dir='ltr'><strong>οὗν</strong></span> <span class='ocrx_word' id='word_1_350' title='bbox 774 2533 916 2595; x_wconf 72' lang='grc' dir='ltr'>ἔστιν</span> <span class='ocrx_word' id='word_1_351' title='bbox 946 2539 1119 2615; x_wconf 80' lang='grc' dir='ltr'>εὑρεῖν</span> <span class='ocrx_word' id='word_1_352' title='bbox 1153 2563 1205 2596; x_wconf 89' lang='grc' dir='ltr'><strong>τι</strong></span> <span class='ocrx_word' id='word_1_353' title='bbox 1254 2548 1354 2611; x_wconf 80' lang='grc' dir='ltr'><strong>τῆς</strong></span> <span class='ocrx_word' id='word_1_354' title='bbox 1405 2540 1677 2618; x_wconf 79' lang='grc' dir='ltr'>λεγούσης</span> <span class='ocrx_word' id='word_1_355' title='bbox 1724 2548 1912 2622; x_wconf 76' lang='grc' dir='ltr'>φωνῆς</span> 
     </span>
    </p>
   </div>
   <div class='ocr_carea' id='block_1_49' title="bbox 263 2627 1914 2707">
    <p class='ocr_par' dir='ltr' id='par_1_49' title="bbox 263 2627 1914 2707">
     <span class='ocr_line' id='line_1_49' title="bbox 263 2627 1914 2707; baseline 0.001 -23"><span class='ocrx_word' id='word_1_356' title='bbox 263 2630 641 2704; x_wconf 78' lang='grc' dir='ltr'>μανικώτερον</span> <span class='ocrx_word' id='word_1_357' title='bbox 673 2630 708 2700; x_wconf 78' lang='grc' dir='ltr'><strong>ἢ</strong></span> <span class='ocrx_word' id='word_1_358' title='bbox 750 2636 852 2699; x_wconf 73' lang='grc' dir='ltr'><strong>τῆς</strong></span> <span class='ocrx_word' id='word_1_359' title='bbox 909 2627 1151 2693; x_wconf 81' lang='grc' dir='ltr'>διανοίας</span> <span class='ocrx_word' id='word_1_360' title='bbox 1201 2631 1500 2707; x_wconf 84' lang='grc' dir='ltr'>ἀθεώτερον</span> <span class='ocrx_word' id='word_1_361' title='bbox 1543 2636 1651 2687; x_wconf 88' lang='grc' dir='ltr'><strong>τῶν</strong></span> <span class='ocrx_word' id='word_1_362' title='bbox 1697 2630 1914 2688; x_wconf 79' lang='grc' dir='ltr'>ἐννοου-</span> 
     </span>
    </p>
   </div>
   <div class='ocr_carea' id='block_1_50' title="bbox 264 2718 1912 2795">
    <p class='ocr_par' dir='ltr' id='par_1_50' title="bbox 264 2718 1912 2795">
     <span class='ocr_line' id='line_1_50' title="bbox 264 2718 1912 2795; baseline 0 -20"><span class='ocrx_word' id='word_1_363' title='bbox 264 2719 441 2794; x_wconf 78' lang='grc' dir='ltr'>μένων</span> <span class='ocrx_word' id='word_1_364' title='bbox 470 2718 622 2783; x_wconf 72' lang='grc' dir='ltr'>ὅλως</span> <span class='ocrx_word' id='word_1_365' title='bbox 653 2719 729 2782; x_wconf 81' lang='grc' dir='ltr'>εἷς</span> <span class='ocrx_word' id='word_1_366' title='bbox 762 2719 1088 2782; x_wconf 79' lang='grc' dir='ltr'>ἀντιπάλους</span> <span class='ocrx_word' id='word_1_367' title='bbox 1123 2718 1423 2795; x_wconf 84' lang='grc' dir='ltr'>διασχίζειν</span> <span class='ocrx_word' id='word_1_368' title='bbox 1457 2720 1649 2795; x_wconf 81' lang='grc' dir='ltr'>μοίρας</span> <span class='ocrx_word' id='word_1_369' title='bbox 1679 2722 1778 2791; x_wconf 76' lang='grc' dir='ltr'><strong>τήν</strong></span> <span class='ocrx_word' id='word_1_370' title='bbox 1809 2720 1912 2795; x_wconf 84' lang='grc' dir='ltr'>χά-</span> 
     </span>
    </p>
   </div>
   <div class='ocr_carea' id='block_1_51' title="bbox 259 2807 1910 2884">
    <p class='ocr_par' dir='ltr' id='par_1_51' title="bbox 259 2807 1910 2884">
     <span class='ocr_line' id='line_1_51' title="bbox 259 2807 1910 2884; baseline 0.002 -22"><span class='ocrx_word' id='word_1_371' title='bbox 259 2829 346 2883; x_wconf 86' lang='grc' dir='ltr'><strong>ριν</strong></span> <span class='ocrx_word' id='word_1_372' title='bbox 375 2809 470 2864; x_wconf 80' lang='grc' dir='ltr'><strong>καὶ</strong></span> <span class='ocrx_word' id='word_1_373' title='bbox 497 2809 592 2864; x_wconf 84' lang='grc' dir='ltr'><strong>τὸν</strong></span> <span class='ocrx_word' id='word_1_374' title='bbox 619 2808 812 2883; x_wconf 87' lang='grc' dir='ltr'>νόμον,</span> <span class='ocrx_word' id='word_1_375' title='bbox 847 2808 936 2864; x_wconf 82' lang='grc' dir='ltr'><strong>καὶ</strong></span> <span class='ocrx_word' id='word_1_376' title='bbox 967 2807 1093 2872; x_wconf 84' lang='grc' dir='ltr'>τοὺς</span> <span class='ocrx_word' id='word_1_377' title='bbox 1143 2807 1194 2864; x_wconf 83' lang='grc' dir='ltr'><strong>έν</strong></span> <span class='ocrx_word' id='word_1_378' title='bbox 1247 2807 1471 2883; x_wconf 80' lang='grc' dir='ltr'>ἑκατέρᾳ</span> <span class='ocrx_word' id='word_1_379' title='bbox 1519 2807 1910 2884; x_wconf 81' lang='grc' dir='ltr'>διαπρέψαντας</span> 
     </span>
    </p>
   </div>
   <div class='ocr_carea' id='block_1_52' title="bbox 255 2897 1910 2975">
    <p class='ocr_par' dir='ltr' id='par_1_52' title="bbox 255 2897 1910 2975">
     <span class='ocr_line' id='line_1_52' title="bbox 255 2897 1910 2975; baseline 0.001 -21"><span class='ocrx_word' id='word_1_380' title='bbox 255 2897 517 2970; x_wconf 78' lang='grc' dir='ltr'>πολιτείᾳ</span> <span class='ocrx_word' id='word_1_381' title='bbox 578 2899 654 2972; x_wconf 83' lang='grc' dir='ltr'>μή</span> <span class='ocrx_word' id='word_1_382' title='bbox 703 2898 820 2954; x_wconf 87' lang='grc' dir='ltr'>τὸν·</span> <span class='ocrx_word' id='word_1_383' title='bbox 855 2897 1013 2954; x_wconf 80' lang='grc' dir='ltr'>αὐτὸν</span> <span class='ocrx_word' id='word_1_384' title='bbox 1065 2899 1257 2972; x_wconf 85' lang='grc' dir='ltr'>ἀγαθὸν</span> <span class='ocrx_word' id='word_1_385' title='bbox 1319 2901 1641 2974; x_wconf 74' lang='grc' dir='ltr'>θεραπεῦσαι</span> <span class='ocrx_word' id='word_1_386' title='bbox 1728 2897 1910 2975; x_wconf 84' lang='grc' dir='ltr'>λέγειν</span> 
     </span>
    </p>
   </div>
   <div class='ocr_carea' id='block_1_53' title="bbox 257 2985 1911 3064">
    <p class='ocr_par' dir='ltr' id='par_1_53' title="bbox 257 2985 1911 3064">
     <span class='ocr_line' id='line_1_53' title="bbox 257 2985 1911 3064; baseline -0.001 -19"><span class='ocrx_word' id='word_1_387' title='bbox 257 2989 415 3062; x_wconf 85' lang='grc' dir='ltr'>Θεὸν,</span> <span class='ocrx_word' id='word_1_388' title='bbox 485 2985 617 3043; x_wconf 85' lang='grc' dir='ltr'>ἀλλ’</span> <span class='ocrx_word' id='word_1_389' title='bbox 689 2987 1083 3061; x_wconf 82' lang='grc' dir='ltr'>ἀντικειμέναις</span> <span class='ocrx_word' id='word_1_390' title='bbox 1153 2985 1670 3051; x_wconf 87' lang='grc' dir='ltr'>συνδιασπασθέντας</span> <span class='ocrx_word' id='word_1_391' title='bbox 1713 2991 1911 3064; x_wconf 86' lang='grc' dir='ltr'>ἀρχαῖς</span> 
     </span>
    </p>
   </div>
   <div class='ocr_carea' id='block_1_54' title="bbox 258 3076 1913 3157">
    <p class='ocr_par' dir='ltr' id='par_1_54' title="bbox 258 3076 1913 3157">
     <span class='ocr_line' id='line_1_54' title="bbox 258 3076 1913 3157; baseline 0 -25"><span class='ocrx_word' id='word_1_392' title='bbox 258 3076 351 3132; x_wconf 71' lang='grc' dir='ltr'>διὰ</span> <span class='ocrx_word' id='word_1_393' title='bbox 385 3078 715 3157; x_wconf 71' lang='grc' dir='ltr'>μαχομένης</span> <span class='ocrx_word' id='word_1_394' title='bbox 774 3076 1026 3152; x_wconf 83' lang='grc' dir='ltr'>λατρείας</span> <span class='ocrx_word' id='word_1_395' title='bbox 1085 3076 1362 3149; x_wconf 79' lang='grc' dir='ltr'>ἀλλήλοις</span> <span class='ocrx_word' id='word_1_396' title='bbox 1412 3077 1755 3154; x_wconf 74' lang='grc' dir='ltr'>προελθεῖνε</span> <span class='ocrx_word' id='word_1_397' title='bbox 1807 3079 1913 3134; x_wconf 84' lang='grc' dir='ltr'><strong>Καὶ</strong></span> 
     </span>
    </p>
   </div>
   <div class='ocr_carea' id='block_1_55' title="bbox 2094 2543 3674 2617">
    <p class='ocr_par' dir='ltr' id='par_1_55' title="bbox 2094 2543 3674 2617">
     <span class='ocr_line' id='line_1_55' title="bbox 2094 2543 3674 2617; baseline -0.001 -16"><span class='ocrx_word' id='word_1_398' title='bbox 2094 2545 2242 2602; x_wconf 87' lang='lat' dir='ltr'><strong>XIV.</strong></span> <span class='ocrx_word' id='word_1_399' title='bbox 2275 2544 2423 2600; x_wconf 90' lang='lat' dir='ltr'><strong>Num</strong></span> <span class='ocrx_word' id='word_1_400' title='bbox 2448 2544 2581 2616; x_wconf 91' lang='lat' dir='ltr'><strong>quis</strong></span> <span class='ocrx_word' id='word_1_401' title='bbox 2613 2544 2791 2617; x_wconf 85' lang='lat' dir='ltr'><strong>igitur</strong></span> <span class='ocrx_word' id='word_1_402' title='bbox 2811 2544 3048 2600; x_wconf 85' lang='lat' dir='ltr'><strong>dabitur</strong></span> <span class='ocrx_word' id='word_1_403' title='bbox 3075 2559 3269 2601; x_wconf 88' lang='lat' dir='ltr'><strong>sermo</strong></span> <span class='ocrx_word' id='word_1_404' title='bbox 3295 2543 3476 2615; x_wconf 84' lang='lat' dir='ltr'><strong>magis</strong></span> <span class='ocrx_word' id='word_1_405' title='bbox 3499 2543 3674 2600; x_wconf 75' lang='lat' dir='ltr'><strong>furio-</strong></span> 
     </span>
    </p>
   </div>
   <div class='ocr_carea' id='block_1_56' title="bbox 2023 2631 3672 2706">
    <p class='ocr_par' dir='ltr' id='par_1_56' title="bbox 2023 2631 3672 2706">
     <span class='ocr_line' id='line_1_56' title="bbox 2023 2631 3672 2706; baseline -0.001 -17"><span class='ocrx_word' id='word_1_406' title='bbox 2023 2650 2142 2702; x_wconf 86' lang='lat' dir='ltr'><strong>sus,</strong></span> <span class='ocrx_word' id='word_1_407' title='bbox 2169 2638 2269 2689; x_wconf 91' lang='lat' dir='ltr'><strong>aut</strong></span> <span class='ocrx_word' id='word_1_408' title='bbox 2289 2634 2580 2690; x_wconf 88' lang='lat' dir='ltr'><strong>sententia</strong></span> <span class='ocrx_word' id='word_1_409' title='bbox 2602 2634 2785 2705; x_wconf 87' lang='lat' dir='ltr'><strong>magis</strong></span> <span class='ocrx_word' id='word_1_410' title='bbox 2807 2633 3008 2705; x_wconf 89' lang='lat' dir='ltr'><strong>impia,</strong></span> <span class='ocrx_word' id='word_1_411' title='bbox 3032 2650 3210 2706; x_wconf 90' lang='lat' dir='ltr'><strong>quam</strong></span> <span class='ocrx_word' id='word_1_412' title='bbox 3238 2649 3440 2690; x_wconf 88' lang='lat' dir='ltr'><strong>eorum</strong></span> <span class='ocrx_word' id='word_1_413' title='bbox 3464 2631 3672 2704; x_wconf 88' lang='lat' dir='ltr'><strong>estqui</strong></span> 
     </span>
    </p>
   </div>
   <div class='ocr_carea' id='block_1_57' title="bbox 2021 2723 3676 2796">
    <p class='ocr_par' dir='ltr' id='par_1_57' title="bbox 2021 2723 3676 2796">
     <span class='ocr_line' id='line_1_57' title="bbox 2021 2723 3676 2796; baseline 0 -18"><span class='ocrx_word' id='word_1_414' title='bbox 2021 2723 2273 2795; x_wconf 87' lang='lat' dir='ltr'><strong>gratiam</strong></span> <span class='ocrx_word' id='word_1_415' title='bbox 2316 2728 2373 2779; x_wconf 89' lang='lat' dir='ltr'><strong>et</strong></span> <span class='ocrx_word' id='word_1_416' title='bbox 2415 2723 2600 2796; x_wconf 88' lang='lat' dir='ltr'><strong>legem</strong></span> <span class='ocrx_word' id='word_1_417' title='bbox 2651 2726 2721 2780; x_wconf 88' lang='lat' dir='ltr'><strong>ad</strong></span> <span class='ocrx_word' id='word_1_418' title='bbox 2755 2724 3024 2796; x_wconf 88' lang='lat' dir='ltr'><strong>opposita</strong></span> <span class='ocrx_word' id='word_1_419' title='bbox 3069 2724 3354 2796; x_wconf 88' lang='lat' dir='ltr'><strong>principia</strong></span> <span class='ocrx_word' id='word_1_420' title='bbox 3392 2723 3676 2792; x_wconf 87' lang='lat' dir='ltr'><strong>referunt,</strong></span> 
     </span>
    </p>
   </div>
   <div class='ocr_carea' id='block_1_58' title="bbox 2023 2812 3672 2885">
    <p class='ocr_par' dir='ltr' id='par_1_58' title="bbox 2023 2812 3672 2885">
     <span class='ocr_line' id='line_1_58' title="bbox 2023 2812 3672 2885; baseline 0 -17"><span class='ocrx_word' id='word_1_421' title='bbox 2023 2828 2236 2884; x_wconf 90' lang='lat' dir='ltr'><strong>eosque</strong></span> <span class='ocrx_word' id='word_1_422' title='bbox 2283 2813 2382 2885; x_wconf 91' lang='lat' dir='ltr'><strong>qui</strong></span> <span class='ocrx_word' id='word_1_423' title='bbox 2416 2814 2526 2869; x_wconf 90' lang='lat' dir='ltr'><strong>sub</strong></span> <span class='ocrx_word' id='word_1_424' title='bbox 2581 2817 2828 2885; x_wconf 89' lang='lat' dir='ltr'><strong>utraque</strong></span> <span class='ocrx_word' id='word_1_425' title='bbox 2887 2813 3186 2884; x_wconf 84' lang='lat' dir='ltr'><strong>republica</strong></span> <span class='ocrx_word' id='word_1_426' title='bbox 3233 2812 3523 2882; x_wconf 85' lang='lat' dir='ltr'><strong>vixerunt,</strong></span> <span class='ocrx_word' id='word_1_427' title='bbox 3557 2828 3672 2869; x_wconf 90' lang='lat' dir='ltr'><strong>non</strong></span> 
     </span>
    </p>
   </div>
   <div class='ocr_carea' id='block_1_59' title="bbox 2023 2900 3673 2974">
    <p class='ocr_par' dir='ltr' id='par_1_59' title="bbox 2023 2900 3673 2974">
     <span class='ocr_line' id='line_1_59' title="bbox 2023 2900 3673 2974; baseline -0.001 -18"><span class='ocrx_word' id='word_1_428' title='bbox 2023 2901 2294 2958; x_wconf 86' lang='lat' dir='ltr'><strong>eumdem</strong></span> <span class='ocrx_word' id='word_1_429' title='bbox 2320 2900 2570 2958; x_wconf 90' lang='lat' dir='ltr'><strong>coluisse</strong></span> <span class='ocrx_word' id='word_1_430' title='bbox 2589 2902 2810 2957; x_wconf 87' lang='lat' dir='ltr'><strong>bonum</strong></span> <span class='ocrx_word' id='word_1_431' title='bbox 2838 2903 3144 2968; x_wconf 84' lang='lat' dir='ltr'><strong>Deum,sed</strong></span> <span class='ocrx_word' id='word_1_432' title='bbox 3166 2900 3673 2974; x_wconf 84' lang='lat' dir='ltr'><strong>contrariis.prin-</strong></span> 
     </span>
    </p>
   </div>
   <div class='ocr_carea' id='block_1_60' title="bbox 2023 2989 3672 3062">
    <p class='ocr_par' dir='ltr' id='par_1_60' title="bbox 2023 2989 3672 3062">
     <span class='ocr_line' id='line_1_60' title="bbox 2023 2989 3672 3062; baseline -0.001 -16"><span class='ocrx_word' id='word_1_433' title='bbox 2023 2991 2193 3062; x_wconf 90' lang='lat' dir='ltr'><strong>cipiis</strong></span> <span class='ocrx_word' id='word_1_434' title='bbox 2239 2991 2454 3047; x_wconf 89' lang='lat' dir='ltr'><strong>divisos</strong></span> <span class='ocrx_word' id='word_1_435' title='bbox 2495 2991 2785 3047; x_wconf 87' lang='lat' dir='ltr'><strong>contrario</strong></span> <span class='ocrx_word' id='word_1_436' title='bbox 2816 2991 2988 3046; x_wconf 90' lang='lat' dir='ltr'><strong>etiam</strong></span> <span class='ocrx_word' id='word_1_437' title='bbox 3037 2989 3195 3046; x_wconf 86' lang='lat' dir='ltr'><strong>cultu</strong></span> <span class='ocrx_word' id='word_1_438' title='bbox 3231 3007 3366 3046; x_wconf 89' lang='lat' dir='ltr'><strong>usos</strong></span> <span class='ocrx_word' id='word_1_439' title='bbox 3402 3005 3531 3046; x_wconf 90' lang='lat' dir='ltr'><strong>esse</strong></span> <span class='ocrx_word' id='word_1_440' title='bbox 3575 2990 3672 3045; x_wconf 91' lang='lat' dir='ltr'><strong>di-</strong></span> 
     </span>
    </p>
   </div>
   <div class='ocr_carea' id='block_1_61' title="bbox 2023 3078 3671 3152">
    <p class='ocr_par' dir='ltr' id='par_1_61' title="bbox 2023 3078 3671 3152">
     <span class='ocr_line' id='line_1_61' title="bbox 2023 3078 3671 3152; baseline -0.001 -17"><span class='ocrx_word' id='word_1_441' title='bbox 2023 3085 2158 3135; x_wconf 88' lang='lat' dir='ltr'><strong>cant</strong></span> <span class='ocrx_word' id='word_1_442' title='bbox 2186 3078 2214 3134; x_wconf 73' lang='lat'><strong><em>?</em></strong></span> <span class='ocrx_word' id='word_1_443' title='bbox 2243 3084 2504 3152; x_wconf 90' lang='lat' dir='ltr'><strong>Cumque</strong></span> <span class='ocrx_word' id='word_1_444' title='bbox 2525 3081 2728 3135; x_wconf 86' lang='lat' dir='ltr'><strong>doctor</strong></span> <span class='ocrx_word' id='word_1_445' title='bbox 2751 3081 2951 3151; x_wconf 75' lang='lat' dir='ltr'><strong>gratias</strong></span> <span class='ocrx_word' id='word_1_446' title='bbox 2973 3079 3150 3135; x_wconf 85' lang='lat' dir='ltr'><strong>Mosis</strong></span> <span class='ocrx_word' id='word_1_447' title='bbox 3172 3079 3383 3135; x_wconf 91' lang='lat' dir='ltr'><strong>iterum</strong></span> <span class='ocrx_word' id='word_1_448' title='bbox 3416 3079 3671 3150; x_wconf 78' lang='lat' dir='ltr'><strong>proferat</strong></span> 
     </span>
    </p>
   </div>
   <div class='ocr_carea' id='block_1_62' title="bbox 259 3162 1911 3247">
    <p class='ocr_par' dir='ltr' id='par_1_62' title="bbox 259 3162 1907 3241">
     <span class='ocr_line' id='line_1_62' title="bbox 259 3162 1907 3241; baseline -0.001 -19"><span class='ocrx_word' id='word_1_449' title='bbox 259 3167 507 3228; x_wconf 67' lang='grc' dir='ltr'>Μωσέως</span> <span class='ocrx_word' id='word_1_450' title='bbox 549 3162 606 3220; x_wconf 75' lang='grc' dir='ltr'>δὲ</span> <span class='ocrx_word' id='word_1_451' title='bbox 634 3163 800 3220; x_wconf 67' lang='grc' dir='ltr'>πάλιν</span> <span class='ocrx_word' id='word_1_452' title='bbox 857 3166 953 3229; x_wconf 75' lang='grc' dir='ltr'>τὰς</span> <span class='ocrx_word' id='word_1_453' title='bbox 1001 3164 1222 3228; x_wconf 70' lang='grc' dir='ltr'>ἐντολὰς</span> <span class='ocrx_word' id='word_1_454' title='bbox 1279 3167 1306 3222; x_wconf 94' lang='lat'><strong>6</strong></span> <span class='ocrx_word' id='word_1_455' title='bbox 1358 3172 1457 3236; x_wconf 84' lang='grc' dir='ltr'><strong>τῆς</strong></span> <span class='ocrx_word' id='word_1_456' title='bbox 1505 3168 1738 3240; x_wconf 80' lang='grc' dir='ltr'>γάριτος</span> <span class='ocrx_word' id='word_1_457' title='bbox 1770 3186 1907 3241; x_wconf 83' lang='grc' dir='ltr'>παρ-</span> 
     </span>
    </p>
   </div>
   <div class='ocr_carea' id='block_1_63' title="bbox 2023 3162 3669 3247">
    <p class='ocr_par' dir='ltr' id='par_1_63' title="bbox 2023 3167 3669 3242">
     <span class='ocr_line' id='line_1_63' title="bbox 2023 3167 3669 3242; baseline -0.002 -18"><span class='ocrx_word' id='word_1_458' title='bbox 2023 3173 2320 3242; x_wconf 72' lang='lat' dir='ltr'><strong>przecepta,</strong></span> <span class='ocrx_word' id='word_1_459' title='bbox 2347 3185 2594 3241; x_wconf 90' lang='lat' dir='ltr'><strong>quorum</strong></span> <span class='ocrx_word' id='word_1_460' title='bbox 2619 3173 2676 3224; x_wconf 89' lang='lat' dir='ltr'><strong>et</strong></span> <span class='ocrx_word' id='word_1_461' title='bbox 2707 3168 2816 3224; x_wconf 89' lang='lat' dir='ltr'><strong>hoc</strong></span> <span class='ocrx_word' id='word_1_462' title='bbox 2852 3173 2937 3224; x_wconf 88' lang='lat' dir='ltr'><strong>est</strong></span> <span class='ocrx_word' id='word_1_463' title='bbox 2955 3169 3102 3240; x_wconf 90' lang='lat' dir='ltr'><strong>quod</strong></span> <span class='ocrx_word' id='word_1_464' title='bbox 3130 3167 3416 3240; x_wconf 74' lang='lat' dir='ltr'><strong>praecipit:</strong></span> <span class='ocrx_word' id='word_1_465' title='bbox 3439 3170 3669 3222; x_wconf 81' lang='lat' dir='ltr'><strong>Patrem</strong></span> 
     </span>
    </p>
   </div>
   <div class='ocr_carea' id='block_1_64' title="bbox 257 3252 1911 3331">
    <p class='ocr_par' dir='ltr' id='par_1_64' title="bbox 257 3252 1911 3331">
     <span class='ocr_line' id='line_1_64' title="bbox 257 3252 1911 3331; baseline -0.001 -20"><span class='ocrx_word' id='word_1_466' title='bbox 257 3255 410 3330; x_wconf 67' lang='grc' dir='ltr'>ἄγων</span> <span class='ocrx_word' id='word_1_467' title='bbox 443 3254 747 3331; x_wconf 69' lang='grc' dir='ltr'>εἲσηγητὴς</span> <span class='ocrx_word' id='word_1_468' title='bbox 775 3255 847 3308; x_wconf 86' lang='grc' dir='ltr'>ὧν</span> <span class='ocrx_word' id='word_1_469' title='bbox 881 3252 993 3310; x_wconf 79' lang='grc' dir='ltr'>ἐστι</span> <span class='ocrx_word' id='word_1_470' title='bbox 1028 3259 1126 3329; x_wconf 88' lang='grc' dir='ltr'><strong>μία</strong></span> <span class='ocrx_word' id='word_1_471' title='bbox 1155 3255 1246 3310; x_wconf 87' lang='grc' dir='ltr'><strong>καὶ</strong></span> <span class='ocrx_word' id='word_1_472' title='bbox 1277 3257 1335 3326; x_wconf 74' lang='grc' dir='ltr'><strong>ἡ,</strong></span> <span class='ocrx_word' id='word_1_473' title='bbox 1357 3254 1498 3328; x_wconf 86' lang='grc' dir='ltr'>Τίμα</span> <span class='ocrx_word' id='word_1_474' title='bbox 1552 3253 1643 3310; x_wconf 79' lang='grc' dir='ltr'><strong>τόν</strong></span> <span class='ocrx_word' id='word_1_475' title='bbox 1704 3253 1911 3330; x_wconf 87' lang='grc' dir='ltr'>πατέρα</span> 
     </span>
    </p>
   </div>
   <div class='ocr_carea' id='block_1_65' title="bbox 260 3341 1915 3420">
    <p class='ocr_par' dir='ltr' id='par_1_65' title="bbox 260 3341 1915 3420">
     <span class='ocr_line' id='line_1_65' title="bbox 260 3341 1915 3420; baseline -0.001 -20"><span class='ocrx_word' id='word_1_476' title='bbox 260 3365 378 3411; x_wconf 81' lang='grc' dir='ltr'>σου,</span> <span class='ocrx_word' id='word_1_477' title='bbox 443 3345 836 3416; x_wconf 80' lang='grc' dir='ltr'>νομοθετοῦσα,</span> <span class='ocrx_word' id='word_1_478' title='bbox 901 3343 993 3398; x_wconf 84' lang='grc' dir='ltr'><strong>καὶ</strong></span> <span class='ocrx_word' id='word_1_479' title='bbox 1067 3344 1165 3413; x_wconf 70' lang='grc' dir='ltr'>τὴν</span> <span class='ocrx_word' id='word_1_480' title='bbox 1228 3343 1439 3420; x_wconf 86' lang='grc' dir='ltr'>μητέρα</span> <span class='ocrx_word' id='word_1_481' title='bbox 1495 3365 1590 3398; x_wconf 91' lang='grc' dir='ltr'><strong>σου</strong></span> <span class='ocrx_word' id='word_1_482' title='bbox 1625 3364 1637 3376; x_wconf 82' lang='grc'><em>’</em></span> <span class='ocrx_word' id='word_1_483' title='bbox 1703 3341 1915 3418; x_wconf 82' lang='grc' dir='ltr'>μᾶλλον</span> 
     </span>
    </p>
   </div>
   <div class='ocr_carea' id='block_1_66' title="bbox 260 3429 1912 3508">
    <p class='ocr_par' dir='ltr' id='par_1_66' title="bbox 260 3429 1912 3508">
     <span class='ocr_line' id='line_1_66' title="bbox 260 3429 1912 3508; baseline -0.001 -20"><span class='ocrx_word' id='word_1_484' title='bbox 260 3431 320 3488; x_wconf 71' lang='grc' dir='ltr'>δὲ</span> <span class='ocrx_word' id='word_1_485' title='bbox 349 3431 610 3508; x_wconf 74' lang='grc' dir='ltr'>πράττων</span> <span class='ocrx_word' id='word_1_486' title='bbox 644 3433 822 3487; x_wconf 77' lang='grc' dir='ltr'>αὐτῶν</span> <span class='ocrx_word' id='word_1_487' title='bbox 853 3432 951 3500; x_wconf 79' lang='grc' dir='ltr'>τὴν</span> <span class='ocrx_word' id='word_1_488' title='bbox 1008 3429 1306 3504; x_wconf 74' lang='grc' dir='ltr'>ἐκδίκησιν,</span> <span class='ocrx_word' id='word_1_489' title='bbox 1358 3431 1582 3494; x_wconf 72' lang='grc' dir='ltr'>ἐντολὰς</span> <span class='ocrx_word' id='word_1_490' title='bbox 1633 3435 1729 3507; x_wconf 72' lang='grc' dir='ltr'>μὲν</span> <span class='ocrx_word' id='word_1_491' title='bbox 1779 3434 1912 3488; x_wconf 91' lang='grc' dir='ltr'>ταύ-</span> 
     </span>
    </p>
   </div>
   <div class='ocr_carea' id='block_1_67' title="bbox 259 3521 1914 3601">
    <p class='ocr_par' dir='ltr' id='par_1_67' title="bbox 259 3521 1914 3601">
     <span class='ocr_line' id='line_1_67' title="bbox 259 3521 1914 3601; baseline -0.002 -22"><span class='ocrx_word' id='word_1_492' title='bbox 259 3544 358 3584; x_wconf 82' lang='grc' dir='ltr'><strong>τας</strong></span> <span class='ocrx_word' id='word_1_493' title='bbox 403 3521 696 3601; x_wconf 73' lang='grc' dir='ltr'>ἀποφαίνει</span> <span class='ocrx_word' id='word_1_494' title='bbox 742 3525 896 3578; x_wconf 89' lang='grc' dir='ltr'>Θεοῦ.</span> <span class='ocrx_word' id='word_1_495' title='bbox 955 3521 1053 3577; x_wconf 79' lang='grc' dir='ltr'><strong>Διὰ</strong></span> <span class='ocrx_word' id='word_1_496' title='bbox 1110 3521 1167 3577; x_wconf 86' lang='grc' dir='ltr'><strong>δέ</strong></span> <span class='ocrx_word' id='word_1_497' title='bbox 1218 3543 1281 3598; x_wconf 90' lang='grc' dir='ltr'><strong>γε</strong></span> <span class='ocrx_word' id='word_1_498' title='bbox 1336 3530 1436 3592; x_wconf 77' lang='grc' dir='ltr'><strong>τῆς</strong></span> <span class='ocrx_word' id='word_1_499' title='bbox 1496 3523 1786 3597; x_wconf 71' lang='grc' dir='ltr'>εἰρημένης</span> <span class='ocrx_word' id='word_1_500' title='bbox 1824 3522 1914 3577; x_wconf 86' lang='grc' dir='ltr'><strong>καὶ</strong></span> 
     </span>
    </p>
   </div>
   <div class='ocr_carea' id='block_1_68' title="bbox 259 3609 1918 3688">
    <p class='ocr_par' dir='ltr' id='par_1_68' title="bbox 259 3609 1918 3688">
     <span class='ocr_line' id='line_1_68' title="bbox 259 3609 1918 3688; baseline -0.001 -20"><span class='ocrx_word' id='word_1_501' title='bbox 259 3615 353 3668; x_wconf 83' lang='grc' dir='ltr'>τὸν</span> <span class='ocrx_word' id='word_1_502' title='bbox 401 3609 838 3687; x_wconf 73' lang='grc' dir='ltr'>ἐγκεκρυμμένον</span> <span class='ocrx_word' id='word_1_503' title='bbox 870 3617 969 3680; x_wconf 77' lang='grc' dir='ltr'><strong>τῆς</strong></span> <span class='ocrx_word' id='word_1_504' title='bbox 1018 3609 1240 3688; x_wconf 83' lang='grc' dir='ltr'>καρδίας</span> <span class='ocrx_word' id='word_1_505' title='bbox 1271 3609 1453 3681; x_wconf 85' lang='grc' dir='ltr'>δόλον,</span> <span class='ocrx_word' id='word_1_506' title='bbox 1512 3613 1601 3668; x_wconf 86' lang='grc' dir='ltr'><strong>καὶ</strong></span> <span class='ocrx_word' id='word_1_507' title='bbox 1648 3615 1746 3682; x_wconf 72' lang='grc' dir='ltr'>τὴν</span> <span class='ocrx_word' id='word_1_508' title='bbox 1791 3612 1918 3666; x_wconf 89' lang='grc' dir='ltr'>ὑπό-</span> 
     </span>
    </p>
   </div>
   <div class='ocr_carea' id='block_1_69' title="bbox 259 3699 1914 3782">
    <p class='ocr_par' dir='ltr' id='par_1_69' title="bbox 259 3699 1914 3782">
     <span class='ocr_line' id='line_1_69' title="bbox 259 3699 1914 3782; baseline -0.001 -21"><span class='ocrx_word' id='word_1_509' title='bbox 259 3726 443 3780; x_wconf 84' lang='grc' dir='ltr'>κρισιν</span> <span class='ocrx_word' id='word_1_510' title='bbox 483 3707 596 3760; x_wconf 83' lang='grc' dir='ltr'><strong>τῶν</strong></span> <span class='ocrx_word' id='word_1_511' title='bbox 637 3699 919 3760; x_wconf 83' lang='grc' dir='ltr'>Ἰουδαίων</span> <span class='ocrx_word' id='word_1_512' title='bbox 966 3703 1294 3779; x_wconf 81' lang='grc' dir='ltr'>ἀπογυμνῶν</span> <span class='ocrx_word' id='word_1_513' title='bbox 1339 3703 1430 3758; x_wconf 89' lang='grc' dir='ltr'><strong>καὶ</strong></span> <span class='ocrx_word' id='word_1_514' title='bbox 1472 3701 1796 3782; x_wconf 72' lang='grc' dir='ltr'>διελέγχων,</span> <span class='ocrx_word' id='word_1_515' title='bbox 1831 3703 1914 3759; x_wconf 74' lang='grc' dir='ltr'><strong>ὅτι</strong></span> 
     </span>
    </p>
   </div>
   <div class='ocr_carea' id='block_1_70' title="bbox 258 3791 1918 3868">
    <p class='ocr_par' dir='ltr' id='par_1_70' title="bbox 258 3791 1918 3868">
     <span class='ocr_line' id='line_1_70' title="bbox 258 3791 1918 3868; baseline -0.002 -18"><span class='ocrx_word' id='word_1_516' title='bbox 258 3800 367 3850; x_wconf 79' lang='grc' dir='ltr'><strong>τῶν</strong></span> <span class='ocrx_word' id='word_1_517' title='bbox 427 3793 591 3848; x_wconf 86' lang='grc' dir='ltr'>θείων</span> <span class='ocrx_word' id='word_1_518' title='bbox 649 3793 1082 3868; x_wconf 81' lang='grc' dir='ltr'>προσταγμάτων</span> <span class='ocrx_word' id='word_1_519' title='bbox 1144 3793 1349 3862; x_wconf 78' lang='grc' dir='ltr'>ταύτης</span> <span class='ocrx_word' id='word_1_520' title='bbox 1409 3791 1576 3862; x_wconf 73' lang='grc' dir='ltr'>οὔσης</span> <span class='ocrx_word' id='word_1_521' title='bbox 1637 3791 1918 3858; x_wconf 78' lang='grc' dir='ltr'>αύτοὶτάς</span> 
     </span>
    </p>
   </div>
   <div class='ocr_carea' id='block_1_71' title="bbox 255 3879 1915 3957">
    <p class='ocr_par' dir='ltr' id='par_1_71' title="bbox 255 3879 1915 3957">
     <span class='ocr_line' id='line_1_71' title="bbox 255 3879 1915 3957; baseline -0.002 -18"><span class='ocrx_word' id='word_1_522' title='bbox 255 3884 465 3944; x_wconf 81' lang='grc' dir='ltr'>οἰκείας</span> <span class='ocrx_word' id='word_1_523' title='bbox 504 3880 732 3944; x_wconf 74' lang='grc' dir='ltr'>ἐντολὰς</span> <span class='ocrx_word' id='word_1_524' title='bbox 786 3879 1086 3957; x_wconf 78' lang='grc' dir='ltr'>ἔμπροσθεν</span> <span class='ocrx_word' id='word_1_525' title='bbox 1149 3889 1250 3954; x_wconf 81' lang='grc' dir='ltr'>τῆς</span> <span class='ocrx_word' id='word_1_526' title='bbox 1306 3881 1366 3938; x_wconf 83' lang='grc' dir='ltr'>ἐκ</span> <span class='ocrx_word' id='word_1_527' title='bbox 1423 3887 1558 3938; x_wconf 88' lang='grc' dir='ltr'>Θεοῦ</span> <span class='ocrx_word' id='word_1_528' title='bbox 1621 3879 1915 3955; x_wconf 76' lang='grc' dir='ltr'>δεδομένης</span> 
     </span>
    </p>
   </div>
   <div class='ocr_carea' id='block_1_72' title="bbox 251 3969 1914 4049">
    <p class='ocr_par' dir='ltr' id='par_1_72' title="bbox 251 3969 1914 4049">
     <span class='ocr_line' id='line_1_72' title="bbox 251 3969 1914 4049; baseline -0.002 -22"><span class='ocrx_word' id='word_1_529' title='bbox 251 3973 408 4046; x_wconf 77' lang='grc' dir='ltr'>ἦγον.</span> <span class='ocrx_word' id='word_1_530' title='bbox 445 3971 641 4028; x_wconf 89' lang='grc' dir='ltr'>Καίτοι</span> <span class='ocrx_word' id='word_1_531' title='bbox 670 3969 838 4026; x_wconf 88' lang='grc' dir='ltr'>πόσον</span> <span class='ocrx_word' id='word_1_532' title='bbox 872 3970 938 4040; x_wconf 84' lang='grc' dir='ltr'>ἧν</span> <span class='ocrx_word' id='word_1_533' title='bbox 980 3969 1308 4049; x_wconf 75' lang='grc' dir='ltr'>κουφότερον</span> <span class='ocrx_word' id='word_1_534' title='bbox 1357 3970 1719 4044; x_wconf 77' lang='grc' dir='ltr'>ἀνθρωπίναις</span> <span class='ocrx_word' id='word_1_535' title='bbox 1747 3990 1914 4043; x_wconf 85' lang='grc' dir='ltr'>προσ-</span> 
     </span>
    </p>
   </div>
   <div class='ocr_carea' id='block_1_73' title="bbox 247 4061 1915 4139">
    <p class='ocr_par' dir='ltr' id='par_1_73' title="bbox 247 4061 1915 4139">
     <span class='ocr_line' id='line_1_73' title="bbox 247 4061 1915 4139; baseline -0.001 -21"><span class='ocrx_word' id='word_1_536' title='bbox 247 4067 476 4139; x_wconf 82' lang='grc' dir='ltr'>ανέχειν</span> <span class='ocrx_word' id='word_1_537' title='bbox 529 4061 859 4132; x_wconf 72' lang='grc' dir='ltr'>ὑποθήκαις,</span> <span class='ocrx_word' id='word_1_538' title='bbox 917 4061 1056 4135; x_wconf 73' lang='grc' dir='ltr'>ἤπερ</span> <span class='ocrx_word' id='word_1_539' title='bbox 1115 4061 1175 4124; x_wconf 78' lang='grc' dir='ltr'>’ἀς</span> <span class='ocrx_word' id='word_1_540' title='bbox 1228 4062 1255 4116; x_wconf 87' lang='lat'><strong>6</strong></span> <span class='ocrx_word' id='word_1_541' title='bbox 1329 4062 1633 4137; x_wconf 79' lang='grc' dir='ltr'>ἀρχέκακος</span> <span class='ocrx_word' id='word_1_542' title='bbox 1715 4061 1915 4116; x_wconf 86' lang='grc' dir='ltr'>ἀνετεί-</span> 
     </span>
    </p>
   </div>
   <div class='ocr_carea' id='block_1_74' title="bbox 248 4146 1915 4226">
    <p class='ocr_par' dir='ltr' id='par_1_74' title="bbox 248 4146 1915 4226">
     <span class='ocr_line' id='line_1_74' title="bbox 248 4146 1915 4226; baseline -0.002 -19"><span class='ocrx_word' id='word_1_543' title='bbox 248 4153 390 4207; x_wconf 77' lang='grc' dir='ltr'>λατο</span> <span class='ocrx_word' id='word_1_544' title='bbox 428 4172 444 4220; x_wconf 89' lang='grc'><strong>;</strong></span> <span class='ocrx_word' id='word_1_545' title='bbox 480 4148 640 4207; x_wconf 78' lang='grc' dir='ltr'>Ἀλλ’</span> <span class='ocrx_word' id='word_1_546' title='bbox 679 4151 770 4206; x_wconf 82' lang='grc' dir='ltr'><strong>οῦν</strong></span> <span class='ocrx_word' id='word_1_547' title='bbox 796 4171 858 4226; x_wconf 88' lang='grc' dir='ltr'><strong>γε</strong></span> <span class='ocrx_word' id='word_1_548' title='bbox 890 4146 962 4204; x_wconf 86' lang='grc' dir='ltr'>δι’</span> <span class='ocrx_word' id='word_1_549' title='bbox 992 4151 1162 4219; x_wconf 81' lang='grc' dir='ltr'>αὐτῆς</span> <span class='ocrx_word' id='word_1_550' title='bbox 1194 4151 1331 4206; x_wconf 82' lang='grc' dir='ltr'>κατὰ</span> <span class='ocrx_word' id='word_1_551' title='bbox 1358 4155 1466 4205; x_wconf 90' lang='grc' dir='ltr'><strong>τῶν</strong></span> <span class='ocrx_word' id='word_1_552' title='bbox 1498 4150 1619 4204; x_wconf 85' lang='grc' dir='ltr'>τότε</span> <span class='ocrx_word' id='word_1_553' title='bbox 1649 4155 1765 4212; x_wconf 87' lang='grc' dir='ltr'>τοῖς</span> <span class='ocrx_word' id='word_1_554' title='bbox 1814 4171 1915 4222; x_wconf 64' lang='grc' dir='ltr'>μαι</span> 
     </span>
    </p>
   </div>
   <div class='ocr_carea' id='block_1_75' title="bbox 253 4237 1917 4318">
    <p class='ocr_par' dir='ltr' id='par_1_75' title="bbox 253 4237 1917 4318">
     <span class='ocr_line' id='line_1_75' title="bbox 253 4237 1917 4318; baseline -0.002 -20"><span class='ocrx_word' id='word_1_555' title='bbox 253 4245 455 4314; x_wconf 81' lang='grc' dir='ltr'>θηταῖς</span> <span class='ocrx_word' id='word_1_556' title='bbox 516 4241 617 4298; x_wconf 75' lang='grc' dir='ltr'>οὐκ</span> <span class='ocrx_word' id='word_1_557' title='bbox 674 4239 919 4317; x_wconf 84' lang='grc' dir='ltr'>εὐλόγως</span> <span class='ocrx_word' id='word_1_558' title='bbox 977 4239 1492 4316; x_wconf 79' lang='grc' dir='ltr'>προσκεκρουκότων</span> <span class='ocrx_word' id='word_1_559' title='bbox 1535 4237 1769 4318; x_wconf 73' lang='grc' dir='ltr'>σφοδρὰν</span> <span class='ocrx_word' id='word_1_560' title='bbox 1817 4240 1917 4308; x_wconf 72' lang='grc' dir='ltr'>τήν</span> 
     </span>
    </p>
   </div>
   <div class='ocr_carea' id='block_1_76' title="bbox 249 4327 1915 4410">
    <p class='ocr_par' dir='ltr' id='par_1_76' title="bbox 249 4327 1915 4410">
     <span class='ocr_line' id='line_1_76' title="bbox 249 4327 1915 4410; baseline -0.004 -19"><span class='ocrx_word' id='word_1_561' title='bbox 249 4332 584 4408; x_wconf 73' lang='grc' dir='ltr'>ἐπιτίμησιν</span> <span class='ocrx_word' id='word_1_562' title='bbox 649 4330 962 4410; x_wconf 74' lang='grc' dir='ltr'>ἐπαφίησιν,</span> <span class='ocrx_word' id='word_1_563' title='bbox 1021 4327 1175 4385; x_wconf 70' lang='grc' dir='ltr'>οὐδὲν</span> <span class='ocrx_word' id='word_1_564' title='bbox 1237 4335 1346 4386; x_wconf 90' lang='grc' dir='ltr'><strong>τῶν</strong></span> <span class='ocrx_word' id='word_1_565' title='bbox 1418 4329 1495 4391; x_wconf 77' lang='grc' dir='ltr'>εἷς</span> <span class='ocrx_word' id='word_1_566' title='bbox 1566 4331 1770 4404; x_wconf 86' lang='grc' dir='ltr'>βρῶσιν</span> <span class='ocrx_word' id='word_1_567' title='bbox 1827 4329 1915 4384; x_wconf 83' lang='grc' dir='ltr'><strong>καὶ</strong></span> 
     </span>
    </p>
   </div>
   <div class='ocr_carea' id='block_1_77' title="bbox 243 4415 1918 4495">
    <p class='ocr_par' dir='ltr' id='par_1_77' title="bbox 243 4415 1918 4495">
     <span class='ocr_line' id='line_1_77' title="bbox 243 4415 1918 4495; baseline -0.004 -16"><span class='ocrx_word' id='word_1_568' title='bbox 243 4425 414 4479; x_wconf 80' lang='grc' dir='ltr'>πόσιν</span> <span class='ocrx_word' id='word_1_569' title='bbox 471 4422 745 4489; x_wconf 73' lang='grc' dir='ltr'>ἡκόντων,</span> <span class='ocrx_word' id='word_1_570' title='bbox 808 4419 1002 4495; x_wconf 80' lang='grc' dir='ltr'>ὅτιπερ</span> <span class='ocrx_word' id='word_1_571' title='bbox 1049 4417 1175 4476; x_wconf 68' lang='grc' dir='ltr'>οὔτε</span> <span class='ocrx_word' id='word_1_572' title='bbox 1235 4425 1431 4488; x_wconf 89' lang='grc' dir='ltr'>κοινοῖ,</span> <span class='ocrx_word' id='word_1_573' title='bbox 1485 4416 1610 4476; x_wconf 71' lang='grc' dir='ltr'>οὔτε</span> <span class='ocrx_word' id='word_1_574' title='bbox 1681 4415 1918 4494; x_wconf 76' lang='grc' dir='ltr'>βεϐηλοῖ</span> 
     </span>
    </p>
   </div>
   <div class='ocr_carea' id='block_1_78' title="bbox 2027 3256 3669 3327">
    <p class='ocr_par' dir='ltr' id='par_1_78' title="bbox 2027 3256 3669 3327">
     <span class='ocr_line' id='line_1_78' title="bbox 2027 3256 3669 3327; baseline -0.001 -13"><span class='ocrx_word' id='word_1_575' title='bbox 2027 3269 2080 3314; x_wconf 79' lang='lat' dir='ltr'><strong>et</strong></span> <span class='ocrx_word' id='word_1_576' title='bbox 2109 3261 2344 3314; x_wconf 81' lang='lat' dir='ltr'><strong>matrem</strong></span> <span class='ocrx_word' id='word_1_577' title='bbox 2394 3258 2512 3314; x_wconf 83' lang='lat' dir='ltr'><strong>cole</strong></span> <span class='ocrx_word' id='word_1_578' title='bbox 2543 3275 2557 3326; x_wconf 89' lang='lat'><strong>;</strong></span> <span class='ocrx_word' id='word_1_579' title='bbox 2591 3258 2708 3312; x_wconf 91' lang='lat' dir='ltr'><strong>imo</strong></span> <span class='ocrx_word' id='word_1_580' title='bbox 2743 3257 3025 3313; x_wconf 88' lang='lat' dir='ltr'><strong>ultionem</strong></span> <span class='ocrx_word' id='word_1_581' title='bbox 3076 3257 3205 3326; x_wconf 87' lang='lat' dir='ltr'><strong>ejus</strong></span> <span class='ocrx_word' id='word_1_582' title='bbox 3244 3256 3522 3327; x_wconf 87' lang='lat' dir='ltr'><strong>suscipiat</strong></span> <span class='ocrx_word' id='word_1_583' title='bbox 3551 3275 3565 3324; x_wconf 88' lang='lat'><strong>;</strong></span> <span class='ocrx_word' id='word_1_584' title='bbox 3601 3273 3669 3312; x_wconf 88' lang='lat' dir='ltr'><strong>ea</strong></span> 
     </span>
    </p>
   </div>
   <div class='ocr_carea' id='block_1_79' title="bbox 2028 3346 3670 3420">
    <p class='ocr_par' dir='ltr' id='par_1_79' title="bbox 2028 3346 3670 3420">
     <span class='ocr_line' id='line_1_79' title="bbox 2028 3346 3670 3420; baseline -0.001 -18"><span class='ocrx_word' id='word_1_585' title='bbox 2028 3348 2265 3420; x_wconf 88' lang='lat' dir='ltr'><strong>quidem</strong></span> <span class='ocrx_word' id='word_1_586' title='bbox 2297 3348 2399 3404; x_wconf 90' lang='lat' dir='ltr'><strong>Dei</strong></span> <span class='ocrx_word' id='word_1_587' title='bbox 2446 3355 2729 3420; x_wconf 77' lang='lat' dir='ltr'><strong>praecepta</strong></span> <span class='ocrx_word' id='word_1_588' title='bbox 2759 3364 2886 3403; x_wconf 90' lang='lat' dir='ltr'><strong>esse</strong></span> <span class='ocrx_word' id='word_1_589' title='bbox 2929 3346 3104 3403; x_wconf 90' lang='lat' dir='ltr'><strong>edicit</strong></span> <span class='ocrx_word' id='word_1_590' title='bbox 3143 3347 3466 3418; x_wconf 86' lang='lat' dir='ltr'><strong>eademque</strong></span> <span class='ocrx_word' id='word_1_591' title='bbox 3495 3363 3670 3418; x_wconf 86' lang='lat' dir='ltr'><strong>opera</strong></span> 
     </span>
    </p>
   </div>
   <div class='ocr_carea' id='block_1_80' title="bbox 2027 3436 3670 3511">
    <p class='ocr_par' dir='ltr' id='par_1_80' title="bbox 2027 3436 3670 3511">
     <span class='ocr_line' id='line_1_80' title="bbox 2027 3436 3670 3511; baseline -0.002 -17"><span class='ocrx_word' id='word_1_592' title='bbox 2027 3455 2128 3510; x_wconf 92' lang='lat' dir='ltr'><strong>per</strong></span> <span class='ocrx_word' id='word_1_593' title='bbox 2148 3443 2528 3495; x_wconf 85' lang='lat' dir='ltr'><strong>memoratam</strong></span> <span class='ocrx_word' id='word_1_594' title='bbox 2561 3437 2749 3511; x_wconf 88' lang='lat' dir='ltr'><strong>legem</strong></span> <span class='ocrx_word' id='word_1_595' title='bbox 2781 3441 2837 3492; x_wconf 89' lang='lat' dir='ltr'><strong>et</strong></span> <span class='ocrx_word' id='word_1_596' title='bbox 2853 3436 3048 3492; x_wconf 90' lang='lat' dir='ltr'><strong>dolum</strong></span> <span class='ocrx_word' id='word_1_597' title='bbox 3073 3437 3131 3492; x_wconf 90' lang='lat' dir='ltr'><strong>in</strong></span> <span class='ocrx_word' id='word_1_598' title='bbox 3150 3437 3348 3493; x_wconf 90' lang='lat' dir='ltr'><strong>animo</strong></span> <span class='ocrx_word' id='word_1_599' title='bbox 3371 3436 3670 3504; x_wconf 88' lang='lat' dir='ltr'><strong>latentem,</strong></span> 
     </span>
    </p>
   </div>
   <div class='ocr_carea' id='block_1_81' title="bbox 2025 3527 3674 3602">
    <p class='ocr_par' dir='ltr' id='par_1_81' title="bbox 2025 3527 3674 3602">
     <span class='ocr_line' id='line_1_81' title="bbox 2025 3527 3674 3602; baseline -0.001 -16"><span class='ocrx_word' id='word_1_600' title='bbox 2025 3536 2082 3586; x_wconf 88' lang='lat' dir='ltr'><strong>et</strong></span> <span class='ocrx_word' id='word_1_601' title='bbox 2114 3531 2444 3602; x_wconf 85' lang='lat' dir='ltr'><strong>hypocrisin</strong></span> <span class='ocrx_word' id='word_1_602' title='bbox 2471 3531 2804 3587; x_wconf 73' lang='lat' dir='ltr'><strong>Judzeorum</strong></span> <span class='ocrx_word' id='word_1_603' title='bbox 2836 3531 3092 3586; x_wconf 87' lang='lat' dir='ltr'><strong>denudat</strong></span> <span class='ocrx_word' id='word_1_604' title='bbox 3123 3545 3188 3584; x_wconf 90' lang='lat' dir='ltr'><strong>ac</strong></span> <span class='ocrx_word' id='word_1_605' title='bbox 3219 3528 3488 3601; x_wconf 87' lang='lat' dir='ltr'><strong>castigat,</strong></span> <span class='ocrx_word' id='word_1_606' title='bbox 3518 3527 3674 3600; x_wconf 90' lang='lat' dir='ltr'><strong>quod</strong></span> 
     </span>
    </p>
   </div>
   <div class='ocr_carea' id='block_1_82' title="bbox 2025 3618 3676 3693">
    <p class='ocr_par' dir='ltr' id='par_1_82' title="bbox 2025 3618 3676 3693">
     <span class='ocr_line' id='line_1_82' title="bbox 2025 3618 3676 3693; baseline -0.002 -16"><span class='ocrx_word' id='word_1_607' title='bbox 2025 3636 2156 3677; x_wconf 90' lang='lat' dir='ltr'><strong>cum</strong></span> <span class='ocrx_word' id='word_1_608' title='bbox 2190 3620 2244 3676; x_wconf 90' lang='lat' dir='ltr'><strong>id</strong></span> <span class='ocrx_word' id='word_1_609' title='bbox 2269 3637 2336 3677; x_wconf 87' lang='lat' dir='ltr'><strong>ex</strong></span> <span class='ocrx_word' id='word_1_610' title='bbox 2365 3621 2666 3693; x_wconf 70' lang='lat' dir='ltr'><strong>praeceptis</strong></span> <span class='ocrx_word' id='word_1_611' title='bbox 2687 3619 2898 3676; x_wconf 89' lang='lat' dir='ltr'><strong>divinis</strong></span> <span class='ocrx_word' id='word_1_612' title='bbox 2929 3619 3023 3687; x_wconf 89' lang='lat' dir='ltr'><strong>sit,</strong></span> <span class='ocrx_word' id='word_1_613' title='bbox 3057 3619 3170 3690; x_wconf 89' lang='lat' dir='ltr'><strong>ipsi</strong></span> <span class='ocrx_word' id='word_1_614' title='bbox 3195 3618 3306 3690; x_wconf 87' lang='lat' dir='ltr'><strong>legi</strong></span> <span class='ocrx_word' id='word_1_615' title='bbox 3339 3618 3548 3674; x_wconf 72' lang='lat' dir='ltr'><strong>divinae</strong></span> <span class='ocrx_word' id='word_1_616' title='bbox 3569 3633 3676 3674; x_wconf 90' lang='lat' dir='ltr'><strong>sua</strong></span> 
     </span>
    </p>
   </div>
   <div class='ocr_carea' id='block_1_83' title="bbox 2028 3707 3677 3782">
    <p class='ocr_par' dir='ltr' id='par_1_83' title="bbox 2028 3707 3677 3782">
     <span class='ocr_line' id='line_1_83' title="bbox 2028 3707 3677 3782; baseline -0.001 -18"><span class='ocrx_word' id='word_1_617' title='bbox 2028 3711 2356 3782; x_wconf 69' lang='lat' dir='ltr'><strong>praeferant.</strong></span> <span class='ocrx_word' id='word_1_618' title='bbox 2391 3715 2533 3766; x_wconf 81' lang='lat' dir='ltr'><strong>Nam</strong></span> <span class='ocrx_word' id='word_1_619' title='bbox 2567 3726 2708 3766; x_wconf 79' lang='lat' dir='ltr'><strong>sane</strong></span> <span class='ocrx_word' id='word_1_620' title='bbox 2739 3714 2796 3765; x_wconf 91' lang='lat' dir='ltr'><strong>et</strong></span> <span class='ocrx_word' id='word_1_621' title='bbox 2828 3709 3055 3766; x_wconf 85' lang='lat' dir='ltr'><strong>facilius</strong></span> <span class='ocrx_word' id='word_1_622' title='bbox 3091 3711 3231 3774; x_wconf 88' lang='lat' dir='ltr'><strong>erat,</strong></span> <span class='ocrx_word' id='word_1_623' title='bbox 3265 3707 3677 3779; x_wconf 73' lang='lat' dir='ltr'><strong>praeceptioni—</strong></span> 
     </span>
    </p>
   </div>
   <div class='ocr_carea' id='block_1_84' title="bbox 2027 3796 3676 3869">
    <p class='ocr_par' dir='ltr' id='par_1_84' title="bbox 2027 3796 3676 3869">
     <span class='ocr_line' id='line_1_84' title="bbox 2027 3796 3676 3869; baseline 0 -17"><span class='ocrx_word' id='word_1_624' title='bbox 2027 3799 2135 3853; x_wconf 89' lang='lat' dir='ltr'><strong>bus</strong></span> <span class='ocrx_word' id='word_1_625' title='bbox 2171 3799 2445 3854; x_wconf 90' lang='lat' dir='ltr'><strong>humanis</strong></span> <span class='ocrx_word' id='word_1_626' title='bbox 2470 3799 2724 3866; x_wconf 91' lang='lat' dir='ltr'><strong>obedire,</strong></span> <span class='ocrx_word' id='word_1_627' title='bbox 2758 3814 2932 3869; x_wconf 90' lang='lat' dir='ltr'><strong>quam</strong></span> <span class='ocrx_word' id='word_1_628' title='bbox 2977 3815 3123 3869; x_wconf 91' lang='lat' dir='ltr'><strong>quas</strong></span> <span class='ocrx_word' id='word_1_629' title='bbox 3155 3797 3447 3869; x_wconf 88' lang='lat' dir='ltr'><strong>Malignus</strong></span> <span class='ocrx_word' id='word_1_630' title='bbox 3475 3796 3676 3868; x_wconf 88' lang='lat' dir='ltr'><strong>injun-</strong></span> 
     </span>
    </p>
   </div>
   <div class='ocr_carea' id='block_1_85' title="bbox 2025 3884 3678 3957">
    <p class='ocr_par' dir='ltr' id='par_1_85' title="bbox 2025 3884 3678 3957">
     <span class='ocr_line' id='line_1_85' title="bbox 2025 3884 3678 3957; baseline -0.002 -15"><span class='ocrx_word' id='word_1_631' title='bbox 2025 3891 2205 3942; x_wconf 85' lang='lat' dir='ltr'><strong>xerat.</strong></span> <span class='ocrx_word' id='word_1_632' title='bbox 2241 3887 2481 3942; x_wconf 88' lang='lat' dir='ltr'><strong>Interim</strong></span> <span class='ocrx_word' id='word_1_633' title='bbox 2515 3903 2614 3956; x_wconf 91' lang='lat' dir='ltr'><strong>per</strong></span> <span class='ocrx_word' id='word_1_634' title='bbox 2662 3902 2791 3940; x_wconf 89' lang='lat' dir='ltr'><strong>eam</strong></span> <span class='ocrx_word' id='word_1_635' title='bbox 2841 3886 3076 3957; x_wconf 91' lang='lat' dir='ltr'><strong>(legem)</strong></span> <span class='ocrx_word' id='word_1_636' title='bbox 3112 3884 3263 3952; x_wconf 90' lang='lat' dir='ltr'><strong>illos,</strong></span> <span class='ocrx_word' id='word_1_637' title='bbox 3317 3885 3418 3956; x_wconf 89' lang='lat' dir='ltr'><strong>qui</strong></span> <span class='ocrx_word' id='word_1_638' title='bbox 3470 3888 3678 3955; x_wconf 65' lang='lat' dir='ltr'><strong>praeter</strong></span> 
     </span>
    </p>
   </div>
   <div class='ocr_carea' id='block_1_86' title="bbox 2027 3973 3680 4045">
    <p class='ocr_par' dir='ltr' id='par_1_86' title="bbox 2027 3973 3680 4045">
     <span class='ocr_line' id='line_1_86' title="bbox 2027 3973 3680 4045; baseline -0.002 -16"><span class='ocrx_word' id='word_1_639' title='bbox 2027 3975 2314 4030; x_wconf 89' lang='lat' dir='ltr'><strong>rationem</strong></span> <span class='ocrx_word' id='word_1_640' title='bbox 2337 3974 2644 4045; x_wconf 89' lang='lat' dir='ltr'><strong>discipulis</strong></span> <span class='ocrx_word' id='word_1_641' title='bbox 2675 3991 2734 4030; x_wconf 90' lang='lat' dir='ltr'><strong>se</strong></span> <span class='ocrx_word' id='word_1_642' title='bbox 2765 3975 3010 4030; x_wconf 83' lang='lat' dir='ltr'><strong>infectos</strong></span> <span class='ocrx_word' id='word_1_643' title='bbox 3038 3974 3390 4044; x_wconf 62' lang='lat' dir='ltr'><strong>praebebant,</strong></span> <span class='ocrx_word' id='word_1_644' title='bbox 3424 3973 3680 4044; x_wconf 85' lang='lat' dir='ltr'><strong>graviter</strong></span> 
     </span>
    </p>
   </div>
   <div class='ocr_carea' id='block_1_87' title="bbox 2026 4060 3679 4134">
    <p class='ocr_par' dir='ltr' id='par_1_87' title="bbox 2026 4060 3679 4134">
     <span class='ocr_line' id='line_1_87' title="bbox 2026 4060 3679 4134; baseline -0.003 -15"><span class='ocrx_word' id='word_1_645' title='bbox 2026 4065 2318 4134; x_wconf 84' lang='lat' dir='ltr'><strong>objurgat,</strong></span> <span class='ocrx_word' id='word_1_646' title='bbox 2354 4063 2692 4132; x_wconf 90' lang='lat' dir='ltr'><strong>ostendens,</strong></span> <span class='ocrx_word' id='word_1_647' title='bbox 2718 4061 2862 4118; x_wconf 88' lang='lat' dir='ltr'><strong>nihil</strong></span> <span class='ocrx_word' id='word_1_648' title='bbox 2893 4078 3118 4129; x_wconf 90' lang='lat' dir='ltr'><strong>eorum,</strong></span> <span class='ocrx_word' id='word_1_649' title='bbox 3150 4077 3278 4132; x_wconf 59' lang='lat' dir='ltr'><strong>quae</strong></span> <span class='ocrx_word' id='word_1_650' title='bbox 3308 4061 3364 4115; x_wconf 89' lang='lat' dir='ltr'><strong>in</strong></span> <span class='ocrx_word' id='word_1_651' title='bbox 3401 4060 3596 4115; x_wconf 91' lang='lat' dir='ltr'><strong>cibum</strong></span> <span class='ocrx_word' id='word_1_652' title='bbox 3621 4063 3679 4114; x_wconf 87' lang='lat' dir='ltr'><strong>et</strong></span> 
     </span>
    </p>
   </div>
   <div class='ocr_carea' id='block_1_88' title="bbox 2028 4147 3676 4226">
    <p class='ocr_par' dir='ltr' id='par_1_88' title="bbox 2028 4147 3676 4226">
     <span class='ocr_line' id='line_1_88' title="bbox 2028 4147 3676 4226; baseline -0.003 -18"><span class='ocrx_word' id='word_1_653' title='bbox 2028 4162 2226 4226; x_wconf 89' lang='lat' dir='ltr'><strong>potum</strong></span> <span class='ocrx_word' id='word_1_654' title='bbox 2259 4156 2660 4219; x_wconf 85' lang='lat' dir='ltr'><strong>assumuntur,</strong></span> <span class='ocrx_word' id='word_1_655' title='bbox 2694 4152 2782 4206; x_wconf 87' lang='lat' dir='ltr'><strong>vel</strong></span> <span class='ocrx_word' id='word_1_656' title='bbox 2819 4151 3128 4222; x_wconf 89' lang='lat' dir='ltr'><strong>inquinare</strong></span> <span class='ocrx_word' id='word_1_657' title='bbox 3159 4149 3243 4204; x_wconf 87' lang='lat' dir='ltr'><strong>vel</strong></span> <span class='ocrx_word' id='word_1_658' title='bbox 3281 4147 3539 4220; x_wconf 87' lang='lat' dir='ltr'><strong>polluere</strong></span> <span class='ocrx_word' id='word_1_659' title='bbox 3572 4148 3676 4203; x_wconf 87' lang='lat' dir='ltr'><strong>ho-</strong></span> 
     </span>
    </p>
   </div>
   <div class='ocr_carea' id='block_1_89' title="bbox 2029 4237 3674 4312">
    <p class='ocr_par' dir='ltr' id='par_1_89' title="bbox 2029 4237 3674 4312">
     <span class='ocr_line' id='line_1_89' title="bbox 2029 4237 3674 4312; baseline -0.002 -16"><span class='ocrx_word' id='word_1_660' title='bbox 2029 4243 2266 4297; x_wconf 90' lang='lat' dir='ltr'><strong>minem.</strong></span> <span class='ocrx_word' id='word_1_661' title='bbox 2301 4243 2366 4296; x_wconf 84' lang='lat' dir='ltr'><strong>Et</strong></span> <span class='ocrx_word' id='word_1_662' title='bbox 2406 4241 2556 4307; x_wconf 90' lang='lat' dir='ltr'><strong>vide,</strong></span> <span class='ocrx_word' id='word_1_663' title='bbox 2591 4241 2746 4312; x_wconf 91' lang='lat' dir='ltr'><strong>quod</strong></span> <span class='ocrx_word' id='word_1_664' title='bbox 2781 4258 2895 4297; x_wconf 90' lang='lat' dir='ltr'><strong>non</strong></span> <span class='ocrx_word' id='word_1_665' title='bbox 2933 4241 3122 4296; x_wconf 88' lang='lat' dir='ltr'><strong>solum</strong></span> <span class='ocrx_word' id='word_1_666' title='bbox 3157 4245 3356 4294; x_wconf 86' lang='lat' dir='ltr'><strong>contra</strong></span> <span class='ocrx_word' id='word_1_667' title='bbox 3386 4237 3540 4304; x_wconf 88' lang='lat' dir='ltr'><strong>illos,</strong></span> <span class='ocrx_word' id='word_1_668' title='bbox 3573 4237 3674 4292; x_wconf 90' lang='lat' dir='ltr'><strong>sed</strong></span> 
     </span>
    </p>
   </div>
   <div class='ocr_carea' id='block_1_90' title="bbox 2027 4328 3675 4402">
    <p class='ocr_par' dir='ltr' id='par_1_90' title="bbox 2027 4328 3675 4402">
     <span class='ocr_line' id='line_1_90' title="bbox 2027 4328 3675 4402; baseline -0.002 -17"><span class='ocrx_word' id='word_1_669' title='bbox 2027 4336 2084 4386; x_wconf 89' lang='lat' dir='ltr'><strong>et</strong></span> <span class='ocrx_word' id='word_1_670' title='bbox 2113 4347 2228 4387; x_wconf 88' lang='lat' dir='ltr'><strong>non</strong></span> <span class='ocrx_word' id='word_1_671' title='bbox 2263 4331 2462 4386; x_wconf 90' lang='lat' dir='ltr'><strong>minus</strong></span> <span class='ocrx_word' id='word_1_672' title='bbox 2493 4336 2691 4387; x_wconf 89' lang='lat' dir='ltr'><strong>contra</strong></span> <span class='ocrx_word' id='word_1_673' title='bbox 2713 4349 2812 4386; x_wconf 90' lang='lat' dir='ltr'><strong>vos</strong></span> <span class='ocrx_word' id='word_1_674' title='bbox 2837 4331 2992 4402; x_wconf 86' lang='lat' dir='ltr'><strong>ipsos</strong></span> <span class='ocrx_word' id='word_1_675' title='bbox 3009 4329 3203 4384; x_wconf 86' lang='lat' dir='ltr'><strong>divina</strong></span> <span class='ocrx_word' id='word_1_676' title='bbox 3226 4328 3514 4383; x_wconf 84' lang='lat' dir='ltr'><strong>sententia</strong></span> <span class='ocrx_word' id='word_1_677' title='bbox 3546 4343 3675 4398; x_wconf 86' lang='lat' dir='ltr'><strong>pro-</strong></span> 
     </span>
    </p>
   </div>
   <div class='ocr_carea' id='block_1_91' title="bbox 2029 4417 3676 4492">
    <p class='ocr_par' dir='ltr' id='par_1_91' title="bbox 2029 4417 3676 4492">
     <span class='ocr_line' id='line_1_91' title="bbox 2029 4417 3676 4492; baseline -0.004 -16"><span class='ocrx_word' id='word_1_678' title='bbox 2029 4421 2338 4477; x_wconf 87' lang='lat' dir='ltr'><strong>nunciatur</strong></span> <span class='ocrx_word' id='word_1_679' title='bbox 2384 4437 2397 4477; x_wconf 91' lang='lat'>:</span> <span class='ocrx_word' id='word_1_680' title='bbox 2435 4431 2634 4476; x_wconf 88' lang='lat' dir='ltr'><strong>conlra</strong></span> <span class='ocrx_word' id='word_1_681' title='bbox 2673 4420 2804 4476; x_wconf 89' lang='lat' dir='ltr'><strong>illos</strong></span> <span class='ocrx_word' id='word_1_682' title='bbox 2845 4421 3101 4492; x_wconf 88' lang='lat' dir='ltr'><strong>quidem,</strong></span> <span class='ocrx_word' id='word_1_683' title='bbox 3149 4417 3362 4490; x_wconf 89' lang='lat' dir='ltr'><strong>quibus</strong></span> <span class='ocrx_word' id='word_1_684' title='bbox 3412 4424 3546 4472; x_wconf 90' lang='lat' dir='ltr'><strong>nota</strong></span> <span class='ocrx_word' id='word_1_685' title='bbox 3584 4417 3676 4469; x_wconf 85' lang='lat' dir='ltr'><strong>in-</strong></span> 
     </span>
    </p>
   </div>
   <div class='ocr_carea' id='block_1_92' title="bbox 242 4504 1911 4587">
    <p class='ocr_par' dir='ltr' id='par_1_92' title="bbox 242 4509 1906 4587">
     <span class='ocr_line' id='line_1_92' title="bbox 242 4509 1906 4587; baseline -0.002 -19"><span class='ocrx_word' id='word_1_686' title='bbox 242 4514 340 4568; x_wconf 79' lang='grc' dir='ltr'>τὸν</span> <span class='ocrx_word' id='word_1_687' title='bbox 403 4512 704 4586; x_wconf 76' lang='grc' dir='ltr'>ἄνθρωπον</span> <span class='ocrx_word' id='word_1_688' title='bbox 754 4511 1210 4587; x_wconf 77' lang='grc' dir='ltr'>ἀποφαινόμενος.</span> <span class='ocrx_word' id='word_1_689' title='bbox 1275 4511 1372 4564; x_wconf 80' lang='grc' dir='ltr'>Καὶ</span> <span class='ocrx_word' id='word_1_690' title='bbox 1416 4510 1515 4584; x_wconf 83' lang='grc' dir='ltr'><strong>δρα</strong></span> <span class='ocrx_word' id='word_1_691' title='bbox 1559 4509 1634 4570; x_wconf 85' lang='grc' dir='ltr'><strong>ὡς</strong></span> <span class='ocrx_word' id='word_1_692' title='bbox 1687 4509 1748 4564; x_wconf 81' lang='grc' dir='ltr'><strong>ού</strong></span> <span class='ocrx_word' id='word_1_693' title='bbox 1805 4531 1906 4565; x_wconf 88' lang='grc' dir='ltr'><strong>κατ</strong></span> 
     </span>
    </p>
   </div>
   <div class='ocr_carea' id='block_1_93' title="bbox 2023 4504 3671 4587">
    <p class='ocr_par' dir='ltr' id='par_1_93' title="bbox 2037 4504 3671 4582">
     <span class='ocr_line' id='line_1_93' title="bbox 2037 4504 3671 4582; baseline -0.006 -15"><span class='ocrx_word' id='word_1_694' title='bbox 2037 4512 2244 4578; x_wconf 87' lang='lat' dir='ltr'><strong>uritur,</strong></span> <span class='ocrx_word' id='word_1_695' title='bbox 2271 4513 2420 4578; x_wconf 90' lang='lat' dir='ltr'><strong>ideo,</strong></span> <span class='ocrx_word' id='word_1_696' title='bbox 2441 4511 2594 4582; x_wconf 88' lang='lat' dir='ltr'><strong>quod</strong></span> <span class='ocrx_word' id='word_1_697' title='bbox 2619 4511 2732 4565; x_wconf 90' lang='lat' dir='ltr'><strong>cibi</strong></span> <span class='ocrx_word' id='word_1_698' title='bbox 2752 4511 2808 4565; x_wconf 90' lang='lat' dir='ltr'><strong>in</strong></span> <span class='ocrx_word' id='word_1_699' title='bbox 2827 4527 2910 4577; x_wconf 89' lang='lat' dir='ltr'><strong>se,</strong></span> <span class='ocrx_word' id='word_1_700' title='bbox 2927 4509 3147 4565; x_wconf 88' lang='lat' dir='ltr'><strong>nullam</strong></span> <span class='ocrx_word' id='word_1_701' title='bbox 3171 4525 3378 4564; x_wconf 83' lang='lat' dir='ltr'><strong>noxam</strong></span> <span class='ocrx_word' id='word_1_702' title='bbox 3395 4504 3671 4572; x_wconf 75' lang='lat' dir='ltr'><strong>atl‘eraut;</strong></span> 
     </span>
    </p>
   </div>
   <div class='ocr_carea' id='block_1_94' title="bbox 245 4595 1913 4674">
    <p class='ocr_par' dir='ltr' id='par_1_94' title="bbox 245 4595 1913 4674">
     <span class='ocr_line' id='line_1_94' title="bbox 245 4595 1913 4674; baseline -0.004 -16"><span class='ocrx_word' id='word_1_703' title='bbox 245 4600 477 4658; x_wconf 72' lang='grc' dir='ltr'>ἐκείνων</span> <span class='ocrx_word' id='word_1_704' title='bbox 515 4601 710 4674; x_wconf 88' lang='grc' dir='ltr'>μόνον,</span> <span class='ocrx_word' id='word_1_705' title='bbox 743 4596 870 4654; x_wconf 85' lang='grc' dir='ltr'>ἀλλ’</span> <span class='ocrx_word' id='word_1_706' title='bbox 917 4595 1069 4653; x_wconf 77' lang='grc' dir='ltr'>οὐδὲν</span> <span class='ocrx_word' id='word_1_707' title='bbox 1093 4595 1316 4654; x_wconf 75' lang='grc' dir='ltr'>ἔλαττον</span> <span class='ocrx_word' id='word_1_708' title='bbox 1345 4597 1436 4652; x_wconf 83' lang='grc' dir='ltr'><strong>καὶ</strong></span> <span class='ocrx_word' id='word_1_709' title='bbox 1467 4599 1584 4652; x_wconf 90' lang='grc' dir='ltr'>καθ’</span> <span class='ocrx_word' id='word_1_710' title='bbox 1615 4597 1767 4670; x_wconf 78' lang='grc' dir='ltr'>ὕμῶν</span> <span class='ocrx_word' id='word_1_711' title='bbox 1819 4596 1913 4652; x_wconf 82' lang='grc' dir='ltr'>αύ-</span> 
     </span>
    </p>
   </div>
   <div class='ocr_carea' id='block_1_95' title="bbox 241 4687 1916 4766">
    <p class='ocr_par' dir='ltr' id='par_1_95' title="bbox 241 4687 1916 4766">
     <span class='ocr_line' id='line_1_95' title="bbox 241 4687 1916 4766; baseline -0.002 -20"><span class='ocrx_word' id='word_1_712' title='bbox 241 4696 354 4746; x_wconf 82' lang='grc' dir='ltr'><strong>τῶν</strong></span> <span class='ocrx_word' id='word_1_713' title='bbox 433 4694 468 4760; x_wconf 79' lang='grc' dir='ltr'>ἡ</span> <span class='ocrx_word' id='word_1_714' title='bbox 551 4689 668 4744; x_wconf 83' lang='grc' dir='ltr'>θεία</span> <span class='ocrx_word' id='word_1_715' title='bbox 744 4691 926 4766; x_wconf 76' lang='grc' dir='ltr'>ψῆφος</span> <span class='ocrx_word' id='word_1_716' title='bbox 999 4687 1302 4766; x_wconf 72' lang='grc' dir='ltr'>ἐκφέρεται.</span> <span class='ocrx_word' id='word_1_717' title='bbox 1378 4688 1641 4750; x_wconf 84' lang='grc' dir='ltr'>Ἐκείνοις</span> <span class='ocrx_word' id='word_1_718' title='bbox 1722 4688 1816 4760; x_wconf 76' lang='grc' dir='ltr'>μὲν</span> <span class='ocrx_word' id='word_1_719' title='bbox 1882 4689 1916 4742; x_wconf 78' lang='grc' dir='ltr'>ὀί</span> 
     </span>
    </p>
   </div>
   <div class='ocr_carea' id='block_1_96' title="bbox 251 4773 1911 4856">
    <p class='ocr_par' dir='ltr' id='par_1_96' title="bbox 251 4773 1911 4856">
     <span class='ocr_line' id='line_1_96' title="bbox 251 4773 1911 4856; baseline -0.003 -20"><span class='ocrx_word' id='word_1_720' title='bbox 251 4779 540 4855; x_wconf 78' lang='grc' dir='ltr'>μηδεμίαν</span> <span class='ocrx_word' id='word_1_721' title='bbox 617 4779 768 4856; x_wconf 77' lang='grc' dir='ltr'>φέρει</span> <span class='ocrx_word' id='word_1_722' title='bbox 876 4773 1091 4853; x_wconf 75' lang='grc' dir='ltr'>βλάϐην</span> <span class='ocrx_word' id='word_1_723' title='bbox 1197 4775 1401 4832; x_wconf 72' lang='grc' dir='ltr'>οἴκοθεν</span> <span class='ocrx_word' id='word_1_724' title='bbox 1503 4777 1569 4833; x_wconf 75' lang='grc' dir='ltr'><strong>τὰ</strong></span> <span class='ocrx_word' id='word_1_725' title='bbox 1675 4778 1911 4852; x_wconf 87' lang='grc' dir='ltr'>βρώμα-</span> 
     </span>
    </p>
   </div>
   <div class='ocr_carea' id='block_1_97' title="bbox 244 4864 1914 4946">
    <p class='ocr_par' dir='ltr' id='par_1_97' title="bbox 244 4864 1914 4946">
     <span class='ocr_line' id='line_1_97' title="bbox 244 4864 1914 4946; baseline -0.002 -22"><span class='ocrx_word' id='word_1_726' title='bbox 244 4891 316 4925; x_wconf 79' lang='grc' dir='ltr'><strong>τα</strong></span> <span class='ocrx_word' id='word_1_727' title='bbox 344 4864 784 4943; x_wconf 76' lang='grc' dir='ltr'>καθυϐρίζουσα,</span> <span class='ocrx_word' id='word_1_728' title='bbox 819 4867 972 4942; x_wconf 83' lang='grc' dir='ltr'>ὑμῶν</span> <span class='ocrx_word' id='word_1_729' title='bbox 1007 4865 1063 4922; x_wconf 74' lang='grc' dir='ltr'>δὲ</span> <span class='ocrx_word' id='word_1_730' title='bbox 1111 4867 1211 4936; x_wconf 83' lang='grc' dir='ltr'>τὴν</span> <span class='ocrx_word' id='word_1_731' title='bbox 1259 4865 1614 4946; x_wconf 70' lang='grc' dir='ltr'>βλασφημίαν</span> <span class='ocrx_word' id='word_1_732' title='bbox 1654 4887 1914 4942; x_wconf 85' lang='grc' dir='ltr'>προαναι-</span> 
     </span>
    </p>
   </div>
   <div class='ocr_carea' id='block_1_98' title="bbox 251 4954 1910 5034">
    <p class='ocr_par' dir='ltr' id='par_1_98' title="bbox 251 4954 1910 5034">
     <span class='ocr_line' id='line_1_98' title="bbox 251 4954 1910 5034; baseline -0.001 -20"><span class='ocrx_word' id='word_1_733' title='bbox 251 4963 428 5032; x_wconf 76' lang='grc' dir='ltr'>ροῦσα</span> <span class='ocrx_word' id='word_1_734' title='bbox 476 4959 572 5016; x_wconf 78' lang='grc' dir='ltr'><strong>καὶ</strong></span> <span class='ocrx_word' id='word_1_735' title='bbox 632 4956 1091 5034; x_wconf 81' lang='grc' dir='ltr'>προεκτέμνουσα,</span> <span class='ocrx_word' id='word_1_736' title='bbox 1159 4954 1230 5012; x_wconf 84' lang='grc' dir='ltr'>δι’</span> <span class='ocrx_word' id='word_1_737' title='bbox 1295 4959 1360 5026; x_wconf 69' lang='grc' dir='ltr'>ἧς</span> <span class='ocrx_word' id='word_1_738' title='bbox 1433 4956 1694 5032; x_wconf 89' lang='grc' dir='ltr'>πονηρίας</span> <span class='ocrx_word' id='word_1_739' title='bbox 1775 4957 1910 5012; x_wconf 78' lang='grc' dir='ltr'>εἶναι</span> 
     </span>
    </p>
   </div>
   <div class='ocr_carea' id='block_1_99' title="bbox 247 5045 1910 5123">
    <p class='ocr_par' dir='ltr' id='par_1_99' title="bbox 247 5045 1910 5123">
     <span class='ocr_line' id='line_1_99' title="bbox 247 5045 1910 5123; baseline -0.002 -20"><span class='ocrx_word' id='word_1_740' title='bbox 247 5049 422 5105; x_wconf 84' lang='grc' dir='ltr'>ταῦτα</span> <span class='ocrx_word' id='word_1_741' title='bbox 469 5048 564 5104; x_wconf 80' lang='grc' dir='ltr'>καὶ</span> <span class='ocrx_word' id='word_1_742' title='bbox 599 5046 777 5123; x_wconf 87' lang='grc' dir='ltr'>λέγειν</span> <span class='ocrx_word' id='word_1_743' title='bbox 813 5045 902 5102; x_wconf 80' lang='grc' dir='ltr'><strong>καὶ</strong></span> <span class='ocrx_word' id='word_1_744' title='bbox 949 5047 1194 5122; x_wconf 85' lang='grc' dir='ltr'>νομίζειν</span> <span class='ocrx_word' id='word_1_745' title='bbox 1244 5045 1648 5122; x_wconf 85' lang='grc' dir='ltr'>παρηνέχθητε.</span> <span class='ocrx_word' id='word_1_746' title='bbox 1701 5045 1761 5102; x_wconf 73' lang='lat' dir='ltr'><strong>Et</strong></span> <span class='ocrx_word' id='word_1_747' title='bbox 1802 5048 1910 5122; x_wconf 85' lang='grc' dir='ltr'><strong>γὰρ</strong></span> 
     </span>
    </p>
   </div>
   <div class='ocr_carea' id='block_1_100' title="bbox 319 5185 883 5256">
    <p class='ocr_par' dir='ltr' id='par_1_100' title="bbox 319 5185 883 5256">
     <span class='ocr_line' id='line_1_100' title="bbox 319 5185 883 5256; baseline -0.004 -11"><span class='ocrx_word' id='word_1_748' title='bbox 319 5187 373 5223; x_wconf 81' lang='grc'>³³</span> <span class='ocrx_word' id='word_1_749' title='bbox 397 5187 610 5244; x_wconf 77' lang='lat' dir='ltr'><strong>Matth.</strong></span> <span class='ocrx_word' id='word_1_750' title='bbox 645 5202 765 5256; x_wconf 72' lang='lat' dir='ltr'><strong>mi,</strong></span> <span class='ocrx_word' id='word_1_751' title='bbox 793 5185 883 5243; x_wconf 81' lang='grc'>11.</span> 
     </span>
    </p>
   </div>
   <div class='ocr_carea' id='block_1_101' title="bbox 2025 4595 3678 4672">
    <p class='ocr_par' dir='ltr' id='par_1_101' title="bbox 2025 4595 3678 4672">
     <span class='ocr_line' id='line_1_101' title="bbox 2025 4595 3678 4672; baseline -0.005 -16"><span class='ocrx_word' id='word_1_752' title='bbox 2025 4618 2126 4656; x_wconf 92' lang='lat' dir='ltr'><strong>vos</strong></span> <span class='ocrx_word' id='word_1_753' title='bbox 2150 4606 2366 4668; x_wconf 91' lang='lat' dir='ltr'><strong>autem,</strong></span> <span class='ocrx_word' id='word_1_754' title='bbox 2393 4617 2641 4672; x_wconf 91' lang='lat' dir='ltr'><strong>quorum</strong></span> <span class='ocrx_word' id='word_1_755' title='bbox 2668 4599 3018 4654; x_wconf 88' lang='lat' dir='ltr'><strong>calumniam</strong></span> <span class='ocrx_word' id='word_1_756' title='bbox 3043 4603 3288 4668; x_wconf 89' lang='lat' dir='ltr'><strong>occupat</strong></span> <span class='ocrx_word' id='word_1_757' title='bbox 3319 4603 3374 4651; x_wconf 89' lang='lat' dir='ltr'><strong>et</strong></span> <span class='ocrx_word' id='word_1_758' title='bbox 3406 4595 3678 4667; x_wconf 71' lang='lat' dir='ltr'><strong>praascin-</strong></span> 
     </span>
    </p>
   </div>
   <div class='ocr_carea' id='block_1_102' title="bbox 2025 4683 3678 4762">
    <p class='ocr_par' dir='ltr' id='par_1_102' title="bbox 2025 4683 3678 4762">
     <span class='ocr_line' id='line_1_102' title="bbox 2025 4683 3678 4762; baseline -0.004 -17"><span class='ocrx_word' id='word_1_759' title='bbox 2025 4691 2130 4758; x_wconf 89' lang='lat' dir='ltr'><strong>dit,</strong></span> <span class='ocrx_word' id='word_1_760' title='bbox 2163 4706 2265 4760; x_wconf 90' lang='lat' dir='ltr'><strong>per</strong></span> <span class='ocrx_word' id='word_1_761' title='bbox 2285 4707 2458 4762; x_wconf 87' lang='lat' dir='ltr'><strong>quam</strong></span> <span class='ocrx_word' id='word_1_762' title='bbox 2486 4705 2553 4744; x_wconf 86' lang='lat' dir='ltr'><strong>ex</strong></span> <span class='ocrx_word' id='word_1_763' title='bbox 2575 4687 2724 4743; x_wconf 85' lang='lat' dir='ltr'><strong>Malo</strong></span> <span class='ocrx_word' id='word_1_764' title='bbox 2747 4703 2812 4743; x_wconf 91' lang='lat' dir='ltr'><strong>ea</strong></span> <span class='ocrx_word' id='word_1_765' title='bbox 2833 4704 2961 4744; x_wconf 87' lang='lat' dir='ltr'><strong>esse</strong></span> <span class='ocrx_word' id='word_1_766' title='bbox 2983 4692 3039 4743; x_wconf 85' lang='lat' dir='ltr'><strong>et</strong></span> <span class='ocrx_word' id='word_1_767' title='bbox 3061 4688 3251 4743; x_wconf 90' lang='lat' dir='ltr'><strong>dicere</strong></span> <span class='ocrx_word' id='word_1_768' title='bbox 3273 4692 3327 4740; x_wconf 91' lang='lat' dir='ltr'><strong>et</strong></span> <span class='ocrx_word' id='word_1_769' title='bbox 3347 4683 3678 4740; x_wconf 78' lang='lat' dir='ltr'><strong>existimare</strong></span> 
     </span>
    </p>
   </div>
   <div class='ocr_carea' id='block_1_103' title="bbox 2023 4775 3674 4844">
    <p class='ocr_par' dir='ltr' id='par_1_103' title="bbox 2023 4775 3674 4844">
     <span class='ocr_line' id='line_1_103' title="bbox 2023 4775 3674 4844; baseline -0.004 -10"><span class='ocrx_word' id='word_1_770' title='bbox 2023 4778 2340 4834; x_wconf 85' lang='lat' dir='ltr'><strong>sustinetis.</strong></span> <span class='ocrx_word' id='word_1_771' title='bbox 2375 4776 2540 4844; x_wconf 87' lang='lat' dir='ltr'><strong>Quod</strong></span> <span class='ocrx_word' id='word_1_772' title='bbox 2573 4777 2622 4832; x_wconf 90' lang='lat' dir='ltr'><strong>si</strong></span> <span class='ocrx_word' id='word_1_773' title='bbox 2654 4778 2811 4834; x_wconf 90' lang='lat' dir='ltr'><strong>enim</strong></span> <span class='ocrx_word' id='word_1_774' title='bbox 2842 4795 2872 4831; x_wconf 88' lang='lat' dir='ltr'><strong>a</strong></span> <span class='ocrx_word' id='word_1_775' title='bbox 2903 4776 3054 4832; x_wconf 88' lang='lat' dir='ltr'><strong>malo</strong></span> <span class='ocrx_word' id='word_1_776' title='bbox 3082 4775 3383 4832; x_wconf 81' lang='lat' dir='ltr'><strong>conditore</strong></span> <span class='ocrx_word' id='word_1_777' title='bbox 3407 4777 3547 4829; x_wconf 91' lang='lat' dir='ltr'><strong>sunt</strong></span> <span class='ocrx_word' id='word_1_778' title='bbox 3580 4789 3674 4829; x_wconf 76' lang='lat' dir='ltr'><strong>se-</strong></span> 
     </span>
    </p>
   </div>
   <div class='ocr_carea' id='block_1_104' title="bbox 2023 4863 3674 4938">
    <p class='ocr_par' dir='ltr' id='par_1_104' title="bbox 2023 4863 3674 4938">
     <span class='ocr_line' id='line_1_104' title="bbox 2023 4863 3674 4938; baseline -0.004 -15"><span class='ocrx_word' id='word_1_779' title='bbox 2023 4868 2184 4923; x_wconf 90' lang='lat' dir='ltr'><strong>mina</strong></span> <span class='ocrx_word' id='word_1_780' title='bbox 2212 4871 2269 4922; x_wconf 86' lang='lat' dir='ltr'><strong>et</strong></span> <span class='ocrx_word' id='word_1_781' title='bbox 2302 4865 2567 4938; x_wconf 88' lang='lat' dir='ltr'><strong>germina</strong></span> <span class='ocrx_word' id='word_1_782' title='bbox 2597 4881 2666 4920; x_wconf 85' lang='lat' dir='ltr'><strong>ex</strong></span> <span class='ocrx_word' id='word_1_783' title='bbox 2707 4870 2858 4922; x_wconf 83' lang='lat' dir='ltr'><strong>terra</strong></span> <span class='ocrx_word' id='word_1_784' title='bbox 2887 4870 3032 4935; x_wconf 89' lang='lat' dir='ltr'><strong>orta,</strong></span> <span class='ocrx_word' id='word_1_785' title='bbox 3075 4869 3134 4922; x_wconf 87' lang='lat' dir='ltr'><strong>et</strong></span> <span class='ocrx_word' id='word_1_786' title='bbox 3180 4881 3306 4936; x_wconf 64' lang='lat' dir='ltr'><strong>quae</strong></span> <span class='ocrx_word' id='word_1_787' title='bbox 3353 4863 3424 4920; x_wconf 88' lang='lat' dir='ltr'><strong>ad</strong></span> <span class='ocrx_word' id='word_1_788' title='bbox 3458 4878 3674 4930; x_wconf 89' lang='lat' dir='ltr'><strong>rerum,</strong></span> 
     </span>
    </p>
   </div>
   <div class='ocr_carea' id='block_1_105' title="bbox 2023 4950 3677 5028">
    <p class='ocr_par' dir='ltr' id='par_1_105' title="bbox 2023 4950 3677 5028">
     <span class='ocr_line' id='line_1_105' title="bbox 2023 4950 3677 5028; baseline -0.004 -17"><span class='ocrx_word' id='word_1_789' title='bbox 2023 4957 2244 5013; x_wconf 88' lang='lat' dir='ltr'><strong>ratione</strong></span> <span class='ocrx_word' id='word_1_790' title='bbox 2284 4956 2632 5024; x_wconf 87' lang='lat' dir='ltr'><strong>carentium,</strong></span> <span class='ocrx_word' id='word_1_791' title='bbox 2674 4957 2917 5012; x_wconf 87' lang='lat' dir='ltr'><strong>classem</strong></span> <span class='ocrx_word' id='word_1_792' title='bbox 2962 4955 3272 5028; x_wconf 88' lang='lat' dir='ltr'><strong>pertinent,</strong></span> <span class='ocrx_word' id='word_1_793' title='bbox 3323 4968 3515 5010; x_wconf 90' lang='lat' dir='ltr'><strong>nonne</strong></span> <span class='ocrx_word' id='word_1_794' title='bbox 3575 4950 3677 5006; x_wconf 87' lang='lat' dir='ltr'><strong>illa</strong></span> 
     </span>
    </p>
   </div>
   <div class='ocr_carea' id='block_1_106' title="bbox 2019 5041 3676 5117">
    <p class='ocr_par' dir='ltr' id='par_1_106' title="bbox 2019 5041 3676 5117">
     <span class='ocr_line' id='line_1_106' title="bbox 2019 5041 3676 5117; baseline -0.002 -15"><span class='ocrx_word' id='word_1_795' title='bbox 2019 5063 2140 5115; x_wconf 89' lang='lat' dir='ltr'><strong>eos,</strong></span> <span class='ocrx_word' id='word_1_796' title='bbox 2173 5048 2273 5116; x_wconf 87' lang='lat' dir='ltr'><strong>qui</strong></span> <span class='ocrx_word' id='word_1_797' title='bbox 2295 5045 2386 5103; x_wconf 90' lang='lat' dir='ltr'><strong>bis</strong></span> <span class='ocrx_word' id='word_1_798' title='bbox 2420 5045 2691 5102; x_wconf 85' lang='lat' dir='ltr'><strong>fruuntur</strong></span> <span class='ocrx_word' id='word_1_799' title='bbox 2721 5049 2778 5102; x_wconf 87' lang='lat' dir='ltr'><strong>et</strong></span> <span class='ocrx_word' id='word_1_800' title='bbox 2807 5046 3174 5114; x_wconf 89' lang='lat' dir='ltr'><strong>nutriuntur,</strong></span> <span class='ocrx_word' id='word_1_801' title='bbox 3197 5043 3471 5117; x_wconf 87' lang='lat' dir='ltr'><strong>polluunt</strong></span> <span class='ocrx_word' id='word_1_802' title='bbox 3491 5047 3547 5098; x_wconf 87' lang='lat' dir='ltr'><strong>et</strong></span> <span class='ocrx_word' id='word_1_803' title='bbox 3583 5041 3676 5098; x_wconf 90' lang='lat' dir='ltr'><strong>in-</strong></span> 
     </span>
    </p>
   </div>
   <div class='ocr_carea' id='block_1_107' title="bbox 1436 5309 2434 5370">
    <p class='ocr_par' dir='ltr' id='par_1_107' title="bbox 1436 5309 2434 5370">
     <span class='ocr_line' id='line_1_107' title="bbox 1436 5309 2434 5370; baseline -0.005 0"><span class='ocrx_word' id='word_1_804' title='bbox 1436 5313 1606 5370; x_wconf 80' lang='lat' dir='ltr'><strong>VARI</strong></span> <span class='ocrx_word' id='word_1_805' title='bbox 1649 5311 2038 5370; x_wconf 83' lang='lat' dir='ltr'><strong>LECTIONES</strong></span> <span class='ocrx_word' id='word_1_806' title='bbox 2077 5310 2166 5366; x_wconf 86' lang='lat' dir='ltr'><strong>ET</strong></span> <span class='ocrx_word' id='word_1_807' title='bbox 2203 5309 2434 5366; x_wconf 65' lang='lat' dir='ltr'><strong>NOTZE.</strong></span> 
     </span>
    </p>
   </div>
   <div class='ocr_carea' id='block_1_108' title="bbox 327 5425 1916 5504">
    <p class='ocr_par' dir='ltr' id='par_1_108' title="bbox 327 5425 1916 5504">
     <span class='ocr_line' id='line_1_108' title="bbox 327 5425 1916 5504; baseline -0.005 -16"><span class='ocrx_word' id='word_1_808' title='bbox 327 5433 415 5503; x_wconf 71' lang='grc'><strong>(4)</strong></span> <span class='ocrx_word' id='word_1_809' title='bbox 484 5426 972 5504; x_wconf 61' lang='lat' dir='ltr'><strong>Blnpm1a&#39;c._lta</strong></span> <span class='ocrx_word' id='word_1_810' title='bbox 1037 5430 1268 5503; x_wconf 83' lang='lat' dir='ltr'><strong>quidem</strong></span> <span class='ocrx_word' id='word_1_811' title='bbox 1332 5428 1459 5502; x_wconf 80' lang='lat' dir='ltr'><strong>lego</strong></span> <span class='ocrx_word' id='word_1_812' title='bbox 1508 5430 1622 5504; x_wconf 80' lang='lat' dir='ltr'><strong>&#39;pro</strong></span> <span class='ocrx_word' id='word_1_813' title='bbox 1681 5425 1916 5504; x_wconf 76' lang='grc' dir='ltr'>πληρω-</span> 
     </span>
    </p>
   </div>
   <div class='ocr_carea' id='block_1_109' title="bbox 255 5501 1915 5576">
    <p class='ocr_par' dir='ltr' id='par_1_109' title="bbox 255 5501 1915 5576">
     <span class='ocr_line' id='line_1_109' title="bbox 255 5501 1915 5576; baseline -0.001 -18"><span class='ocrx_word' id='word_1_814' title='bbox 255 5501 470 5573; x_wconf 47' lang='lat' dir='ltr'><strong>agnae,</strong></span> <span class='ocrx_word' id='word_1_815' title='bbox 506 5501 667 5576; x_wconf 78' lang='lat' dir='ltr'><strong>quod</strong></span> <span class='ocrx_word' id='word_1_816' title='bbox 699 5509 818 5560; x_wconf 85' lang='lat' dir='ltr'><strong>erat</strong></span> <span class='ocrx_word' id='word_1_817' title='bbox 863 5502 923 5558; x_wconf 89' lang='lat' dir='ltr'><strong>in</strong></span> <span class='ocrx_word' id='word_1_818' title='bbox 976 5501 1084 5576; x_wconf 62' lang='lat' dir='ltr'><strong>me.</strong></span> <span class='ocrx_word' id='word_1_819' title='bbox 1113 5519 1128 5572; x_wconf 87' lang='lat'><strong>;</strong></span> <span class='ocrx_word' id='word_1_820' title='bbox 1161 5518 1346 5560; x_wconf 86' lang='lat' dir='ltr'><strong>sermo</strong></span> <span class='ocrx_word' id='word_1_821' title='bbox 1398 5501 1487 5560; x_wconf 84' lang='lat' dir='ltr'><strong>est</strong></span> <span class='ocrx_word' id='word_1_822' title='bbox 1515 5501 1670 5557; x_wconf 89' lang='lat' dir='ltr'><strong>enim</strong></span> <span class='ocrx_word' id='word_1_823' title='bbox 1706 5502 1776 5556; x_wconf 92' lang='lat' dir='ltr'><strong>de</strong></span> <span class='ocrx_word' id='word_1_824' title='bbox 1808 5501 1915 5557; x_wconf 88' lang='lat' dir='ltr'><strong>ho-</strong></span> 
     </span>
    </p>
   </div>
   <div class='ocr_carea' id='block_1_110' title="bbox 258 5573 1176 5647">
    <p class='ocr_par' dir='ltr' id='par_1_110' title="bbox 258 5573 1176 5647">
     <span class='ocr_line' id='line_1_110' title="bbox 258 5573 1176 5647; baseline -0.001 -15"><span class='ocrx_word' id='word_1_825' title='bbox 258 5573 539 5632; x_wconf 68' lang='lat' dir='ltr'><strong>minibus</strong></span> <span class='ocrx_word' id='word_1_826' title='bbox 563 5573 1176 5647; x_wconf 64' lang='lat' dir='ltr'><strong>legemservantibus.</strong></span> 
     </span>
    </p>
   </div>
   <div class='ocr_carea' id='block_1_111' title="bbox 327 5645 1916 5774">
    <p class='ocr_par' dir='ltr' id='par_1_111' title="bbox 327 5645 1916 5774">
     <span class='ocr_line' id='line_1_111' title="bbox 327 5645 1916 5774; baseline -0.001 -72"><span class='ocrx_word' id='word_1_827' title='bbox 327 5648 414 5774; x_wconf 52' lang='lat'><strong>(52</strong></span> <span class='ocrx_word' id='word_1_828' title='bbox 450 5645 660 5728; x_wconf 54' lang='lat' dir='ltr'><strong>&#39;1.P6)V:.</strong></span> <span class='ocrx_word' id='word_1_829' title='bbox 721 5645 828 5704; x_wconf 84' lang='lat' dir='ltr'><strong>Ms.</strong></span> <span class='ocrx_word' id='word_1_830' title='bbox 883 5645 1026 5728; x_wconf 76' lang='lat' dir='ltr'><strong>legit</strong></span> <span class='ocrx_word' id='word_1_831' title='bbox 1081 5645 1260 5730; x_wconf 65' lang='grc' dir='ltr'>ἡμῶν,</span> <span class='ocrx_word' id='word_1_832' title='bbox 1323 5645 1821 5728; x_wconf 72' lang='lat' dir='ltr'><strong>quemadmodum</strong></span> <span class='ocrx_word' id='word_1_833' title='bbox 1862 5652 1916 5700; x_wconf 87' lang='lat' dir='ltr'><strong>el</strong></span> 
     </span>
     <span class='ocr_line' id='line_1_112' title="bbox 327 5715 1916 5774; baseline 0 -1"><span class='ocrx_word' id='word_1_834' title='bbox 327 5735 376 5774; x_wconf 86' lang='lat' dir='ltr'><strong>.n</strong></span> <span class='ocrx_word' id='word_1_835' title='bbox 408 5735 442 5774; x_wconf 93' lang='grc' dir='ltr'><strong>ο</strong></span> <span class='ocrx_word' id='word_1_836' title='bbox 472 5723 614 5774; x_wconf 72' lang='lat' dir='ltr'><strong>post</strong></span> <span class='ocrx_word' id='word_1_837' title='bbox 637 5721 848 5774; x_wconf 78' lang='lat' dir='ltr'><strong>iterum</strong></span> <span class='ocrx_word' id='word_1_838' title='bbox 879 5733 940 5773; x_wconf 88' lang='lat' dir='ltr'><strong>1n</strong></span> <span class='ocrx_word' id='word_1_839' title='bbox 971 5717 1082 5773; x_wconf 85' lang='lat' dir='ltr'><strong>hac</strong></span> <span class='ocrx_word' id='word_1_840' title='bbox 1107 5715 1364 5774; x_wconf 76' lang='lat' dir='ltr'><strong>periodo.</strong></span> <span class='ocrx_word' id='word_1_841' title='bbox 1398 5717 1676 5774; x_wconf 73' lang='lat' dir='ltr'><strong>Utrinque</strong></span> <span class='ocrx_word' id='word_1_842' title='bbox 1706 5732 1807 5774; x_wconf 84' lang='lat' dir='ltr'><strong>uer</strong></span> <span class='ocrx_word' id='word_1_843' title='bbox 1826 5731 1916 5773; x_wconf 91' lang='lat' dir='ltr'><strong>er-</strong></span> 
     </span>
    </p>
   </div>
   <div class='ocr_carea' id='block_1_112' title="bbox 251 5715 1916 5791">
    <p class='ocr_par' dir='ltr' id='par_1_112' title="bbox 251 5715 1916 5791">
     <span class='ocr_line' id='line_1_113' title="bbox 251 5715 1916 5791; baseline 0 -18"><span class='ocrx_word' id='word_1_844' title='bbox 251 5715 442 5790; x_wconf 76' lang='lat' dir='ltr'><strong>panlo</strong></span> <span class='ocrx_word' id='word_1_845' title='bbox 472 5715 614 5791; x_wconf 70' lang='lat' dir='ltr'><strong>post</strong></span> <span class='ocrx_word' id='word_1_846' title='bbox 637 5719 848 5774; x_wconf 85' lang='lat' dir='ltr'><strong>iterum</strong></span> <span class='ocrx_word' id='word_1_847' title='bbox 879 5715 1082 5773; x_wconf 21' lang='lat' dir='ltr'><strong>inibac</strong></span> <span class='ocrx_word' id='word_1_848' title='bbox 1107 5715 1364 5789; x_wconf 65' lang='lat' dir='ltr'><strong>periodo}</strong></span> <span class='ocrx_word' id='word_1_849' title='bbox 1398 5716 1676 5788; x_wconf 90' lang='lat' dir='ltr'><strong>Utrinque</strong></span> <span class='ocrx_word' id='word_1_850' title='bbox 1705 5732 1807 5790; x_wconf 88' lang='lat' dir='ltr'><strong>per</strong></span> <span class='ocrx_word' id='word_1_851' title='bbox 1826 5731 1916 5773; x_wconf 91' lang='lat' dir='ltr'><strong>er-</strong></span> 
     </span>
    </p>
   </div>
   <div class='ocr_carea' id='block_1_113' title="bbox 2025 5422 3668 5498">
    <p class='ocr_par' dir='ltr' id='par_1_113' title="bbox 2025 5422 3668 5498">
     <span class='ocr_line' id='line_1_114' title="bbox 2025 5422 3668 5498; baseline -0.002 -16"><span class='ocrx_word' id='word_1_852' title='bbox 2025 5441 2216 5498; x_wconf 86' lang='lat' dir='ltr'><strong>rorem</strong></span> <span class='ocrx_word' id='word_1_853' title='bbox 2245 5423 2507 5498; x_wconf 75' lang='lat' dir='ltr'><strong>lib_rarii._</strong></span> <span class='ocrx_word' id='word_1_854' title='bbox 2519 5423 2785 5498; x_wconf 79' lang='lat' dir='ltr'><strong>Sequens</strong></span> <span class='ocrx_word' id='word_1_855' title='bbox 2813 5425 2969 5498; x_wconf 84' lang='lat' dir='ltr'><strong>enim</strong></span> <span class='ocrx_word' id='word_1_856' title='bbox 2997 5423 3384 5498; x_wconf 78' lang='grc' dir='ltr'>παρηνέχθητε</span> <span class='ocrx_word' id='word_1_857' title='bbox 3412 5422 3668 5498; x_wconf 63' lang='lat' dir='ltr'><strong>ostendit</strong></span> 
     </span>
    </p>
   </div>
   <div class='ocr_carea' id='block_1_114' title="bbox 2025 5495 3670 5568">
    <p class='ocr_par' dir='ltr' id='par_1_114' title="bbox 2025 5495 3670 5568">
     <span class='ocr_line' id='line_1_115' title="bbox 2025 5495 3670 5568; baseline -0.001 -16"><span class='ocrx_word' id='word_1_858' title='bbox 2025 5496 2295 5553; x_wconf 89' lang='lat' dir='ltr'><strong>Photium</strong></span> <span class='ocrx_word' id='word_1_859' title='bbox 2327 5495 2420 5552; x_wconf 87' lang='lat' dir='ltr'><strong>hic</strong></span> <span class='ocrx_word' id='word_1_860' title='bbox 2460 5495 2674 5568; x_wconf 83' lang='lat' dir='ltr'><strong>alloqui</strong></span> <span class='ocrx_word' id='word_1_861' title='bbox 2721 5495 3112 5566; x_wconf 84' lang='lat' dir='ltr'><strong>Paulicianos,</strong></span> <span class='ocrx_word' id='word_1_862' title='bbox 3141 5495 3417 5568; x_wconf 19' lang='lat' dir='ltr'><strong>eos&#39;que‘a</strong></span> <span class='ocrx_word' id='word_1_863' title='bbox 3462 5495 3670 5568; x_wconf 82' lang='lat' dir='ltr'><strong>Serva-</strong></span> 
     </span>
    </p>
   </div>
   <div class='ocr_carea' id='block_1_115' title="bbox 2028 5565 3668 5713">
    <p class='ocr_par' dir='ltr' id='par_1_115' title="bbox 2028 5565 3668 5713">
     <span class='ocr_line' id='line_1_116' title="bbox 2028 5565 3668 5696; baseline -0.002 -72"><span class='ocrx_word' id='word_1_864' title='bbox 2028 5568 2514 5696; x_wconf 36' lang='lat' dir='ltr'><strong>tozercqnt‘utatos</strong></span> <span class='ocrx_word' id='word_1_865' title='bbox 2543 5565 2753 5626; x_wconf 76' lang='lat' dir='ltr'><strong>dicere.</strong></span> <span class='ocrx_word' id='word_1_866' title='bbox 2785 5569 2984 5640; x_wconf 86' lang='lat' dir='ltr'><strong>Itaque</strong></span> <span class='ocrx_word' id='word_1_867' title='bbox 3033 5565 3307 5640; x_wconf 84' lang='lat' dir='ltr'><strong>utrinque</strong></span> <span class='ocrx_word' id='word_1_868' title='bbox 3361 5565 3668 5637; x_wconf 81' lang='lat' dir='ltr'><strong>legendum</strong></span> 
     </span>
     <span class='ocr_line' id='line_1_117' title="bbox 2028 5658 2325 5713; baseline -0.007 -16"><span class='ocrx_word' id='word_1_869' title='bbox 2028 5658 2088 5697; x_wconf 92' lang='lat' dir='ltr'><strong>es</strong></span> <span class='ocrx_word' id='word_1_870' title='bbox 2150 5660 2325 5713; x_wconf 84' lang='grc' dir='ltr'>υμων.</span> 
     </span>
    </p>
   </div>
  </div>
