4084 6210
447 334 564 395 207

1645 335 1911 400 PHOTII
1954 335 2480 400 PATRIARCHAE
2521 343 2640 404 CP.

3726 346 3840 408 208

442 485 713 557 quinant,
736 503 798 542 ac
821 487 1060 560 duplici,
1084 487 1204 543 imo
1237 503 1366 544 vero
1389 485 1681 558 multipici
1715 504 1783 544 ac
1813 486 2048 544 continu

2158 473 2302 560 ιτῆς
2359 470 2670 546 ἀρχεκάκου
2727 475 3094 548 δημιουργίας
3157 475 3225 528 τὰ
3273 474 3378 529 ἀπὸ
3436 481 3541 549 γῆς
3607 478 3844 555 φυόμενα

439 575 720 645 pravitate
750 577 994 648 implent
1015 579 1174 643 dum,
1205 575 1340 632 hinc
1372 574 1645 632 malitiam
1670 575 1938 633 humanis
1959 591 2088 631 cor-

437 664 680 734 poribus
712 667 784 722 ab
817 671 940 722 ortu
965 666 1197 721 insitam
1222 671 1456 734 augent,
1485 673 1828 722 conservant
1865 671 1921 722 et
1953 681 2087 721 con-

438 753 626 809 tinent
681 772 694 822 ;
754 755 888 810 hinc
941 755 1281 825 pravitatem
1340 754 1603 810 innatam
1658 760 1956 810 maturant
2029 762 2083 809 el

437 844 811 914 protrudunt.
873 844 980 898 Sed
1017 845 1065 898 si
1118 843 1276 914 leges
1328 843 1596 900 Mosaicis
1645 862 1758 900 non
1802 850 1999 901 essent
2049 862 2082 898 a

435 930 696 988 beneﬁca
746 933 1100 1002 providentia
1149 933 1440 1003 profectas,
1475 935 1766 1006 quomodo
1797 934 2081 989 Dominus

436 1021 596 1092 regni
631 1021 906 1076 cmlorum
950 1019 1225 1090 scribam,
1277 1021 1409 1078 illas
1461 1023 1907 1094 approbantem,
1951 1021 2075 1093 pri-

435 1125 708 1180 mamque
741 1121 794 1167 et
841 1113 1152 1167 secundam
1183 1129 1385 1168 earum
1420 1113 1819 1184 recipientem,
1853 1112 2077 1181 dilexit,

427 1201 487 1253 et
538 1198 811 1255 laudibus
869 1201 1116 1270 ornavit,
1176 1202 1392 1273 quippe
1435 1203 1530 1273 qui
1589 1207 1644 1257 et
1687 1202 2077 1274 principatum

425 1285 543 1343 illis
573 1289 844 1345 tribuerit
882 1307 1015 1346 cum
1056 1291 1298 1358 ratione,
1331 1307 1544 1363 easque
1575 1291 1732 1347 cultu
1771 1297 1828 1347 et
1879 1291 2075 1347 studio

424 1386 766 1446 prosccutus
799 1382 874 1434 sit
909 1380 936 1434 ‘I
983 1379 1142 1444 Quod
1178 1396 1306 1434 vero
1338 1380 1407 1434 ab
1448 1380 1681 1436 laudem
1736 1379 1867 1452 plus
1898 1378 2073 1447 valet,

418 1467 565 1533 ideo,
599 1469 753 1537 quod
786 1485 819 1522 a
851 1472 999 1524 Bono
1032 1469 1288 1538 profecta
1332 1473 1497 1523 erant
1529 1468 1704 1525 Mosis
1765 1472 2070 1539 praecepta,

418 1570 572 1623 eum,
606 1556 704 1626 qui
739 1557 932 1612 inillis
964 1556 1185 1623 vixerit,
1209 1556 1552 1629 cultumque
1574 1557 1690 1613 illis
1713 1557 2068 1622 exhibuerit,

421 1660 538 1700 non
573 1645 772 1715 procul
827 1665 860 1702 a
911 1663 1088 1718 regno
1141 1647 1418 1703 caelorum
1459 1664 1587 1703 esse
1630 1648 1928 1719 professus
1961 1651 2070 1702 est.

418 1733 515 1789 Sic
562 1739 620 1790 et
669 1735 1002 1790 Zachariam
1053 1739 1113 1792 et
1161 1736 1582 1804 Elisabetham,
1627 1737 1808 1792 vitam
1859 1753 2066 1792 secun-

2196 557 2480 629 σπέρματα
2535 561 2624 616 καὶ
2707 562 3089 636 βλαστήματα,
3155 562 3244 617 καὶ
3298 562 3398 618 ὅσα
3464 565 3563 632 τήν
3641 563 3838 642 ἄλογον

2195 643 2551 722 ἐκληρώσατο
2629 652 2806 726 φύσιν,
2875 650 2963 706 ἐπὶ
3039 652 3165 714 τοὺς
3235 651 3566 728 μετέχοντας
3641 653 3836 726 αὐτῶν,

2189 737 2277 793 καὶ
2337 739 2424 793 ὑπ’
2480 741 2659 795 αὐτῶν
2714 741 3077 819 τρεφομένους
3122 739 3184 795 οἷ)
3247 737 3482 816 βεϐηλοῖ
3534 747 3703 798 ταῦτα
3748 746 3835 799 καὶ

2187 834 2384 882 κοινοῖ·
2418 829 2507 883 καὶ
2548 826 2774 903 διπλῆς,
2812 829 3025 904 μᾶλλον
3069 827 3124 884 δὲ
3155 828 3491 900 πολλαπλῆς
3522 833 3608 886 καὶ
3656 830 3828 903 διηνε-

2185 920 2314 977 κοῦς
2354 916 2710 991 ἐμπίμπλησι
2766 918 3056 994 πονηρίας,
3105 923 3270 974 τοῦτο
3333 921 3425 992 μὲν
3472 917 3694 991 αὔξοντα
3732 923 3831 992 τὴν

2187 1003 2608 1084 ἐμφωλεύουσαν
2665 1008 2769 1063 ἀπὸ
2809 1010 3062 1085 γενέσεως
3101 1013 3216 1069 τοῖς
3263 1008 3623 1084 ἀνθρωπίνοις
3654 1012 3836 1084 σώμα-

2187 1115 2240 1148 σι
2289 1095 2560 1171 πονηρίαν
2605 1094 2997 1171 διακρατοῦντά
3047 1117 3104 1152 σε
3162 1097 3253 1152 καὶ
3307 1097 3620 1173 συνέχοντα’
3669 1103 3828 1155 τοῦτο

2187 1183 2243 1240 δὲ
2289 1185 2378 1240 καὶ
2436 1188 2534 1256 τὴν
2586 1186 2638 1242 έν
2700 1187 2884 1250 αὐτοῖς
2931 1187 3167 1264 ἔμφυτον
3233 1186 3422 1242 κακίαν
3485 1188 3830 1265 ὑποφυόμενά

2183 1294 2239 1328 τε
2285 1274 2377 1329 καὶ
2442 1275 2803 1352 συνεπάγοντα
2836 1297 2849 1345 ;
2886 1275 3044 1333 Ἀλλ’
3097 1275 3142 1331 εί
3223 1277 3299 1348 μὴ
3355 1283 3457 1346 τῆς
3490 1276 3830 1354 ἀγαθουργοῦ

2184 1362 2442 1439 προνοίας
2489 1366 2625 1434 ἦσαν
2671 1367 2726 1421 αἱ
2786 1365 3072 1421 Μωσαϊκαὶ
3109 1365 3446 1439 νομοθεσίαι,
3491 1370 3607 1428 πῶς
3652 1368 3680 1422 ὁ
3729 1374 3829 1437 τῆς

2181 1457 2288 1508 τῶν
2351 1453 2598 1530 οὐρανῶν
2649 1454 2929 1530 βασιλείας
2975 1455 3177 1528 Κύριος
3223 1455 3313 1510 τὸν
3363 1458 3831 1530 συγκαταθέμενον

2180 1546 2398 1604 ταύταις
2454 1545 2776 1619 γραμματέα
2836 1543 2924 1598 καὶ
2975 1541 3371 1616 ἀποδεξάμενον
3426 1546 3525 1615 τήν
3575 1566 3634 1600 τε
3673 1545 3829 1620 πρώ-

2177 1656 2278 1706 την
2319 1631 2370 1688 έν
2409 1637 2490 1704 τῷ
2520 1633 2676 1706 νόμῳ
2705 1634 2793 1688 καὶ
2826 1634 2926 1702 τήν
2971 1629 3223 1708 δευτέραν
3263 1632 3522 1703 ἐντολήν,
3553 1633 3826 1710 ἠγάπησε,

2175 1723 2262 1777 καὶ
2299 1721 2369 1777 δι’
2401 1721 2632 1777 ἐπαίνων
2664 1720 3009 1792 ἐδεξιώσατο,
3043 1718 3127 1775 ὅτι
3152 1743 3209 1776 τε
3238 1726 3514 1798 νουνεχῶς
3547 1723 3726 1786 αὐταῖς
3759 1723 3825 1780 τό

419 1823 563 1878 dum
623 1824 807 1896 legem
865 1825 1246 1894 instruentes,
1305 1826 1499 1880 videre
1527 1800 1665 1881 licet
1709 1826 2048 1895 aScripturz

2174 1807 2470 1885 πρεσϐεῦον
2528 1809 2924 1884 έπεψηφίσατυ,
2958 1811 3048 1866 καὶ
3115 1809 3200 1865 ὅτι
3250 1812 3426 1885 τιμῶν
3455 1811 3547 1866 καὶ
3595 1812 3830 1882 ἀσπαζό-

417 1928 584 1968 sacra
646 1913 834 1982 justos
894 1914 1316 1984 pronuntiatos,
1367 1931 1483 1969 non
1547 1913 1914 1984 simpliciter,
1963 1914 2061 1969 sed

416 2000 495 2054 ita
545 2006 609 2055 ut
681 2001 913 2070 justitia
981 2003 1239 2072 ipsorum
1314 2019 1508 2057 coram
1575 2003 1685 2058 Deo
1763 2002 2067 2058 manifesta

415 2087 664 2143 dicatur.
705 2089 867 2152 Quod
921 2088 1116 2160 ipsum
1176 2089 1446 2159 ostendit,
1507 2106 1605 2146 eos
1659 2107 1774 2145 non
1827 2106 1896 2147 ex
1955 2091 2065 2146 bu-

411 2192 584 2231 mana
637 2175 816 2248 gloria
861 2177 1154 2247 justitiam
1214 2178 1489 2244 nancisci,
1543 2179 1641 2234 sed
1693 2195 1760 2234 ea
1816 2195 1899 2247 se,
1934 2183 2061 2235 tan-

411 2280 590 2336 quam
623 2265 802 2319 divini
827 2265 1038 2334 judicii
1067 2271 1297 2336 ornatu,
1330 2267 1559 2322 vestire.
1593 2267 1738 2330 Quid
1773 2285 1903 2324 vero
1938 2275 2061 2323 tan-

408 2354 538 2409 dem
571 2353 764 2424 operis
805 2354 1226 2424 praestiterunt,
1272 2360 1336 2409 ut
1369 2355 1513 2410 hanc
1545 2356 1812 2425 gratiam,
1863 2373 1924 2411 se
1963 2373 2059 2412 or-

406 2445 662 2508 nantem,
697 2451 1188 2510 consequerentur
1221 2442 1248 2496 ?
1286 2445 1348 2498 In
1377 2443 1879 2515 omnibus,inquit,
1908 2461 2056 2515 pree-

399 2532 564 2598 ceplis
609 2538 660 2584 ει
697 2529 967 2584 institutis
1008 2531 1229 2587 Domini
1279 2533 1636 2587 ambularunt
1667 2532 2052 2604 inculpabiles.

403 2617 645 2682 Quando
666 2618 846 2689 igitur
879 2637 1042 2675 sacra
1070 2623 1305 2676 oracula
1327 2638 1444 2688 eos,
1479 2623 1578 2692 qui
1612 2621 1882 2677 Mosaicis
1905 2639 2048 2693 pris-

401 2707 583 2779 ccptis
624 2708 852 2762 exerciti
912 2714 1068 2777 sunt,
1117 2711 1308 2780 justos
1367 2716 1422 2766 et
1455 2711 1888 2781 reprehensioni
1935 2728 2049 2767 non

403 2795 680 2853 obnoxios
713 2800 1114 2868 pronuntiant,
1162 2803 1221 2853 tu
1258 2816 1388 2856 vero
1421 2817 1518 2855 eos
1563 2804 1626 2854 ut
1658 2801 1888 2856 malitiae
1943 2801 2052 2855 mi-

403 2885 620 2942 nistros
667 2887 1011 2942 calumniari
1044 2889 1243 2956 audes,
1303 2905 1494 2944 nonne
1537 2890 1816 2958 ostendis,
1847 2897 1899 2945 te
1934 2907 2048 2946 non

404 2977 624 3042 minus,
655 2991 826 3048 quam
859 2975 1021 3045 alios,
1068 2978 1461 3034 Christianum
1499 2996 1706 3036 nomen
1757 2981 1989 3036 mentiri
2024 2981 2052 3034 ?

403 3067 527 3120 Imo
567 3081 758 3120 nonne
785 3083 898 3122 non
928 3067 1136 3135 minus,
1174 3067 1222 3123 si
1257 3085 1370 3124 non
1399 3069 1606 3140 magis,
1639 3078 1838 3125 contra
1866 3069 2052 3142 ipsam

400 3155 648 3227 gratiam
674 3173 851 3228 quam
873 3162 1072 3212 contra
1103 3157 1283 3228 legem
1317 3158 1593 3231 insurgis,
1625 3164 1682 3216 et
1702 3159 2049 3230 impialabia

394 3243 454 3298 in
486 3261 615 3300 eam
649 3261 866 3310 moves,
901 3262 1077 3316 quam
1099 3251 1291 3302 tamen
1317 3245 1518 3318 lingua
1539 3248 2046 3320 adorare,jetcultu

397 3335 665 3406 prosequi
696 3343 748 3391 te
777 3335 1025 3392 simulas
1066 3337 1094 3390 ?
1134 3336 1330 3392 Missio
1364 3353 1496 3392 vero
1529 3337 1816 3394 Gabrielis
1847 3357 1880 3394 a
1937 3344 2046 3394 Deo

391 3425 568 3492 facta,
640 3431 697 3481 et
771 3425 1149 3481 sanctificatio
1219 3425 1364 3482 uteri
1435 3427 1679 3498 virginei
1727 3445 1790 3482 ac
1850 3444 2042 3484 semen

389 3527 504 3569 non
536 3514 780 3584 experti,
833 3531 937 3570 nec
989 3515 1185 3570 minus
1217 3516 1568 3570 renuntiatio
1615 3515 1872 3586 Davidis,
1915 3521 2045 3572 tan-

388 3619 562 3675 quam
596 3603 782 3659 Patris
816 3603 950 3659 boni
996 3603 1392 3659 universitatis
1438 3620 1630 3660 rerum
1678 3605 1994 3662 conditoris
2027 3627 2040 3678 ;

386 3693 622 3748 traditio
666 3691 805 3748 item
853 3691 1050 3747 throni
1094 3691 1328 3747 Davidis
1361 3692 1500 3764 regii
1543 3710 1575 3748 a
1607 3709 1740 3764 rege
1781 3695 2040 3750 omnium

389 3779 448 3834 in
473 3785 816 3852 perpetuum
839 3781 989 3836 facta
1013 3797 1026 3848 ;
1051 3785 1174 3836 tum
1195 3797 1325 3837 vero
1343 3782 1472 3853 ipsa
1488 3783 1676 3838 carnis
1697 3785 2041 3856 assumptio,

391 3886 457 3926 ac
487 3871 743 3928 hominis
757 3871 1272 3944 appellatio,quam
1293 3873 1481 3930 bonus
1496 3874 1629 3929 boni
1657 3874 1842 3930 Patris
1865 3875 2040 3933 Filius

389 3963 648 4034 suscepit
679 3963 824 4033 (hac
872 3963 1026 4018 enim
1069 3962 1236 4034 quasi
1289 3980 1386 4036 per
1439 3963 1802 4020 reticentiam
1854 3965 2043 4022 obiter

387 4065 847 4108 commemorare
896 4053 978 4107 fas
1027 4051 1122 4116 sit,
1173 4069 1298 4108 cum
1374 4059 1645 4108 accurata
1717 4055 2040 4111 confutatio

385 4140 812 4214 blasphemiam
845 4158 1042 4197 secum
1081 4143 1248 4208 ferat,
1281 4159 1385 4198 nec
1413 4143 1558 4213 ipsis
1587 4143 1828 4198 auribus
1851 4145 2036 4198 feren-

385 4230 565 4300 dam),
600 4231 916 4302 quomodo,
949 4230 1208 4296 inquam,
1255 4231 1367 4284 ista
1425 4231 1619 4284 omnia
1652 4247 1769 4286 non
1801 4247 2034 4286 omnem

384 4319 522 4375 mali
553 4319 825 4390 principii
848 4317 1152 4371 audaciam
1187 4324 1244 4371 et
1277 4317 1492 4372 rabiem
1525 4317 1804 4386 dejiciant
1831 4319 1860 4370 ?
1887 4321 2035 4382 Quid

379 4408 536 4463 enim
571 4408 626 4462 id
664 4406 815 4478 quod
847 4404 984 4458 hinc
1015 4403 1408 4474 consequitur,
1444 4405 1632 4476 magis
1675 4403 2030 4464 horrendum
2067 4429 2114 4492 ι)

381 4501 437 4552 et
477 4497 712 4551 silentio
758 4492 1112 4566 prateritum
1158 4493 1362 4548 afferre
1405 4492 1630 4561 attinet,
1661 4495 1814 4565 quod
1856 4499 1912 4550 et
1937 4513 2036 4552 co-

381 4586 664 4658 gitatione
694 4582 925 4655 assequi
962 4582 1116 4650 licet,
1153 4587 1209 4638 et
1232 4584 1356 4653 jam
1386 4586 1518 4637 ante
1543 4582 1859 4640 indicatum
1893 4595 1978 4642 est
2008 4588 2036 4642 ?

377 4673 639 4744 Cumque
675 4673 757 4728 illi
792 4690 858 4730 eo
889 4673 1130 4730 insaniae
1174 4673 1506 4743 mentisque
1539 4673 1868 4744 pertinacia:
1899 4693 2026 4747 per-

376 4764 662 4833 venerint,
705 4768 767 4818 ut
795 4764 987 4818 cultus
1020 4763 1223 4836 legalis
1256 4763 1504 4818 asseclas
1527 4765 1944 4834 conviciantur,
1968 4771 2025 4823 et

377 4855 790 4923 condemnant,
824 4854 1116 4909 suffecerit
1145 4853 1406 4922 omnino,
1441 4853 1487 4907 si
1523 4853 1706 4924 pietas
1735 4853 2021 4925 impietati

374 4946 549 4998 tanta:
600 4943 742 4998 nihil
801 4943 957 4997 aliud
1007 4944 1365 5015 Opposuerit,
1418 4959 1593 5014 quam
1651 4946 2020 5000 tremendum

371 5031 522 5087 illud
607 5032 972 5102 mysterium,
1003 5031 1466 5088 incarnationem
1514 5031 1734 5088 scilicet
1787 5032 2020 5088 Domini

371 5121 558 5178 nostri
583 5121 724 5178 Jesu
752 5121 983 5190 Christi,
1009 5121 1463 5191 assumptionem
1498 5121 1685 5177 carnis
1707 5137 1774 5176 ex
1797 5121 2019 5177 semine

2179 1922 2340 1974 μενος
2371 1900 2566 1962 ταύτας
2596 1895 2751 1978 ὤφθη
2783 1918 2796 1969 ;
2830 1901 2927 1954 Καὶ
2959 1900 3020 1955 τὸ
3057 1905 3242 1974 μεῖζον
3277 1901 3354 1962 εἰς
3402 1899 3698 1976 ἐγκώμιον,
3734 1903 3826 1957 καὶ

2175 1989 2258 2046 ὅτι
2290 1997 2389 2059 τῆς
2424 1989 2763 2064 ἀγαθότητος
2793 1990 3072 2062 προῆλθον
3103 1991 3159 2044 αἱ
3191 1987 3279 2044 διὰ
3310 1991 3552 2052 Μωσέως
3581 1988 3825 2062 ἐντολαὶ,

2175 2079 2237 2134 ού
2294 2082 2502 2156 μακράν
2547 2080 2679 2136 εἶναι
2731 2081 3042 2159 ἀπεφήνατο
3084 2081 3177 2135 τὸν
3209 2079 3262 2135 ἐν
3293 2081 3514 2144 ταύταις
3548 2076 3818 2155 βεϐιωκό-

2173 2192 2260 2240 τα,
2286 2171 2373 2225 καὶ
2408 2172 2574 2243 τιμὴν
2608 2171 2797 2232 αὐτοῖς
2829 2167 3033 2239 είδότα,
3063 2176 3163 2240 τῆς
3196 2164 3475 2231 ϐασιλείας
3502 2175 3604 2224 τῶν
3637 2170 3818 2245 ούρα-

2171 2264 2298 2317 νῶν.
2331 2260 2505 2315 ’Λλλά
2533 2259 2634 2334 γάρ
2668 2262 2695 2314 ὁ
2725 2259 3000 2337 Ζαχαρίας
3029 2260 3116 2313 καὶ
3148 2263 3182 2328 ἡ
3213 2255 3496 2315 Ἐλισάϐετ
3525 2261 3678 2332 νόμῳ
3721 2261 3820 2315 τὸν

2174 2350 2292 2423 βίον
2330 2348 2611 2418 ἷθύνοντες,
2645 2351 2772 2423 ὁρᾷν
2818 2345 3042 2418 ἔνεστιν,
3076 2348 3224 2410 ὅπως
3256 2348 3358 2402 ὑπὸ
3389 2346 3699 2422 ἱερολογίας
3743 2347 3824 2404 δί-

2167 2438 2314 2492 καιοί
2345 2458 2401 2492 τε
2433 2437 3016 2513 ἀνακηρύττονται,καὶ
3049 2438 3158 2515 οὐχ
3180 2436 3391 2510 ἁπλῶς,
3416 2435 3563 2492 ἀλλὰ
3593 2440 3682 2492 καί
3711 2439 3818 2507 τήν

2167 2524 2514 2597 δικαιοσύνην
2543 2527 2719 2583 αὐτῶν
2769 2525 2963 2606 ἔχουσι
2993 2525 3530 2600 παρρησιαζομένην,
3582 2527 3820 2583 ἐνώπιον

2161 2621 2258 2672 τοῦ
2289 2621 2448 2672 Θεοῦ.
2475 2619 2647 2691 ’Όπερ
2691 2617 2792 2672 οὐκ
2832 2617 2882 2689 ἐξ
2933 2615 3278 2689 ἀνθρωπίνης
3317 2614 3478 2686 δόξης
3508 2617 3570 2670 τὸ
3604 2613 3817 2673 δίκαιον

2164 2703 2402 2761 διδάσκει
2437 2701 2646 2776 λαϐεῖν,
2680 2705 2824 2760 ἀλλὰ
2865 2704 3008 2766 θείας
3057 2705 3290 2780 κρίσεως
3340 2705 3547 2780 κόσμον
3598 2705 3816 2770 ἑαυτοῖς

2161 2797 2259 2865 τὴν
2317 2793 2660 2866 δικαιοσύνην
2728 2790 3064 2864 περιϐαλεῖν.
3111 2793 3216 2850 Καὶ
3265 2793 3318 2850 τί
3369 2792 3427 2848 δὲ
3483 2797 3818 2870 πράττοντες

2161 2884 2363 2955 ταύτην
2393 2885 2547 2959 εἶχον
2587 2886 2686 2951 τὴν
2735 2883 2894 2959 χάριν
2949 2887 3258 2957 κοσμοῦσαν
3306 2882 3537 2954 αὐτοὺς;
3572 2885 3652 2939 Ἐν
3702 2883 3813 2939 πά-

2161 2993 2299 3041 σαις,
2345 2974 2500 3049 φησὶ,
2560 2978 2679 3037 ταῖς
2733 2971 2986 3035 ἐντολαῖς
3050 2973 3141 3027 καὶ
3200 2971 3531 3046 δικαιώμασι
3571 2977 3666 3028 τοῦ
3708 2980 3818 3029 Κυ-

2165 3065 2284 3142 ρίου
2331 3067 2690 3141 πορευόμενοι
2740 3063 3039 3138 ἄμεμπτοι.
3088 3067 3249 3120 Ὅταν
3297 3064 3387 3120 οῦν
3444 3067 3512 3121 τὰ
3541 3067 3658 3142 ἱερά
3707 3066 3814 3122 λό-

2157 3177 2252 3231 για
2279 3153 2523 3218 δικαίους
2557 3154 2646 3211 καὶ
2678 3156 2998 3228 ἀμέμπτους
3033 3154 3148 3226 θείᾳ
3177 3153 3350 3229 κρίσει
3379 3155 3509 3218 τοὺς
3555 3155 3813 3210 ἐνασκου-

2161 3244 2354 3317 μένους
2413 3250 2528 3306 ταῖς
2585 3249 2898 3306 Μωσαϊκαῖς
2958 3244 3260 3319 ἀναγράφει
3317 3242 3585 3313 ἐντολαῖς,
3645 3246 3707 3299 σὺ
3751 3242 3812 3300 δὲ

2155 3333 2421 3407 πονηρίας
2469 3332 2738 3408 ὑπηρέτας
2788 3333 3014 3396 τούτους
3063 3327 3358 3408 ἐξυϐρίζειν
3413 3332 3650 3407 τολμᾶς,
3687 3339 3810 3397 πῶς

2155 3422 2217 3478 οὐ
2247 3420 2554 3497 καταψεύδῃ
2595 3424 2687 3496 μέν
2721 3425 2854 3494 μετά
2885 3426 2989 3476 τῶν
3036 3420 3224 3477 ἄλλων
3275 3427 3470 3477 σαυτοῦ
3499 3424 3589 3478 καὶ
3633 3423 3810 3494 αὐτὴν

2150 3513 2250 3580 τὴν
2283 3511 2594 3586 ἐπωνυμίαν
2624 3515 2894 3586 Χριστοῦ;
2928 3516 3052 3572 Πῶς
3095 3509 3152 3566 δὲ
3196 3509 3349 3568 οὐδὲν
3383 3507 3604 3568 ἔλαττον
3640 3514 3689 3569 εἲ
3721 3515 3805 3588 μὴ

2152 3602 2239 3656 καί
2276 3599 2495 3674 μᾶλλον
2525 3602 2640 3657 κατ’
2672 3601 2840 3670 αὐτῆς
2869 3603 2968 3670 τῆς
3019 3602 3246 3676 χάριτος
3294 3599 3432 3674 ἤπερ
3479 3607 3577 3657 τοῦ
3623 3604 3803 3677 νόμου

2151 3691 2608 3762 κατεξανίστασαι,
2660 3691 2846 3746 καίτά
2899 3689 3202 3767 βλάσφημα
3243 3689 3410 3766 χείλη
3454 3697 3620 3754 κινεῖς
3657 3711 3671 3761 ;
3703 3692 3803 3748 καὶ

2149 3785 2317 3836 ταῦτα
2341 3785 2408 3854 τῇ
2435 3779 2658 3856 γλώσσῃ
2708 3779 3182 3854 προσποιούμενος
3214 3787 3533 3854 προσκυνεῖν
3561 3781 3651 3836 καὶ
3710 3780 3806 3838 διὰ

2151 3866 2491 3943 σεϐάσματος
2538 3872 2682 3947 ἄγειν
2745 3869 2912 3940 αὐτήν
2949 3873 3056 3939 ;'H
3107 3867 3164 3924 δὲ
3209 3874 3307 3925 τοῦ
3342 3865 3585 3944 Γαϐριὴλ
3618 3871 3806 3928 θεόθεν

2149 3957 2559 4028 ἀποστολὴ,καὶ
2582 3959 2610 4014 ὁ
2640 3965 2738 4028 τῆς
2772 3957 3011 4031 ἀσπόρου
3041 3959 3130 4014 καὶ
3180 3960 3513 4033 παρθενικῆς
3556 3961 3802 4035 γαστρὸς

2150 4050 2436 4124 ἁγιασμὸς,
2481 4048 2570 4104 καὶ
2624 4049 2686 4103 τὸ
2734 4047 3104 4124 ἀναρρηθῆναι
3135 4049 3343 4122 Πατέρα
3371 4049 3463 4104 τὸν
3505 4044 3670 4104 Δαὸἱδ
3698 4054 3806 4105 τοῦ

2148 4136 2352 4212 ἀγαθοῦ
2419 4141 2770 4213 Δημιουργοῦ
2813 4141 2921 4192 τῶν
2979 4135 3124 4192 ὅλων
3172 4141 3322 4193 Θεοῦο
3365 4136 3513 4193 ἀλλά
3567 4139 3656 4193 καὶ
3704 4140 3807 4194 τὸν

2146 4222 2350 4281 ἐκείνου
2386 4225 2665 4299 βασιλικὸν
2694 4227 2882 4300 θρόνον
2913 4223 2982 4281 δι’
3022 4225 3218 4289 αἰῶνος
3278 4225 3670 4302 ἐγχειρίζεσθαι
3695 4228 3798 4284 τὸν

2143 4317 2248 4368 τῶν
2292 4313 2434 4369 ὅλων
2469 4313 2716 4389 βασιλέα·
2759 4315 2847 4370 καὶ
2905 4313 3097 4378 ἀπλῶς
3146 4316 3208 4371 τὸ
3258 4315 3427 4391 σάρκα
3459 4310 3668 4388 λαϐεῖν,
3699 4319 3799 4374 καὶ

2146 4397 2426 4475 ἄνθρωπον
2461 4403 2802 4482 χρηματίσαι
2853 4404 2946 4459 τὸν
2995 4403 3191 4478 ἀγαθὸν
3250 4404 3370 4458 Υἱὸν
3424 4407 3523 4458 τοῦ
3579 4403 3798 4479 ἀγαθοῦ

2149 4492 2360 4563 Πατρὸς
2399 4489 2504 4565 (δεῖ
2560 4493 2664 4569 γὰρ
2729 4491 2781 4548 ἐν
2832 4492 3265 4563 ἀποσιωπήσεως
3306 4491 3461 4565 νόμῳ
3520 4492 3798 4549 κάνταῦθα

2147 4577 2397 4635 διελθεῖνο
2451 4583 2478 4636 ὁ
2510 4583 2610 4657 γὰρ
2662 4580 2753 4636 διὰ
2777 4585 2876 4648 τῆς
2908 4578 3182 4657 ἀκριϐείας
3212 4578 3441 4656 ἔλεγχος
3471 4581 3562 4636 καὶ
3593 4581 3794 4646 αὐταῖς

2140 4668 2330 4733 ἀκοαῖς
2377 4670 2440 4726 τὸ
2483 4669 2812 4751 βλάσφημον
2864 4671 3137 4750 ἀφόρητον
3185 4669 3612 4748 συνεφέλκεται)·
3663 4676 3793 4736 πῶς

2137 4754 2344 4815 ἅπασαν
2411 4765 2520 4815 τῶν
2577 4759 2896 4816 ἀποστατῶν
2945 4759 3005 4815 οὐ
3049 4756 3384 4816 καταϐάλλει
3429 4758 3642 4833 τόλμαν
3687 4761 3786 4816 καὶ

2139 4850 2328 4922 μανίαν
2359 4857 2459 4918 τῆς
2504 4849 2753 4926 χείρονος
2796 4849 3027 4925 μοίρας;
3062 4851 3125 4907 Τί
3174 4850 3280 4925 γὰρ
3325 4847 3408 4903 δεῖ
3435 4850 3497 4904 τὸ
3561 4851 3789 4925 φρικτό-

2130 4957 2284 5012 τερον
2341 4938 2557 5013 ἐπάγειν
2601 4946 2698 5008 τῆν
2751 4937 3057 4994 ἀκολούθου
3096 4940 3187 4994 καὶ
3229 4939 3611 5012 σιωπώμενον,
3645 4939 3782 4994 αὐτὸ

2133 5025 2374 5100 μάλιστα
2402 5028 2544 5082 νοεῖν
2576 5027 2954 5106 παρεχούσης,
2985 5025 3173 5090 ἄλλως
3193 5047 3251 5082 τε
3291 5027 3382 5082 καὶ
3437 5029 3784 5104 προειρημέ-

2127 5136 2256 5186 νον;
2289 5116 2432 5179 Τοὺς
2465 5115 2511 5172 δ’
2544 5117 2634 5172 οὖν
2666 5122 2735 5191 τῇ
2757 5121 2962 5192 νομικῇ
2996 5115 3222 5191 λατρεία
3245 5119 3779 5192 προσανακειμένους

2129 5202 2396 5280 διασύρειν
2447 5229 2505 5262 τε
2557 5207 2647 5262 καὶ
2705 5205 3079 5276 καταδικάζειν
3127 5208 3262 5282 πρὸς
3292 5206 3560 5277 τοσαύτην
3597 5207 3776 5281 μέθην

2123 5297 2212 5350 καὶ
2259 5292 2518 5359 διανοίαις
2573 5298 2831 5373 πώρωσιν
2877 5297 3339 5372 ἀπενηνεγμένων,
3371 5295 3539 5375 ἤρχει
3571 5297 3693 5370 μὲν,
3725 5296 3773 5351 εἰ

2121 5385 2209 5440 καὶ
2245 5383 2414 5460 μηδὲν
2442 5384 2584 5441 ἄλλο
2615 5387 2751 5442 κατὰ
2778 5393 2880 5457 τῆς
2923 5382 3170 5449 ἀσεϐείας
3217 5381 3563 5461 προύϐάλετο
3595 5389 3634 5456 ἡ
3681 5387 3775 5442 εὖ-

2122 5470 2324 5546 σέϐεια,
2355 5475 2486 5531 ἀλλ’
2516 5473 2646 5531 αὒτό
2691 5496 2754 5552 γε
2806 5477 2869 5532 τὸ
2928 5476 3171 5555 φρικτὸν,
3203 5478 3302 5546 τήν
3359 5474 3771 5551 ἐνανθρώπησιν

2119 5562 2266 5639 λέγω
2295 5568 2392 5620 τοῦ
2424 5566 2628 5641 Κῦρίου
2659 5568 2817 5640 ἡμῶν
2861 5567 3045 5637 Ἰησοῦ
3077 5569 3334 5641 Χριστοῦ,
3367 5563 3456 5620 καί
3501 5565 3564 5620 τὸ
3597 5567 3773 5642 σάρκα

2115 5649 2301 5711 λαϐεῖν
2336 5655 2396 5712 ἐκ
2435 5655 2744 5733 σπέρματος
2793 5651 2984 5733 Δαϐἱδ,
3035 5655 3124 5713 καὶ
3171 5657 3234 5713 τὸ
3291 5653 3379 5712 διὰ
3419 5657 3769 5731 παρθενικῶν

364 5210 624 5280 Davidis,
661 5227 766 5266 nec
820 5211 1015 5264 minus
1066 5210 1144 5276 id,
1178 5211 1329 5281 quod
1381 5210 1735 5267 sanctissimi
1766 5210 2016 5281 Spiritus

364 5299 831 5372 supervenientis
857 5298 1070 5354 virtute
1087 5298 1384 5369 virgineus
1410 5301 1671 5374 sanguis,
1698 5300 1756 5354 in
1779 5316 2013 5356 carnem

361 5397 719 5459 compactus,
753 5388 1058 5444 hominem
1091 5388 1446 5458 produxerit,
1482 5390 1622 5458 imo,
1647 5389 1695 5444 si
1747 5393 1804 5445 et
1833 5390 2015 5445 haere-

361 5476 603 5534 ditatem
646 5477 903 5548 aliquam
949 5481 1225 5547 tanquam
1296 5482 1616 5549 paternam,
1659 5478 1780 5552 regi
1830 5478 2010 5551 huius

361 5565 619 5624 universi
658 5565 1093 5622 attribuendam
1139 5569 1333 5636 putas,
1366 5568 1795 5624 successionem
1831 5567 1893 5623 in
1928 5585 2008 5625 re-

360 5671 474 5732 gno
503 5655 801 5728 Davidico,
829 5659 886 5713 et
916 5653 1140 5729 reliqua
1161 5655 1358 5712 omnia
1386 5671 1509 5728 quae
1539 5659 1701 5712 tanto
1731 5659 2005 5730 mysterio
