4084 6210
250 385 365 446 209

252 519 501 592 αἱμάτων
511 557 527 584 ,

259 605 679 681 συμπαγέντων,
721 601 798 664 είς
839 601 1011 674 σᾶρκα
1040 596 1351 674 προελθεῖν,
1391 597 1480 652 καὶ
1525 597 1670 661 ὅλως
1703 597 1878 673 ἄνθρω

252 717 352 753 πον
401 694 668 772 γενέσθαι.
715 691 773 746 Εἰ
829 687 1020 764 βούλει
1071 685 1130 742 δὲ
1168 687 1258 742 καὶ
1308 687 1381 750 ὡς
1412 692 1667 762 πατρῷον
1697 685 1904 762 κλῆρον

258 779 576 842 ἐπιϐάλλειν
634 784 714 852 τῷ
775 777 994 854 βασιλεῖ
1049 780 1155 832 τῶν
1211 776 1380 846 ὅλων,
1437 777 1538 844 τήν
1590 782 1690 845 τῆς
1750 784 1904 830 Δαυϊο

261 873 415 942 δικῆς
450 867 735 947 βασιλείας
766 864 1058 941 διαδοχὴν,
1089 865 1177 921 καὶ
1210 863 1310 920 ὅσα
1337 863 1484 920 ἄλλα
1513 863 1592 938 τῷ
1619 865 1904 941 μυστηρίῳ

261 960 706 1037 ωμπεριέχεται·
761 954 922 1031 ἤρκει
968 952 1026 1010 δὲ
1067 958 1238 1010 ταῦτα
1282 954 1373 1009 καὶ
1419 956 1598 1033 χωρίς
1635 975 1784 1019 τινος
1811 953 1906 1010 ἅλ-

263 1052 360 1122 λης
410 1048 680 1127 ἐπιφορᾶς
728 1045 816 1100 καὶ
857 1045 1198 1117 προσθήκης,
1246 1047 1363 1105 τοῖς
1401 1063 1458 1098 τε
1493 1045 1568 1115 μὴ
1602 1044 1904 1098 παντάπασι

258 1142 353 1211 τήν
383 1143 482 1195 τοῦ
512 1141 610 1192 νοῦ
639 1130 1014 1210 προδεδωκόσι
1045 1131 1230 1207 χάριν,
1269 1129 1336 1200 ἢν
1387 1133 1770 1208 Πλαστουργὸς
1818 1129 1904 1187 δε-

263 1229 344 1301 ξιά
391 1227 532 1300 αὐτῇ
573 1220 862 1280 διαπλάττει
906 1221 1219 1298 ἐχαρίσατο,
1271 1220 1602 1296 ἐπιστροφήν
1661 1242 1778 1276 τινα
1815 1221 1905 1275 καὶ

261 1318 520 1391 ἆνάνηψιν
578 1319 679 1384 τῆς
733 1309 1015 1385 θεομᾶχου
1073 1313 1302 1385 γνώμης
1349 1309 1774 1385 ἀπεργάσασθαι,
1814 1309 1904 1365 καὶ

258 1412 362 1462 τῶν
410 1404 617 1474 ταύτην
667 1399 911 1471 καθάπαξ
960 1397 1029 1454 δι’
1086 1401 1162 1454 ὧν
1223 1401 1616 1474 θεομαχοῦσιν,
1663 1395 1908 1470 ὰπεσϐη-

255 1499 422 1552 κότων
476 1493 570 1548 καὶ
619 1495 700 1564 τῷ
753 1489 939 1565 ἐχθρῷ
972 1485 1422 1563 προδεδωκότων,
1454 1487 1718 1562 ἀνακόψαι
1747 1510 1805 1544 τε
1841 1490 1905 1544 τὸ

261 1585 474 1660 θράσος,
553 1582 644 1636 καὶ
701 1579 837 1653 πρὸς
895 1579 1108 1647 σιωπὴν
1167 1574 1217 1646 ἐξ
1281 1577 1532 1653 ἀπορίας,
1588 1577 1634 1633 εἰ
1691 1578 1778 1632 καὶ
1827 1579 1902 1651 μή

259 1674 511 1740 ἑκόντων,
562 1666 872 1725 συνελάσαι.
920 1665 982 1720 Τί
1031 1666 1133 1740 γὰρ
1182 1667 1382 1722 τούτου
1423 1665 1801 1742 λαμπρότερον
1834 1668 1910 1731 εἰς

257 1761 487 1839 ἔλεγχον
541 1767 642 1828 τῆς
691 1756 953 1826 τοιαύτης
999 1751 1282 1826 ἀσεϐείας
1331 1758 1391 1810 Τί
1444 1755 1500 1810 δὲ
1540 1753 1904 1831 δυνατώτερον

1348 375 1668 436 CONTRA
1713 372 2184 440 MANICHEOS
2224 371 2456 432 LIBER
2500 369 2598 431 IV.

625 510 966 589 ἐπιφοιτήσει
1061 511 1158 564 τοῦ
1232 508 1498 585 παναγίου
1585 506 1898 582 Πνεόματος

2024 505 2627 578 :omprehenduntur:
2673 505 2814 573 hac,
2863 505 3127 578 inquam,
3171 504 3298 562 sine
3335 504 3497 562 omni
3553 505 3668 562 alia

3548 372 3666 432 210

2014 595 2342 652 accessione
2390 598 2491 651 aut
2535 593 2830 651 additione
2870 596 3207 652 suffecerint
3237 593 3372 666 illis,
3406 592 3504 666 qui
3556 611 3672 650 non

2013 685 2248 743 omnino
2281 684 2447 753 illud,
2481 685 2636 756 quod
2669 684 3000 740 Conditoris
3025 685 3226 740 dextra
3257 684 3317 738 in
3349 683 3477 756 ipsa
3506 699 3673 739 crea-

2012 783 2167 839 tione
2195 781 2309 837 illis
2351 781 2558 854 largita
2605 786 2716 850 est,
2763 781 3010 838 rationis
3050 781 3399 838 beneficium
3449 779 3669 850 abjece-

2009 875 2174 940 runt,
2207 872 2280 926 ad
2311 870 2746 927 conversionem
2799 877 2853 926 et
2885 869 3290 926 excussionem
3359 869 3661 926 sententia

2013 960 2208 1032 impiae
2242 960 2644 1032 perducendis,
2679 976 2794 1015 non
2844 959 3037 1014 minus
3070 968 3260 1015 autem
3311 974 3541 1026 eorum,
3565 957 3669 1029 qui

2014 1050 2296 1107 rationem
2319 1066 2418 1122 per
2433 1066 2686 1122 pugnam
2707 1050 2982 1105 adversus
3017 1048 3202 1105 Deum
3237 1047 3659 1113 exstinxerunt,

2015 1139 2285 1212 hostique
2298 1139 2936 1208 tradiderunt,audacia2
2953 1137 3668 1208 contundendzeﬁpsisque

2014 1228 2189 1284 etiam
2220 1228 2418 1284 invitis
2457 1246 2492 1284 a
2529 1227 2920 1298 disputatione
2952 1227 3023 1283 ad
3067 1226 3364 1282 silentium
3411 1225 3668 1296 compel-

2015 1318 2528 1385 lendis.Quidnam
2545 1316 3074 1372 enimluculentius
3108 1317 3175 1371 ad
3201 1315 3666 1370 confutationem

2015 1408 2152 1464 talis
2182 1407 2500 1478 impietatis
2532 1406 2725 1462 afferri
2757 1411 2946 1476 potest
2966 1406 2994 1459 ?
3015 1404 3162 1470 Quid
3193 1420 3324 1459 vero
3369 1403 3665 1459 efficacius

2017 1497 2088 1554 ad
2112 1496 2380 1552 maxillas
2401 1512 2602 1551 eorum
2624 1494 2790 1566 quasi
2823 1510 2988 1549 camo
3021 1498 3076 1548 et
3104 1495 3264 1549 freno
3287 1507 3670 1564 compescen-

2018 1587 2144 1656 das,
2178 1602 2244 1641 ac
2266 1585 2688 1641 ostendendam
2746 1582 2979 1638 eminus
3027 1583 3345 1654 ﬂagrorum
3406 1581 3657 1651 copiam,

2017 1675 2232 1747 quibus
2271 1691 2332 1730 se
2359 1673 2471 1745 ipsi
2511 1677 2794 1745 tanquam
2819 1689 2850 1726 a
2873 1671 3108 1727 veritate
3140 1669 3336 1738 alieni,
3371 1684 3559 1740 neque
3590 1669 3664 1724 ad

2019 1769 2201 1820 Deum
2226 1763 2501 1819 accedere
2549 1763 2870 1834 cupientes,
2923 1760 3204 1816 obnoxios
3253 1758 3658 1814 reddiderunt.

259 1856 433 1926 κημῷ
460 1851 549 1904 καὶ
578 1847 795 1923 χαλινῷ
823 1845 920 1908 τὰς
961 1844 1214 1922 σιαγόνας
1256 1844 1431 1900 αὐτῶν
1469 1844 1623 1919 ἄγξαι
1672 1847 1762 1900 καὶ
1805 1850 1912 1900 τῶν

2024 1853 2331 1908 Enimvero
2363 1851 2635 1922 quamvis
2685 1867 2800 1906 non
2833 1849 3029 1906 omnia
3068 1865 3154 1915 ea,
3206 1863 3332 1919 quae
3378 1845 3667 1903 insaniam

273 1940 545 2016 μαστίγων
570 1939 628 1992 τὸ
655 1936 871 2000 πλῆθος
904 1931 1186 2004 ἐπιδεῖξαι,
1211 1934 1284 1988 ὢν
1309 1933 1500 2010 πόρῥω
1523 1941 1623 2004 τῆς
1646 1933 1909 2004 ἀληθείας

267 2031 576 2108 γεγονότες,
621 2027 709 2082 καὶ
765 2024 962 2100 μηκέτι
1009 2030 1124 2098 Θεῷ
1165 2025 1540 2100 προσεγγίζειν
1592 2025 1909 2100 ἀνεχόμενοι

266 2117 595 2179 ὑπευθύνους
651 2114 877 2178 ἑαυτοὺς
934 2118 1416 2189 παρεσκευάσαντο”
1493 2113 1638 2182 πλὴν
1715 2113 1762 2168 εἷ
1819 2117 1910 2170 καὶ

261 2209 433 2266 πάντα
477 2207 740 2282 παράγειν
789 2204 852 2260 οὐ
903 2201 1086 2280 ῥᾴδιον
1135 2205 1236 2258 ὅσα
1285 2202 1592 2274 στηλιτεὺει
1648 2204 1747 2272 τήν
1781 2203 1912 2259 ἀπό-

259 2319 429 2368 vom,
483 2294 614 2350 ἀλλ’
660 2293 752 2349 οὖν
805 2292 895 2348 διὰ
934 2297 1043 2348 τῶν
1083 2292 1378 2367 ἐπικαίρων
1426 2287 1504 2346 ἔτι
1546 2293 1817 2367 προϊέναι,
1846 2295 1908 2349 οὐ

2019 1957 2222 1998 eorum
2258 1944 2606 2012 coarguunt,
2641 1940 2698 1994 in
2730 1939 2987 1994 medium
3012 1937 3205 1994 alferri
3250 1937 3496 2007 possint,
3531 1952 3672 2006 pra:-

2020 2041 2195 2111 cipua
2247 2042 2446 2093 tamen
2488 2037 2756 2109 persequi
2798 2053 2901 2093 nec
2953 2050 3454 2106 supervacaneum
3506 2034 3671 2100 forte,

2020 2143 2127 2183 nec
2153 2125 2357 2183 inutile
2383 2126 2576 2181 fuerit.
2624 2125 2931 2180 Plenitudo
2967 2123 3124 2178 enim
3169 2121 3437 2177 Ecclesiae
3464 2121 3560 2176 Dei
3616 2119 3665 2174 si

2024 2215 2183 2271 nulla
2213 2232 2274 2271 re
2293 2215 2428 2283 alia,
2448 2219 2602 2271 certe
2622 2213 2803 2284 copiis
2835 2218 2892 2268 et
2924 2210 3283 2267 abundantia
3341 2224 3662 2281 argumen-

2022 2311 2214 2360 torum
2247 2312 2448 2360 contra
2477 2302 2859 2359 defectionem
2890 2301 3036 2357 hanc
3063 2298 3354 2372 superbit.

259 2387 512 2462 περιττὸν
567 2383 710 2447 ζίσως
767 2381 892 2438 οὐδὲ
948 2381 1250 2460 ἄχρηστον.
1313 2387 1666 2454 Σεμνυνεῖται
1722 2383 1824 2457 γὰρ
1881 2385 1925 2440 εἰ
1989 2393 2064 2463 μή
2104 2413 2210 2446 τινι
2270 2390 2450 2463 ἄλλῳ,
2483 2387 2607 2445 ἀλλ’
2641 2389 2730 2444 οὗν
2773 2409 2836 2465 γε
2865 2393 2944 2460 τῷ
2969 2386 3194 2460 πλούτῳ
3223 2386 3314 2440 καὶ
3343 2388 3413 2459 τῇ
3443 2402 3668 2458 περιου-

257 2478 340 2548 ei;
369 2479 480 2531 τῶν
515 2472 656 2529 κατά
684 2480 784 2543 τῆς
815 2472 1140 2534 ἀποστασίας
1170 2469 1498 2542 ἀποδείξεων
1527 2479 1626 2541 τῆς
1657 2477 1756 2528 τοῦ
1786 2474 1919 2530 Θεοῦ
1950 2479 2278 2551 Ἐκκλησίας
2308 2479 2371 2534 τὸ
2402 2480 2706 2552 πλήρωμα.

322 2565 428 2622 ΙΕ“.
477 2567 538 2619 Ὃ
587 2563 686 2635 μὲν
739 2561 831 2617 οὖν
879 2565 987 2616 τῶν
1028 2557 1282 2638 ἀγγέλων
1311 2559 1480 2634 ὕμνος
1513 2559 1599 2616 ἐπὶ
1630 2566 1710 2634 τῷ
1738 2563 1908 2636 τόκῳ,

257 2658 338 2720 οἷς
383 2655 477 2708 τὸν
529 2651 759 2726 οὐρανὸν
810 2651 899 2706 καὶ
938 2651 1037 2719 τὴν
1087 2657 1191 2724 γῆν
1245 2649 1320 2711 εἷς
1366 2651 1491 2722 μίαν
1526 2651 1787 2725 ἁρμονίαν
1822 2653 1913 2708 καὶ

260 2743 572 2821 συμφωνίαν
625 2747 918 2809 συνῆπτεν,
962 2738 1038 2800 είς
1083 2735 1178 2794 ἕνα
1233 2740 1475 2808 ποιητὴν
1535 2741 1635 2808 τὴν
1675 2740 1916 2812 αἰσθητι-

259 2836 354 2903 κήν
400 2830 579 2887 κτίσιν
635 2831 838 2884 ἅπασαν
898 2829 1087 2905 ἀνῆγε,
1141 2825 1229 2881 διὰ
1277 2832 1380 2882 τῶν
1414 2827 1593 2903 ἄκρων
1627 2829 1796 2899 αὐτῆς
1823 2829 1916 2885 καὶ

263 2923 323 2978 τὰ
351 2921 401 2976 ἐν
439 2919 596 2992 μέσῳ
641 2918 1044 2997 συναναφέρων.
1099 2916 1196 2971 Καὶ
1242 2921 1414 2990 χαρᾶς
1464 2917 1641 2992 ἀρχὴν
1700 2919 1916 2974 ἀεννάου

259 3012 354 3078 τήν
385 3008 556 3065 πόλιν
589 3007 764 3083 εὑρεῖν
795 3009 892 3061 τοῦ
921 3003 1085 3060 Δαυῗδ
1116 3003 1523 3080 εὐηγγελίζετο,
1568 3005 1661 3061 ἅτε
1710 3006 1774 3075 δή
1819 3013 1920 3077 τῆς

264 3097 643 3167 ἆνεκλαλήτου
673 3095 894 3168 εἰρήνης
924 3114 981 3149 τε
1019 3095 1104 3149 καὶ
1140 3093 1284 3156 θείας
1325 3091 1574 3156 εὐδοκίας
1616 3091 1704 3150 διὰ
1734 3097 1915 3168 πάσης

263 3194 360 3263 γῆς
412 3185 876 3259 ἐμπολιτεύεσθαι
923 3181 1225 3258 παρῥησίαν
1278 3178 1687 3257 λαμϐανούσης.
1734 3186 1830 3246 Οἷς
1863 3182 1908 3236 δ’

263 3280 296 3346 ἦ
353 3275 545 3330 θεόθεν
606 3273 820 3348 εἰρήνη,
880 3273 968 3327 καὶ
1020 3274 1055 3342 ἡ
1106 3269 1346 3340 εὐδοκία,
1382 3270 1451 3328 δι’
1482 3274 1554 3328 ὧν
1598 3273 1774 3329 αὐτῶν
1813 3275 1909 3336 τὰς

261 3367 441 3440 φυγὰς
477 3362 712 3425 ἀτοπίας
752 3361 1098 3435 ἐπλήρωσαν,
1148 3362 1517 3435 ἀπελήλαται,
1565 3366 1782 3430 τούτοις
1832 3365 1911 3420 εἷ-

261 3455 433 3518 κότως
464 3449 596 3507 οὐδὲ
625 3451 717 3505 τὸν
746 3449 921 3506 αὐτῶν
956 3451 1222 3521 Ποιητὴν,
1255 3452 1315 3515 ’ὸς
1342 3453 1432 3506 καὶ
1469 3454 1598 3517 τοὺς
1645 3455 1908 3530 ἀγγέλους

265 3541 602 3617 ὖμνολογεῖν
638 3537 998 3610 ἐξαπέστειλε,
1037 3541 1126 3594 καὶ
1174 3540 1264 3594 τὸν
1312 3538 1476 3613 ὕμνον
1528 3540 1908 3615 προσεδέξατο,

259 3632 524 3703 οὐμενοῦν
560 3629 674 3702 οὐχ
701 3629 996 3704 ὁμολογεῖν
1021 3629 1113 3682 τὸν
1146 3628 1309 3684 αὐτὸν
1339 3629 1569 3703 οὐρανοῦ
1597 3651 1654 3684 τε
1683 3630 1775 3685 καὶ
1807 3632 1909 3704 γῆς

254 3720 488 3788 ποιητήν
523 3711 911 3786 συνησέϐηται.
945 3713 1119 3770 Ἀλλὰ
1148 3720 1318 3771 ταῦτα
1353 3714 1447 3789 μὲν
1499 3717 1598 3771 οὐκ
1650 3715 1752 3787 ἔξω
1800 3722 1910 3773 τῶν

255 3808 482 3882 πρώτων
517 3809 618 3860 τοῦ
653 3804 956 3879 μυστηρίου
996 3801 1322 3877 συμϐόλων,
1369 3805 1550 3878 οἶμαι,
1599 3806 1909 3862 πίπτουσιν.

253 3898 315 3953 ’Δ
365 3895 421 3952 δὲ
469 3896 574 3964 τήν
628 3895 745 3966 μετ’
794 3894 970 3949 ἐκεῖνα
1007 3895 1160 3968 τάξιν
1189 3895 1398 3971 ἐπέχει,
1431 3896 1459 3949 6
1493 3896 1595 3951 ὑπὸ
1624 3896 1716 3951 τὸν
1744 3895 1912 3968 νόμον

263 3987 513 4059 Συμεὼν,
545 3983 638 4039 καί
665 3983 728 4038 τὸ
753 3982 837 4038 ἐπ’
867 3983 1028 4039 αὐτὸν
1057 3989 1269 4059 πνεῦμα
1301 3987 1455 4062 ἅγιον
1483 3986 1574 4040 καὶ
1616 3985 1643 4040 6
1693 3983 1760 4040 δι’
1815 3983 1909 4038 αὖ·

261 4079 352 4130 τοῦ
377 4072 808 4151 χρηματισμὸς,
839 4072 928 4127 καὶ
959 4075 994 4142 ἡ
1028 4072 1079 4128 ἐν
1117 4079 1196 4147 τῷ
1225 4078 1440 4146 νομικῷ
1483 4078 1596 4146 ναῷ
1641 4078 1738 4129 τοῦ
1777 4094 1913 4150 πρε-

265 4160 461 4220 σϐύτου
522 4163 816 4237 παρουσία,
877 4159 991 4217 οὐδ’
1049 4162 1184 4232 αὐτή
1243 4165 1418 4242 χωρὶς
1474 4169 1571 4219 τοῦ
1648 4164 1913 4240 παναγίου

269 4255 579 4327 Πνεῦματος
625 4250 956 4323 τελουμένη,
1004 4254 1094 4306 καὶ
1143 4259 1243 4322 τῆς
1290 4252 1628 4328 ἀγαθότητος
1678 4256 1713 4322 ἡ
1764 4254 1914 4330 πηγή

267 4344 599 4399 ὖποκόπτων
653 4343 680 4395 6
733 4343 929 4413 Σωτὴρ
978 4343 1139 4413 ἡμῶν
1183 4345 1260 4413 τῷ
1302 4342 1483 4415 νόμῳ,
1524 4343 1614 4398 καὶ
1647 4343 1756 4420 οὐχ
1786 4343 1918 4398 ὑπο-

2089 2571 2204 2626 XV.
2237 2569 2593 2642 Angelorum
2615 2569 2807 2640 itaque
2829 2568 3084 2640 hymnus
3117 2565 3175 2621 in
3207 2563 3509 2621 nativitate
3565 2562 3668 2618 de-

2021 2666 2424 2730 cantatus,per
2453 2674 2601 2730 quos
2622 2661 2827 2713 cretum
2852 2659 2908 2711 et
2955 2660 3167 2711 terram
3191 2653 3248 2708 in
3298 2651 3670 2709 harmoniam

2023 2753 2081 2804 et
2103 2753 2450 2805 concentum
2493 2745 2814 2816 conjunxit,
2859 2747 3152 2799 creaturas
3205 2741 3513 2798 sensibiles
3543 2755 3672 2796 om-

2025 2855 2126 2894 nes
2167 2839 2240 2894 ad
2294 2854 2477 2892 unum
2537 2836 2906 2891 Conditorem
2966 2831 3184 2900 retulit,
3239 2848 3340 2904 per
3395 2845 3671 2900 suprema

2024 2944 2224 2984 earum
2254 2943 2318 2982 ea
2347 2941 2596 2999 quoque,
2630 2941 2758 2996 quas
2788 2923 2847 2978 in
2882 2923 3072 2978 medio
3098 2929 3256 2990 sunt,
3289 2919 3348 2974 in
3397 2919 3666 2975 eamdem

2025 3015 2271 3072 classem
2307 3014 2624 3071 collocans.
2673 3013 2835 3068 Idem
2878 3027 3110 3083 quoque
3153 3009 3444 3065 civitatem
3489 3007 3665 3063 David

2025 3105 2246 3174 primas
2281 3103 2460 3174 hujus
2503 3101 2698 3173 gaudii
2737 3100 2937 3156 aeterni
2984 3102 3177 3170 partes
3229 3098 3374 3151 ferre
3410 3096 3662 3164 nuntiat,

2023 3209 2162 3264 pace
2219 3191 2441 3247 scilicet
2487 3189 2766 3245 ineffabili
2817 3193 2875 3244 et
2912 3187 3109 3242 divino
3158 3184 3518 3256 beneplacito
3559 3199 3664 3254 per

2020 3297 2252 3339 omnem
2294 3285 2510 3336 terram
2552 3277 2889 3334 dominandi
2940 3276 3271 3331 facultatem
3334 3277 3657 3330 exercente.

2021 3371 2237 3436 Quibus
2268 3386 2400 3425 vero
2423 3369 2600 3424 rebus
2639 3367 2832 3422 divina
2862 3382 2970 3438 pax
2991 3370 3048 3421 et
3094 3362 3515 3432 benevolentia,
3557 3377 3659 3432 per

2021 3476 2169 3530 quas
2199 3459 2429 3514 animas
2460 3473 2593 3513 suas
2623 3454 2936 3512 insolentes
2975 3453 3373 3518 reddiderunt,
3407 3452 3477 3506 ab
3517 3450 3662 3521 ipsis

2022 3547 2366 3622 propulsata
2403 3552 2512 3614 est,
2559 3547 2764 3602 iisdem
2802 3561 2868 3601 eo
2902 3543 3216 3616 impietatis
3257 3541 3476 3598 redacti
3507 3543 3665 3611 sunt,

2022 3647 2085 3696 ut
2117 3655 2219 3696 nec
2251 3654 2450 3694 eorum
2483 3636 2880 3702 Conditorem,
2913 3633 3010 3704 qui
3039 3637 3096 3688 et
3117 3631 3352 3702 angelos
3382 3631 3664 3704 hymnum

2021 3732 2357 3786 cantaturos
2382 3726 2561 3793 misit,
2602 3725 3000 3796 hymnumque
3023 3737 3224 3778 eorum
3269 3719 3504 3793 recepit,
3555 3735 3669 3776 non

2021 3817 2290 3874 eumdem
2317 3815 2446 3871 σα)Ιί
2472 3821 2524 3869 et
2555 3817 2719 3868 terrea
2753 3815 3067 3867 creatorem
3101 3810 3528 3881 profiterentur.
3560 3807 3670 3864 Sed

2020 3905 2132 3960 illa'
2155 3903 2392 3976 quidem
2414 3919 2527 3958 non
2544 3901 2730 3972 prima
2754 3899 3164 3971 mysteriorum
3179 3897 3491 3966 elementa,
3514 3901 3673 3967 puto,

2023 3997 2322 4064 superant.
2358 3993 2490 4056 Quae
2515 4005 2648 4045 vero
2683 3987 3005 4044 secundum
3027 3985 3098 4041 ab
3126 3985 3465 4040 istislocum
3503 3999 3672 4038 occu-

2025 4089 2188 4158 pant,
2238 4082 2488 4154 Symeon
2520 4078 2741 4135 scilicet
2789 4077 2898 4132 sub
2931 4075 3054 4147 lege
3083 4073 3389 4139 exsistens,
3423 4071 3676 4142 Spiritus

2025 4182 2264 4231 sanctus
2286 4171 2400 4242 ipsi
2434 4167 2868 4241 superveniens,
2897 4163 3236 4222 vaticinium
3270 4178 3370 4232 per
3396 4177 3531 4218 eum
3561 4160 3678 4216 edi-

2029 4269 2178 4327 tum,
2237 4259 2500 4332 ejusdem
2553 4257 2712 4312 senis
2755 4255 2815 4310 in
2859 4254 3146 4326 templum
3176 4248 3526 4316 adventatio,
3571 4263 3677 4304 nec

2030 4353 2161 4425 ipsa
2186 4351 2311 4406 sine
2341 4348 2562 4420 Spiritu
2594 4351 2793 4403 sancto
2834 4347 3017 4413 facta;
3051 4351 3104 4400 et
3136 4342 3406 4398 Servator
3460 4342 3677 4406 noster,

261 4432 479 4487 κύπτων
533 4431 720 4503 μόνον,
772 4427 918 4484 ἀλλά
965 4431 1055 4483 καί
1107 4428 1390 4504 ἀγκάλαις,
1441 4429 1497 4485 α’ί
1545 4433 1646 4501 τήν
1685 4417 1913 4504 νομικὴν

2031 4417 2130 4497 ille
2161 4417 2440 4495 bonitatis
2472 4438 2622 4497 fons,
2649 4434 2762 4508 legi
2792 4450 2855 4490 se
2876 4431 3338 4504 subjiciens,nec
3363 4426 3680 4498 subjiciens

261 4521 512 4598 ἔστεργον
570 4519 847 4595 λατρείαν,
899 4517 1383 4599 δορυφορούμενος
1430 4523 1520 4576 καὶ
1572 4522 1702 4578 αὐτὸ
1755 4521 1821 4591 δὴ
1862 4522 1924 4576 τὸ

260 4612 403 4687 ἱερὸν
430 4613 528 4666 καὶ
558 4609 729 4666 πάλιν
775 4610 804 4664 6
838 4610 1088 4682 Συμεὼν,
1119 4607 1232 4665 ἐπεὶ
1263 4615 1370 4666 τῶν
1415 4609 1652 4666 ἐλπίδων
1704 4612 1820 4686 εἶχε
1863 4611 1926 4667 τὸ

261 4702 451 4776 πέρας,
483 4701 581 4755 καὶ
627 4703 727 4754 τοῦ
774 4703 1172 4773 χρηματισμοῦ
1219 4700 1281 4754 τὸ
1324 4706 1506 4773 μεῖζον
1552 4699 1682 4770 εἶδε,
1733 4701 1822 4756 καὶ
1865 4702 1928 4755 τὸ

267 4791 458 4846 λεῖπον
484 4791 693 4858 αὐτῶν,
725 4787 815 4843 καὶ
844 4789 1134 4864 τυγχάνων
1167 4787 1410 4864 εὐλογῶν
1449 4811 1506 4845 τε
1549 4791 1642 4845 τὸν
1675 4790 1826 4853 Θεὸν,
1869 4790 1930 4852 ’ὸς

265 4875 398 4934 ἰδεῖν
423 4900 486 4935 τε
519 4879 678 4949 αὐτῷ
707 4874 1054 4951 ἐχρημάτισε
1079 4877 1144 4931 τὸ
1192 4875 1522 4954 ἀπόρρητον,
1568 4879 1658 4934 καὶ
1701 4885 1802 4948 τῆς
1833 4878 1928 4933 ἐλ-

271 4965 428 5029 πίδος
461 4967 568 5022 οὐκ
607 4964 849 5038 ἒψευσεν,
879 4962 1009 5020 ἀλλ’
1041 4963 1352 5044 ὀφθαλμοῖς
1393 4967 1592 5038 ἠξίωσε
1644 4967 1930 5022 θεάσασθαι

273 5056 333 5110 τὸ
380 5058 660 5131 σωτήριον
721 5055 936 5109 πάντων
985 5057 1093 5108 τῶν
1134 5054 1322 5123 ἐθνῶν,
1365 5056 1458 5109 καὶ
1496 5057 1596 5124 τήν
1643 5053 1798 5126 δόξαν
1835 5060 1933 5111 τοῦ

275 5145 524 5220 Ἰσραὴλ,
575 5144 704 5214 ἥτις
756 5143 900 5200 ἐστὶν
946 5145 1109 5206 αὐτὸς
1163 5145 1190 5199 6
1245 5146 1443 5220 Σωτὴρ
1502 5147 1662 5218 ἡμῶν
1724 5147 1936 5214 Ἰησοῦς

278 5235 528 5306 Χριστός.
591 5236 693 5291 Καὶ
751 5234 830 5308 μὴ
880 5232 1166 5308 παρέργως
1222 5237 1388 5288 ταῦτα
1440 5237 1558 5296 τοῖς
1606 5233 1709 5288 ὠσὶ
1744 5231 1931 5309 δέχου.

279 5326 496 5396 Πνεῦμα
540 5326 698 5399 ἅγιον
751 5324 818 5392 ἦν
871 5322 923 5378 ἐν
975 5327 1055 5395 τῷ
1101 5317 1400 5397 πρεσϐύτῃ,
1447 5322 1575 5379 ἀλλ’
1619 5323 1728 5398 οὐχ
1771 5325 1798 5377 6
1827 5329 1933 5378 Πο-

283 5412 466 5486 νηρὸς,
495 5411 773 5486 ἄνθρωπε,
809 5408 880 5465 δι’
910 5411 976 5464 οὗ
1014 5411 1104 5467 καὶ
1139 5413 1167 5466 ὁ
1214 5413 1610 5488 χρηματισμὸς
1660 5415 1734 5485 (θ)
1783 5409 1936 5487 ἀνδρὶ

2029 4531 2244 4598 solum,
2277 4529 2375 4584 sed
2399 4535 2452 4583 et
2486 4526 2666 4593 ulnis,
2699 4541 2826 4596 qua;
2844 4523 3065 4580 cultum
3088 4520 3331 4592 legalem
3374 4516 3681 4588 amplecte-

2029 4621 2264 4688 bantur,
2313 4624 2645 4688 susceptus.
2695 4614 2814 4669 imo
2862 4614 3053 4682 ipsum
3103 4624 3335 4682 quoque
3373 4605 3678 4678 templum,

2030 4709 2360 4778 iterumque
2389 4709 2665 4776 Symeon,
2709 4702 2809 4773 qui
2836 4701 2989 4767 ideo,
3022 4699 3177 4771 quod
3207 4698 3382 4753 ﬁnem
3415 4695 3539 4767 spei
3567 4709 3681 4750 sua:

2032 4799 2379 4852 consecutus
2409 4800 2550 4859 erat,
2583 4797 2641 4847 et
2683 4790 2963 4861 majorem
2986 4786 3242 4844 vaticinii
3273 4790 3499 4858 partem
3520 4783 3682 4840 vide-

2035 4888 2147 4947 rat,
2180 4887 2359 4938 Deum
2399 4881 2694 4947 laudabat,
2727 4877 2823 4948 qui
2878 4882 2936 4932 et
2983 4892 3264 4932 arcanum
3325 4875 3432 4930 hoc
3489 4873 3682 4945 ipsum

2033 4971 2296 5027 visurum
2344 4970 2712 5041 praedixerat,
2747 4981 2852 5022 nec
2893 4981 2996 5037 spe
3025 4963 3367 5035 permiserat
3393 4960 3680 5027 frustrari,

2036 5062 2135 5118 sed
2166 5060 2362 5131 potius
2386 5059 2633 5132 dignum
2645 5057 3026 5128 judicaverat,
3052 5053 3350 5128 quioculis
3380 5052 3504 5108 suis
3525 5051 3684 5106 vide-

2039 5152 2126 5206 ret
2150 5148 2412 5205 Salutare
2442 5146 2707 5204 omnium
2740 5145 3028 5218 gentium,
3060 5147 3120 5198 et
3149 5141 3392 5214 gloriam
3420 5138 3683 5206 Israelis,

2039 5253 2165 5309 quae
2197 5240 2284 5293 est
2329 5237 2458 5308 ipse
2506 5236 2768 5290 Servator
2812 5239 3012 5289 noster
3057 5232 3229 5288 Jesus
3263 5229 3550 5286 Christus.
3595 5227 3684 5282 Tu

2040 5341 2174 5382 vero
2200 5325 2321 5381 haec
2345 5324 2584 5379 auribus
2600 5339 2712 5379 non
2727 5321 2914 5378 obiter
2935 5321 3152 5393 accipe.
3177 5317 3424 5390 Spiritus
3443 5320 3685 5373 sanctus

2041 5422 2164 5471 erat
2189 5414 2342 5486 apud
2377 5427 2576 5469 senem
2610 5412 2797 5479 illum,
2830 5427 2863 5468 o
2893 5409 3089 5478 homo,
3123 5425 3239 5466 non
3280 5409 3472 5464 autem
3494 5403 3688 5462 Malus

1438 5557 1680 5612 VARI/E
1720 5556 2114 5614 LECTIONES
2154 5558 2245 5612 ET
2283 5557 2518 5614 NOTIE.

367 5700 442 5772 (6)
469 5699 895 5772 Χρηματισμός.
928 5703 1016 5757 Ita
1046 5700 1255 5772 scripsi
1286 5717 1388 5773 pro
1418 5698 1835 5777 χρηματισμόν,
1866 5718 1913 5772 ψ

2052 5704 2274 5758 textum
2301 5702 2580 5760 mendose
2608 5701 3008 5771 occupaverat.
