4084 6210
405 423 516 484 211

1603 417 1868 480 PHOTII
1913 415 2446 479 PATRIARCHIE
2488 405 2604 478 ορ.

3687 425 3810 484 212

404 556 540 613 ille:
579 573 680 630 per
737 557 1007 614 eumdem
1041 559 1098 613 et
1145 553 1446 612 oraculum
1492 551 1634 608 illud
1669 550 1886 606 factum
1930 555 2052 605 erat

2176 546 2256 603 διὰ
2303 547 2475 622 νόμου
2529 551 2762 626 βιοῦντι,
2813 553 2904 608 καὶ
2951 554 3087 608 κατὰ
3125 556 3295 628 νόμον
3332 553 3360 610 6
3390 561 3587 630 Σωτῆρ
3620 554 3816 631 ἀνάγε-

408 647 632 704 homini
662 647 718 704 in
744 648 864 718 lege
882 647 1116 715 viventi,
1150 646 1300 700 sicut
1322 642 1838 711 etServatorjuxta
1868 640 2052 711 legem

408 737 471 792 in
503 737 784 808 templum
833 736 1232 801 adducitur,et
1266 734 1438 804 juxta
1468 731 1652 803 legem
1711 731 1868 786 ulnis
1920 745 2054 801 por-

411 831 583 881 tatur.
617 825 815 896 Neque
854 841 986 880 vero
1016 823 1190 878 homo
1221 822 1474 893 injurius
1506 825 1608 876 aut
1663 819 1812 874 Malo
1870 817 2051 874 obno-

411 917 564 983 xius,
597 916 692 970 sed
719 931 751 970 a
781 914 894 969 Deo
917 912 1135 984 duplici
1170 912 1407 967 nomine
1433 914 1621 977 actus,
1654 909 1807 980 quod
1841 913 1899 963 et
1927 907 2050 978 Spi-

411 1004 561 1060 ritus
584 1003 831 1058 Sanctus
862 1017 1039 1072 super
1067 1016 1199 1055 eum
1233 1003 1378 1067 erat,
1412 1004 1470 1055 et
1517 997 1795 1053 manibus
1840 996 2057 1052 ferebat

413 1092 729 1157 Christum,
749 1091 996 1146 salutem
1015 1107 1105 1145 om
1117 1090 1279 1145 nium
1309 1089 1572 1160 gentium
1597 1089 1712 1142 imo
1731 1091 1786 1141 et
1812 1085 2055 1156 gloriam

414 1183 647 1238 Israelis
663 1181 997 1253 proclamat,
1017 1197 1128 1236 non
1144 1180 1319 1234 alium
1336 1186 1512 1249 atque
1525 1177 1728 1242 alium,
1748 1177 1846 1232 sed
1862 1176 2056 1246 ipsum

413 1271 724 1328 Dominum
761 1277 1026 1326 nostrum
1066 1270 1266 1325 Jesum
1325 1268 1642 1337 Christum,
1677 1267 2056 1322 mediatorem

413 1363 471 1416 et
499 1361 879 1417 conditorem.
913 1363 1057 1414 Nam
1091 1375 1220 1430 quis
1271 1358 1458 1413 Patris
1497 1363 1656 1425 sunt,
1689 1357 1889 1411 eadem
1924 1361 2060 1409 sunt

414 1455 472 1506 et
503 1451 690 1522 ipsius
736 1450 952 1515 omnia,
993 1449 1112 1504 sive
1160 1447 1368 1503 veteris
1409 1447 1526 1502 sint
1556 1447 1895 1502 testamenti
1941 1446 2059 1501 sive

414 1541 778 1614 gratimﬂuae
795 1535 2058 1610 quidem,quamvispradictisinferiorasint,

416 1645 533 1684 non
567 1633 766 1684 tamen
789 1628 848 1682 in
893 1626 1286 1682 confutatione
1312 1626 1620 1681 hominum
1648 1628 1850 1680 contra
1876 1623 2057 1679 Deum

413 1717 804 1790 pugnantium
837 1717 1160 1772 secundum
1191 1715 1384 1771 locum
1415 1717 1720 1786 occupant.
1765 1711 1870 1768 Ubi
1903 1713 2060 1768 enim

415 1807 842 1878 blasphemiam
868 1805 1046 1860 ullam
1071 1810 1268 1861 contra
1299 1804 1508 1875 legem,
1542 1808 1642 1859 aut
1675 1819 1763 1870 ea,
1786 1806 2064 1874 quassant

2159 655 2248 690 ται
2282 634 2358 697 εἰς
2389 637 2450 690 τὸ
2476 637 2645 710 ἱερὸν,
2681 637 2772 693 καὶ
2803 641 2939 695 κατὰ
2976 640 3070 695 τὸν
3117 643 3284 716 νόμον
3328 641 3811 721 ἀγκαλοιρορεῖται.

2164 724 2261 779 Καὶ
2295 721 2401 800 οὺχ
2433 726 2460 779 6
2493 722 2806 797 θεοϐλαϐὴς
2835 728 2869 799 ἢ
2903 729 3179 803 ἀνειμένος
3210 735 3290 803 τῷ
3317 733 3549 808 χείρονι,
3601 731 3728 788 ἄλλ’
3777 733 3806 788 ὁ

2163 813 2594 891 θεοφορούμενος
2623 816 3028 894 ἀμφοτέρωθεν,
3061 819 3144 874 ὅτι
3174 840 3232 875 τε
3274 824 3489 894 Πνεῦμα
3537 823 3694 899 ἅγιον
3742 821 3809 891 ἦν

2163 901 2328 975 αὐτῷ,
2377 905 2468 958 καὶ
2519 904 2600 960 ὅτι
2647 908 2836 984 χερσὶν
2884 907 3038 987 ἔφερε
3082 909 3175 964 τὸν
3229 911 3480 984 Χριστὸν,
3532 913 3809 988 σωτηρίαν

2169 992 2262 1063 μὲν
2297 993 2513 1047 πάντων
2538 998 2646 1048 τῶν
2687 995 2852 1050 ἐθνῶν
2886 997 3172 1074 ἂναφωνεῖ,
3198 997 3344 1053 ἀλλὰ
3373 1000 3462 1054 καὶ
3514 997 3668 1072 δόξαν
3713 1006 3814 1058 τοῦ

2167 1081 2410 1154 Ἰσραὴλ,
2445 1083 2544 1136 οὐκ
2573 1082 2744 1140 ἄλλον
2778 1085 2866 1140 καὶ
2896 1083 3094 1156 ἄλλον,
3128 1085 3254 1142 ἀλλ’
3290 1089 3448 1143 αὐτὸν
3490 1090 3581 1144 τὸν
3618 1092 3814 1167 Κύριον

2165 1170 2325 1241 ἡμῶν
2358 1169 2571 1240 Ἰησοῦν
2603 1174 2853 1240 Χριστὸν.
2903 1175 2994 1229 τὸν
3050 1174 3273 1248 μεσίτην
3324 1177 3413 1230 καὶ
3460 1174 3816 1255 δημιουργόν.

2165 1257 2264 1312 Καὶ
2295 1259 2361 1312 τὰ
2389 1263 2484 1313 τοῦ
2517 1261 2725 1337 Πατρός
2769 1263 2870 1339 γὰρ
2916 1265 3083 1319 αὐτοῦ
3131 1263 3270 1320 ἐστιν
3320 1266 3526 1322 ἅπαντα
3574 1275 3672 1338 τῆς
3704 1290 3813 1324 πα-

2168 1347 2325 1409 λαιᾶς
2382 1352 2468 1403 καί
2531 1355 2630 1417 τῆς
2683 1351 2930 1425 χάριτος.
2989 1356 3162 1408 Ταῦτα
3221 1354 3262 1408 εἰ
3327 1359 3416 1410 καί
3512 1353 3812 1430 δευτερεύει

2165 1440 2272 1490 τῶν
2330 1433 2740 1512 προλαϐόντων,
2790 1439 2919 1496 ἀλλ’
2958 1439 3052 1496 οὖν
3098 1440 3159 1496 ού
3215 1443 3316 1512 τήν
3381 1439 3627 1519 δευτέραν
3682 1446 3812 1522 χώ-

2169 1546 2286 1600 ραν,
2349 1528 2447 1582 ὅσα
2513 1549 2575 1602 γε
2629 1534 2745 1590 τοῖς
2810 1528 3069 1608 ἐλέγχοις
3142 1531 3372 1599 βάλλειν
3427 1533 3554 1597 τοὺς
3611 1537 3814 1610 θεομά-

2170 1635 2326 1691 χους,
2384 1610 2518 1693 ἔχει.
2591 1621 2701 1672 Ποῦ
2756 1620 2856 1694 γάρ
2913 1641 3030 1675 τινα
3091 1620 3454 1700 βλασφημίαν
3531 1626 3664 1679 κανὰ
3719 1631 3819 1681 τοῦ

2171 1706 2344 1777 νόμου
2396 1705 2431 1774 ἢ
2481 1711 2588 1760 τῶν
2640 1706 2692 1762 ἐν
2752 1713 2831 1780 τῷ
2887 1710 3067 1782 νόμῳ,
3129 1711 3164 1780 ἢ
3224 1709 3319 1766 τοῦ
3367 1711 3598 1785 νομικοῦ
3663 1715 3815 1789 ἱεροῦ

2171 1791 2410 1868 πάροδον
2468 1795 2640 1872 εὑρεῖν
2701 1794 2847 1858 ὅλως
2913 1795 3244 1868 ἐνδιδόασιν;
3311 1799 3488 1858 Ἀλλά
3551 1803 3605 1858 τί
3661 1804 3813 1860 εἶπον

414 1870 582 1972 legis,
641 1903 743 1954 aut
791 1898 1106 1953 sanctuarii
1137 1870 1385 1970 legalis,—
1414 1870 1660 1952 inveniri
1700 1870 2063 1950 ostendent?

2176 1870 2553 1972 βλασφημίαν,
2589 1885 2772 1954 Πόσης
2802 1893 2969 1959 τιμῆς
2997 1887 3084 1942 καὶ
3119 1886 3277 1961 δόξης
3311 1889 3374 1944 ού
3403 1890 3812 1965 μεταδιδόασιν,

417 1989 526 2046 Sed
560 1988 699 2059 quid
733 1987 862 2043 dico
905 1987 1328 2057 blasphemiam
1352 1987 1380 2038 ?
1412 1985 1614 2041 Nonne
1670 1985 1862 2056 potius
1904 1984 2060 2039 omni

416 2077 636 2132 honore
665 2083 721 2132 et
750 2075 909 2130 cultu
938 2075 1204 2130 afﬁciunt
1234 2091 1318 2144 ea,
1352 2090 1480 2146 quae
1503 2075 2061 2130 communiasuntet

416 2165 747 2236 conjuncta,
774 2169 830 2220 et
885 2164 1086 2220 aftinia
1107 2164 1327 2236 gratiae.
1363 2164 1523 2218 Anna
1555 2168 1772 2230 autem,
1800 2163 2059 2235 prophe-

415 2253 492 2309 tis
513 2252 556 2321 ⁴,
599 2253 771 2324 cujus
818 2253 938 2308 vita
996 2257 1122 2308 erat
1169 2253 1444 2325 precatio,
1481 2256 1536 2306 et
1592 2253 1970 2308 commoratio
2000 2253 2058 2307 in

414 2342 656 2414 templo,
688 2347 745 2398 et
771 2347 834 2398 ut
851 2343 1193 2398 summatim
1226 2342 1434 2408 dicam,
1467 2342 1660 2396 cultus
1691 2341 1913 2411 legalis,
1947 2341 2060 2396 nisi

417 2434 474 2488 et
495 2432 623 2502 ipsa
663 2449 696 2486 a
746 2432 1005 2488 benefica
1056 2448 1228 2487 manu
1287 2440 1340 2487 et
1396 2431 1760 2502 providentia
1809 2431 2064 2502 profecta

418 2520 628 2576 fuisset
659 2537 776 2575 una
798 2535 933 2576 cum
960 2520 1054 2588 iis,
1087 2520 1303 2590 quibus
1334 2519 1392 2574 in
1437 2519 1554 2574 vita
1594 2519 1907 2590 gaudebat,
1950 2520 2062 2575 nisi

417 2608 595 2664 etiam
621 2608 1066 2679 inspirationem
1101 2609 1236 2663 inde
1284 2607 1582 2663 habuisset
1613 2609 1908 2678 quomodo
1943 2609 2063 2664 lau-

419 2697 620 2752 dasset
654 2697 986 2764 Dominum,
1045 2703 1096 2751 et
1129 2696 1200 2752 de
1249 2697 1399 2752 bono
1453 2696 1568 2752 Deo
1614 2696 1805 2752 locuta
1837 2697 2062 2767 fuisset,

419 2787 573 2858 quod
607 2785 827 2842 scilicet
855 2786 1029 2841 saluti
1066 2787 1297 2840 futurus
1329 2787 1401 2840 sit
1432 2785 1568 2854 illis,
1602 2787 1700 2857 qui
1735 2786 2064 2860 Hierosoly-

419 2875 534 2930 mis
563 2874 756 2946 ipsum
784 2878 1186 2946 exspectarent
1213 2874 1241 2929 ?
1271 2873 1430 2930 Itane
1462 2873 1569 2943 illi,
1611 2876 1708 2946 qui
1750 2877 2064 2948 sperabant

423 2962 718 3020 Christum
750 2963 810 3018 in
833 2963 1080 3019 salutem
1113 2976 1270 3018 suam
1290 2967 1622 3026 venturum.
1655 2963 1878 3019 malum
1904 2964 2063 3034 prin-

421 3052 639 3124 cipium
671 3053 943 3120 colentes,
979 3054 1048 3108 ad
1073 3051 1292 3106 bonum
1314 3051 1646 3108 retulissent
1667 3069 1826 3124 spem
1856 3053 2066 3108 suam?

420 3141 560 3206 Quis
589 3158 745 3209 vero,
797 3143 1035 3198 rationis
1090 3158 1346 3215 compos,
1378 3159 1494 3199 non
1528 3145 1822 3198 aversetur
1847 3146 1902 3198 et
1934 3159 2062 3215 gra-

419 3230 648 3287 vissimi
680 3231 891 3288 erroris
923 3237 1128 3304 arguat
1151 3232 1233 3288 ita
1262 3233 1705 3289 ratiocinantem
1735 3231 1763 3284 ?

492 3319 628 3376 XVI.
708 3321 820 3376 Sed
857 3321 1101 3392 procede
1184 3336 1412 3377 mecum
1474 3321 1738 3376 ulterius.
1789 3321 2065 3378 Ascendit

421 3409 690 3466 Servator
717 3409 778 3465 in
809 3410 1092 3481 templum
1127 3427 1242 3465 una
1269 3425 1400 3465 cum
1423 3410 1603 3464 Matre
1633 3426 1759 3478 sua,
1794 3411 2060 3478 veretali,

421 3503 477 3555 et
505 3499 728 3571 virgine
761 3516 774 3555 :
809 3498 984 3554 simul
1045 3515 1176 3554 vero
1227 3500 1343 3554 ibat
1403 3505 1584 3570 pater,
1632 3515 1698 3554 ex
1749 3501 2064 3570 desponsa-

419 3587 580 3644 tione
620 3588 752 3643 talis
799 3587 1055 3644 habitus.
1091 3589 1160 3644 Et
1204 3587 1297 3642 hic
1344 3588 1551 3642 iterum
1580 3589 1762 3661 legem
1811 3590 2063 3661 implens

422 3678 693 3735 Servator
723 3677 1002 3744 ascendit,
1063 3694 1177 3732 non
1239 3677 1439 3746 semel,
1487 3677 1584 3732 sed
1629 3679 1860 3750 saepius,
1895 3679 2063 3751 quasi

423 3767 718 3823 destinata
751 3783 926 3837 opera
976 3783 1091 3821 non
1149 3766 1328 3821 semel
1366 3768 1465 3822 sed
1528 3784 1678 3839 sape
1709 3784 1971 3825 coercere
2010 3774 2066 3825 et

421 3855 668 3925 dejicere
699 3854 866 3911 vellet
910 3855 1175 3911 homines
1218 3856 1277 3911 in
1310 3861 1597 3928 praecepta
1628 3857 1769 3926 legis
1795 3858 2064 3928 injurios.

419 3944 562 4001 Cum
605 3945 786 4016 igitur
817 3944 1133 4015 aliquando
1174 3961 1275 4016 pro
1308 3961 1468 4000 more
1496 3963 1560 4001 eo
1599 3947 1860 4013 abiisset,
1898 3949 2067 4004 abso-

421 4033 562 4089 lutis
606 4034 699 4103 iis,
724 4051 847 4106 quae
872 4033 960 4089 lex
1001 4035 1294 4107 poscebat,
1343 4051 1407 4090 ac
1439 4044 1694 4106 tempore
1753 4038 2065 4095 domuitio-

421 4143 550 4183 nem
583 4128 867 4182 inl‘erente
891 4128 1263 4184 sanctissima
1295 4129 1526 4198 quidem
1547 4128 1727 4183 Mater
1757 4145 1887 4184 cum
1913 4130 2064 4198 aliis,

421 4221 475 4273 et
507 4216 632 4285 ipso
665 4232 888 4286 quoque
938 4218 1216 4286 Josepho,
1250 4216 1488 4270 domum
1516 4218 1909 4272 revertebatur
1943 4236 1955 4272 :
1987 4224 2063 4282 et.

423 4305 523 4376 qui
555 4305 736 4358 nostri
763 4321 940 4359 causa
963 4321 1105 4374 puer
1127 4305 1314 4357 factus
1336 4307 1476 4368 erat,
1497 4319 1600 4372 per
1629 4305 1890 4360 triduum
1916 4307 2065 4361 inte-

424 4409 594 4466 grurn
649 4391 708 4445 in
758 4391 1040 4462 templum
1096 4390 1564 4444 commorabatur
1611 4407 1861 4462 cumque
1922 4395 2070 4450 inter

2171 1971 2322 2032 ὅσοις
2369 1964 2540 2028 ἔνεστι
2585 1980 2875 2050 μετασχεῖν
2924 1982 3038 2039 τοῖς
3095 1983 3411 2034 κοινωνοῦσι
3459 1980 3548 2036 καὶ
3589 1981 3813 2037 συνδια-

2169 2057 2532 2134 πλεκομένοις
2577 2063 2666 2117 καὶ
2713 2069 3062 2143 συμφωνοῦσι
3110 2071 3178 2142 τῇ
3225 2068 3451 2143 χάριτι,
3493 2071 3556 2126 Ἡ
3587 2067 3644 2126 δὲ
3676 2092 3816 2146 προ-

2171 2154 2332 2221 φῆτις
2378 2151 2567 2220 ”Αννα,
2607 2154 2672 2219 ἧς
2726 2153 2843 2228 βίος
2885 2155 2918 2223 ἠ
2969 2159 3254 2231 προσευχὴ
3306 2162 3396 2212 καί
3433 2160 3464 2227 ἡ
3495 2156 3546 2212 ἐν
3583 2164 3663 2232 τῷ
3693 2165 3816 2232 ναῷ

2170 2235 2378 2312 σχολὴ,
2409 2240 2497 2292 καὶ
2527 2241 2589 2294 τὸ
2620 2245 2723 2295 πᾶν
2772 2242 2964 2312 εἰπεῖν,
3010 2245 3044 2313 ἠ
3092 2247 3294 2318 νομικὴ
3349 2245 3586 2321 λατρεία,
3635 2247 3681 2303 εί
3731 2251 3817 2322 μή

2170 2334 2270 2396 τῆς
2300 2329 2641 2406 ἀγαθουργοῦ
2670 2331 2760 2385 καί
2789 2334 2980 2408 χειρὸς
3019 2334 3108 2388 καὶ
3138 2335 3398 2410 προνοίας
3430 2338 3498 2406 ἦν
3531 2339 3618 2392 καὶ
3652 2337 3824 2410 αὐτὴ,

2169 2419 2260 2473 καὶ
2310 2422 2392 2481 οἷς
2443 2416 2590 2474 ἐϐίου
2640 2421 2728 2476 καί
2778 2420 3118 2496 ἐσεμνύνετο,
3171 2425 3216 2478 εἰ
3269 2427 3346 2500 μή
3387 2427 3489 2496 τήν
3539 2427 3828 2484 ἐπίπνοιαν

2173 2509 2309 2562 εἶκεν
2343 2511 2422 2582 (7)
2477 2508 2698 2580 ἐκεῖθεν,
2759 2515 2876 2572 πῶς
2935 2512 3382 2592 ἀνθωμολογεῖτο
3465 2517 3544 2589 τῷ
3605 2517 3824 2592 Κυρίῳ,

2171 2595 2262 2651 καὶ
2293 2599 2414 2672 περὶ
2448 2601 2544 2653 τοῦ
2575 2599 2782 2674 ἀγαθοῦ
2823 2599 3006 2657 ἐλάλει
3057 2607 3218 2674 Θεοῦ,
3278 2605 3352 2667 ὡς
3403 2601 3676 2681 λύτρωσις
3723 2608 3821 2662 οῦ-

2171 2706 2264 2747 τος
2315 2684 2398 2756 εἴη
2450 2685 2566 2750 τοῖς
2615 2688 2666 2742 ἐν
2701 2689 3063 2765 Ἰερουσαλήμ
3100 2689 3570 2769 προσδεχομένοις
3611 2695 3772 2752 αὐτόν
3805 2717 3824 2767 ;

2174 2777 2314 2848 Ἄρα
2362 2773 2438 2846 δὲ,
2491 2775 2542 2831 οἵ
2590 2775 2934 2850 προσεδόκων
2987 2781 3066 2843 εἷς
3118 2783 3405 2857 Σωτηρίαν
3455 2784 3630 2840 αὐτῶν
3663 2786 3828 2855 ἥκειν

2173 2863 2268 2918 τὸν
2300 2867 2551 2938 Χριστὸν,
2585 2867 2754 2937 οὗτοι,
2789 2870 2888 2937 τὴν
2930 2869 3144 2948 φαύλην
3177 2870 3563 2944 θεραπεύοντες
3611 2874 3826 2949 ἀρχὴν,

2174 2954 2308 3026 πρὸς
2357 2955 2456 3022 τήν
2505 2955 2712 3030 ἀγαθὴν
2765 2956 3016 3033 ἆνέφερον
3057 2961 3150 3024 τὰς
3197 2958 3456 3032 ἐλπίδαςς
3501 2965 3601 3020 Καὶ
3645 2963 3728 3026 τίς
3759 2963 3834 3020 ἂν

2175 3041 2447 3117 λογισμοῦ
2491 3046 2678 3119 κύριος
2729 3047 2790 3101 οὐ
2842 3045 3172 3121 βδελύξηται
3211 3050 3298 3106 καὶ
3332 3050 3549 3124 πλανης
3577 3051 3834 3130 ἐσχάτης

2174 3129 2550 3210 ἐπιψηφιεῖται
2580 3135 2641 3190 τὸ
2673 3132 3076 3211 διαλογίζεσθαι
3105 3143 3306 3210 ταῦτα;

2245 3320 2368 3394 Ις“’.
2400 3322 2506 3376 Ἴθι
2538 3317 2604 3391 δή
2641 3342 2735 3396 μοι
2763 3323 2853 3376 καὶ
2893 3323 3247 3400 προσωτέρω.
3278 3327 3513 3382 ’Ἃνεισιν
3555 3331 3584 3382 6
3615 3331 3829 3406 Σωτὴρ

2174 3407 2250 3470 εἷς
2280 3409 2342 3464 τὸ
2373 3410 2515 3483 ἱερὸν
2546 3411 2658 3482 ἅμα
2697 3417 2794 3481 τῆς
2819 3412 2893 3474 ὡς
2947 3411 3168 3484 ἀληθῶς
3213 3415 3436 3490 Μητρὸς
3484 3416 3574 3471 καὶ
3616 3420 3838 3489 παρθέ-

2172 3515 2289 3553 νου⁶
2324 3500 2570 3573 συνανῄει
2605 3497 2662 3554 δὲ
2691 3501 2780 3556 καὶ
2813 3503 2840 3556 6
2866 3506 2934 3576 τῇ
2970 3500 3098 3578 δόξῃ
3129 3511 3229 3574 τῆς
3276 3508 3572 3579 μνηστείας
3619 3511 3840 3586 πατήρ.

2177 3586 2454 3644 Κάνταῦθα
2483 3589 2648 3645 πάλιν
2682 3591 2773 3646 τὸν
2803 3591 2971 3664 νόμον
3001 3592 3230 3667 πληρῶν
3261 3593 3288 3648 ὁ
3323 3596 3519 3669 Σωτὴρ
3551 3597 3640 3651 καὶ
3675 3595 3836 3654 ἄνει-

2176 3697 2280 3745 σιν,
2331 3678 2440 3755 οὐχ
2493 3680 2650 3750 ἅπαξ,
2689 3677 2837 3735 ἄλλα
2882 3682 2970 3736 καὶ
3020 3681 3314 3752 πολλάκις,
3359 3683 3539 3758 ὥσπερ
3573 3686 3832 3758 ἐξεπίτη-

2175 3761 2282 3834 δες,
2330 3767 2438 3845 οὐχ
2481 3768 2616 3838 ἅπαξ
2665 3767 2812 3824 ἀλλὰ
2856 3769 2945 3824 καὶ
2986 3767 3278 3841 πολλάκις,
3321 3771 3698 3849 ἐπιστομίζειν
3729 3779 3830 3832 καὶ

2174 3851 2535 3912 καταϐάλλειν
2570 3856 2888 3928 σπουδάζων
2923 3858 3050 3921 τοὺς
3096 3863 3204 3915 τῶν
3252 3867 3496 3935 νομικῶν
3557 3858 3830 3938 ὑϐριστάς

2176 3944 2432 4001 ἐντολῶν.
2509 3945 2778 4002 Ἀνελθὼν
2836 3945 2883 4002 δ’
2942 3947 3032 4004 οὖν
3090 3971 3226 4006 ποτε
3283 3953 3418 4006 κατὰ
3473 3953 3536 4007 τὸ
3579 3954 3846 4030 εἰθισμέ-

2173 4056 2286 4102 νον,
2318 4035 2433 4090 ἐπεὶ
2463 4036 2528 4092 τὰ
2558 4038 2919 4110 νενομισμένα
2946 4038 3132 4101 αὐτοῖς
3180 4039 3534 4113 ἐτελευτήθη,
3583 4045 3675 4098 καὶ
3725 4048 3841 4116 τὴν

2177 4123 2254 4187 εἰς
2298 4127 2389 4180 τὸν
2441 4125 2588 4181 οἶκον
2637 4125 2894 4182 ἐπάνοδον
2948 4123 3247 4184 ἐπέϐαλλεν
3300 4131 3328 4185 6
3376 4131 3586 4206 καιρὸς,
3638 4136 3673 4203 ἡ
3732 4141 3844 4208 μὲν

2177 4215 2437 4287 πανάγιος
2471 4217 2657 4292 μήτηρ
2689 4217 2799 4283 ἅμα
2828 4237 2886 4272 τε
2916 4215 3110 4280 ἄλλοις
3151 4218 3240 4274 καὶ
3279 4224 3357 4293 τῷ
3399 4222 3606 4300 Ἰωσὴφ
3639 4223 3852 4284 οἴκαδε

2179 4299 2363 4374 ἀπῄει·
2425 4305 2452 4357 6
2504 4301 2560 4357 δὲ
2601 4302 2670 4358 δι’
2718 4309 2868 4379 ἡμᾶς
2912 4312 3039 4369 παῖς
3089 4308 3169 4386 ἐφ’
3224 4309 3357 4372 ὅλας
3415 4299 3627 4386 ἡμέρας
3684 4321 3854 4388 τρεῖς

2179 4388 2569 4466 ἐνεφιλοχώρει
2599 4415 2658 4450 τε
2687 4399 2764 4466 τῷ
2795 4396 2926 4470 ἱερῷ
2957 4397 3044 4451 καί
3087 4401 3196 4452 τῶν
3245 4395 3613 4467 διδασκάλων,
3669 4404 3737 4473 ἢν
3751 4403 3854 4464 iam.

424 4481 645 4539 medios
677 4482 956 4547 doctores,
990 4478 1072 4532 uti
1095 4478 1355 4542 decebat,
1380 4479 1757 4548 consedisset,
1792 4486 1916 4536 tum
1941 4499 2063 4552 per-

2181 4473 2315 4545 δέοι,
2359 4481 2716 4555 καθεζόμενος
2765 4485 2816 4538 ἐν
2867 4484 3034 4557 μέσῳ,
3086 4489 3152 4560 τῇ
3201 4507 3260 4542 τε
3299 4485 3505 4543 συνέσει
3544 4493 3656 4545 τῶν
3691 4491 3853 4568 ἐρω-

426 4571 689 4642 ceptione
737 4567 1149 4640 quaestionum,
1196 4573 1316 4621 tum
1368 4566 1672 4637 exquisitis
1702 4575 1756 4625 et
1787 4574 2072 4630 accuratis

427 4659 912 4730 responsionibus
953 4657 1032 4710 ita
1059 4656 1208 4726 cepit
1239 4655 1654 4728 colloquentes,
1682 4663 1744 4714 ut
1774 4663 2070 4732 stuporem

429 4747 545 4802 illis
577 4752 631 4801 et
656 4745 1096 4801 admirationem
1151 4750 1261 4801 Deo
1315 4743 1547 4816 plenam
1600 4747 1844 4816 afferret,
1882 4766 2073 4821 neque

429 4835 545 4891 illis
569 4835 783 4901 solum,
815 4836 915 4892 sed
944 4839 999 4890 et
1041 4837 1332 4904 omnibus,
1391 4835 1608 4906 quibus
1665 4837 1988 4896 doctrinam
2019 4847 2074 4897 et

430 4925 854 4983 sententiarum
932 4923 1299 4980 collationem
1375 4924 1574 4981 audire
1640 4925 1869 4983 licebat.
1930 4930 2070 4986 Cum

429 5014 648 5070 interea
670 5013 869 5083 Jesus,
901 5012 1119 5082 templo
1159 5014 1450 5082 addictus,
1494 5014 1550 5068 in
1585 5013 1678 5069 his
1723 5027 2070 5084 versaretur,

429 5101 805 5159 sanctissima
841 5099 1018 5156 Mater
1058 5101 1187 5169 ejus
1244 5105 1301 5156 et
1341 5101 1715 5172 Josephusin
1752 5102 1844 5157 via
1868 5103 2071 5160 Jesum

428 5207 629 5247 secum
662 5207 776 5245 non
803 5204 930 5244 esse
961 5188 1243 5258 videntes,
1275 5190 1693 5260 cum'cognatis
1727 5196 1918 5246 autem
1946 5209 2070 5248 ver-

428 5282 544 5339 sari
594 5279 926 5351 apinantee,
976 5293 1092 5334 non
1125 5278 1330 5334 adesse
1362 5294 1516 5346 vero,
1550 5279 1821 5337 instituto
1867 5283 2072 5338 scruti-

495 5401 518 5436 ⁴
550 5401 687 5458 Luc.
725 5417 786 5470 ιι,
818 5400 905 5455 36.

2181 4570 2391 4639 τήσεων
2440 4570 2528 4625 καὶ
2575 4576 2644 4644 τῇ
2695 4573 2949 4643 εύθύτητι
2998 4575 3086 4629 καὶ
3133 4570 3382 4651 ἀκριϐείᾳ
3431 4583 3540 4633 τῶν
3604 4579 3856 4658 ἀποκρί-

2183 4679 2318 4712 σεων
2351 4658 2523 4722 οὕτως
2559 4660 2675 4716 εἷλε
2709 4665 2786 4735 (8)
2815 4664 2940 4726 τοὺς
2971 4663 3471 4740 προσομιλοῦντας,
3512 4669 3587 4731 ὡς
3635 4664 3858 4728 ἔκστα-

2181 4747 2261 4802 σίν
2321 4770 2376 4803 τε
2434 4751 2522 4804 καὶ
2575 4747 2790 4824 θάμϐος
2838 4753 3025 4814 αὐτοῖς
3074 4752 3333 4831 φιλόθεον
3391 4751 3673 4830 ἐμϐαλεῖν.
3727 4761 3861 4820 Καὶ

2181 4838 2246 4892 ού
2286 4838 2505 4900 τούτοις
2539 4839 2724 4912 μόνον,
2759 4840 2906 4896 aut
2933 4845 3022 4896 καί
3056 4843 3204 4905 ὅσοις
3236 4843 3448 4900 ἀκούειν
3501 4854 3680 4922 παρῆν
3731 4859 3862 4921 τῆς

2183 4922 2536 4990 διδασκαλίας
2568 4929 2656 4982 καὶ
2689 4934 2796 4984 τῶν
2833 4927 3143 5003 διαλέξεων.
3201 4931 3334 4988 Εἶτα
3374 4931 3425 4987 ἐν
3477 4935 3522 5006 ᾦ
3568 4932 3865 5010 διέτριϐεν

2179 5014 2232 5071 ἐν
2260 5017 2495 5086 τούτοις,
2533 5024 2612 5091 τῷ
2657 5021 2786 5094 ἱερῷ
2827 5019 3201 5096 προσεδρεύων
3255 5025 3283 5078 6
3328 5025 3558 5098 Ἰησοῦς,
3694 5049 3864 5086 παν-

2182 5105 2338 5196 άγιος
2372 5109 2575 5182 Μήτηρ
2609 5107 2776 5164 αὐτοῦ
2799 5110 2886 5164 καὶ
2921 5111 2948 5164 6
2982 5111 3182 5191 Ἰωσὴφ
3213 5112 3351 5168 κατᾶ
3397 5115 3499 5183 τήν
3549 5112 3676 5170 ὁδὸν
3724 5118 3864 5196 οὐχ

2182 5195 2415 5269 ὁρῶντες
2472 5197 2699 5252 συνόντα
2739 5197 2923 5260 αὐτοῖς
2973 5199 3065 5254 τὸν
3117 5198 3306 5273 παῖδα,
3367 5208 3600 5258 συνεῖναι
3650 5201 3707 5260 δὲ
3739 5195 3866 5265 vo;

2181 5285 2428 5358 μίζοντές
2482 5308 2594 5342 τισι
2639 5291 2749 5344 τῶν
2802 5293 3090 5366 συγγενῶν,
3141 5289 3256 5346 ἐπεὶ
3297 5289 3598 5365 ἀνεδίδαξεν
3628 5297 3863 5364 αὐτοὺς

1594 5507 1834 5564 VARI/E
1875 5509 2260 5573 LECTIONES
2299 5519 2391 5574 ET
2429 5519 2660 5576 NOTE.

501 5628 581 5701 (77)
638 5624 1200 5701 Eixsv.‘Legendum
1252 5627 1400 5701 puto
1445 5621 1620 5701 εἷλκεν
1668 5641 1737 5701 e_x
1769 5621 1954 5701 sim.
1992 5628 2076 5701 Ita

433 5692 792 5775 ραίιϊοῌροξξ
831 5695 860 5769 §
911 5692 998 5775 1_5,
1040 5692 1284 5775 Noster}
1320 5699 1443 5756 Πῶς
1477 5692 1534 5750 δὲ
1562 5696 1660 5764 τὴν
1695 5694 1972 5752 ἐπίπνοιαν
2014 5697 2075 5753 ἐκ

437 5764 680 5844 πονηρᾶς
719 5764 904 5822 εῖλδῖον
934 5764 1198 5839 ἐνεργείας
1223 5791 1237 5836 ς

2254 5633 2518 5717 (8)]ζῖλε.
2559 5637 2642 5717 Ita
2674 5653 2788 5717 non
2821 5637 3366 5717 dubitolegendum
3397 5656 3526 5698 esse
3557 5658 3626 5700 ex
3659 5642 3864 5717 αἱρέω

2186 5703 2286 5778 pro
2315 5703 2427 5762 εἴτε
2457 5709 2608 5780 quod
2641 5708 2954 5780 scripserat
2981 5703 3281 5768 librarius.
