4084 6210
295 393 420 458 213

1377 400 1691 461 CONTRA
1736 399 2216 463 MANICHEOS
2258 399 2494 460 LIBER
2537 399 2639 461 IV.

3595 402 3716 462 2M

296 546 332 615 ἡ
369 547 626 618 ζήτησις,
675 548 894 610 τούτοις
947 551 1023 624 μή
1075 553 1346 622 παρεῖναι,
1395 549 1784 628 ἀναστρέφουσι
1855 552 1950 626 μὲν

2065 535 2183 603 nio,
2233 535 2646 609 inlelligentes,
2697 541 3068 595 revertuntur
3122 541 3356 612 quidem
3407 542 3606 598 statim
3641 541 3701 599 in

301 636 499 690 θᾶττον
543 636 683 692 κατᾶ
728 639 828 708 τήν
875 637 1042 708 αὐτὴν
1089 640 1312 711 ζήτησιν
1357 639 1432 702 εἷς
1488 640 1551 695 τὸ
1606 641 1774 715 ἱερὸν,
1808 640 1952 712 εὑρί-

301 745 496 781 σκουσι
557 723 614 782 δὲ
651 728 979 801 πράττοντα,
1040 729 1172 804 ἅπερ
1239 750 1296 784 τε
1343 730 1408 799 ἧν
1475 730 1726 805 πράττειν
1783 729 1950 800 εἷκὸς,

297 818 403 886 τὴν
463 816 740 890 σωτηρίαν
781 821 882 871 τοῦ
929 817 1140 891 κόσμου
1195 819 1285 873 καὶ
1338 817 1492 890 δόξαν
1549 824 1646 874 τοῦ
1705 819 1949 895 Ἰσραὴλ,

301 905 396 961 καὶ
430 908 458 961 6
490 903 658 980 λόγος
688 907 1152 984 προαπήγγειλεν.
1198 908 1330 966 Εἶτα
1368 906 1514 985 λέγει
1563 908 1708 981 αὐτῷ
1755 911 1790 980 ἡ
1824 912 1948 980 Μή-

295 1014 428 1069 τηρ·
483 996 712 1065 Τέκνον,
765 996 818 1051 τί
885 995 1147 1068 ἐποίησας
1202 999 1339 1072 ἡμῖν
1399 997 1608 1068 οὕτως;
1669 1000 1696 1054 6
1771 1000 1950 1074 πατήρ

297 1106 397 1140 σου
448 1085 603 1161 κάγὼ
652 1082 993 1158 ὀδυνώμενοι
1042 1085 1340 1159 έζητοῦμέν
1399 1108 1475 1143 σε.
1540 1088 1638 1142 Καὶ
1690 1087 1949 1163 πρόσεχε·

297 1172 525 1248 μᾶλλον
573 1171 630 1230 δὲ
675 1171 829 1229 οὐδὲν
881 1172 965 1230 δεῖ
1014 1181 1325 1252 συναγαγεῖν
1376 1172 1587 1234 ἒαυτὸν.
1631 1175 1774 1232 οὕτω
1806 1183 1950 1252 σαφῆ

292 1265 479 1320 πάντα
525 1262 617 1319 καὶ
660 1261 888 1320 ἐνώπια.
943 1265 1315 1340 Ἀποκρίνεται
1361 1269 1463 1342 γὰρ
1513 1265 1697 1330 αὐτοῖς
1726 1269 1760 1336 ἡ
1795 1269 1949 1341 πηγή

289 1355 396 1423 τῆς
447 1350 714 1424 ἀληθείας
760 1352 852 1408 καὶ
900 1360 1001 1423 τῆς
1057 1353 1416 1429 ἀγαθότητος’
1468 1354 1528 1410 Τί
1587 1356 1670 1410 δτι
1711 1355 1951 1426 ἐζητεῖτέ

294 1460 407 1516 ps;
472 1440 576 1496 οὐκ
628 1441 811 1516 ᾔδειτε
868 1441 954 1498 ὅτι
1012 1441 1066 1497 έν
1104 1448 1220 1505 τοῖς
1276 1447 1374 1499 τοῦ
1443 1443 1653 1518 Πατρός
1709 1466 1813 1516 μου
1872 1442 1954 1500 δεῖ

291 1532 434 1588 εἶναί
489 1553 596 1605 με;
645 1531 706 1586 Τί
742 1532 940 1588 τοῦτου
990 1531 1312 1613 σαφέστερον
1361 1533 1397 1604 ἢ
1443 1539 1550 1589 τῶν
1609 1530 1816 1590 ἀσεϐῶν
1851 1532 1950 1608 ἒμ-

292 1620 556 1698 φράττειν
614 1621 682 1675 τὰ
735 1619 977 1696 στόματα
1053 1621 1465 1698 δυνατώτερον;
1553 1625 1737 1698 Πατὴρ
1821 1623 1952 1697 ἐμὸς

294 1710 555 1780 ἀληθῶς,
586 1711 734 1786 ᾧπερ
766 1708 1050 1784 ἀνιέρωται
1079 1711 1142 1766 τὸ
1170 1712 1339 1785 ἱερόν.
1374 1711 1457 1770 Τὰ
1497 1708 1553 1766 δὲ
1590 1716 1686 1766 τοῦ
1738 1715 1950 1787 ΙΙατρὸς

297 1797 478 1854 πάντα
523 1797 664 1854 ἐστὶν
710 1797 836 1874 ἐμά.
887 1800 1096 1858 Οὐκοῦν
1147 1800 1245 1856 οὐκ
1294 1794 1400 1856 ἔδει
1457 1805 1634 1871 ζητεῖν
1670 1799 1947 1876 ἀλλαχοῦ,

2062 625 2370 695 templum,
2421 626 2841 698 inveniuntque
2903 634 3172 699 agentem
3223 645 3305 697 ea,
3357 646 3484 701 quas
3534 646 3705 702 agere

2063 715 2302 771 decebat
2349 732 2502 784 eum,
2552 715 2650 787 qui
2683 724 2741 772 et
2783 717 2938 773 salus
2988 718 3193 774 mundi
3243 723 3370 775 erat
3416 723 3473 776 et
3520 719 3707 792 gloria

2058 804 2301 873 Israelis,
2323 821 2568 878 quaeque
2598 806 2838 862 verbum
2873 805 2970 862 Dei
3003 809 3513 879 prtenuntiaverat.
3538 809 3708 866 Post-

2059 908 2124 950 ea
2175 893 2316 951 dicit
2375 895 2427 950 ei
2484 895 2713 952 Mater:
2754 896 2884 964 Fili,
2949 897 3086 968 quid
3140 899 3324 967 fecisti
3375 899 3532 954 nobis
3582 897 3712 955 ita?

2058 998 2176 1040 ecce
2212 989 2374 1055 pater
2419 991 2543 1039 tuus
2591 989 2641 1040 et
2671 1001 2765 1056 ego
2812 1001 2936 1040 cum
2972 985 3168 1042 dolore
3214 987 3568 1058 quaesivimus
3587 992 3643 1042 te
3667 988 3708 1043 ⁸.

2060 1074 2308 1129 Attende
2339 1089 2490 1128 nunc
2514 1089 2527 1127 :
2555 1074 2655 1128 sed
2688 1090 2802 1128 non
2833 1091 2980 1145 opus
3007 1079 3094 1130 est
3125 1082 3382 1131 mentem
3414 1076 3708 1148 colligere,

2060 1162 2203 1218 adeo
2234 1162 2431 1218 omnia
2460 1160 2617 1218 clara
2644 1167 2781 1218 sunt
2804 1167 2861 1218 et
2891 1164 2962 1220 ob
2991 1164 3190 1220 oculos
3212 1165 3418 1235 posita.
3445 1165 3705 1238 Respon-

2061 1251 2156 1308 det
2184 1251 2340 1308 enim
2371 1251 2489 1306 illis
2524 1252 2650 1308 fons
2679 1252 2939 1307 veritatis
2961 1257 3018 1309 et
3049 1253 3325 1310 bonitatis
3351 1255 3529 1324 :Quid
3557 1269 3708 1326 quae-

2060 1340 2270 1396 rebatis
2304 1343 2642 1397 me?nonne
2688 1341 2943 1396 sciebah's
2993 1357 3081 1397 me
3117 1357 3231 1398 esse
3277 1343 3476 1399 debere
3523 1342 3584 1398 in
3635 1345 3708 1399 iis

2058 1445 2182 1502 qua:
2210 1431 2396 1484 Patris
2423 1431 2539 1484 mei
2563 1427 2766 1486 sunt“?
2792 1430 2942 1495 Quid
2972 1430 3081 1486 hoc
3110 1431 3324 1486 clarius
3357 1440 3466 1499 est,
3497 1436 3602 1488 aut
3630 1432 3702 1488 ad

2061 1535 2161 1575 ora
2190 1519 2506 1589 impiorum
2540 1520 2954 1591 compescenda
2985 1517 3274 1575 efﬁcacius
3294 1520 3323 1575 ?
3344 1525 3510 1576 Pater
3540 1535 3707 1577 meus

2059 1623 2230 1664 verus
2279 1607 2330 1662 is
2377 1611 2484 1676 est,
2521 1608 2613 1662 cui
2663 1610 2948 1680 templum
2999 1608 3108 1663 hoc
3152 1624 3382 1664 sacrum
3430 1613 3704 1680 estzquae

2059 1714 2190 1754 vero
2237 1697 2424 1752 Patris
2471 1702 2631 1768 sunt,
2663 1703 2719 1754 et
2749 1715 2880 1754 mea
2919 1704 3060 1754 sunt
3107 1699 3323 1754 omnia.
3356 1697 3554 1770 Itaque
3587 1715 3702 1754 non

2059 1785 2199 1843 alibi
2222 1787 2464 1843 decebat
2491 1803 2580 1842 me
2603 1802 2883 1860 quaerere,
2902 1803 3074 1858 quem
3097 1787 3230 1843 licet
3250 1789 3309 1844 in
3327 1787 3402 1843 iis
3423 1787 3707 1856 invenire,

310 1887 431 1958 ἐξὸν
488 1863 752 1962 εὑρίσκειν·
801 1888 853 1942 έν
921 1893 1038 1950 τοῖς
1103 1891 1200 1942 τοῦ
1259 1889 1494 1964 Πατρός.
1552 1887 1714 1944 Ἀλλ’
1770 1863 1952 1962 ἡινμὶν

2064 1891 2190 1946 quae
2222 1876 2401 1930 Patris
2432 1879 2590 1930 sunt.
2627 1877 2711 1930 lta
2750 1876 2986 1947 quidem
3025 1876 3237 1932 veritas
3266 1875 3396 1947 ipsa
3423 1874 3710 1948 templum

311 1975 578 2047 ’Δλήθεια
600 1977 657 2032 τὸ
690 1978 918 2050 νομικὸν
947 1978 1091 2051 ἱερὸν
1115 1979 1204 2032 καὶ
1233 1977 1301 2032 τὰ
1328 1983 1426 2032 τοῦ
1464 1977 1640 2050 νόμου
1686 1975 1950 2054 δόγματα,

311 2066 391 2120 ὧν
440 2065 524 2119 καί
573 2067 604 2133 ἡ
649 2062 975 2121 διδασκαλία
1007 2066 1093 2120 καὶ
1145 2067 1179 2134 ἡ
1232 2061 1467 2136 διάλεξις
1501 2063 1816 2141 ἐπράττετο,
1857 2069 1953 2120 τοῦ

305 2151 522 2227 Πατρός
568 2153 738 2208 αὐτοῦ
788 2154 944 2224 εἶναι,
995 2153 1224 2227 λαμπρᾷ
1270 2157 1339 2227 τῇ
1390 2157 1545 2230 φωνῇ
1596 2150 1954 2228 διαμαρτύρε-

295 2261 412 2298 ται·
449 2242 503 2296 οἳ
534 2237 590 2296 δὲ
624 2247 723 2298 τοῦ
763 2239 992 2316 ψεύδους
1034 2241 1296 2317 ὑπηρέται
1337 2241 1638 2317 ἀντιλέγειν
1687 2244 1755 2297 οὐ
1798 2243 1950 2320 φρίτ-

293 2349 513 2399 τουσιν,
537 2327 668 2385 ἀλλ’
699 2331 811 2402 ἅμα
833 2326 930 2385 δύο
959 2334 1125 2386 ταῦτα
1155 2329 1406 2404 τολμῶσι
1439 2332 1504 2386 τὰ
1535 2325 1757 2406 ἔσχατα,
1784 2331 1874 2385 τόν
1896 2349 1954 2386 τε

297 2416 518 2492 Πατέρα
555 2422 654 2473 τοῦ
702 2417 905 2491 Κυρίου
934 2421 1096 2491 ἡμῶν
1145 2419 1328 2490 Ἰησοῦ
1377 2424 1612 2495 Χριστοῦ
1639 2426 1740 2490 τῆς
1777 2419 1954 2474 αὐτῶν

300 2507 688 2580 ἀπωθούμενοι
732 2507 1053 2580 νομοθεσίας
1091 2507 1181 2563 καὶ
1220 2510 1566 2581 κυριότητος,
1599 2509 1685 2564 καὶ
1724 2510 1822 2578 τὴν
1854 2513 1952 2564 τοῦ

301 2597 432 2652 fio-3
458 2597 785 2672 μαρτυρίαν,
807 2597 864 2651 ὃν
899 2595 944 2652 εἰ
965 2593 1056 2652 καί
1080 2595 1322 2672 χείλεσιν
1351 2595 1538 2674 ἄκροις
1573 2599 1727 2671 ὅμως
1747 2599 1838 2653 καὶ
1862 2599 1952 2654 αό-

295 2687 384 2742 τοί
419 2689 644 2761 σωτῆρα
674 2685 862 2742 καλεῖν
893 2687 981 2740 καὶ
1013 2685 1272 2757 ἀλήθειαν
1306 2688 1372 2742 οὖ
1402 2692 1813 2763 παραιτοῦνται,
1843 2708 1949 2743 πα-

305 2776 912 2854 ραγράφεσθαιτόλμαν
955 2779 1006 2834 οὶ
1037 2777 1444 2854 τρισαλιτήριοι
1495 2776 1948 2853 προσλαμϐάνουσι

301 2891 406 2925 σιν.
442 2868 638 2933 Οὕτως
669 2869 697 2923 6
727 2869 863 2925 κατᾶ
891 2873 988 2924 τοῦ
1008 2868 1184 2943 νόμου
1206 2868 1670 2944 προπηλακισμὸς
1703 2889 1949 2943 συμπροο

299 2958 604 3031 πηλακίζει
647 2959 742 3030 μὲν
771 2959 860 3013 καὶ
899 2958 1058 3014 αὐτὸν
1091 2960 1182 3014 τὸν
1225 2961 1523 3034 νομοθέτην
1573 2967 1672 3029 τῆς
1703 2959 1952 3035 χάριτος.

299 3046 537 3105 Μᾶλλον
589 3043 646 3102 δὲ
695 3047 814 3102 κατ’
861 3047 1034 3103 αὐτῶν
1084 3052 1191 3103 τῶν
1242 3048 1494 3124 ἑκατέραν
1545 3050 1625 3122 (9)
1685 3047 1952 3118 διαθήκην

302 3135 647 3211 διαθεμένων
695 3136 758 3192 τὸ
810 3135 1140 3212 βλάσφημον
1182 3137 1271 3192 ἀπ’
1330 3138 1509 3214 ἀρχῆς
1552 3139 1604 3192 οἱ
1648 3137 1949 3192 ἀποστάται

302 3223 698 3296 ὦδινήσαντες,
731 3226 845 3280 εἶτα
873 3226 1008 3300 πρὸς
1034 3225 1127 3281 τὸν
1172 3225 1420 3300 ὀλέθριον
1466 3227 1628 3282 τόκον
1679 3228 1735 3281 οἱ
1783 3226 1952 3280 πάντα

302 3318 525 3391 θρασεῖς
577 3315 768 3391 ἀθρόον
810 3315 986 3372 ἐλθεῖν
1034 3320 1112 3389 τῷ
1153 3313 1259 3372 δέει
1313 3321 1416 3372 τῶν
1468 3317 1749 3392 ἀκροατῶν
1813 3316 1956 3372 ἀπο-

303 3401 701 3471 δειλιάσαντες,
761 3403 874 3459 ἃντὶ
932 3407 1030 3460 τοῦ
1091 3401 1276 3460 δοῦναι
1333 3407 1524 3484 φθορᾷ,
1582 3405 1647 3475 ἢν
1691 3404 1954 3478 ἐνεκυμό-

303 3515 501 3565 νησαν,
553 3491 650 3548 τοῦ
701 3490 992 3568 δράκοντος
1054 3495 1282 3568 σποράνο
1328 3495 1379 3549 οἱ
1438 3491 1495 3549 δὲ
1563 3497 1763 3571 βραχεῖ
1806 3496 1957 3568 μόνῳ

307 3584 498 3662 χρόνῳ
525 3582 619 3638 τὸν
650 3583 810 3638 τόκον
846 3581 1227 3654 συστέλλουσι,
1259 3584 1447 3657 κύκλῳ
1477 3581 1533 3638 δὲ
1571 3584 1661 3639 καὶ
1715 3581 1805 3638 διὰ
1847 3606 1957 3657 μη-

307 3679 485 3749 χανῆς
517 3673 609 3727 τὸν
644 3668 1024 3750 συλληφθέντα
1055 3670 1135 3727 ῗὸν
1167 3670 1259 3727 διὰ
1305 3679 1406 3741 τῆς
1444 3670 1697 3748 γλώττης
1749 3672 1959 3746 ὁμοίως

305 3761 684 3817 ἀποτίκτουσι.
745 3763 842 3817 Καὶ
900 3762 1005 3837 γὰρ
1064 3761 1316 3840 ἐκχέουσι
1371 3763 1464 3834 μὲν
1523 3763 1612 3816 τὸν
1673 3761 1752 3816 ἰὸν
1821 3763 1958 3816 κατᾶ

305 3859 402 3921 τῆς
451 3850 806 3923 νομοθεσίας,
856 3850 962 3905 ἀπὸ
1004 3847 1062 3905 δὲ
1106 3858 1206 3919 τῆς
1264 3851 1400 3906 κατὰ
1448 3855 1554 3905 τῶν
1612 3854 1954 3924 νομοθεσιῶν

307 3943 597 4016 παροινίας
644 3941 761 3994 κατ’
818 3939 992 3996 αὐτῶν
1039 3939 1204 3996 πάλιν
1263 3945 1370 3994 τῶν
1419 3940 1654 4012 θεμένων
1703 3941 1828 4001 τοὺς
1869 3941 1958 3994 νόο

311 4053 451 4104 μους
476 4027 633 4086 οὐδὲν
677 4027 919 4102 ἔλαττον,
955 4029 999 4084 εί
1033 4030 1109 4103 μή
1142 4030 1231 4084 καὶ
1273 4027 1508 4102 μᾶλλον,
1552 4025 1956 4102 έπαναδραμόν-

306 4142 392 4184 τες
445 4119 903 4196 ἐνασελγαίνουσι,
954 4119 1044 4176 καὶ
1095 4117 1167 4174 δι’
1208 4120 1282 4174 ὧν
1337 4119 1431 4193 μὶν
1491 4115 1795 4180 δεδοικότες
1861 4121 1960 4189 τὴν

310 4211 508 4286 ἀθρόαν
541 4203 864 4285 προσϐολὴν
898 4208 1212 4284 ἐπέχουσιν,
1243 4211 1349 4264 οὐκ
1379 4210 1586 4285 ἀγνοεῖν
1618 4209 1679 4263 τὸ
1731 4209 1958 4284 μέγεθος

310 4303 407 4356 τοῦ
456 4300 822 4372 τολμήματνς
872 4295 1265 4372 έξελέγχονταιυ
1309 4295 1380 4352 δι’
1429 4297 1502 4352 ὧν
1555 4295 1612 4353 δὲ
1651 4297 1960 4374 έπιγνόντές

314 4388 411 4444 οὒκ
466 4386 808 4468 ἀφίστανται,
869 4383 1211 4462 ἂσόγγωστον
1272 4386 1461 4450 αὐτοῖς
1533 4387 1812 4450 παντελῶς
1866 4407 1965 4443 κα-

312 4477 704 4548 τασκευάζουω
734 4475 797 4531 τὸ
827 4473 1247 4550 πλημμέλημα.

381 4569 476 4624 ΙΖ.
523 4569 682 4623 Ἔστι
738 4563 795 4621 δὲ
850 4564 977 4627 τοὺς
1031 4572 1134 4634 τῆς
1188 4562 1445 4636 ἀληθείας
1506 4565 1753 4640 μαθητὰς
1803 4562 1956 4634 ἰδεῖν,

316 4656 400 4711 καὶ
430 4656 591 4713 αὐτὸν
627 4653 686 4711 δὲ
715 4655 806 4709 τὸν
851 4652 1047 4728 Κύριον
1097 4655 1258 4727 ἡμῶν
1295 4655 1503 4725 Ἰησοῦν
1557 4655 1808 4729 Χριστὸν,
1851 4655 1960 4728 οὐχ

317 4747 388 4807 ὡς
435 4742 652 4821 ἕτυγεν,
705 4741 821 4800 οὐδ’
874 4743 1038 4814 ἅπαξ,
1087 4741 1214 4799 ἀλλ’
1263 4741 1374 4798 ἄνω
1423 4744 1513 4798 καὶ
1563 4745 1708 4798 κάτω
1737 4742 1959 4821 περιφέ-

321 4855 527 4910 ροντας,
578 4834 681 4904 τήν
729 4832 973 4907 Ναζαρὲτ
1022 4830 1111 4885 καὶ
1151 4827 1384 4906 πατρίδα
1430 4830 1730 4894 καλοῦντας
1770 4830 1959 4902 αὐτοῦ,

321 4923 404 4977 καὶ
447 4921 561 4980 οὔτ’
605 4921 842 4983 ἐκείνους
893 4917 1047 4975 οὐδὲν
1102 4913 1564 4993 εὐλαϐουμένους,
1622 4919 1744 4975 οὔτε
1791 4918 1956 4988 αὐτὴν

325 5017 414 5085 τήν
460 5011 704 5088 ἐπίγειον
764 5013 961 5071 κτίσιν.
1025 5011 1212 5068 Καίτοι
1267 5009 1433 5065 πόσον
1507 5008 1690 5082 έπῄτει
1781 5009 1961 5084 ἀρχὴν

328 5099 482 5159 αὐτοῦ
528 5109 632 5172 τῆς
681 5103 987 5178 γεννήσεως
1044 5099 1442 5176 ἀνομολογεῖν;
1498 5098 1558 5154 Ei
1609 5096 1666 5154 δὲ
1703 5106 1803 5169 τῆς
1837 5097 1961 5154 ὀλε-

331 5194 466 5269 θρίας
516 5195 584 5266 ἦν
635 5187 793 5271 ἔργον
840 5193 973 5265 αὕτη
1028 5192 1239 5268 χειρὸς,
1283 5192 1384 5266 ἆρα
1414 5189 1474 5246 ἂν
1506 5189 1792 5267 ἠνέσχετο,
1825 5189 1962 5267 ἀγα-

331 5283 409 5350 θος
451 5282 523 5347 ὣς
572 5284 785 5361 ἀγαθοῦ
834 5283 1043 5360 Πατρὸς
1085 5285 1244 5352 Παῖς,
1290 5277 1526 5356 πατρίδα
1575 5284 1776 5352 ταῦτην
1839 5279 1961 5336 έπι-

390 5420 413 5454 ⁵
439 5421 575 5478 Luc.
610 5435 676 5488 ιι,
708 5418 798 5474 48.
877 5418 899 5454 ⁸
927 5417 1070 5474 ibid.
1104 5417 1193 5473 49.

1993 4505 2040 4571 D

2060 1963 2244 2034 legale
2294 1967 2351 2019 et
2391 1963 2537 2034 legis
2585 1970 2891 2035 praecepta,
2947 1981 3076 2036 quas
3125 1968 3182 2020 et
3228 1964 3608 2030 docebantur,
3654 1968 3712 2019 et

2061 2052 2533 2124 dispulabantur,
2567 2053 2750 2108 Patris
2788 2053 2880 2108 sui
2918 2069 3048 2108 esse
3081 2053 3234 2108 clara
3267 2068 3403 2108 voce
3434 2057 3704 2119 testatur,

2060 2141 2209 2197 servi
2257 2146 2452 2196 autem
2505 2141 2793 2196 mendacii
2824 2142 3218 2198 contradicere
3261 2157 3375 2197 non
3407 2146 3702 2207 verentur,

2059 2231 2157 2286 sed
2207 2229 2408 2285 eadem
2460 2245 2635 2301 opera
2685 2230 2801 2285 duo
2845 2231 3138 2286 contraria
3185 2230 3418 2298 audent,
3470 2229 3699 2286 Patrem

2061 2318 2298 2390 quidem
2329 2318 2562 2374 Domini
2595 2319 2778 2374 nostri
2809 2318 2948 2375 Jesu
2982 2317 3195 2375 Christi
3219 2335 3254 2374 a
3282 2317 3510 2390 legibus
3531 2317 3625 2374 his
3646 2323 3706 2374 et

2061 2409 2321 2465 dominio
2369 2408 2429 2464 in
2475 2423 2536 2464 se
2585 2407 2948 2480 repellentes,
3001 2411 3058 2463 et
3095 2407 3226 2464 Filii
3286 2407 3704 2476 testimonium,

2062 2513 2231 2570 quem
2249 2497 2524 2553 extremis
2541 2496 2709 2552 labiis
2731 2497 3089 2553 Servatorem
3109 2500 3166 2552 et
3185 2496 3486 2552 veritatem
3505 2513 3710 2554 vocare

2062 2603 2175 2642 non
2208 2585 2529 2656 defugiunt,
2564 2585 2944 2656 perditissimi
2971 2585 3233 2641 homines
3257 2585 3540 2640 mendacii
3563 2585 3709 2642 insi-

2064 2675 2286 2731 mulare
2313 2675 2549 2730 audent.
2583 2675 2738 2729 Adeo
2761 2673 3043 2730 aversatio
3076 2673 3220 2746 legis
3253 2673 3450 2746 ipsum
3472 2691 3706 2746 quoque

2062 2763 2454 2837 legislaturem
2497 2781 2530 2819 a
2563 2763 2751 2834 gratia
2796 2761 3040 2834 repellit.
3063 2761 3165 2818 Vel
3199 2763 3392 2835 potius
3432 2767 3709 2834 apostata

2062 2852 2120 2908 hi
2145 2851 2499 2924 jampridem
2523 2851 2596 2907 ab
2628 2851 2791 2907 initio
2816 2851 3239 2923 blasphemiam
3263 2857 3465 2908 contra
3487 2852 3711 2908 utrius-

2061 2957 2173 3013 que
2259 2940 2594 2997 testamenti
2676 2943 2943 2995 auctores
3014 2939 3424 3011 parturientes,
3504 2941 3714 2996 deinde

2062 3047 2214 3098 vero,
2248 3029 2512 3102 quamvis
2561 3029 2628 3084 ad
2669 3028 2865 3084 omnia
2913 3029 3184 3094 audaces,
3217 3046 3250 3084 a
3301 3033 3464 3099 partu
3517 3028 3711 3101 perni-

2063 3121 2392 3178 ciosissimo
2423 3123 2581 3174 metu
2606 3117 2938 3172 auditorum
2973 3117 3270 3189 prohibiti,
3302 3135 3404 3189 pro
3435 3135 3522 3186 eo,
3555 3119 3708 3188 quod

1984 3184 2026 3250 (ἶ
2065 3225 2258 3266 semen
2327 3207 2620 3275 draconis,
2686 3205 2839 3277 quod
2900 3184 3319 3277 conceperant;
3365 3184 3550 3276 perire
3572 3184 3707 3276 pati

2061 3299 2369 3364 debebant,
2398 3295 2556 3352 brevi
2587 3295 2825 3366 quidem
2859 3299 3116 3366 tempore
3148 3299 3379 3366 partum
3413 3293 3709 3362 cohibent,

2062 3387 2271 3444 deinde
2316 3401 2448 3441 vero
2501 3401 2603 3457 per
2650 3383 2927 3456 ambages
2977 3383 3144 3455 quasi
3197 3390 3252 3438 et
3300 3392 3422 3440 arte
3469 3383 3715 3454 quaesita

2063 3480 2411 3548 conceptum
2463 3489 2744 3530 venenum
2778 3471 2980 3544 lingua
3010 3471 3268 3544 pariunt.
3303 3473 3370 3528 Et
3400 3472 3716 3528 etl'undunt

2061 3565 2147 3621 illi
2190 3565 2426 3637 quidem
2468 3579 2755 3619 venenum
2801 3567 3006 3618 contra
3052 3561 3265 3634 legem,
3299 3562 3371 3618 ab
3403 3561 3715 3618 insolentia

2061 3671 2195 3711 vero
2256 3653 2317 3708 in
2374 3655 2557 3724 legem
2623 3668 2737 3708 non
2782 3651 2994 3718 minus,
3037 3651 3148 3707 nisi
3215 3650 3384 3721 longe
3430 3652 3614 3722 magis
3654 3651 3712 3706 in

2064 3743 2224 3814 ipsos
2275 3741 2471 3812 legum
2515 3744 2741 3795 actores
2789 3739 3014 3810 abrepti
3049 3738 3378 3811 petulanter
3407 3744 3607 3808 agunt.
3642 3739 3711 3794 Et

2065 3832 2147 3886 sic
2179 3831 2235 3884 in
2258 3835 2545 3902 quantum
2580 3827 2866 3884 crassiore
2889 3827 3108 3884 insultu
3143 3831 3224 3883 uti
3255 3837 3548 3892 verentur,
3574 3844 3710 3883 con-

2064 3920 2246 3974 victos
2294 3919 2534 3973 omnino
2577 3933 2640 3973 se
2686 3922 2985 3987 praestant,
3043 3919 3192 3988 quod
3247 3916 3707 3988 magnitudinem

2066 4007 2339 4064 facinoris
2387 4009 2478 4062 sui
2531 4023 2641 4063 non
2696 4007 2980 4074 nesciant,
3026 4007 3082 4061 in
3144 4011 3434 4077 quantum
3483 4023 3614 4061 vero
3652 4007 3712 4061 id

2069 4116 2184 4154 non
2209 4098 2546 4170 ignorantes
2570 4114 2685 4152 non
2709 4097 3008 4164 recedunt,
3028 4096 3308 4164 efﬁciunt,
3331 4102 3396 4152 ut
3416 4100 3715 4167 peceatum

2067 4189 2178 4246 hoc
2209 4187 2353 4260 ipsis
2394 4203 2512 4244 non
2543 4185 2896 4243 remittatur.

2143 4567 2311 4624 XVII.
2339 4565 2551 4623 Videas
2583 4581 2712 4624 vero
2741 4566 3002 4623 veritatis
3025 4564 3365 4636 discipulos,
3387 4564 3581 4636 ipsum
3606 4565 3717 4618 Do-

2067 4659 2293 4715 minum
2329 4661 2593 4713 nostrum
2643 4658 2840 4712 Jesum
2871 4655 3187 4724 Christum,
3221 4671 3338 4710 non
3385 4655 3523 4709 data
3551 4668 3717 4708 occa-

2067 4747 2248 4816 sione,
2287 4750 2387 4802 aut
2425 4746 2628 4811 semel,
2667 4746 2763 4801 sed
2806 4745 3180 4815 undiquaque
3219 4743 3714 4810 circumferentes,

2069 4841 2127 4892 et
2180 4835 2418 4891 Nazarel
2469 4834 2712 4906 patriam
2771 4833 2898 4904 ejus
2951 4831 3334 4904 appellantes,
3364 4833 3715 4903 eosdemque

2071 4923 2214 4980 nihil
2247 4929 2303 4980 et
2334 4939 2405 4979 ne
2435 4924 2621 4995 ipsam
2655 4922 2891 4994 quidem
2913 4927 3204 4977 terrenam
3230 4922 3592 4978 nativitatem
3626 4937 3714 4976 re-

2071 5029 2306 5070 censere
2328 5012 2705 5085 refugientes.
2728 5012 3022 5075 Quantum
3043 5027 3176 5066 vero
3207 5010 3616 5083 requirebatur
3644 5010 3716 5065 ad

2070 5103 2354 5175 originem
2377 5100 2704 5158 nativitatis
2734 5101 2861 5172 ejus
2884 5099 3320 5156 edisserendam
3347 5098 3359 5154 ι
3384 5099 3515 5156 Jam
3548 5098 3597 5154 si
3618 5097 3719 5154 illa

2073 5192 2415 5266 perniciosas
2446 5205 2658 5246 manus
2687 5206 2834 5262 opus
2868 5190 3090 5257 fuisset,
3116 5189 3384 5260 nunquid
3414 5195 3586 5260 putas
3617 5187 3720 5242 bo-

2073 5299 2217 5338 num
2249 5280 2387 5337 boni
2416 5279 2604 5336 Patris
2633 5278 2840 5335 Filium
2874 5294 3210 5352 passurum,
3233 5283 3299 5334 ut
3329 5277 3450 5334 hee
3477 5276 3590 5350 ipsi
3621 5292 3721 5348 pa-

1490 5537 1728 5594 VARIIE
1768 5536 2156 5595 LECTIONES
2194 5537 2286 5594 ET
2325 5535 2551 5596 NOTIE.

395 5672 466 5744 (9)
489 5667 805 5744 Ἕκατέραν.
839 5671 921 5724 Ita
951 5667 1160 5738 scripsi
1191 5684 1297 5739 pro
1327 5665 1617 5732 ἑκατέρων,
1651 5666 1804 5735 quod
1838 5665 1954 5720 exbi

2064 5672 2140 5721 iat
2167 5665 2366 5722 codex.
2411 5665 2604 5722 Sermo
2635 5663 2729 5721 hic
2761 5669 2851 5721 est
2904 5665 2975 5721 de
3023 5662 3400 5720 Testamento
3452 5662 3720 5730 utroque,

334 5748 386 5801 et
405 5740 606 5802 eodem
637 5740 948 5813 utriusque
979 5748 1239 5797 auctore.
