4084 6210
381 373 499 434 215

1583 363 1852 424 PHOTII
1894 361 2422 424 PATRIABCHZE
2462 363 2579 425 GP.

3665 369 3781 429 216

378 509 493 564 tria
520 505 936 573 vindicaretur,
970 505 1071 560 aut
1092 500 1536 574 permissurum,
1573 505 1634 556 ut
1662 498 1938 570 discipuli
1970 497 2024 553 id

2141 497 2382 574 γράφειν,
2415 497 2450 567 ἢ
2490 499 2580 554 καὶ
2624 498 2752 562 τοὺς
2785 500 3033 573 μαθητὰς
3063 497 3146 555 εἴα
3191 499 3430 575 τολμᾷν,
3470 503 3499 560 ὃ
3550 502 3649 560 κᾶν
3697 525 3783 567 τις

376 596 676 664 auderent,
710 594 860 666 quod
912 595 960 649 si
991 593 1120 663 quis
1169 592 1317 646 alius
1349 589 1538 646 dicere
1583 589 1790 644 fuisset
1822 604 2025 647 ausus.

368 688 597 759 justum
633 686 745 756 ipsi
771 684 1062 755 judicium
1094 682 1468 737 immissurus
1507 686 1564 736 et
1595 681 1667 735 ab
1702 681 1806 735 hac
1844 687 2022 733 teme-

379 777 547 833 ritate
586 790 777 832 severe
817 778 1164 828 avocaturus
1199 771 1655 840 fuisset?Atque
1686 771 1761 824 ita
1791 769 2027 840 quidem

376 882 480 936 per
503 864 750 938 patriam
787 860 1014 916 Domini
1043 876 1242 914 eorum
1275 860 1333 914 in
1357 874 1732 915 communem
1765 857 2024 929 patriam,

379 953 466 1013 vel
499 954 693 1024 potius
735 955 911 1006 totam
961 949 1312 1004 creationem
1361 949 1612 1003 insultus
1660 947 1930 1003 evertitur
1973 951 2029 1002 et

378 1042 788 1116 prosternitur.
831 1039 886 1093 Si
920 1055 1048 1094 vero
1090 1039 1238 1093 alius
1293 1040 1460 1094 homo
1493 1039 1683 1094 bonus
1733 1043 1842 1104 est,
1877 1036 2026 1092 alius

377 1131 636 1187 vicissim
669 1127 877 1196 malus,
912 1143 1162 1198 quorum
1194 1127 1294 1182 ille
1325 1144 1394 1184 ex
1419 1129 1570 1183 bono
1600 1127 1874 1182 thesauro
1905 1141 2026 1180 cor-

378 1219 471 1276 dis
513 1219 609 1274 sui
642 1218 857 1272 bonum
907 1218 1143 1288 profert,
1178 1216 1273 1273 hic
1317 1233 1447 1272 vero
1499 1217 1714 1271 malum
1748 1232 1816 1270 ex
1847 1214 2022 1282 malo,

377 1308 510 1382 quis
567 1323 683 1362 non
734 1306 1092 1376 proﬁteatur,
1128 1305 1277 1375 quod
1329 1322 1442 1360 non
1493 1306 1707 1361 creatio
1766 1304 2025 1376 corporis

375 1398 675 1469 primaeva,
711 1411 816 1450 nec
853 1394 1072 1460 anima,
1103 1393 1162 1448 in
1205 1394 1672 1465 conjunctionem
1714 1400 1769 1448 et
1803 1393 2022 1464 guber-

377 1485 672 1540 nationem
701 1485 825 1555 ejus
851 1483 1004 1551 data,
1029 1482 1088 1536 in
1119 1482 1328 1538 hostile
1352 1482 1700 1553 principium
1726 1482 2026 1538 referenda

375 1573 472 1641 sit,
506 1573 607 1628 sed
649 1573 805 1643 quod
848 1571 1098 1626 liberum
1141 1572 1469 1639 arbitrium,
1504 1572 1560 1626 in
1594 1588 1662 1626 ea
1696 1571 1938 1639 scilicet,
1961 1570 2022 1625 in

380 1679 510 1734 qua
539 1679 653 1718 non
705 1663 969 1728 decebat,
997 1661 1318 1733 declinans,
1353 1663 1462 1719 hac
1501 1663 1885 1718 declinatione
1915 1679 2024 1717 sua

375 1753 594 1809 bonum
628 1752 687 1806 in
740 1751 962 1807 malum
1014 1751 1383 1806 converterit.
1435 1753 1616 1816 Quam
1649 1752 1800 1807 enim
1847 1750 2019 1806 aliam

376 1840 608 1896 dederis
639 1856 901 1908 causam,
926 1840 1079 1910 quod
1114 1839 1208 1895 alii
1243 1839 1509 1896 homines
1543 1841 1660 1894 sint
1692 1840 1848 1906 boni,
1879 1840 2023 1896 alios

373 1946 506 1987 vero
551 1931 610 1984 in
642 1929 865 1984 malum
914 1929 1339 2000 prospicientes
1381 1929 1600 1997 videas,
1636 1946 1750 1984 non
1802 1929 2019 1999 minus,

375 2018 527 2088 quod
562 2016 795 2087 quidem
827 2016 1031 2082 nolim,
1065 2032 1235 2088 quam
1255 2033 1355 2072 vos
1378 2017 1405 2070 ἱ)
1426 2017 1558 2080 Quae
1582 2018 1737 2072 enim
1761 2017 1817 2072 in
1843 2019 2023 2074 actio-

377 2105 555 2160 nibus
591 2111 642 2158 et
675 2105 983 2159 sententiis
1031 2103 1236 2159 vestris
1287 2109 1605 2175 spontanee
1635 2110 1726 2160 est
1775 2105 2020 2174 malitia,

375 2193 572 2248 eadem
607 2192 897 2263 separavit
925 2208 1026 2247 vos
1059 2209 1092 2246 a
1122 2207 1292 2263 grege
1323 2192 1624 2261 bonorum,
1651 2192 1803 2249 sicut
1832 2195 2023 2264 etjam

377 2285 512 2336 ante
542 2296 642 2336 vos
673 2297 706 2336 a
754 2281 905 2336 bona
937 2289 1254 2336 secreverat
1303 2282 1624 2337 intentione
1673 2287 1728 2337 et
1757 2283 2020 2339 consilio.

378 2369 684 2440 Propterea
743 2367 841 2424 alii
904 2368 1132 2438 quidem
1193 2378 1327 2425 sunt
1393 2386 1685 2440 praecones
1755 2371 2025 2426 bonitatis

377 2457 686 2526 Creatoris,
712 2473 1006 2528 suumque
1037 2463 1092 2512 et
1119 2467 1330 2513 norunt
1353 2463 1408 2514 et
1439 2459 1736 2514 celebrant
1753 2460 2026 2515 Condito-

379 2561 504 2601 rem
536 2565 550 2614 ;
586 2545 683 2600 alii
728 2561 858 2600 vero
891 2546 957 2599 ad
991 2561 1119 2601 eum
1168 2546 1646 2602 calumniandum
1689 2553 1746 2603 et
1778 2549 1942 2603 factis
1971 2553 2028 2603 et

380 2633 582 2705 lingua
623 2635 908 2703 conversi,
942 2651 1003 2690 se
1041 2635 1202 2704 ipsos
1250 2635 1480 2706 quidem
1528 2636 1768 2691 bonitati
1817 2637 1942 2707 ejus
1971 2642 2029 2693 et

384 2724 660 2781 creationi
684 2729 742 2780 et
762 2725 1018 2781 dominio
1042 2725 1418 2792 subtrahunt,
1443 2727 1718 2782 obnoxios
1740 2743 1893 2794 vero,
1918 2727 2027 2782 oh!

380 2812 762 2868 stultitiamne
807 2813 1021 2878 dicam,
1053 2831 1128 2868 an
1168 2814 1785 2870 dementiam?manui
1830 2814 2027 2871 hostili

381 2911 434 2959 et
465 2903 665 2960 rebelli
697 2904 935 2961 faciunt.
970 2904 1028 2960 Si
1055 2904 1187 2976 quis
1221 2905 1374 2960 enim
1409 2921 1524 2961 rem
1561 2911 1711 2960 recte
1741 2907 2028 2962 aestimare

381 2993 644 3059 voluerit,
673 2993 744 3061 is,
770 2994 869 3065 qui
902 3010 970 3048 ex
998 2996 1195 3048 anima
1227 2995 1375 3064 (eam
1409 2995 1562 3049 enim
1597 3011 1692 3050 cor
1723 2994 1816 3050 hic
1845 2997 2026 3066 signi-

383 3083 538 3152 ficat)
580 3082 732 3137 bona
780 3081 1051 3153 profert7,
1085 3085 1373 3153 quomodo
1419 3084 1605 3139 bonus
1648 3099 1773 3140 esse
1819 3089 2024 3154 potest,

384 3169 497 3225 nisi
517 3174 639 3225 tota
656 3169 986 3226 substantia
1003 3171 1155 3226 bona
1175 3171 1407 3227 dicatur
1421 3173 1450 3227 ?
1463 3173 1611 3227 sicut
1629 3172 1884 3228 vicissim
1906 3177 2027 3228 tota

385 3259 716 3315 substantia
770 3258 924 3314 mala
952 3266 1061 3329 est,
1095 3277 1222 3331 quae
1271 3278 1341 3316 ex
1377 3261 1574 3316 anima
1604 3278 1712 3316 sua
1761 3262 1839 3328 id,
1871 3262 2026 3332 quod

385 3345 740 3402 reconditum
789 3352 896 3412 est,
933 3347 1150 3403 malum
1199 3348 1483 3420 producit.
1517 3349 1670 3405 Sane
1719 3365 1833 3404 non
1863 3349 2028 3404 video

384 3450 558 3504 quam
591 3435 702 3490 sibi
748 3437 975 3491 veniam
1009 3437 1232 3507 reliqua
1268 3439 1500 3506 faciant,
1535 3438 1592 3492 hi
1630 3438 1896 3492 homines
1926 3439 2028 3509 qui

385 3522 529 3576 mihi
560 3523 774 3592 potius,
809 3524 950 3578 dum
999 3525 1310 3594 prophetas
1341 3529 1398 3578 et
1443 3524 1628 3597 legem
1661 3524 1868 3594 injuria
1897 3526 2028 3580 affi-

385 3617 570 3684 ciunt,
604 3619 893 3689 ejusmodi
934 3619 1165 3689 culpam
1202 3621 1546 3677 contrahere
1576 3621 1862 3691 videntur,
1897 3639 2024 3696 quas

385 3723 420 3762 a
477 3723 646 3776 poena
715 3708 996 3763 immunis
1061 3725 1188 3764 esse
1258 3727 1372 3764 non
1431 3712 1631 3782 possit.
1678 3712 1809 3783 Ipse
1870 3713 2025 3768 enim

384 3796 649 3852 Servator
713 3796 1026 3853 clamavit:
1077 3799 1238 3855 Multi
1297 3801 1584 3872 propheta:
1630 3811 1679 3857 et
1709 3804 1875 3874 justi,
1928 3804 2026 3859 ubi

385 3883 603 3941 clarum
659 3890 765 3954 est,
823 3885 931 3941 hos
987 3903 1114 3942 esse
1163 3903 1282 3956 eos,
1332 3890 1430 3959 qui
1489 3891 1598 3945 sub
1659 3891 1782 3963 lege
1838 3898 2026 3959 erant,

384 3974 766 4031 desiderarunt
813 3976 996 4033 videre
1051 3988 1101 4033 et
1147 3979 1361 4045 audire,
1412 3997 1529 4051 ᾳαίε
1579 3981 1782 4037 videtis
1828 3987 1881 4038 et
1925 4000 2028 4038 au-

383 4065 566 4122 ditis”.
582 4065 796 4122 Eadem
820 4083 994 4138 opera
1011 4069 1310 4141 discipulis
1329 4070 1561 4140 quidem
1582 4072 1838 4128 ostendit
1855 4072 2028 4127 ratio-

385 4169 517 4210 nem
551 4155 854 4228 dignitatis
885 4163 938 4211 et
969 4157 1185 4227 glorias,
1207 4161 1275 4212 ad
1309 4175 1484 4227 quam
1521 4159 1904 4230 pervenerint,
1928 4162 2023 4215 de-

385 4243 692 4299 fectionem
708 4261 843 4299 vero
863 4245 1145 4300 subvertit
1167 4247 1224 4300 in
1249 4262 1336 4314 eo,
1354 4249 1505 4318 quod
1530 4248 1767 4315 gratiam
1791 4249 2026 4318 quidem

384 4332 629 4402 ejusque
679 4347 965 4400 prmeones
1014 4333 1270 4402 potiores
1319 4339 1532 4402 partes,
1584 4336 1866 4388 secundas
1898 4351 2028 4390 vero

2137 583 2310 648 ἄλλος
2342 585 2516 664 λέγειν
2547 589 2958 664 ἀπεθρασύνετο,
2993 587 3202 644 δίκαιόν
3231 612 3288 646 τε
3338 591 3497 663 δίκην
3549 589 3779 648 ἐπιϐάλ-

2139 673 2252 730 λειν
2286 673 2431 746 αὗτῷ
2457 679 2670 733 καὶτοῦ
2698 677 3068 750 τολμήματος
3116 680 3250 734 κατά
3287 679 3507 747 πολλῆς
3558 681 3783 759 ἀπάγειν

2137 771 2237 834 τῆς
2297 765 2748 841 ἀγανακτήσεως;
2813 767 2968 822 Ἀλλ’
3024 766 3168 822 οὕτω
3231 769 3324 841 μὶν
3387 766 3474 824 διὰ
3539 777 3642 840 τῆς
3683 775 3784 826 τοῦ

2139 854 2338 928 Κυρίου
2377 854 2636 929 πατρίδος
2669 859 2703 926 ἡ
2727 858 2864 911 κατὰ
2891 863 2990 926 τῆς
3031 865 3224 927 κοινῆς
3255 856 3533 934 πατρίδος,
3563 859 3780 934 μᾶλλον

2137 941 2195 999 δὲ
2232 947 2266 1015 ἡ
2315 947 2450 1000 κατὰ
2501 949 2610 1020 (10)
2659 953 2758 1016 τῆς
2805 947 3030 1011 κτίσεως
3080 947 3219 1018 ὅλης
3267 945 3614 1013 ἐπανάστασις
3643 953 3780 1005 καθ-

2136 1038 2369 1108 αιρεῖται
2417 1035 2507 1089 καὶ
2555 1037 2992 1115 καταστρέφεται.
3035 1037 3098 1092 Εἰ
3141 1033 3197 1090 δέ
3248 1036 3359 1091 ἐστι
3424 1040 3517 1110 μὲν
3575 1037 3781 1114 ἅνθρω-

2134 1142 2236 1184 πος
2288 1123 2506 1198 ἀγαθὸς,
2557 1122 2666 1180 ἔστι
2719 1122 2775 1179 δέ
2823 1146 2905 1186 τις
2952 1124 3042 1180 καὶ
3091 1127 3356 1200 πονηρός⁶
3401 1127 3475 1180 ὧν
3521 1129 3548 1181 6
3594 1128 3688 1201 μέν
3719 1129 3779 1183 ἐκ

2134 1216 2230 1268 τοῦ
2277 1214 2480 1287 ἂγαθοῦ
2527 1215 2805 1288 θησαυροῦ
2861 1221 2961 1284 τῆς
3011 1212 3236 1290 καρδίας
3297 1216 3462 1270 αὑτοῦ
3517 1216 3779 1295 προφέρει

2132 1301 2194 1355 τὸ
2225 1301 2445 1378 ἀγαθὸν,
2478 1304 2504 1358 ὁ
2538 1300 2594 1357 δὲ
2622 1304 2683 1357 τὸ
2713 1305 2952 1379 πονηρὸν
2992 1303 3051 1358 ἐκ
3096 1308 3192 1358 τοῦ
3241 1308 3508 1379 πονηροῦ,
3546 1305 3629 1370 τίς
3677 1307 3778 1362 υύκ

2134 1391 2195 1446 ἂν
2228 1391 2744 1469 συνομολογήσειεν,
2785 1393 2859 1455 ὡς
2892 1392 3001 1468 οὐχ
3029 1395 3063 1463 ἡ
3099 1393 3190 1447 ἀπ’
3218 1393 3398 1468 ἀρχῆς
3428 1392 3630 1456 πλάσις
3676 1399 3776 1451 τοῦ

2135 1482 2416 1553 σώματος,
2461 1480 2644 1555 ὥσπερ
2693 1479 2808 1536 οὐδ’
2856 1484 2890 1552 ἡ
2947 1479 3162 1537 δοθεῖσα
3216 1483 3570 1538 συνάπτεσθαι
3621 1487 3778 1564 ψυχὴ

2133 1569 2220 1623 καὶ
2255 1566 2606 1645 διακυϐερνᾷν
2641 1570 2792 1641 αὐτὸ,
2827 1570 2925 1626 οὐκ
2954 1571 3030 1633 εἰς
3053 1569 3347 1627 ἀντίπαλον
3406 1572 3655 1648 ἀνάγεται
3685 1575 3779 1649 ἆρ-

2135 1658 2265 1732 χήν,
2297 1657 2442 1714 ἀλλά
2472 1679 2535 1736 γε
2561 1658 2624 1713 τὸ
2654 1659 3018 1729 αὐτεξούσιον,
3049 1659 3185 1732 πρὸς
3236 1659 3268 1713 ἃ
3309 1658 3365 1715 δὲ
3412 1662 3488 1732 μή
3531 1657 3638 1717 ἔδει
3687 1663 3776 1739 ῥο-

2132 1749 2240 1817 πὴν
2272 1744 2629 1818 προσλαϐεῖν,
2661 1748 2793 1803 αὐτὸ
2826 1746 2915 1803 διὰ
2941 1755 3042 1818 τῆς
3101 1749 3275 1822 ῥοπῆς
3311 1751 3409 1819 τήν
3462 1750 3772 1825 ἁγαθότητα

2055 1818 2101 1882 Β
2135 1834 2468 1911 μεταϐάλλει
2502 1841 2577 1901 εἷς
2599 1841 2661 1894 τὸ
2690 1839 2954 1913 πονηρόν.
2987 1838 3138 1894 Ἐπεὶ
3179 1838 3298 1894 τίνα
3330 1839 3391 1893 ἂν
3433 1838 3554 1915 ἔχοι
3605 1838 3773 1918 λόγον

2129 1925 2323 1995 ἄλλον,
2373 1929 2499 1991 τοὺς
2549 1929 2641 2000 μὲν
2681 1933 2788 1983 τῶν
2835 1929 3132 2002 ἀνθρώπων
3179 1929 3310 1982 εἶναι
3359 1929 3613 2003 ἀγαθοὺς,
3643 1930 3774 1993 τοὺς

2131 2015 2468 2090 δὲ’καθορᾷν
2519 2017 2830 2079 νενευκότας
2881 2018 2958 2079 είς
2998 2017 3061 2072 τὸ
3108 2019 3370 2092 πονηρὸν,
3421 2017 3622 2093 ὥσπερ,
3666 2019 3776 2076 εἷ’θε

2131 2101 2187 2159 δὲ
2245 2105 2318 2177 μὴ
2370 2099 2592 2181 ὤφειλε,
2661 2107 2751 2160 καὶ
2810 2107 2968 2178 ὑμᾶς.
3022 2110 3084 2160 Ἠ
3135 2106 3238 2180 γὰρ
3289 2104 3342 2158 ἐν
3389 2111 3506 2168 ταῖς
3547 2107 3774 2179 πράξεσι

2129 2195 2218 2248 καὶ
2273 2191 2537 2269 δόγμασιν
2583 2195 2732 2268 ὑμῶν
2783 2195 2889 2249 ἀπὸ
2938 2197 3170 2269 γνώμης
3197 2194 3454 2266 πονηρία,
3495 2193 3764 2270 διέσχισεν

2136 2284 2275 2354 ὑμᾶς
2331 2289 2432 2351 τῆς
2499 2282 2698 2358 ἀγέλης
2757 2288 2862 2337 τῶν
2909 2283 3144 2357 ἀγαθῶν,
3197 2281 3630 2359 προδιασχίσασα
3666 2289 3774 2352 τῆς

2133 2373 2498 2444 προαιρέσεως
2545 2380 2644 2442 τῆς
2689 2371 3059 2447 ἀγαθοειδοῦς.
3112 2374 3203 2428 Διὸ
3250 2374 3338 2428 καὶ
3389 2375 3443 2428 οἱ
3485 2375 3579 2447 μέν
3611 2377 3781 2450 κήρυ-

2133 2460 2222 2521 κές
2272 2462 2371 2516 εἰσι
2430 2468 2530 2530 τῆς
2580 2463 2912 2538 ἀγαθότητος
2965 2466 3063 2516 τοῦ
3117 2467 3487 2537 Δημιουργοῦ·
3549 2465 3640 2518 καὶ
3685 2465 3778 2520 τὸν

2137 2552 2340 2606 ἑαυτῶν
2394 2551 2706 2606 ἐπίστανται
2763 2551 2852 2606 καὶ
2914 2548 3230 2622 δοξάζουσιν
3285 2552 3556 2623 πλάστην,
3612 2554 3664 2608 οἱ
3723 2553 3782 2611 δὲ

2135 2640 2271 2714 πρὸς
2330 2635 2594 2710 διαϐολὴν
2641 2641 2803 2695 αὐτοῦ
2849 2642 2937 2695 καὶ
2991 2647 3107 2702 τοῖς
3159 2640 3555 2715 ἐπιτηδεύμασι
3587 2644 3677 2696 καὶ
3710 2646 3783 2716 τῇ

2137 2727 2360 2802 γλώττῃ
2423 2729 2816 2802 κατασύραντες
2864 2728 3108 2798 έξιστῶσι
3163 2730 3256 2802 μὲν
3310 2729 3475 2784 αὐτοῦ
3515 2737 3614 2799 τῆς
3647 2731 3784 2806 ἀγα-

2139 2818 2396 2887 θότητος,
2438 2819 2526 2872 καὶ
2575 2817 2828 2879 πλάσεως
2877 2820 2963 2872 καὶ
3007 2820 3336 2892 κυριότητος
3384 2820 3626 2890 ἑαυτοὺς,
3669 2819 3785 2873 ὑπ-

2139 2903 2410 2974 εξουσίους
2461 2902 2538 2974 δὲ,
2593 2904 2638 2958 ὢ
2681 2909 2799 2967 πῶς
2831 2903 2888 2958 ἂν
2933 2903 3076 2959 εἷ’ποι
3110 2926 3193 2967 τις
3223 2912 3322 2975 τῆς
3354 2905 3710 2982 ἀναλγησίας,
3743 2905 3782 2975 ἢ

2136 2999 2234 3061 τῆς
2293 2991 2634 3065 έμπληξίαςί
2694 2995 3158 3067 παρασκευάζουσι
3213 2998 3345 3073 σφᾶς
3425 2994 3620 3055 αὐτοὺς
3679 3000 3787 3063 τῆς

2138 3082 2438 3138 ἀντιπάλου
2495 3083 2586 3136 καὶ
2645 3081 2921 3156 πολεμίας
2981 3081 3188 3157 χειρός.
3249 3083 3398 3137 Ἐπεὶ
3464 3081 3512 3137 si
3565 3104 3647 3145 τις
3719 3103 3788 3158 γε

2084 3170 2106 3206 θ’
2140 3171 2399 3246 βούλοιτο
2449 3171 2699 3240 συνιέναι,
2752 3173 2780 3226 6
2827 3170 2886 3226 ἐκ
2938 3175 3122 3246 ψυχῆς
3168 3172 3548 3245 προφέρωντά
3581 3173 3786 3246 ἀγαθὰ,

2135 3265 2299 3315 τοῦτο
2336 3260 2438 3336 γὰρ
2496 3266 2588 3314 νῦν
2639 3263 2673 3329 ἡ
2723 3257 2917 3334 καρδία
2962 3259 3149 3331 δηλοῖ,
3207 3265 3324 3322 πῶς
3370 3261 3432 3315 ἃν
3481 3262 3516 3332 ἢ
3565 3263 3648 3322 τίς
3690 3259 3784 3332 ε’ίη

2135 3350 2358 3419 ἀγαθὸς,
2410 3350 2455 3404 εἰ
2508 3351 2584 3421 μὴ
2631 3349 2760 3403 ὅλον
2824 3349 3046 3426 λέγοιτο
3098 3349 3160 3404 τὸ
3220 3351 3491 3425 σύγκριμα
3547 3351 3788 3427 ἀγαθόνς

2135 3435 2316 3512 ὥσπερ
2349 3437 2512 3493 πάλιν
2549 3437 2677 3493 ὅλον
2710 3439 2950 3511 πονηρὸν
2992 3437 3165 3493 ἐκεῖνο
3207 3438 3269 3507 τὸ
3319 3438 3615 3516 σύγκριμα,
3663 3441 3694 3494 ’ὁ
3724 3438 3791 3494 ἐκ

2134 3535 2234 3597 τῆς
2267 3525 2406 3589 ἶ¹δίας
2436 3531 2623 3605 ψυχῆς
2654 3528 2717 3582 τὸ
2767 3528 3257 3602 τεθησαυρισμένον
3305 3526 3565 3606 προφέρει
3605 3550 3791 3600 πονη-

2138 3617 2248 3694 ρόν.
2304 3615 2427 3692 Οὒχ
2467 3618 2580 3691 ὁρῶ
2637 3614 2694 3672 δὲ
2741 3617 2860 3672 τίνα
2918 3619 3246 3693 συγγνώμην
3305 3619 3488 3682 αὐτοῖς
3552 3619 3787 3676 ὑπολεί-

2136 3728 2350 3777 πονται,
2403 3705 2614 3779 μᾶλλον
2661 3704 2715 3761 δὲ
2755 3712 2870 3769 πῶς
2917 3707 3286 3779 ἀπαραίτητον
3347 3709 3552 3778 αὐτοῖς,
3598 3707 3668 3763 δι’
3710 3711 3791 3763 ὧν

2133 3796 2261 3859 τοὺς
2310 3798 2592 3872 προφήτας
2663 3797 2751 3849 καὶ
2807 3796 2896 3850 τὸν
2989 3792 3157 3869 νὸμον
3242 3793 3627 3871 ἐνυϐρίζουσιν,
3721 3799 3793 3854 οὗ

2135 3887 2590 3956 κατασκευάζουσι
2657 3887 2717 3940 τὸ
2769 3885 3186 3959 πλημμέλημα.
3270 3887 3443 3950 Αὐτὸς
3499 3888 3600 3962 γὰρ
3661 3890 3797 3943 ἀνα-

2135 3977 2389 4051 κέκραγεν
2436 3977 2463 4030 6
2519 3977 2736 4049 Σωτήρ’
2788 3975 2997 4029 Πολλοὶ
3043 3983 3323 4052 προφῆται
3379 3977 3470 4031 καὶ
3526 3975 3729 4032 δίκαιοι
3771 3996 3786 4010 ⁶

2137 4064 2307 4136 δῆλον
2365 4063 2422 4119 δὲ
2469 4065 2562 4132 ὡς,
2614 4065 2678 4121 Οἱ
2729 4063 2780 4116 ἐν
2821 4069 2900 4134 τῷ
2941 4063 3096 4136 νόμῳ
3155 4064 3461 4138 ἐπεθύμουν
3517 4063 3645 4120 ἰδεῖν
3690 4067 3793 4122 καὶ

2136 4156 2382 4222 ἀκοῦσαι,
2438 4153 2469 4206 ἆ
2529 4152 2760 4226 βλέπετε
2815 4153 2900 4207 καί
2974 4153 3216 4221 ἀκούετε,
3303 4161 3418 4215 τοῖς
3511 4157 3790 4228 μαθηταῖς

2142 4244 2252 4316 ἅμα
2316 4263 2373 4298 τε
2416 4242 2506 4296 τὸν
2568 4242 2728 4318 λόγον
2779 4244 3075 4316 προτείνων
3144 4244 3231 4298 καὶ
3289 4249 3386 4299 τοῦ
3445 4245 3786 4317 ἀξιώματος,

2137 4332 2226 4385 καὶ
2291 4337 2389 4400 τῆς
2447 4329 2608 4399 δόξης
2673 4333 2747 4393 εἱς
2799 4331 2923 4386 ὅσον
2981 4332 3228 4404 ἥκουσιν,
3288 4331 3614 4396 ἐπιδεικνύς·
3669 4335 3789 4408 ἅμα

387 4421 719 4492 prophetas,
770 4423 825 4473 et
855 4435 972 4484 eos,
1034 4421 1134 4487 qui
1181 4419 1290 4472 sub
1341 4419 1464 4490 lege
1510 4421 1772 4488 vixerint,
1805 4437 2024 4477 necnon

2141 4417 2196 4473 δὲ
2258 4420 2360 4488 τήν
2417 4417 2747 4474 ἀποστασίαν
2800 4423 3200 4498 καταστρέφων,
3260 4422 3309 4476 ἐν
3361 4423 3406 4495 ᾧ
3461 4424 3560 4493 τὴν
3620 4426 3791 4500 χάριν

387 4507 644 4563 veritatis
681 4507 1072 4578 bonitatisque
1115 4506 1425 4574 studiosos,
1458 4509 1718 4565 obtinere
1760 4513 2025 4566 testatur.

386 4596 677 4661 Quomodo
709 4611 839 4651 vero
872 4595 1191 4649 Servatoris
1224 4595 1466 4665 ejusque
1496 4597 1836 4667 dogmatum
1863 4614 2028 4654 ama-

385 4686 536 4739 tores
583 4684 728 4740 servi
780 4684 1121 4739 adversariaa
1170 4684 1350 4755 partis
1379 4700 1506 4740 esse
1539 4689 1826 4755 possunt?
1883 4705 2027 4759 quo-

385 4773 557 4828 modo
604 4773 781 4828 iidem
830 4774 1206 4844 inspiratione
1259 4793 1292 4831 a
1343 4775 1496 4831 malo
1547 4776 1828 4848 principio
1862 4780 2024 4850 potiti

382 4866 544 4927 sunt,
563 4877 694 4916 cum
724 4879 824 4933 per
851 4867 1118 4919 naturam
1154 4865 1273 4920 fieri
1307 4873 1571 4936 nequeat,
1592 4870 1820 4922 eosdem
1847 4867 2024 4924 simul

381 4955 438 5006 et
468 4950 704 5006 malitia:
756 4952 1074 5025 indulgere,
1111 4971 1180 5010 ne
1228 4956 1442 5022 dicam,
1474 4959 1544 5011 ab
1597 4973 1663 5012 ea
1717 4958 2023 5013 fabricatos

380 5054 528 5110 esse,
561 5045 618 5096 et
647 5039 933 5098 desiderio
969 5052 1155 5099 tamen
1185 5043 1242 5098 in
1275 5046 1494 5101 bonum
1529 5045 1662 5101 ferri
1679 5046 1706 5098 ‘2
1723 5045 1838 5100 Hoc
1865 5048 2020 5102 enim

380 5128 526 5184 nihil
559 5129 715 5186 aliud
755 5139 856 5197 est,
888 5147 1064 5204 quam
1099 5133 1335 5188 verbum
1379 5133 1611 5189 Domini
1643 5135 1699 5189 in
1733 5134 2024 5190 contraria

378 5221 577 5276 omnia
625 5226 865 5277 vertere.
921 5221 1070 5277 Illud
1103 5224 1259 5278 enim
1307 5223 1520 5280 Bonum
1555 5241 1622 5280 ex
1655 5225 1806 5280 malo
1853 5225 2022 5279 corde

448 5345 471 5380 ⁷
501 5347 636 5404 Luc.
669 5365 750 5418 v1,
782 5349 869 5404 45.
951 5349 972 5383 ⁸
1005 5347 1207 5405 Matth.
1240 5365 1364 5417 xm,
1393 5351 1447 5405 7.

2144 4508 2239 4580 μὲν
2296 4508 2382 4561 καὶ
2443 4507 2568 4570 τοὺς
2613 4509 2816 4579 ταύτης
2870 4512 3110 4584 κήρυκας
3166 4511 3228 4565 τὸ
3286 4516 3470 4584 μεῖζον
3512 4510 3685 4587 ἔχειν,
3721 4515 3791 4568 οὗ

2140 4598 2248 4669 μήν
2292 4617 2352 4672 γε
2393 4595 2536 4652 ἀλλᾶ
2585 4597 2674 4651 καὶ
2728 4599 2850 4661 τοὺς
2897 4601 3180 4671 προφήτας
3229 4599 3318 4653 καὶ
3363 4600 3490 4662 τοὺς
3531 4601 3669 4654 κατᾶ
3699 4602 3793 4655 νό-

2139 4706 2238 4757 μον
2288 4685 2808 4759 πολιτευσαμένους,
2861 4685 3084 4758 ἐραστάς
3130 4707 3188 4742 τε
3234 4694 3333 4756 τῆς
3390 4687 3651 4758 ἀληθείας
3692 4691 3786 4745 καὶ

2134 4778 2231 4840 τῆς
2279 4775 2441 4829 αὐτοῦ
2480 4775 2996 4850 προσεμαρτύρησεν
3055 4776 3415 4852 ἀγαθὸτητος.
3468 4779 3534 4835 Οἱ
3579 4776 3637 4834 δὲ
3683 4786 3785 4836 τοῦ

2135 4869 2396 4936 Σωτῆρος
2435 4865 2526 4918 καὶ
2573 4870 2680 4919 τῶν
2728 4866 2896 4919 αὐτοῦ
2946 4863 3230 4940 δογμάτων
3278 4865 3492 4940 ἐρασταὶ
3545 4874 3664 4931 πῶς
3723 4871 3789 4925 ἂν

2135 4951 2325 5020 ε⁹ίησαν
2376 4952 2672 5008 ἀντιπάλου
2726 4956 2922 5028 μοίρας
2979 4955 3335 5028 θεραπευταί;
3395 4960 3513 5020 πῶς
3574 4955 3631 5012 δέ
3681 4961 3785 5030 τήν

2132 5040 2413 5096 ἐπίπνοιαν
2469 5041 2529 5096 ἐκ
2583 5047 2826 5117 πονηρᾶς
2882 5044 3066 5098 εἷλκον
3127 5045 3440 5120 ἐνεργείας;
3502 5048 3578 5119 μή
3640 5069 3782 5122 συμο

2133 5128 2412 5195 ϐαίνοντος
2461 5132 2608 5198 δλως
2654 5138 2720 5209 τῇ
2761 5134 2913 5212 φύσει
2948 5135 3060 5209 ἅμα
3099 5156 3157 5190 τε
3199 5136 3326 5198 τοὺς
3366 5136 3566 5201 αὐτοὺς
3602 5159 3782 5209 πονη-

2132 5223 2223 5294 ρίᾳ
2270 5221 2563 5293 τελεῖσθαι,
2609 5223 2697 5279 ’ίνα
2748 5228 2823 5298 μὴ
2875 5223 3024 5300 λέγω
3083 5229 3628 5302 συγκατεσκευάσθαι,
3687 5230 3782 5284 καὶ

1528 5491 1774 5548 νΑΙὶΙιΕ
1813 5493 2204 5550 LECTIONES
2242 5496 2334 5551 ET
2373 5494 2608 5554 NOTIE.

448 5634 564 5713 (t0).
589 5631 756 5690 Κατά.
791 5632 982 5713 Malim
1017 5632 1202 5713 legere
1235 5632 1368 5704 μετὰ
1399 5637 1675 5706 tanquam
1709 5639 1892 5710 magis
1923 5639 2024 5695 huc

2136 5643 2596 5698 commodatum.
2630 5641 2829 5713 Neque
2858 5656 2982 5696 raro
3034 5641 3472 5712 praepositiones
3519 5641 3660 5697 κατά
3752 5659 3784 5700 e

385 5705 520 5778 μετὰ
549 5705 608 5762 in
641 5723 784 5762 mss.
819 5704 1274 5762 confunduntur.
