4084 6210
269 381 382 443 217

1355 385 1668 449 CONTRA
1712 385 2184 450 MANICHIEOS
2229 385 2466 448 LIBER
2509 383 2613 447 IV.

3563 383 3683 472 218

264 517 360 586 τήν
423 515 724 593 ἐπιθυμίαν
780 514 928 594 ἔχειν
985 518 1388 598 ἀναφερομένην
1461 522 1537 584 εἰς
1585 523 1648 577 τὸ
1703 521 1899 596 ἀγαθόν

2040 523 2340 596 provenire
2380 523 2701 580 contendit.
2744 521 3011 594 Cumque
3049 521 3186 578 alibi
3229 523 3499 579 Servator
3535 541 3681 581 nova

267 610 439 660 Τοῦτο
487 607 593 682 γὰρ
648 608 896 682 ἀντικρὸς
947 607 1024 670 εἷς
1068 609 1132 664 τὸ
1171 607 1408 665 ἐναντίον
1456 610 1570 666 ἐστὶ
1615 611 1707 666 τὸν
1753 610 1922 688 λόγον

266 698 609 771 περι-τρέπειν
657 697 752 752 τὸν
813 698 1164 757 Δεσποτικόν.
1221 699 1316 754 Ἐκ
1365 700 1467 774 γὰρ
1516 705 1761 775 πονηρᾶς
1801 720 1926 774 καρ-

259 781 380 848 δίας
411 785 617 860 ἀγαθὸν
650 782 925 858 έπιδεῖξας
955 784 1258 858 φιλονεικεῖ
1301 787 1712 862 προερχόμενον
1765 790 1923 862 (10').

257 873 430 929 Πάλιν
463 870 521 928 δὲ
553 874 852 930 συνάπτων
895 875 924 930 ὁ
959 875 1155 950 Σωτὴρ
1184 878 1251 930 τὰ
1279 877 1431 931 κοινά
1471 882 1591 941 τοῖς
1638 876 1923 949 παλαιοῖς,

256 961 340 1016 καί
396 966 708 1037 παριστῶν,
765 962 842 1025 ὡς
893 962 970 1024 είς
1014 962 1140 1034 μίαν
1192 963 1386 1041 ἄγουσι
1441 965 1713 1041 σωτηρίας
1773 964 1922 1036 ὁδὸν,

259 1051 319 1105 τὰ
355 1052 455 1125 μὲν
489 1053 618 1106 οἷον
651 1047 783 1106 ὄντα
811 1053 1128 1126 προτέλεια,
1158 1053 1224 1110 τά
1262 1052 1322 1110 δὲ
1368 1054 1537 1123 αὐτὴν
1589 1055 1922 1130 χαριζόμενοι

257 1146 350 1213 τὴν
388 1143 742 1214 τελειότητα.
802 1145 900 1199 Διὰ
953 1147 1116 1200 τοῦτό
1175 1167 1328 1220 φησι·
1392 1151 1502 1211 Πᾶς
1561 1147 1918 1223 Γραμματεὺς

259 1232 622 1307 μαθητευθεὶς
721 1232 800 1295 εἰς
892 1235 990 1303 τήν
1104 1236 1379 1309 βασιλείαν
1469 1241 1578 1292 τῶν
1673 1236 1917 1312 οὐρανῶν

255 1322 446 1396 ὅμοιός
527 1322 674 1378 ἐστιν
748 1323 1018 1398 ἀνθρώπῳ
1069 1323 1454 1401 οἰκοδεσπότῃ,
1507 1326 1652 1389 ὅστις
1711 1323 1913 1383 ἐκϐάλ-

258 1410 334 1468 λει
391 1411 457 1467 ἐκ
515 1417 617 1468 τοῦ
704 1414 979 1487 θησαυροῦ
1052 1414 1217 1470 αὐτοῦ
1291 1417 1450 1470 καινὰ
1524 1417 1615 1471 καί
1679 1415 1910 1472 παλαιά’

255 1503 325 1556 Δι’
355 1503 434 1556 ὧν
469 1522 532 1557 τε
563 1501 667 1578 γὰρ
700 1500 752 1556 έν
783 1507 862 1574 τῷ
890 1502 1038 1575 αὐτῷ
1074 1505 1330 1579 θησαυρῷ
1366 1504 1457 1560 καὶ
1501 1503 1563 1560 ἐκ
1609 1508 1706 1560 τοῦ
1745 1506 1911 1560 αὐτοῦ

251 1591 343 1659 τήν
372 1591 575 1659 καινὴν
603 1589 970 1666 προέρχεσθαι
1017 1593 1108 1646 καὶ
1156 1594 1256 1662 τήν
1295 1593 1532 1649 παλαιὰν
1584 1591 1906 1665 ἐκδιδάσκει,

243 1680 298 1734 τὸ
345 1685 592 1735 συνεῖναι
635 1679 726 1734 καὶ
772 1687 1079 1760 συμφωνεῖν
1131 1679 1408 1753 ἀλλήλοις
1450 1684 1541 1738 καὶ
1593 1686 1666 1756 μή
1709 1681 1907 1758 διαμά-

241 1771 432 1844 χεσθαι
479 1765 715 1844 βεϐαιοῖ.
753 1771 840 1832 Δι’
871 1771 945 1824 ὧν
986 1791 1044 1826 τε
1093 1771 1352 1844 ἑκατέρας
1398 1775 1497 1841 τήν
1549 1771 1905 1828 διδασκαλίαν

2034 627 2162 667 cum
2195 612 2484 667 veteribus
2511 613 2846 684 conjungat,
2881 615 3078 667 monet
3107 610 3282 667 simul
3327 611 3383 666 in
3415 613 3678 669 eamdem

2035 717 2102 757 ea
2131 701 2339 757 ducere
2370 701 2580 756 salutis
2613 700 2782 767 viam,
2824 716 2958 756 cum
2998 699 3112 755 alia
3155 699 3388 770 quidem
3425 698 3679 768 initient,

2039 789 2152 844 alia
2170 805 2299 844 vero
2323 786 2734 860 perfectionem
2759 788 3007 843 donent:
3027 786 3211 842 Omnis
3233 785 3680 859 Scriba,inquit,

2035 879 2252 933 edoctus
2283 893 2511 948 regnum
2541 874 2824 936 caelorum,
2855 874 3065 930 similis
3105 881 3190 930 est
3217 877 3371 947 patri
3405 875 3678 947 familias,

2031 969 2127 1038 qui
2155 984 2227 1022 ea:
2254 968 2514 1022 thesauro
2545 982 2645 1020 suo
2678 966 2812 1021 bona
2832 969 3045 1036 profert
3072 981 3209 1021 nova
3229 973 3279 1021 et
3301 966 3570 1022 vetera”.
3602 968 3682 1024 Eo

2030 1056 2158 1126 ipso
2189 1057 2366 1124 enim,
2401 1071 2514 1126 quo
2545 1055 2602 1110 in
2637 1056 2835 1111 eodem
2868 1055 3144 1110 thesauro
3177 1058 3233 1108 et
3261 1071 3329 1110 ex
3351 1056 3553 1111 eodem
3585 1072 3682 1112 no-

2028 1162 2166 1202 vum
2197 1150 2253 1201 et
2280 1149 2444 1200 vetus
2474 1149 2882 1200 testamentum
2916 1144 3217 1215 provenire
3248 1144 3436 1212 docet,
3469 1145 3681 1200 conﬁr-

2031 1245 2152 1296 mat
2182 1242 2444 1307 omnino,
2475 1256 2542 1296 ea
2573 1238 2686 1294 sibi
2723 1238 2974 1294 invicem
3019 1239 3348 1294 consentire
3378 1241 3435 1295 et
3465 1255 3677 1294 conve-

2026 1329 2171 1397 nire,
2191 1347 2303 1384 non
2321 1335 2514 1385 autem
2531 1344 2722 1384 secum
2749 1343 3031 1399 pugnare.
3062 1327 3206 1382 Dum
3221 1343 3354 1383 vero
3371 1327 3677 1399 utriusque

2023 1419 2350 1474 doctrinam
2379 1419 2451 1473 ad
2497 1433 2744 1488 regnum
2796 1415 3071 1472 cozlorum
3116 1417 3433 1487 perducere
3471 1417 3673 1488 tradit,

2021 1504 2214 1560 adhuc
2243 1504 2460 1560 clarius
2501 1502 2948 1559 consensionem
2988 1501 3011 1534 9
3053 1509 3106 1558 et
3145 1518 3358 1558 nexum
3398 1507 3672 1560 mutuum

2019 1593 2491 1649 indissolubilem
2535 1591 2799 1648 astruxit.
2843 1592 3004 1656 Quod
3052 1590 3103 1646 si
3141 1590 3323 1662 igitur
3361 1598 3676 1662 utrumque

2015 1687 2432 1739 testamentum
2465 1682 2524 1736 in
2567 1680 2770 1737 eadem
2803 1697 2864 1736 re
2892 1680 3154 1736 thesauri
3187 1680 3374 1735 instar
3404 1680 3674 1735 recondi-

2014 1776 2138 1828 tum
2171 1777 2278 1841 est,
2311 1776 2368 1827 et
2397 1787 2465 1828 ex
2511 1773 2708 1826 eodem
2744 1771 2955 1826 iterum
3001 1769 3212 1842 prodit,
3241 1769 3300 1822 in
3341 1769 3490 1824 idem
3534 1785 3677 1840 quo-

250 1858 332 1920 εἷς
393 1859 492 1927 τὴν
557 1857 835 1934 βασιλείαν
893 1858 1080 1936 ἐπάγει
1136 1865 1244 1916 τῶν
1301 1861 1565 1937 οὐρανῶν,
1617 1858 1696 1917 ἔτι
1751 1882 1903 1938 περιο

2019 1860 2418 1934 queccelorum
2435 1875 2680 1931 regnum
2699 1875 2814 1928 eos,
2831 1859 2931 1929 qui
2957 1863 3265 1929 utrumque
3281 1861 3672 1924 asservarunt,

235 1947 560 2023 φανέστερον
589 1949 648 2004 τὸ
696 1946 819 2003 λίαν
871 1949 1048 2005 αὐτῶν
1099 1949 1390 2028 σύμφωνον
1440 1952 1530 2007 καὶ
1587 1947 1898 2026 ἀδιαίρετον

255 2034 650 2114 ἐπεψηφίσατο.
697 2039 756 2094 Εἰ
798 2039 888 2093 οὗν
931 2037 1156 2114 ἑκατέρα
1189 2041 1284 2114 μὲν
1324 2039 1376 2096 ἐν
1412 2044 1480 2114 τῇ
1513 2041 1652 2116 αὐτῇ
1705 2042 1903 2110 θησαυ-

257 2127 468 2201 ρίζεται
511 2123 765 2202 διαθήκῃ,
816 2126 877 2182 ἐκ
922 2132 1020 2184 τοῦ
1079 2129 1243 2184 αὐτοῦ
1295 2128 1354 2185 δὲ
1409 2130 1572 2185 πάλιν
1630 2130 1900 2204 πρόεισιν,

245 2213 319 2276 εἰς
351 2216 453 2284 τήν
495 2214 666 2284 αὐτὴν
720 2213 776 2270 δὲ
822 2215 974 2284 τοὺς,
1027 2218 1079 2273 οἳ
1128 2219 1324 2280 ταύτας
1382 2218 1764 2295 ἐθησαύρισαν,
1794 2223 1901 2273 τῶν

255 2303 494 2376 οὐρανῶν
553 2303 748 2378 ἀπάγει
809 2305 1110 2380 βασιλείαν,
1196 2311 1314 2368 πῶς
1378 2304 1540 2369 αὐτὰς
1605 2305 1899 2362 ἀντίπαλοι

256 2389 608 2468 διασχίσουσι
655 2391 910 2470 μερίδες;
953 2394 1109 2452 Ἀλλ’
1147 2395 1276 2472 οὐχὶ
1322 2398 1454 2458 τοὺς
1496 2397 1904 2474 φρυαξαμένους

254 2482 418 2537 εἰπεῖν
469 2487 664 2552 ταῦτα,
725 2485 755 2538 ὁ
803 2480 1073 2555 διαθήκης
1130 2487 1380 2560 ἑκατέρας
1435 2487 1746 2560 νομοθέτης
1803 2489 1903 2542 οὐκ

260 2570 607 2646 ὲκγελάσεται
681 2573 776 2644 μὲν
831 2577 921 2628 καί
987 2573 1399 2650 ἐκμυκτηριεῖς
1481 2576 1554 2638 ὡς
1622 2574 1784 2646 σκεύη
1846 2573 1903 2630 δὲ

256 2661 528 2736 συντρίψει
559 2664 866 2736 κεραμέως,
919 2664 1006 2718 ἅτε
1062 2661 1127 2734 δὴ
1165 2665 1500 2720 παντάπασιν
1547 2664 1678 2720 ὁδοῦ
1727 2663 1903 2721 δικαί-

257 2772 313 2814 ας
373 2751 606 2812 ἑαυτοὺς
703 2748 1087 2831 διασχίσαντάς
1150 2774 1208 2809 τε
1267 2754 1356 2809 καὶ
1424 2753 1899 2825 ἀπολωλεκόταςς

258 2841 735 2915 Προανακηρύττει
802 2840 860 2896 δὲ
926 2842 1016 2897 καὶ
1084 2843 1112 2898 ὁ
1177 2846 1469 2921 προφήτης
1552 2844 1800 2914 Ἡσαΐας,
1868 2845 1902 2900 ἃ

251 2933 359 2991 τοῖς
391 2927 582 3004 ἔργοις
607 2929 790 2990 αὐτοῖς
822 2926 908 2984 ἐπὶ
942 2934 1040 2985 τοῦ
1082 2937 1342 3008 Σωτῆρος
1397 2933 1582 3009 ὡράθη
1632 2933 1902 3008 τελούμε-

256 3038 330 3072 να·
415 3018 596 3079 Αὐτὸς
660 3019 756 3082 τὰς
821 3017 1092 3082 ἀσθενείας
1156 3023 1317 3095 ἡμῶν
1399 3017 1583 3094 ἔλαϐε,
1651 3024 1740 3079 καὶ
1806 3025 1902 3086 τὰς

257 3105 443 3168 νόσους
509 3101 819 3162 ἐϐάστασεν·
888 3109 981 3163 καί
1044 3113 1125 3182 τῷ
1207 3107 1446 3184 μώλωπι
1522 3111 1687 3167 αὐτοῦ
1769 3114 1902 3168 πάν-

2011 1951 2297 2022 perducit,
2340 1950 2634 2021 quomodo
2681 1965 2748 2004 ea
2804 1947 3077 2019 oppositae
3121 1947 3403 2002 factiones
3442 1963 3676 2018 separa-

2011 2038 2196 2094 bunt?
2218 2038 2420 2094 Nonne
2443 2039 2632 2108 potius
2655 2037 2960 2107 utriusque
3005 2035 3341 2092 testamenti
3364 2045 3566 2092 auctor
3604 2052 3673 2092 ea

2012 2127 2278 2199 proloqui
2311 2126 2592 2182 audentes
2626 2125 2852 2196 iridebit
2890 2130 2947 2179 et
2985 2125 3400 2193 subsannabit,
3441 2125 3559 2178 imo
3605 2128 3672 2179 ut

2011 2233 2150 2272 vasa
2205 2216 2364 2288 ﬁguli
2423 2220 2698 2282 conteret,
2744 2219 3028 2285 tanquam
3091 2230 3212 2283 eos,
3262 2213 3464 2284 quise
3515 2212 3671 2268 avia

2007 2310 2166 2362 recta
2194 2305 2591 2377 separaverint
2621 2299 2677 2360 et
2709 2302 3101 2376 perdiderint?
3133 2301 3495 2357 Prienuntiat
3517 2317 3661 2358 vero

2007 2398 2064 2450 et
2094 2394 2377 2466 propheta
2402 2395 2607 2460 Isaias,
2643 2408 2712 2446 ea
2754 2407 2882 2462 quas
2931 2398 3186 2460 tempore
3230 2389 3552 2446 Servatoris
3601 2407 3666 2447 re

2009 2484 2139 2554 ipsa
2169 2484 2430 2555 praestita
2458 2481 2818 2554 apparebant
2860 2491 2874 2530 :
2909 2480 3027 2550 Ipse
3068 2479 3418 2548 inﬁrmitates
3448 2481 3666 2534 nostra:

2007 2572 2266 2644 suscepit,
2297 2575 2348 2628 et
2375 2571 2588 2628 morbos
2613 2570 2841 2642 pertulit
2869 2585 2887 2624 :
2918 2576 2972 2624 et
2995 2568 3179 2639 plagis
3207 2570 3329 2638 ejus
3348 2583 3444 2622 nos
3467 2583 3662 2622 omnes

2007 2668 2193 2722 sanati
2218 2681 2407 2720 sumus
2429 2664 2504 2716 θ’.
2539 2663 2615 2719 Ea
2645 2679 2875 2734 quoque
2907 2676 3030 2733 qua:
3064 2660 3370 2716 dominum
3404 2660 3674 2716 tenebra-

2007 2773 2136 2812 rum
2169 2766 2222 2812 et
2255 2759 2563 2825 potestates
2593 2753 2913 2819 latuerunt,
2946 2751 3067 2806 haec
3100 2749 3364 2821 praescire
3402 2749 3661 2821 prophe-

2010 2853 2146 2912 tam,
2180 2846 2398 2900 donum
2431 2843 2834 2915 prOpheticum
2865 2846 2923 2896 et
2951 2842 3068 2896 vita
3107 2841 3422 2896 secundum
3471 2838 3661 2911 legem

2010 2939 2139 2991 acta
2170 2935 2323 2990 fecit.
2349 2933 2650 3000 Quomodo
2677 2949 2809 2988 vero
2842 2930 3162 3003 prophetia,
3197 2945 3324 3000 quia
3368 2928 3656 2984 latronem

2012 3023 2208 3092 latuit,
2240 3040 2307 3078 ex
2341 3022 2495 3094 ipius
2516 3021 2902 3092 inspiratione
2927 3021 3182 3091 profecta
3202 3022 3291 3074 est
3311 3017 3339 3072 ?
3360 3017 3660 3082 Quomodo

2014 3115 2064 3170 is
2096 3112 2194 3184 qui
2229 3112 2531 3167 Dominum
2564 3114 2831 3165 nostrum
2861 3112 3064 3164 Jesum
3095 3107 3390 3162 Christum
3413 3105 3496 3161 ita
3523 3121 3667 3177 prae-

325 3160 328 3161 ,
427 3160 440 3168 _
515 3160 554 3162 ρ
601 3160 630 3161 η
1057 3160 1118 3182 ,τ
1207 3160 1446 3184 rm“---
1524 3160 1684 3167 ηπ,
1777 3160 1868 3168 η...

256 3216 335 3257 τες
367 3198 540 3268 ἡμεῖς
588 3196 842 3268 ἰάθημεν.
873 3197 975 3251 Καὶ
1023 3197 1057 3252 ἃ
1101 3203 1199 3253 τοῦ
1249 3199 1474 3262 σκότους
1521 3203 1610 3256 τὸν
1661 3201 1903 3276 ἄρχοντα

2019 3160 2248 3267 dicavit,
2290 3205 2461 3269 atque
2500 3199 2746 3253 salutem
2789 3202 3047 3252 nostram
3090 3198 3170 3250 ita
3218 3160 3665 3250 instaurandam

259 3284 481 3346 καὶτὰς
542 3288 658 3357 (11)
714 3285 955 3355 ἐξουσίας
1012 3285 1248 3359 διέλαθε,
1305 3293 1475 3345 ταῦτα
1530 3288 1901 3366 προειδέναιὴ

259 3374 574 3449 προφητική
638 3373 798 3448 χάρις
855 3374 946 3429 καὶ
1003 3377 1038 3445 ἡ
1097 3377 1233 3431 κατὰ
1290 3377 1457 3450 νόμον
1527 3377 1776 3435 πολιτεία
1826 3386 1904 3452 τῷ

256 3464 508 3538 προφήτῃ
565 3461 874 3540 ἐχαρίζετο.
941 3466 1038 3520 Καὶ
1104 3469 1223 3528 πῶς
1262 3469 1298 3536 ἡ
1343 3467 1434 3522 τὸν
1496 3466 1705 3542 λῃστὴν
1764 3469 1902 3524 λαν-

253 3551 479 3606 θάνουσα
531 3551 840 3627 προφητεία
894 3551 956 3608 ἐκ
1028 3561 1129 3624 τῆς
1200 3555 1366 3610 αὐτοῦ
1438 3560 1720 3636 προήγετο
1781 3558 1898 3614 ἐπι-

2015 3289 2297 3365 praadixit,
2342 3290 2539 3343 futura
2571 3287 2685 3342 nisi
2739 3304 2770 3340 a
2810 3286 2926 3341 Deo
2972 3285 3124 3340 bono
3154 3288 3212 3339 et
3248 3283 3441 3350 Patre,
3469 3300 3502 3338 a
3551 3297 3666 3353 quo

2013 3381 2142 3438 fons
2172 3378 2454 3443 veritatis,
2487 3377 2613 3450 ipse
2654 3377 2923 3433 Servator
2962 3380 3181 3441 noster,
3227 3372 3523 3446 profluxit,
3567 3372 3665 3428 sed

2014 3472 2086 3528 ab
2134 3469 2245 3525 alio
2293 3467 2449 3524 malo
2511 3466 2796 3539 principio
2840 3463 3283 3536 inspirationem
3333 3463 3663 3529 habuisset,

2013 3561 2360 3617 vaticinatus
2393 3556 2522 3612 est?

255 3640 482 3709 πνοίαςς
517 3643 641 3702 Ηῶς
673 3637 900 3698 δέὁτὸν
959 3643 1159 3717 Κύριον
1218 3647 1380 3718 ἡμῶν
1439 3647 1646 3716 Ἰησοῦν
1704 3648 1930 3723 Χριστὸν
1991 3649 2136 3704 οὓτω
2195 3647 2287 3721 μὲν
2346 3645 2644 3721 θεολογῶν,
2704 3642 2847 3700 οὕτω
2905 3639 2962 3696 δὶ
3017 3641 3115 3711 τήν
3177 3636 3450 3713 σωτηρίαν
3504 3638 3668 3709 ἡμῶν

259 3728 768 3804 προκαταγγέλλων
821 3729 1260 3808 διαπράττεσθαι,
1314 3735 1415 3790 οὐκ
1457 3735 1516 3790 έκ
1558 3737 1654 3792 τοῦ
1701 3737 1902 3811 ἀγαθοῦ
1951 3742 2084 3795 Θεοῦ
2131 3737 2220 3792 καὶ
2273 3737 2482 3808 Πατρὸς
2545 3734 2902 3808 ἐκπνεόμενος
2957 3729 3024 3784 ’τίἀ
3083 3727 3359 3803 μέλλοντα
3414 3725 3674 3804 ἐχρησμ-

263 3815 410 3890 ῴδει,
444 3818 494 3888 ἐξ
530 3818 592 3873 οὗ
621 3826 722 3889 τῆς
753 3819 1016 3892 ἀληθείας
1039 3825 1074 3892 ἡ
1105 3824 1256 3897 πηγὴ
1305 3823 1466 3885 αὐτὸς
1497 3825 1526 3880 ὁ
1560 3827 1758 3900 Σωτὴρ
1791 3825 1950 3900 ἡμῶν
1992 3824 2297 3903 προῆλθεν,
2337 3823 2486 3879 ἀλλά
2525 3843 2670 3884 τινος
2723 3823 2834 3894 (12)
2884 3817 3063 3889 ἄλλης
3111 3815 3377 3892 πονηρίας
3418 3813 3670 3892 ἐνεργού-

270 3929 364 3977 σης
393 3907 707 3983 ἀρχεκάκου
735 3936 749 3979 ;

322 4001 446 4056 ΚΗ.
506 3999 628 4074 Ἆρ’
693 3999 756 4054 οὐ
822 4002 1056 4058 παύεσθε
1121 4004 1546 4079 θεομαχοῦντες,
1637 4003 1762 4061 οὐδέ
1824 4027 1908 4068 τις

269 4087 401 4156 ὖμιᾶς
457 4086 768 4162 μετάμελος
823 4097 923 4159 τῆς
981 4096 1190 4166 μακρᾶς
1245 4092 1499 4169 ἀναφέρει
1540 4093 1792 4164 πλάνης;
1852 4101 1906 4150 'O

264 4177 505 4253 μέντοιγε
565 4179 762 4250 Σωτὴρ
828 4181 990 4253 ἡμῶν
1053 4181 1132 4254 τῷ
1185 4181 1543 4257 προσελθόντι
1611 4184 1760 4255 αὐτῷ
1815 4183 1905 4238 καὶ

267 4267 402 4336 ζωὴν
454 4266 677 4322 αἰῶνιον
733 4266 1077 4338 έπιζητοῦντι
1136 4270 1340 4342 ταύτης
1398 4279 1587 4349 τυχεῖν
1645 4271 1906 4349 ἐπαγ-γέλα

2083 4005 2283 4062 Χνιιι.
2325 4003 2602 4075 Nunquid
2663 4002 2842 4074 igitur
2897 3999 3158 4066 cessatis,
3217 4001 3422 4054 contra
3482 3997 3656 4051 Deum

2016 4109 2294 4166 pugnare,
2323 4107 2511 4161 neque
2539 4106 2641 4145 vos
2672 4089 2789 4144 ulla
2830 4086 3162 4159 poenitentia
3194 4103 3226 4140 a
3259 4084 3434 4156 longo
3465 4099 3660 4138 errore

2015 4181 2278 4240 revocat?
2308 4181 2384 4235 At
2434 4181 2730 4236 enimvero
2781 4177 3050 4232 Servator
3093 4178 3286 4230 noster
3313 4173 3503 4240 illum,
3553 4173 3657 4244 qui

2011 4274 2081 4330 ad
2114 4287 2172 4327 se
2188 4271 2426 4326 veniens
2456 4269 2632 4324 vitam
2661 4271 2932 4323 aeternam
2967 4264 3285 4337 quaerebat,
3317 4263 3495 4333 hujus
3528 4278 3655 4333 par-

263 4355 423 4427 λεται,
465 4358 573 4412 οὐκ
618 4356 708 4413 ἐὰν
749 4359 840 4414 τὸν
896 4361 1070 4434 νόμον
1136 4361 1538 4442 βλασφημήσῃ,
1600 4361 1724 4418 οὐδὲ
1779 4365 1904 4426 τοὺς

2019 4365 2249 4436 ticipem
2279 4364 2397 4419 fore
2428 4359 2741 4433 promittit,
2791 4374 2906 4415 non
2947 4361 3119 4422 certe,
3162 4355 3210 4410 si
3245 4355 3428 4426 legem
3458 4353 3660 4409 convi-

261 4450 537 4525 προφήτας
619 4448 1016 4525 ἐκμυκτηρίσῃ,
1092 4451 1224 4507 ἀλλ’
1293 4441 1358 4508 εἷ’
1407 4475 1470 4529 γε
1534 4455 1628 4517 τὰς
1685 4453 1904 4516 ἐντολὰς

2021 4453 2128 4509 clis
2162 4451 2582 4524 proscinderet,
2604 4453 2703 4505 aut
2719 4448 3031 4521 prophetas
3055 4447 3463 4510 subsannaret,
3489 4441 3592 4497 sed
3614 4441 3664 4496 si

265 4534 550 4612 ⁴πληρώσῃ.
611 4539 1026 4612 Πυνθανομένου
1081 4540 1182 4616 γὰρ
1252 4547 1350 4598 τοῦ
1414 4545 1514 4612 τὴν
1596 4545 1742 4614 ζωήν
1804 4545 1904 4614 τήν

264 4623 469 4680 αἷώνιον
512 4625 818 4695 αἲτοῦντος,
853 4629 1058 4700 Ποίας;
1091 4630 1180 4701 (Ὤ
1208 4637 1307 4700 τῆς
1347 4630 1567 4706 πολλῇς
1601 4637 1699 4688 τοῦ
1727 4633 1899 4706 νόμου

264 4709 684 4789 σεϐασμιότητος
712 4717 726 4772 ί
754 4723 767 4787 )
800 4715 863 4771 οὐ
893 4718 992 4780 τὰς
1023 4717 1128 4774 ἀπὸ
1159 4726 1258 4789 τῆς
1296 4721 1526 4796 χάριτος
1555 4720 1723 4794 αὐτῷ,
1755 4720 1904 4777 ἀλλὰ

263 4802 340 4888 τὰς
402 4804 512 4858 ἀπὸ
575 4808 676 4859 τοῦ
739 4803 912 4879 νόμου
1008 4803 1410 4884 προϐάλλεται,
1477 4811 1550 4866 Οὐ
1609 4813 1901 4888 φονεύσεις,

265 4887 447 4966 λέγων,
509 4893 572 4948 οὐ
637 4896 978 4970 μοιχεύσεις,
1039 4897 1102 4952 οὐ
1154 4897 1394 4973 κλέψεις,
1467 4901 1532 4954 οὐ
1590 4887 1904 4975 ψευδομαρ-

262 4983 518 5054 τυρήσεις.
581 4983 738 5056 Τίμα
803 4985 894 5040 τὸν
953 4985 1160 5061 πατέρα
1215 4988 1304 5042 καὶ
1359 4990 1460 5058 τὴν
1526 4991 1756 5062 μητέρα,
1813 4989 1903 5044 καὶ

321 5105 366 5139 "
395 5108 602 5167 Matth.
631 5127 761 5180 xm,
791 5112 885 5170 52.
962 5113 984 5148 '
1013 5113 1148 5172 Luc.
1179 5129 1242 5186 ιι,
1274 5115 1362 5171 42.
1440 5115 1484 5150 ⁹⁹
1516 5116 1627 5173 Isa.
1660 5131 1778 5186 Lm,
1808 5116 1862 5171 5.

2018 4546 2299 4616 praecepta
2328 4546 2600 4597 servaret.
2631 4541 2776 4596 Cum
2808 4538 2962 4594 enim
2987 4537 3184 4603 homo,
3209 4535 3280 4590 de
3304 4533 3421 4590 vita
3449 4535 3664 4588 eterna

2011 4631 2317 4694 sollicitus,
2372 4637 2671 4700 quaereret,
2729 4641 2998 4699 quanam
3049 4623 3327 4680 servanda
3357 4626 3549 4676 essent
3592 4619 3658 4690 (Ο

2012 4720 2289 4777 eximium
2311 4718 2558 4786 cultum,
2581 4717 2695 4789 legi
2718 4716 3036 4787 praestitum
3055 4714 3090 4784 Ι)
3118 4729 3231 4768 non
3268 4728 3335 4766 ea
3356 4725 3486 4780 quae
3522 4725 3662 4782 gra-

2013 4811 2130 4876 tiae,
2163 4810 2263 4864 sed
2317 4825 2442 4880 quat
2486 4806 2630 4877 legis
2678 4808 2866 4872 erant,
2914 4803 3206 4874 proponit,
3255 4801 3368 4857 Non
3422 4797 3655 4865 occides,

2013 4898 2307 4971 inquiens,
2339 4914 2450 4954 non
2477 4895 2851 4963 moechaberis,
2879 4909 2992 4950 non
3011 4892 3306 4964 iuraberis,
3328 4906 3440 4946 non
3454 4889 3660 4960 falsum

2017 4989 2389 5046 testimonium
2421 4987 2587 5044 dices.
2620 4986 2834 5042 Honora
2859 4993 3075 5056 patrem
3107 4989 3282 5051 tuum,
3325 4989 3376 5037 et
3404 4983 3658 5048 matrem,

1413 5259 1655 5317 VARIZE
1695 5259 2089 5318 LECTIONES
2128 5259 2216 5316 ET
2257 5257 2486 5318 NOTAE.

325 5374 923 5469 ςΞίΞΣ)-ἓ¹ρ9ερχ⁶ιιει9.ν-
950 5385 1039 5469 .138
1077 5384 1282 5469 εοηίρεί
1307 5401 1409 5469 ριῖο
1429 5383 1891 5469 προσερχόμενοι

262 5437 642 5527 ξιείιιίιοέειιυῑιιει⁸
667 5437 766 5527 ᾔδει
824 5437 1095 5527 Βίοοίίιξιιι
1114 5437 1257 5512 ⁷Ηὸ
1271 5437 1282 5440 “
1308 5437 1891 5527 {nidamenta

263 5515 468 5602 {larens
512 5539 616 5592 vn,
659 5524 752 5602 _20,
805 5525 948 5602 dicit
982 5525 1383 5602 ,ἐκπορεύεσθαι
1418 5526 1500 5602 ix
1548 5515 1895 5602 cos’avbpa-

401 5589 498 5676 βία
542 5589 898 5676 Ηάιιφφρδέ
923 5599 1070 5676 _ait:
1123 5589 1232 5668 Ῡήν
1281 5601 1470 5670 καινὴν
1526 5589 1888 5676 προέρχεσθαι

259 5659 340 5709 καί
357 5659 450 5728 τὴν
482 5659 722 5719 παλαιὰν
751 5659 1077 5722 ἔκδιδάσκει.

322 5731 424 5804 (ﬂ)
451 5732 578 5798 Τάς.
611 5737 856 5796 Restitui
889 5737 1000 5798 hoc
1030 5757 1132 5812 pro
1158 5745 1282 5812 τῆς,
1314 5745 1467 5816 quod
1511 5744 1571 5800 in
1622 5759 1732 5808 ms.
1767 5749 1891 5802 erat

2074 5386 2188 5458 (12)
2224 5383 2401 5441 Ἀλλά
2428 5381 2719 5458 τινοςηειο
2749 5379 2952 5458 scripsi
2986 5395 3086 5451 pro
3116 5373 3264 5458 ἀλλᾶ
3298 5375 3648 5458 τίνος,.(Ῑυιξά

2007 5447 2187 5514 οοὸοέ
2220 5459 2498 5514 mendose
2537 5447 2884 5520 exhibebat,
2910 5447 3083 5528 quem
3121 5455 3179 5505 et
3221 5465 3375 5528 saepe
3411 5447 3554 5528 alias
3584 5447 3650 5528 _l_n

2003 5529 2320 5611 periptiope
2351 5532 2701 5611 accentuum
2731 5543 2764 5580 a
2794 5518 2944 5581 vero'
2964 5523 3236 5611 aberrare
3260 5518 3647 5611 ldeprehendi,

2004 5593 2141 5656 hinc
2171 5601 2305 5656 inde
2336 5604 2537 5665 etiam,
2570 5598 2668 5653 ubi
2699 5613 2815 5654 non
2847 5594 3067 5664 monui,
3101 5593 3172 5653 ad
3196 5593 3441 5648 rationes
3463 5604 3652 5660 gram-

2004 5671 2248 5728 maticas
2280 5689 2313 5728 a
2345 5688 2436 5728 me
2469 5671 2867 5728 emendatum.

2001 5684 2248 5729 matteas
2280 5689 2313 5728 Β
2345 5688 2436 5729 me
2469 5684 2867 5728 emendatum.
