4084 6210
405 380 524 442 219

1613 384 1882 446 ΡΗΟΤῙΙ
1929 381 2447 446 PATRIARCILE
2489 384 2604 446 ΟΡ.

3684 377 3804 440 220

408 525 464 577 et
491 519 660 592 dilige
683 521 1006 592 proximum
1038 525 1192 576 tuum
1210 519 1350 577 sicut
1373 525 1421 576 te
1448 522 1630 591 ipsum
1650 519 1713 575 ‘°.
1736 519 1882 576 Vide
1911 537 2046 577 vero

2180 520 2463 596 ἱγαπήσεις
2527 519 2620 574 τὸν
2712 517 2950 589 πλησίον
3042 536 3136 572 σου
3229 515 3304 578 ὡς
3386 513 3633 571 σεαυτόν.
3711 511 3811 568 Καὶ

411 611 654 677 bonum,
689 610 841 681 quod
866 610 923 664 in
945 611 1156 680 juvene
1177 608 1273 665 illo
1294 614 1436 677 erat,
1458 607 1850 681 utintelligas,
1885 610 2053 679 quale

414 699 652 770 quidem
686 698 828 753 illud
861 699 958 766 sit,
992 698 1158 768 cujus
1192 697 1516 754 observatio
1565 698 1741 754 vitam
1785 703 2053 755 aeternam

415 788 700 844 conciliet.
743 788 883 844 Cum
937 787 1093 843 enim
1148 787 1198 842 is
1247 788 1648 859 interrogaret,
1699 787 1845 843 nihil
1894 788 2052 844 aliud

413 875 606 947 ipsum
637 875 886 942 edocuit,
916 890 1115 945 quam,
1142 875 1448 946 apostasia
1479 890 1541 931 se
1565 892 1885 948 opponens,
1907 875 2054 948 legis

415 970 703 1039 praecepta
733 967 1052 1036 proposuit,
1085 979 1215 1020 eum
1249 966 1436 1021 multa
1466 967 1896 1024 asseveratione
1925 982 2055 1024 con-

413 1056 681 1122 tendens,
715 1070 782 1110 ea
805 1054 956 1109 bona
983 1069 1108 1111 esse
1138 1058 1194 1109 et
1223 1055 1297 1110 ad
1319 1055 1494 1111 vitam
1522 1059 1796 1112 aeternam
1821 1057 2054 1113 ducere.

413 1145 570 1208 Quod
604 1145 654 1198 si
683 1159 816 1199 vero
847 1160 882 1198 a
910 1144 1063 1200 bono
1098 1144 1263 1200 Patre
1295 1161 1408 1200 non
1451 1145 1720 1214 fuissent,
1755 1145 2058 1218 ipsiusque

416 1232 700 1304 praeconio
741 1249 1012 1294 consona,
1057 1234 1158 1290 sed
1188 1252 1221 1290 a
1252 1236 1556 1307 tyrannide
1583 1240 1730 1303 orta,
1765 1237 2058 1307 quomodo

413 1320 515 1377 illa
545 1321 758 1377 veritas
788 1321 914 1393 ipsa
941 1326 1221 1393 tanquam
1252 1325 1512 1379 veritatis
1544 1323 1716 1396 plena
1754 1325 2059 1396 produxis-

414 1411 540 1468 set?
570 1410 869 1478 Quomodo
899 1428 1029 1467 vero
1072 1411 1252 1468 vitam
1287 1417 1564 1468 aeternam
1608 1415 1887 1483 qumrenti
1931 1430 2058 1470 eam

415 1516 517 1573 per
545 1518 613 1556 ca
643 1501 1018 1571 quaerendam
1065 1501 1408 1559 suasisset?
1438 1504 1738 1567 Quomodo
1788 1504 2060 1576 denique,

416 1605 448 1646 ο
482 1589 800 1645 maximam
830 1589 1151 1646 insaniam!
1187 1591 1238 1646 si
1269 1590 1403 1663 quis
1433 1591 1554 1648 haec
1576 1593 1660 1648 vel
1692 1591 1751 1648 in
1780 1609 1842 1648 se
1863 1593 2064 1649 consi-

415 1678 619 1734 derare
651 1678 918 1746 voluerit,
949 1679 1129 1749 illius,
1163 1680 1261 1751 qui
1295 1681 1366 1736 ab
1391 1679 1556 1736 initio
1588 1679 1882 1738 homicida
1915 1688 2060 1754 erat,

416 1766 512 1823 lex
532 1766 707 1822 fuerit
738 1782 751 1821 :
776 1768 893 1823 Non
921 1768 1146 1833 occides,
1177 1784 1290 1824 non
1330 1769 1705 1838 mwchaberis,
1739 1774 1796 1825 et
1825 1776 2062 1840 ceterae,

2164 608 2264 683 δρα
2292 606 2389 664 τοῦ
2418 607 2697 663 νεανίσκου
2734 607 2798 663 τὸ
2837 607 3057 682 ἀγαθὸν.
3102 605 3291 660 ὁποῖόν
3339 603 3392 658 τί
3441 601 3608 672 ἐστιν,
3659 603 3726 656 οὗ
3772 603 3806 672 ἡ

2165 699 2356 772 πρᾶξις
2402 699 2500 768 τήν
2562 697 2782 752 αἰώνιον
2843 697 2988 766 ζωὴν
3037 695 3300 770 προξενεῖ.
3351 696 3752 769 Διερωτῶντος,
3781 692 3810 746 ὁ

2163 787 2358 860 Σωτὴρ
2415 785 2571 841 ούδὶν
2618 784 2832 859 μᾶλλον
2880 783 3081 840 ἐκεῖνον
3129 780 3420 852 διδάσκων,
3461 781 3495 850 ἧ
3527 781 3666 836 κατᾶ
3711 783 3811 846 τῆς

2161 874 2496 937 ἀποστασίας
2540 874 2855 947 ἱστάμενος,
2889 874 2984 935 τὰς
3037 871 3274 945 νομικὰς
3317 869 3620 943 προέτεινεν
3667 867 3811 922 ἐπο-

2166 963 2284 1033 λάς,
2349 965 2483 1037 μετά
2546 961 2766 1033 πολλῆς
2831 969 2933 1032 τῆς
2994 957 3366 1037 βεϐαιώσεως,
3423 958 3622 1033 ἀγαθὰς
3679 958 3810 1012 εἶναι

2161 1054 2358 1114 ταύτας
2387 1053 2476 1108 καὶ
2507 1053 2645 1129 πρὸς
2696 1052 2840 1122 ζωὴν
2889 1051 3122 1128 ἀπάγειν
3166 1051 3267 1120 τὴν
3322 1048 3541 1104 αἰώνιον
3587 1045 3818 1121 ἰπιμαρ·

2163 1149 2358 1219 τυρῶν.
2391 1143 2491 1198 Καί
2517 1165 2605 1199 τοι
2655 1142 2699 1198 εί
2735 1144 2811 1216 μὴ
2855 1146 2954 1198 τοῦ
3011 1141 3211 1218 ἀγαθοῦ
3263 1140 3473 1215 Πατρὸς
3517 1139 3675 1208 ἦσαν,
3723 1137 3818 1193 καὶ

2172 1239 2253 1306 τῷ
2312 1233 2476 1288 αὐτοῦ
2534 1233 2848 1309 κηρύγματι
2922 1231 3231 1308 σύμφωνοι,
3287 1229 3415 1285 ἀλλ’
3474 1231 3509 1299 ἡ
3565 1227 3820 1303 τυραννὶς

2167 1323 2356 1386 αὐτοῖς
2415 1323 2694 1401 ἐπεφύετο,
2773 1327 2891 1384 πῶς
2954 1321 3048 1395 μὶν
3118 1319 3284 1384 αύτάς
3339 1321 3374 1390 ἡ
3433 1319 3685 1390 ἀλήθεια,
3742 1317 3820 1380 ὡς

2173 1413 2444 1489 μετόχους
2469 1419 2685 1489 προῆγε
2707 1419 2806 1482 τῆς
2832 1411 3165 1486 ἀγαθότητος
3190 1432 3204 1480 ;
3235 1413 3354 1472 πῶς
3385 1406 3443 1463 δὲ
3461 1413 3540 1480 τῷ
3571 1411 3825 1478 ζητοῦντι

2175 1505 2277 1572 τὴν
2327 1503 2548 1558 αἰώνιον
2583 1503 2729 1572 ζωήν
2775 1498 2844 1556 δι’
2893 1500 3068 1556 αὐτῶν
3111 1501 3284 1573 εὑρεῖν
3333 1497 3644 1565 ἐπετίθετος
3697 1499 3825 1558 Πῶς

2173 1590 2250 1663 δὶ,
2283 1590 2328 1645 ὢ
2372 1591 2588 1668 βαθείας
2641 1592 2854 1665 μέθηςῐ
2905 1589 2959 1645 εἷ’
2999 1610 3076 1652 τις
3121 1587 3212 1644 καὶ
3260 1589 3378 1642 καθ’
3425 1588 3586 1643 ἑαυτά
3635 1583 3823 1641 ἔθὲλοι

2169 1685 2335 1737 ταῦτα
2366 1685 2606 1751 σκοπεῖν,
2636 1685 2734 1736 τοῦ
2780 1680 2870 1734 ἀπ’
2918 1679 3104 1754 ἀρχῆς
3151 1675 3602 1753 ἀνθρωποκτόνου
3646 1675 3823 1748 νόμος

2168 1771 2253 1826 τό·
2319 1769 2392 1826 Οἵ)
2451 1768 2751 1848 φονεύσεις,
2830 1767 2892 1824 ού
2974 1767 3309 1843 μοιχεύσεις,
3376 1765 3467 1821 καὶ
3541 1765 3606 1819 τὰ
3652 1762 3822 1832 ἄλλα,

419 1856 634 1927 quibus
701 1854 925 1912 malitia
971 1857 1217 1929 ejusque
1274 1863 1434 1914 sator
1503 1875 1535 1915 e
1593 1859 1876 1916 diametro
1930 1860 2070 1930 ipsis

2182 1859 2267 1921 οἷς
2327 1858 2386 1913 ἐκ
2436 1846 2730 1932 διαμέτρου
2779 1859 2814 1926 ἡ
2863 1855 3024 1911 κακία
3079 1856 3167 1910 καὶ
3225 1857 3254 1910 ὁ
3310 1855 3512 1924 ταύτης
3569 1851 3824 1926 σπορεὺς,

419 1947 746 2018 oppositus,
808 1962 922 2002 non
969 1963 1129 2018 sane,
1175 1949 1418 2016 fovetur,
1490 1950 1588 2005 sed
1637 1949 1831 2022 potius
1887 1950 2070 2005 effici-

418 2039 536 2104 tur,
569 2039 633 2090 ut
662 2035 996 2090 obedientes
1037 2053 1071 2091 a
1119 2038 1596 2109 castigandorum
1639 2039 1823 2110 pomis
1870 2038 2071 2110 procul

421 2121 834 2181 amoveantur?
857 2125 965 2188 Qui
997 2125 1149 2181 enim
1183 2144 1216 2183 a
1235 2127 1512 2196 caedibus,
1538 2133 1595 2183 et
1621 2128 1794 2195 furto,
1818 2133 1876 2185 et
1911 2129 2076 2184 adul-

419 2213 566 2269 terio
597 2216 654 2268 et
682 2213 828 2268 falso
859 2212 1192 2271 testimonio
1221 2214 1546 2272 immunem
1579 2231 1636 2272 se
1668 2221 1918 2289 prestat,
1936 2233 2070 2288 pro-

423 2301 767 2372 ximumque
793 2316 968 2356 suum
1001 2301 1190 2375 diligit
1214 2308 1278 2359 ut
1321 2319 1382 2360 se
1415 2305 1628 2375 ipsum,
1680 2304 1777 2362 hic
1818 2310 1925 2374 est,
1970 2306 2070 2376 qui

423 2390 580 2462 leges
628 2389 788 2446 Bono
831 2391 1128 2462 oppositas
1177 2391 1500 2462 conculcet,
1542 2398 1598 2449 et
1645 2408 1801 2454 eum.
1853 2394 1951 2465 qui
1996 2393 2070 2449 ab

425 2479 594 2535 initio
625 2477 819 2534 malus
859 2479 989 2546 fuit,
1030 2484 1312 2552 tanquam
1353 2482 1578 2538 hostem
1612 2482 1932 2550 confundit,
1968 2482 2069 2552 qui

422 2566 694 2637 denique,
719 2565 990 2637 prestitis
1012 2569 1315 2639 praeceptis
1333 2569 1621 2640 Mosaicis,
1645 2572 1888 2639 gratiam
1913 2585 2070 2626 acce-

425 2655 510 2726 pit
536 2670 599 2710 se
625 2655 698 2709 ab
743 2655 871 2726 ejus
899 2654 1226 2711 actionibus
1271 2657 1622 2713 abstinendi.
1662 2661 1748 2715 Ita
1789 2659 2064 2728 actiones,

424 2759 549 2814 quea
596 2759 630 2798 a
668 2743 810 2814 legis
850 2744 1153 2816 praeceptis
1192 2746 1664 2816 proficiscuntur,
1695 2764 1802 2804 sua
1860 2755 2069 2804 natura

333 2863 338 2866 -
425 2833 644 2890 bonum
669 2850 868 2891 secum
893 2835 1106 2903 ferunt,
1137 2841 1194 2892 et
1225 2837 1404 2893 robur
1441 2839 1577 2895 Mali
1619 2856 1722 2913 per
1759 2855 1818 2897 se
1861 2839 2067 2896 invali-

425 2923 564 2980 dum
621 2939 749 2980 esse
797 2924 1217 2982 demonstrant.
1274 2927 1422 2983 Dum
1462 2945 1594 2984 vero
1642 2927 2065 2987 adolescentem

425 3013 745 3086 perfectum
796 3013 914 3070 fore
945 3015 1338 3086 pronuntiavit
1381 3017 1670 3088 Servator,
1703 3020 1751 3074 si
1796 3020 2072 3091 reciperet

423 3107 481 3160 et
509 3119 635 3172 sua,
697 3119 826 3174 qua
861 3105 1107 3175 gratiam
1160 3111 1451 3176 parerent,
1515 3114 1817 3180 praecepta,
1882 3125 2072 3181 neque

421 3191 528 3248 hoc
573 3207 716 3248 sane
764 3192 1110 3264 quidquam,
1163 3196 1317 3265 quod
1357 3195 1532 3252 dictis
1571 3199 1921 3254 contrarium
1972 3198 2071 3269 sit,

425 3280 620 3338 infert.
669 3281 932 3338 Primum
973 3282 1128 3338 enim
1180 3301 1296 3340 non
1348 3289 1808 3359 unumquodque
1847 3303 2070 3356 eorum,

430 3387 557 3442 quae
589 3370 696 3426 sub
726 3371 1079 3444 gratiasunt,
1097 3383 1447 3445 preceplum
1464 3391 1636 3446 perse
1659 3377 2069 3446 perfectionem

426 3459 670 3530 confert,
700 3460 839 3532 quia
877 3461 963 3516 sic
1020 3462 1319 3519 sufficeret
1358 3481 1565 3535 unum,
1607 3471 1664 3521 et
1712 3464 2070 3538 reliquorum

425 3549 749 3606 observatio
807 3565 1236 3619 supervacanea
1285 3553 1451 3608 foret.
1503 3555 1699 3625 Neque
1758 3553 1914 3610 enim
1963 3555 2072 3610 hoc

425 3647 650 3695 tantum
684 3640 752 3694 ad
787 3638 949 3694 bonae
980 3639 1122 3709 legis
1155 3641 1436 3696 rationem
1471 3642 1812 3714 requiritur,
1838 3645 1980 3699 utin
2011 3659 2072 3700 se

427 3727 835 3800 perfectionem
857 3725 1146 3794 exhibeat,
1170 3730 1272 3785 sed
1296 3729 1352 3784 id
1373 3730 1588 3802 potius,
1614 3735 1676 3787 ut
1697 3731 1864 3800 nihil,
1891 3749 2074 3805 quan-

428 3825 551 3873 tum
583 3815 818 3887 quidem
850 3815 910 3870 in
939 3815 1070 3888 ipsa
1090 3823 1198 3884 est,
1224 3818 1509 3891 reliquum
1543 3820 1736 3890 faciat,
1756 3821 2074 3894 quominus

427 3922 584 3976 eum,
616 3907 714 3978 qui
747 3908 903 3963 circa
949 3923 1076 3963 eam
1111 3912 1396 3979 versatur,
1446 3911 1596 3966 bono
1641 3913 1978 3983 conjungat,
2019 3915 2076 3967 et

429 3995 501 4052 ab
535 3995 864 4052 actionibus
905 3997 1078 4052 malis
1111 4007 1328 4055 avocet.
1376 3999 1592 4056 Deinde
1622 4004 1678 4056 et
1715 4017 1783 4056 ex
1811 4000 1937 4071 ipsa
1966 4000 2073 4056 hac

429 4085 747 4143 assertione
778 4103 893 4142 non
928 4088 1142 4158 minus,
1166 4103 1341 4160 quam
1374 4105 1442 4144 ex
1496 4091 1806 4162 praedictis,
1852 4091 2074 4162 perspi-

430 4191 558 4232 cere
584 4176 738 4244 licet,
786 4184 1064 4246 praecepta
1101 4176 1248 4249 legis
1304 4177 1361 4232 in
1413 4177 1632 4234 honore
1672 4178 1871 4234 tuisse.
1923 4178 2074 4233 Dum

431 4264 585 4320 enim
616 4264 887 4320 Servatur
915 4264 1017 4320 illa
1064 4279 1179 4320 non
1212 4265 1428 4336 abjicit,
1479 4268 1577 4321 sed
1627 4268 1822 4337 potius
1873 4267 2075 4323 iisdem

431 4370 544 4410 sua
572 4352 930 4424 superaddit.
980 4358 1255 4423 praeterea
1287 4369 1418 4408 vero
1452 4370 1551 4424 per
1601 4360 1848 4426 utraque
1895 4356 2081 4427 perfe-

2185 1949 2262 2020 μή
2303 1946 2388 2003 ὅτι
2420 1947 2791 2022 θεραπεύεται,
2845 1945 2994 2001 ἀλλά
3038 1966 3097 2020 γε
3146 1943 3212 2015 δὴ
3261 1945 3351 2000 καὶ
3402 1945 3478 2006 ὡς
3531 1939 3828 2018 πορρωτά-

2179 2059 2259 2094 τω
2355 2036 2802 2112 μαστιγουμένων
2891 2033 3045 2106 δίκην
3139 2033 3516 2091 ἀπελαύνεται.
3601 2033 3658 2086 ’0
3722 2034 3825 2106 γάρ

2182 2127 2361 2204 φόνων
2404 2124 2494 2180 καὶ
2540 2122 2783 2194 κλοπῆς,
2833 2123 2921 2180 καὶ
2984 2125 3242 2202 μοιχείας
3299 2122 3391 2178 καὶ
3447 2118 3830 2196 ψευδομαρτυ-

2181 2215 2299 2290 ρίας
2351 2214 2610 2289 κρείττων
2656 2214 2892 2289 γεγονὼς
2940 2212 3029 2268 καὶ
3088 2215 3180 2268 τὸν
3251 2210 3487 2282 πλησίον
3538 2210 3830 2286 ἀγαπήσας

2182 2305 2258 2367 ὡς
2288 2304 2498 2372 ἑαυτὸν,
2550 2303 2707 2365 οὗτός
2757 2303 2898 2358 ἔστιν
2946 2304 2974 2358 ὁ
3021 2305 3346 2358 καταπατῶν
3399 2301 3528 2362 τοὺς
3583 2298 3830 2354 ἀντικει-

2183 2394 2375 2467 μὲνους
2403 2395 2472 2466 τῇ
2503 2392 2804 2466 ἀγαθότητι
2834 2390 3087 2466 θεσμοὺς,
3118 2391 3208 2446 καὶ
3240 2389 3399 2446 αὐτὸν
3432 2386 3491 2444 δὲ
3517 2390 3610 2444 τὸν
3654 2387 3824 2466 ἀρχε-

2177 2502 2340 2537 κακον
2374 2483 2754 2560 καταισχύνων
2795 2479 3011 2557 ἐχθρὸν,
3062 2480 3151 2536 καὶ
3209 2485 3316 2537 τῶν
3365 2480 3529 2536 αὐτοῦ
3577 2477 3825 2552 πράξεων

2182 2571 2392 2646 μακρὰν
2442 2568 2771 2625 ἀποδιώκειν
2824 2571 2989 2648 χάριν
3046 2565 3232 2624 λαϐὼν
3282 2567 3373 2624 διά
3417 2574 3518 2639 τῆς
3575 2566 3827 2643 ἐργασίας

2177 2663 2286 2715 τῶν
2319 2664 2629 2718 Μωσαϊκῶν
2668 2657 2929 2715 ἐντολῶν.
2970 2660 3157 2721 Οὕτως
3201 2659 3292 2714 καὶ
3339 2659 3460 2713 καθ’
3509 2657 3672 2712 ἑαυτά
3715 2660 3828 2710 τῶν

2179 2755 2422 2822 νομικῶν
2467 2749 2703 2806 ἐντολῶν
2762 2751 2816 2804 αἱ
2863 2751 3084 2824 πράξεις
3129 2749 3232 2818 τὴν
3280 2748 3586 2825 ἀγαθότητα
3632 2746 3830 2826 φέρου-

2182 2861 2262 2894 σιν
2295 2839 2349 2895 ἐν
2403 2841 2641 2909 ἑαυταῖς,
2689 2839 2779 2894 καὶ
2822 2842 2919 2894 τὸῦ
2969 2843 3221 2913 Πονηροῦ
3273 2840 3336 2894 τὸ
3393 2840 3592 2914 κράτος
3636 2836 3835 2910 σαθρὸν

2180 2928 2470 3005 ἐλέγχουσι
2503 2926 2572 2984 δι’
2613 2929 2838 2986 ἑαυτῶν.
2889 2928 2952 2985 Ei
3009 2925 3067 2983 δὲ
3122 2929 3212 2983 καὶ
3267 2926 3478 2983 τέλειον
3525 2927 3614 2982 τὸν
3660 2924 3840 2980 νεανί-

2181 3039 2306 3074 σκον
2336 3020 2545 3074 ἀνεῖπεν
2601 3013 2812 3072 ἔσεσθαι
2871 3013 3364 3093 προσλαμϐάνοντα
3416 3017 3504 3072 καὶ
3535 3015 3632 3076 τὰς
3663 3011 3836 3086 tam,

2103 3146 2144 3213 Ο
2183 3107 2241 3162 αἳ
2269 3109 2369 3176 τήν
2401 3107 2565 3183 χάριν
2596 3111 2872 3176 ποιοῦσιν,
2931 3105 3180 3176 ἐντολὰς,
3215 3104 3339 3162 οὔδε
3385 3109 3547 3162 τοῦτο
3593 3111 3715 3169 τοῖς
3755 3103 3839 3160 εἲ-

2316 3198 2326 3213 ,
2545 3194 2628 3213 η.
2727 3197 2741 3213 .
2959 3194 2970 3213 .
3357 3200 3382 3212 -
3462 3202 3503 3213 .-
3547 3200 3576 3211 -
3777 3195 3793 3212 κ

2190 3198 2452 3272 ρημένοις
2511 3194 2666 3252 οὖδὶν
2723 3194 3034 3251 ὑπεναντίον
3107 3200 3400 3269 μετακινεῖ.
3462 3200 3682 3269 Πρῶτον
3734 3195 3834 3268 μὲν

2180 3289 2285 3362 γὰρ
2329 3283 2454 3341 οὔδε
2505 3285 2701 3356 ἑκάστη
2750 3291 2859 3340 τῶν
2910 3284 2964 3340 ἐν
3007 3288 3076 3359 τῇ
3125 3287 3310 3360 χάριτι
3352 3284 3473 3340 καθ’
3516 3285 3708 3353 ἑαυτὴν
3767 3283 3836 3338 τὸ

2180 3373 2393 3430 τέλειον
2433 3377 2699 3451 προξενεῖ,
2759 3373 2873 3430 ἐπεὶ
2930 3374 3140 3448 ἐξήρκει
3199 3373 3260 3429 ἂν
3323 3375 3359 3444 ἡ
3414 3375 3534 3448 μία,
3587 3373 3677 3428 καὶ
3721 3375 3838 3427 τῶν

2180 3463 2368 3520 ἄλλων
2397 3465 2434 3536 ᾖ
2481 3466 2515 3534 ἡ
2550 3466 2742 3539 πρᾶξις
2786 3467 3037 3539 περιττή.
3097 3461 3170 3518 Oti
3222 3463 3329 3538 γὰρ
3370 3467 3531 3519 τοῦτο
3588 3464 3835 3535 νομοθε-

2181 3551 2298 3614 σίας
2357 3551 2571 3626 ἀγαθῆς
2628 3553 2687 3606 τὸ
2743 3552 2862 3606 καθ’
2918 3553 3111 3621 ὲαυτήν
3166 3551 3427 3626 παρέχειν
3481 3549 3543 3606 τὸ
3600 3547 3838 3616 ἐντελὲς,

2179 3639 2326 3696 ἀλλά
2354 3641 2415 3696 τὸ
2445 3638 2614 3712 μηδὲν
2671 3642 3011 3720 καθυφεῖναι,
3069 3639 3194 3717 τόγε
3249 3638 3332 3694 ἐπ’
3381 3637 3542 3714 αὕτῇ,
3598 3638 3836 3713 πρὸςτό

2184 3731 2260 3805 μή
2305 3730 2592 3785 συνάπτειν
2644 3730 2739 3803 μὲν
2789 3730 2880 3784 τὸν
2931 3730 3188 3804 μετίοντα
3242 3729 3445 3800 ταύτην
3491 3733 3570 3801 τῷ
3623 3727 3839 3802 ἀγαθῷ,

2180 3818 2402 3894 ἀπάγειν
2433 3816 2488 3874 δὲ
2520 3823 2620 3888 τῆς
2653 3817 2905 3894 ἐργασίας
2935 3823 3032 3874 τοῦ
3062 3823 3327 3893 πονηροῦ.
3357 3816 3612 3893 Δεύτερον
3645 3815 3700 3872 δὲ
3743 3816 3840 3872 καὶ

2183 3905 2254 3964 δι’
2285 3907 2449 3974 αὐτῆς
2479 3907 2588 3963 ἐστι
2619 3915 2719 3978 τῆς
2751 3909 3075 3985 ἀποφάσεως
3118 3905 3270 3963 οὐδὲν
3323 3902 3547 3963 ἔλαττον
3581 3906 3842 3977 συνιδεῖν,

2181 3998 2216 4067 ἢ
2260 3995 2348 4052 διὰ
2375 4001 2484 4052 τῶν
2515 3998 2792 4073 προτέρων
2825 3997 2921 4058 τὰς
2959 3997 3188 4070 νομικὰς
3231 3996 3548 4071 τιμωμένας
3589 3994 3840 4058 ἐντολάς.

2179 4088 2250 4141 Τὸ
2279 4087 2379 4160 γὰρ
2433 4087 2635 4149 ἐκείνας
2697 4087 2790 4162 μὶν
2844 4087 2938 4141 τὸν
2985 4093 3218 4162 Σωτῆρα
3277 4087 3354 4160 μή
3411 4080 3683 4156 ἕκϐαλεῖν,
3747 4084 3842 4140 ὲπί

2185 4173 2242 4230 δὲ
2271 4176 2492 4238 ταύταις
2541 4177 2629 4231 καὶ
2679 4176 2776 4239 τὰς
2824 4173 2971 4238 tam
3022 4175 3338 4252 ἐπαγαγεῖν,
3385 4175 3503 4230 εἶτα
3556 4175 3647 4230 τὸν
3698 4177 3845 4250 (12⁸)

2191 4262 2396 4320 τέλειον
2448 4261 2518 4318 δι’
2561 4266 2766 4343 ἀμφοῖν
2822 4263 3226 4335 ἀποτελεῖσθαι,
3277 4262 3447 4334 δῆλον
3495 4264 3556 4320 ἂν
3607 4263 3716 4337 εἴη,
3759 4264 3844 4326 ὡς

2188 4355 2460 4418 κάκείναις
2503 4359 2573 4429 τῇ
2625 4352 2903 4430 συνδρομῇ
2948 4376 3006 4410 τε
3055 4355 3146 4410 καὶ
3202 4355 3568 4410 συνοικειώσει
3615 4358 3725 4410 τῶν
3781 4351 3845 4409 ἒν

433 4447 589 4499 ctum
622 4442 938 4514 quemdam
972 4440 1096 4494 fieri
1133 4441 1491 4512 pronuntiat,
1527 4443 1902 4499 manifestum
1943 4459 2070 4500 sane

2189 4448 2260 4519 τῇ
2309 4444 2497 4520 χάριτι
2547 4448 2648 4510 τῆς
2704 4443 3054 4514 τελειότητος
3111 4443 3462 4518 ἀνακηρύττει
3521 4449 3846 4519 μετασχεῖν.

435 4539 544 4601 est,
575 4534 731 4606 quod
763 4549 831 4589 ea
886 4546 1121 4602 quoque
1176 4532 1299 4603 ipsa
1358 4532 1465 4587 hac
1523 4547 1740 4605 eorum,
1792 4551 1919 4606 quae
1977 4537 2070 4592 sut

2193 4534 2266 4590 Οὐ
2297 4534 2402 4608 γάρ
2430 4533 2490 4588 ἄν
2519 4555 2604 4596 τις
2635 4536 2823 4604 σώζων
2868 4534 3012 4596 ὅλως
3061 4538 3157 4588 σοῦ
3209 4533 3477 4609 λογισμοῦ
3505 4533 3570 4588 τὸ
3599 4532 3848 4608 ἀξίωμα,

436 4624 620 4695 gratia
642 4630 800 4690 sunt,
827 4623 1182 4680 connexione
1204 4629 1259 4680 et
1289 4624 1693 4696 conjunctione
1718 4626 2088 4698 perfectionis

437 4714 725 4768 consortia
755 4729 885 4770 esse
930 4714 1287 4785 pronuntiat.
1333 4714 1530 4786 Neque
1559 4715 1716 4771 enim
1749 4716 2086 4789 quisquam,

437 4801 536 4871 qui
569 4802 814 4858 rationis
848 4819 1024 4858 usum
1068 4803 1358 4878 integrum
1400 4804 1595 4871 habet,
1638 4806 1956 4871 afﬁrmarit,
1993 4821 2088 4862 eas

439 4892 613 4964 leges,
646 4909 793 4966 quas
825 4893 951 4966 ipsa
972 4896 1184 4951 veritas
1208 4897 1392 4952 bonas
1414 4913 1565 4966 esse,
1588 4903 1640 4952 et
1663 4897 1734 4952 ad
1759 4897 1956 4969 ipsum
1979 4911 2093 4951 coe-

440 4981 629 5038 lorum
651 4998 898 5056 regnum
929 4985 1139 5041 ducere
1169 4987 1395 5055 asserit,
1432 4985 1660 5041 etiamsi
1690 5001 1758 5042 ea
1800 5001 1928 5057 quae
1957 5000 2090 5056 gra-

437 5069 531 5215 ἓίω
567 5075 726 5141 sunt,
759 5071 929 5130 simul
962 5072 1182 5141 adsint,
1214 5073 1360 5130 nihil
1394 5075 1466 5130 ad
1497 5074 1915 5147 perfectionem
1949 5091 2089 5132 con-

464 5175 612 5215 erre.

464 5175 612 5217 ΘΓΓΘ.

513 5315 558 5355 ¹⁰
587 5316 795 5376 Matth.
823 5331 943 5387 nx,
979 5316 1173 5375 16-20.

2197 4620 2258 4684 ἃς
2286 4623 2491 4697 ἀγαθάς
2517 4643 2578 4678 τε
2607 4623 2816 4678 ἀνεῖπεν
2856 4625 2966 4696 (13)
3006 4625 3040 4694 ἡ
3083 4623 3312 4693 ἀλήθεια
3357 4621 3446 4678 καὶ
3498 4621 3636 4697 πρὸς
3673 4621 3852 4691 αὐτὴν

2190 4713 2292 4782 τήν
2351 4709 2631 4786 βασιλείαν
2689 4713 2798 4767 τῶν
2857 4710 3104 4786 οὐρανῶν
3178 4709 3558 4788 χειραγωγοὺς
3638 4709 3855 4775 πάντας

2193 4804 2611 4880 ἀποψηφιεῖται,
2669 4803 2715 4857 εἰ
2771 4802 2860 4858 καὶ
2909 4799 3272 4878 προσέχουσιν
3321 4802 3377 4856 αἱ
3437 4807 3538 4873 τῆς
3587 4800 3850 4877 χάριτος,

2196 4889 2367 4964 μηδὲν
2398 4893 2534 4965 πρὸς
2560 4892 2660 4960 τήν
2686 4889 3010 4962 τελειότητα
3041 4890 3336 4949 συντελεῖν.

1603 5472 1846 5531 VARIE
1885 5471 2276 5532 LECTIONES
2311 5471 2406 5530 ET
2441 5469 2680 5532 NOTAE.

516 5618 657 5690 (12')
715 5615 1117 5690 Τὸν-τέλειον,
1166 5617 1431 5674 Fortasse
1514 5615 1846 5690 praestiterit
1905 5617 2090 5690 legere

442 5687 775 5763 τὸτέλειον,
802 5689 958 5746 sicut
987 5689 1160 5763 paulo
1201 5696 1333 5746 ante
1380 5691 1580 5744 noster
1631 5688 1853 5744 dixerat
1898 5687 1984 5742 τὸ’
2013 5687 2090 5742 τέ-

455 5759 604 5818 λειον
652 5761 916 5836 προξενεῖ.

2273 5613 2386 5687 (13)
2455 5613 2714 5687 ’ᾼνεῖπει
2799 5615 3095 5687 Scriptum
3184 5615 3435 5687 primum
3505 5629 3570 5673 ιιι
3654 5619 3866 5679 codice

2197 5657 2416 5744 Θιδὲὶνέν
2461 5657 2624 5760 alma,
2642 5657 3095 5760 ..ξιιοὲ
3127 5657 3570 5746 ωἷῖιίῧωῖοοιῖ

2199 5761 2290 5816 rat
2317 5773 2418 5830 per
2453 5755 2682 5812 ἀνεῖπεν.
