4084 6210
293 401 413 462 221

1369 396 1687 459 CONTRA
1729 395 2206 462 MANICHEOS
2249 401 2475 463 LIBER
2519 401 2624 463 IV.

3578 404 3695 464 222

371 535 476 592 ΙΘ’.
527 533 688 606 Ἐμοὶ
750 532 844 606 μὶν
899 532 992 586 οὖν
1045 535 1212 586 ταῦτα
1268 529 1634 607 λογιζομένῳ,
1679 528 1768 584 καὶ
1827 528 1948 586 ὅσον

2133 533 2275 590 XIX.
2309 534 2452 590 Mihi
2483 547 2614 591 vero
2650 533 2768 591 haec
2798 535 2881 591 ita
2911 536 3368 608 argumentanti,
3390 540 3466 603 et,
3507 553 3697 608 quan-

295 621 500 702 τσχυσε
526 621 667 677 κατὰ
694 624 792 677 τοῦ
843 617 1032 698 γένους
1087 621 1115 675 6
1164 619 1384 696 ἐχθρὸς,
1435 618 1510 681 είς
1558 617 1679 674 οἵαν
1717 640 1774 675 τε
1816 639 1947 675 κατ-

295 710 511 789 ηνέχθη
544 715 751 767 πτῶσιν
783 711 812 765 6
843 709 1150 785 ἄνθρωπος,
1173 709 1264 764 καὶ
1293 709 1430 782 πρὸς
1471 709 1602 778 ὅσην
1633 707 1947 783 ἀλλοτρίω-

296 823 383 857 σιν
427 805 462 871 ἡ
505 800 666 878 φύσις
720 798 1004 876 ἀπηνέχθη
1070 803 1172 854 τοῦ
1227 798 1554 865 πλάσαντος,
1614 797 1948 871 ἀνθελομένη

291 895 396 948 τοῦ
453 890 686 946 Κτίστου
742 890 838 946 τὸν
886 884 1155 962 πολέμιον
1221 887 1606 964 ἐπιγράφεσθαι
1659 885 1946 958 δεσπότην·

297 980 686 1060 ἀναστρέφεται
753 979 847 1052 μὲν
893 979 960 1032 τὰ
1009 977 1183 1044 ἐντὸς,
1235 978 1550 1054 ταράσσεται
1610 979 1724 1051 (14)
1770 974 1828 1032 δὲ
1883 978 1948 1032 τὰ

296 1070 614 1146 σπλάγχνα,
669 1069 761 1124 καὶ
815 1067 1110 1142 προπίπτει
1189 1064 1414 1143 δάκρυα,
1473 1067 1563 1122 καὶ
1618 1067 1745 1130 τοὺς
1798 1065 1949 1140 ἐλέγ-

291 1181 435 1240 χους
489 1160 542 1214 οἱ
591 1160 782 1232 θρῆνοι
835 1157 1225 1233 παρέρχονται.
1289 1155 1459 1211 Ἀλλά
1504 1155 1586 1217 τίς
1640 1154 1701 1210 ἂν
1752 1157 1948 1230 θρῆνος

291 1248 567 1323 ἐξαρκέσει
628 1252 709 1319 τῷ
774 1248 979 1315 πάθεις
1047 1248 1214 1318 Οἶμαι
1278 1247 1382 1322 γὰρ
1470 1246 1557 1300 καὶ
1628 1244 1787 1300 αὐτὸν
1854 1245 1946 1300 τὸν

288 1338 585 1412 Ἱερεμίαν,
617 1339 874 1412 θρήνους,
907 1334 962 1391 εἴ
983 1356 1067 1399 τις
1113 1333 1308 1402 ἄλλος,
1359 1331 1539 1390 εἰδότα
1586 1334 1948 1409 συμπαρατεί-

288 1449 399 1484 νειν
431 1428 867 1502 παραπτώμασι,
898 1426 959 1480 τὸ
1012 1423 1234 1480 ἔλαττον
1283 1423 1510 1479 ἐνταῦθα
1552 1419 1805 1496 λαϐόντα,
1854 1424 1946 1478 καὶ

283 1519 390 1587 τὴν
421 1517 760 1590 συμπάθειαν
809 1513 946 1585 ὅλην
991 1515 1299 1569 κενώσαντα
1347 1511 1620 1570 ἀπελθεῖν.
1669 1513 1948 1584 Τηλικοῦ-

285 1627 382 1662 τον
443 1607 732 1680 πρόκειται
789 1608 1014 1677 πτῶμα,
1072 1603 1162 1657 καὶ
1228 1601 1534 1673 τηλικαύτη
1592 1603 1828 1681 κατέσχε
1881 1603 1945 1659 τὸ

283 1694 631 1769 ἀνθρώπινον
672 1693 890 1767 πληγή.
929 1694 1070 1766 ’Ὀρα
1109 1693 1236 1766 γὰρ.
1287 1691 1466 1765 οἷ’μοι,
1505 1695 1597 1746 νῦν
1652 1693 1746 1763 μὲν
1791 1691 1944 1756 ὅπως

289 1783 630 1860 συνηγόρευε
667 1781 891 1844 ἑαυτοὺς
938 1782 1381 1857 προχειρίζονται
1425 1784 1522 1836 τοῖ’)
1580 1780 1804 1859 έχθροῦ,
1855 1787 1946 1836 νῦν

2057 628 2184 681 tum
2204 625 2386 680 hostis
2405 629 2604 681 contra
2626 623 2890 680 homines
2916 625 3187 692 valuerit,
3217 626 3275 681 in
3298 631 3697 698 quantamque

2059 714 2370 785 perniciem
2404 713 2728 785 praecipites
2757 713 2842 768 illi
2882 714 2992 769 acti
3023 715 3160 782 sint,
3193 731 3364 787 quam
3399 716 3536 772 item
3561 732 3697 788 pro-

2055 803 2144 859 cul
2179 808 2386 859 natura
2416 819 2448 859 a
2477 802 2785 858 Conditore
2807 817 3012 858 aversa
3034 803 3130 871 sit,
3157 810 3464 875 postquam
3498 805 3697 861 adver-

2054 892 2276 948 sarium
2312 892 2436 949 loco
2467 891 2794 947 Conditoris
2824 896 2890 946 ut
2917 891 3222 948 dominum
3275 909 3449 948 suum
3499 895 3704 966 elegit,-

2054 982 2388 1054 exponenti,
2430 982 2700 1037 interiora
2736 981 3126 1046 invertuntur,
3162 981 3502 1054 visceraque
3535 999 3692 1040 com-

2057 1081 2376 1141 moventur,
2435 1071 2702 1140 lacrymae
2735 1085 2804 1124 ex
2846 1069 3029 1125 oculis
3087 1071 3327 1138 cadunt,
3361 1076 3415 1127 et
3445 1072 3696 1142 querelae

2054 1170 2408 1234 argumenta
2457 1163 2760 1232 superant.
2792 1159 2899 1215 Sed
2937 1174 3061 1230 qua:
3092 1160 3329 1216 tandem
3361 1159 3698 1218 lamentatio

2054 1252 2322 1308 affectum
2353 1250 2498 1307 satis
2545 1249 2884 1321 exprimat?
2914 1249 3108 1320 Ipsum
3149 1249 3305 1304 enim
3353 1249 3690 1318 Jeremiam,

2053 1340 2154 1413 qui
2179 1346 2352 1406 certe,
2385 1340 2430 1395 si
2477 1338 2608 1411 quis
2655 1337 2826 1406 alius,
2852 1337 3092 1392 threnos
3117 1337 3338 1393 delictis
3362 1353 3528 1409 pares
3559 1354 3696 1394 con-

2052 1429 2287 1486 cinnare
2311 1426 2970 1496 valuit,hicinferiorem
3001 1426 3141 1494 fore,
3165 1430 3222 1482 et
3251 1427 3410 1482 omni
3453 1427 3695 1483 commi-

2052 1518 2339 1576 seratione
2367 1517 2608 1588 profusa
2637 1515 2934 1586 negotium
2976 1515 3310 1570 relicturum
3340 1531 3464 1572 esse
3494 1517 3685 1573 credi-

2052 1609 2257 1666 derim.
2281 1609 2426 1664 Tam
2447 1605 2642 1678 gravis
2664 1605 2737 1660 ob
2767 1605 2968 1661 oculos
2987 1604 3156 1660 nobis
3171 1609 3433 1661 versatur
3459 1606 3686 1678 lapsus,

2050 1703 2107 1756 et
2135 1702 2363 1754 tantum
2398 1712 2583 1768 genus
2641 1694 2963 1750 humanum
3014 1695 3230 1750 vulnus
3273 1696 3514 1767 accepit.
3550 1697 3692 1752 Vide

2049 1790 2203 1845 enim
2224 1787 2517 1859 quomodo
2537 1800 2694 1839 nunc
2716 1784 2978 1855 quidem,
3003 1784 3147 1854 proh
3171 1784 3339 1840 dolor
3372 1783 3384 1839 !
3421 1801 3479 1841 se
3511 1785 3694 1842 hostis

299 1872 366 1930 δὲ
396 1873 460 1928 οὗ
505 1872 837 1948 συνηγόρους
899 1872 1063 1944 μόνον
1105 1869 1256 1926 ἀλλά
1297 1872 1387 1925 καὶ
1435 1873 1503 1943 τῇ
1561 1869 1722 1943 κακίᾳ
1779 1872 1938 1947 ὑπερ-

2058 1877 2436 1934 administros
2467 1874 2699 1939 sistant,
2757 1889 2912 1929 nunc
2943 1889 3075 1928 vero
3135 1889 3249 1929 non
3309 1875 3689 1931 administros

297 1959 535 2036 ἔχοντας
585 1960 671 2014 καὶ
726 1957 1261 2034 παρευδοκιμοῦντας
1325 1959 1416 2013 τὸν
1491 1959 1798 2033 ἀρχέκακον
1852 1958 1941 2013 καὶ

301 2049 614 2124 ὖποσπορέα
661 2055 780 2112 τοῖς
835 2048 1127 2111 τοιούτοις.
1189 2051 1284 2102 Καὶ
1341 2045 1769 2122 παρελαύνοντες
1825 2053 1942 2111 τοῖς

291 2140 528 2200 ἀτόποις
557 2139 646 2194 τὸν
675 2139 996 2213 εἰσηγητὴν,
1028 2135 1277 2208 αἴσθησιν
1310 2135 1410 2191 οὐκ
1435 2136 1680 2192 έθέλουσι
1731 2133 1940 2196 λαϐεῖν.

285 2233 399 2286 Τοῦ
428 2229 534 2304 γὰρ
567 2234 832 2301 Σωτῆρος
864 2230 1022 2300 ἡμῶν
1056 2225 1166 2298 ἢδη
1215 2228 1315 2296 τήν
1361 2227 1525 2282 αὐτοῦ
1577 2227 1807 2298 θεότητα
1853 2225 1942 2281 καί

288 2317 456 2393 ἰσχὺν
487 2314 941 2391 παραδεικνύντος
971 2321 1087 2378 τοῖς
1120 2314 1412 2389 θαύμασιν,
1444 2313 1559 2370 ἐπεὶ
1597 2320 1705 2370 τῶν
1753 2314 1942 2371 ἄλλων

282 2406 626 2480 νοσημάτων
658 2405 1021 2462 ἀπαλλάττων
1067 2406 1133 2460 τὸ
1181 2403 1384 2459 οἴκεῖον
1433 2403 1683 2478 πλάσμα,
1729 2401 1854 2460 οὒδὲ
1882 2405 1945 2460 τὸ

281 2501 402 2552 τῶν
464 2493 742 2570 δαιμόνων
803 2493 992 2573 στίφος
1048 2493 1131 2550 εἴα
1205 2491 1535 2570 διενοχλεῖν,
1604 2492 1751 2550 ἀλλά
1811 2495 1946 2568 μετὰ

286 2584 519 2655 πολλῆς
578 2591 678 2654 τῆς
731 2585 1012 2646 αύθεντίας
1067 2582 1400 2654 ἀπήλαυνεν,
1459 2584 1560 2639 οὐκ
1615 2583 1944 2657 ἐτόλμησεν,

289 2677 430 2750 ὅπερ
468 2674 761 2749 πρότερον,
805 2671 1260 2743 ἀλαζονεύσασθαι
1295 2673 1322 2726 6
1353 2669 1568 2747 ἐχθρὸς,
1618 2672 1707 2727 καὶ
1756 2674 1948 2728 ἑαυτοῦ

290 2764 461 2832 εἶναι,
511 2763 562 2835 ἑξ
615 2765 676 2818 ού
734 2761 1012 2831 ἐδιώκετο,
1081 2763 1363 2817 ἀντειπεῖν.
1427 2759 1583 2818 Ἀλλ’
1642 2760 1754 2834 ἅμα
1807 2781 1864 2816 τε
1920 2763 1950 2817 6

287 2853 537 2924 Κτίστης
633 2851 1000 2928 εὖσπλάγχνῳ
1076 2855 1158 2924 τῷ
1249 2850 1506 2925 κτίσματι
1580 2845 1949 2925 προσέϐλεψεν

289 2939 536 3017 ὄμματι,
587 2943 677 2998 καὶ
727 2943 756 2997 6
805 2941 1011 3018 λεγεὼν
1071 2937 1410 3016 έδραπέτευε,
1459 2940 1551 2996 καὶ
1610 2940 1709 2996 ούκ
1765 2941 1815 3012 ἐξ
1877 2941 1951 2996 ὧν

287 3034 486 3112 φεύγει
549 3033 716 3106 μόνον
777 3035 874 3088 τοῦ
931 3029 1232 3106 ἀλλοτρίου
1292 3028 1605 3104 διώκεσθαι,
1658 3031 1750 3086 καὶ
1807 3029 1950 3087 ἄκων

289 3122 486 3198 ἔργοις
544 3122 990 3198 έπιμαρτόρεται,
1048 3120 1178 3180 ἀλλ’
1235 3123 1318 3178 ὅτι
1377 3119 1517 3196 μηδὶ
1581 3126 1689 3178 τῶν
1742 3122 1952 3199 χοίρων

295 3213 461 3290 φύσις
505 3212 609 3268 ὑπὸ
631 3213 732 3281 τήν
764 3210 1008 3286 πονηράν
1041 3209 1154 3266 ἔστι
1192 3209 1394 3266 πλάσιν
1437 3211 1528 3267 καὶ
1577 3211 1758 3287 ἀρχὴν
1804 3210 1950 3284 λαμ-

295 3301 571 3375 πρότερον
625 3299 978 3376 ἀνομολογεῖ.
1019 3299 1244 3358 Αίτοῦσι
1289 3301 1396 3376 γὰρ
1435 3300 1488 3355 o't
1536 3307 1635 3371 τῆς
1688 3300 1953 3373 πονηρίας

291 3391 395 3446 τὸν
453 3389 641 3444 κοινὸν
699 3389 930 3457 Κτίστην
975 3390 1065 3444 καὶ
1118 3390 1469 3466 Δημιουργὸν
1527 3387 1707 3445 ἄδειαν
1765 3391 1951 3452 αὐτοῖς

293 3483 633 3556 παρασχεῖν,
689 3477 786 3533 κᾶν
839 3483 968 3554 γοῦν
1042 3476 1094 3533 έν
1155 3476 1381 3541 ἔκείνοις
1441 3478 1719 3537 εἰσελθεῖν.
1781 3481 1839 3534 '0
1895 3477 1954 3535 δὲ

293 3570 399 3644 ἂρα
429 3569 612 3624 πάντα
661 3567 712 3622 έν
766 3569 929 3645 σοφίᾳ
969 3572 1162 3637 ποιῶν,
1216 3567 1315 3622 ούκ
1361 3567 1604 3634 ἐκείνοις,
1655 3570 1729 3632 ὡς
1788 3565 1952 3636 ἔοικε,

293 3659 696 3736 χαριζόμενος,
740 3655 870 3712 ἀλλ’
935 3657 1001 3727 ἣν
1056 3659 1191 3712 κατᾶ
1245 3662 1353 3712 τῶν
1405 3658 1700 3733 ἀνθρώπων
1753 3653 1951 3734 ἔχθραν

291 3748 491 3824 ἔχουσι
590 3748 681 3802 καὶ
753 3747 1063 3826 μιαιφονίαν
1158 3744 1481 3818 ἐνδείξασθαι
1578 3753 1950 3824 παραχωρῶν,

290 3835 440 3893 ἀλλὰ
486 3836 600 3910 μὴν
647 3836 738 3890 καὶ
795 3841 896 3906 τῆς
944 3835 1152 3891 ἀτόπου
1181 3837 1384 3906 ταύτης
1429 3835 1613 3908 νόσου,
1659 3836 1772 3891 οἷόν
1832 3857 1954 3892 τινα

293 3924 588 4001 θεραπείαν
681 3924 1324 3999 προκατασκευαζόμενος
1425 3927 1523 3995 τήν
1616 3945 1674 3979 τε
1739 3923 1953 3996 αἴτησιν

291 4015 472 4072 αὐτῶν
501 4015 683 4090 ἀφῆκε
735 4013 1045 4089 προελθεῖν,
1103 4015 1193 4068 καὶ
1247 4016 1346 4082 τὴν
1407 4014 1582 4069 αὐτῶν
1643 4013 1822 4089 ὁρμὴν
1860 4022 1951 4070 και

291 4105 533 4180 γνώμην
592 4103 670 4166 εἰς
729 4098 999 4178 θρίαμϐον
1056 4102 1311 4173 ἐξελθεῖν.
1361 4103 1522 4176 Ὁρᾷς
1581 4109 1699 4164 πῶς
1766 4106 1794 4158 6
1841 4108 1947 4158 τῶν

291 4191 579 4267 δαιμόνων
613 4191 818 4270 λεγεὼν
866 4191 927 4247 ού
969 4191 1159 4270 λόγοις
1207 4191 1333 4248 ἀλλ’
1383 4192 1585 4269 ἀνάγκῃ
1631 4193 1951 4267 πιεζόμενος

297 4285 428 4344 τοὺς
461 4281 696 4362 χοίρους
745 4280 1088 4358 ἀνομολογεῖ
1125 4280 1252 4356 ἔργα
1291 4280 1424 4336 εἶναι
1455 4285 1552 4337 τοῦ
1600 4281 1654 4337 έν
1684 4287 1752 4356 τῇ
1793 4284 1949 4358 σαρκὶ

291 4370 682 4446 κρυπτομένου
727 4369 992 4440 ἀληθινοῦ
1039 4374 1214 4441 Θεοῦ;
1263 4371 1395 4426 Εἶτα
1433 4372 1462 4426 6
1493 4371 1692 4446 ἐχθρὸς
1748 4374 1948 4448 πρότι-

294 4481 388 4562 ρον
438 4457 921 4562 καταψευδόμενος
977 4459 1068 4514 καὶ
1127 4457 1325 4535 λέγων·
1389 4464 1568 4516 Ταῦτα
1613 4462 1789 4516 πάντα
1844 4460 1950 4534 ἐμά
1981 4497 2028 4562 D

293 4549 431 4621 ἔστι,
513 4552 608 4606 καὶ
671 4548 758 4605 ἐὰν
861 4551 1040 4606 πεσὼν
1118 4553 1503 4626 προσκυνήσῃς
1606 4571 1722 4625 μοι,
1790 4549 1950 4606 δώσω

304 4660 384 4696 σοι
418 4640 585 4696 αὐτὰ*
634 4639 790 4701 οὗτος
839 4641 964 4694 τότε
1018 4639 1227 4714 ἀγνοῶν
1283 4641 1401 4714 μὶν,
1451 4640 1536 4695 ὅτι.
1585 4641 1715 4701 Θεὸς
1763 4641 1852 4712 ἦν,
1905 4642 1951 4714 ᾧ

306 4730 404 4796 τήν
461 4731 654 4801 πεῖραν
713 4735 984 4803 προσῆγε,
1031 4729 1598 4802 καταλαζονευόμενος
1650 4726 1728 4798 δὲ,
1779 4730 1852 4791 ὡς
1892 4731 1958 4785 τὰ

310 4815 519 4891 ἐπίγειά
551 4817 697 4873 ἰστιν
735 4817 924 4888 αὐτοῦ,
974 4823 1075 4887 τῆς
1123 4819 1306 4888 θεϊκῆς
1350 4815 1459 4890 ἤδη
1512 4815 1670 4890 δόξης
1721 4817 1810 4874 διά
1851 4823 1957 4875 τῶν

307 4907 592 4980 θαυμάτων
689 4905 1202 4980 ἀπαστραπτούσης,
1287 4905 1455 4962 ἔδεισὲ
1507 4927 1565 4962 τε
1622 4909 1650 4962 6
1708 4905 1954 4979 ἀναιδὴς,

317 4997 402 5050 καὶ
440 5005 540 5069 τῆς
572 4995 894 5068 ἀλαζονείας
938 4998 1165 5068 ἀπέστηο
1210 4997 1302 5052 καὶ
1343 4999 1608 5075 ὁμολογεῖ
1659 4995 1729 5053 δι’
1778 4993 1952 5074 ἔργων

323 5081 449 5155 μηδι
476 5089 577 5156 τήν
608 5086 700 5144 ἰπὶ
729 5091 850 5152 τοῖς
899 5086 1118 5163 χοίροις
1165 5081 1315 5163 ἔχειν
1371 5087 1630 5159 ἐξουσίαν,
1666 5089 1742 5162 μὴ
1775 5086 1859 5143 ὅτι
1889 5109 1951 5164 γε

319 5169 521 5231 πλάσιν.

381 5410 441 5450 ¹⁰⁹
467 5417 642 5472 Marc.
671 5429 730 5485 ν,
759 5412 816 5471 9.
892 5411 936 5452 ¹¹
965 5412 1166 5472 Matth.
1196 5429 1274 5485 τι,
1304 5413 1360 5471 9.

2052 1967 2244 2032 modo,
2278 1966 2377 2020 sed
2409 1969 2466 2019 et
2498 1968 2564 2020 ut
2609 1963 2769 2030 tales,
2804 1962 2900 2033 qui
2935 1962 3156 2018 malitia
3185 1978 3253 2018 ac
3284 1963 3445 2018 factis
3477 1963 3692 2035 hujus-

2052 2055 2209 2112 modi
2241 2055 2431 2126 ipsum
2456 2054 2526 2107 ab
2545 2052 2770 2122 origine
2806 2051 3027 2106 malum
3055 2055 3112 2106 et
3147 2051 3555 2108 malisatorem
3588 2069 3692 2109 su-

2053 2149 2258 2221 perant
2289 2160 2352 2199 ac
2384 2141 2640 2209 vincunt,
2666 2145 2722 2197 et
2761 2157 2832 2196 ne
2854 2139 2938 2195 sic
2961 2139 3198 2211 quidem
3221 2140 3486 2211 quamvis
3507 2142 3692 2212 magi-

2053 2240 2242 2292 strum
2272 2230 2583 2288 insolentia
2622 2247 2730 2286 sua
2777 2229 3294 2302 praetervehantur,
3347 2229 3484 2284 mali
3516 2245 3689 2285 sensu

2054 2323 2411 2381 afficiuntur.
2445 2319 2588 2376 Cum
2621 2319 2776 2374 enim
2807 2321 3073 2374 Servator
3101 2321 3302 2374 noster
3330 2317 3689 2375 divinitatem

2055 2428 2222 2471 suam
2255 2416 2312 2467 et
2337 2409 2654 2482 potentiam
2675 2407 2973 2464 miraculis
2989 2411 3111 2479 jam
3142 2406 3518 2475 declarasset,
3540 2407 3694 2464 idem

2059 2519 2174 2559 non
2207 2499 2400 2555 solum
2431 2498 2558 2554 aliis
2589 2497 2810 2553 morbis
2836 2503 3157 2553 creaturam
3203 2509 3373 2551 suam
3407 2495 3698 2564 liberavit,

2057 2592 2158 2648 sed
2190 2605 2297 2646 nec
2355 2587 2636 2658 permisit,
2691 2592 2758 2643 ut
2783 2587 2980 2642 eadem
3012 2602 3046 2641 a
3093 2586 3427 2640 daemonum
3470 2589 3702 2642 caterva

2057 2680 2416 2744 turbaretur,
2450 2680 2623 2748 atque
2650 2677 2794 2732 adeo
2813 2692 2948 2732 cum
2981 2674 3324 2731 auctoritate
3356 2674 3542 2729 multa
3573 2689 3700 2730 eam

2058 2767 2441 2843 propulsavit,
2473 2783 2588 2821 non
2620 2779 2760 2820 sane
2781 2768 2941 2830 tunc,
2961 2767 3026 2820 ut
3049 2767 3242 2832 antea,
3273 2779 3452 2818 ausus
3479 2767 3571 2819 est
3599 2777 3707 2818 su-

2059 2857 2288 2930 perbire
2312 2856 2519 2924 hostis,
2553 2868 2846 2925 suumque
2876 2851 2957 2919 id,
2992 2867 3107 2924 quo
3138 2851 3549 2924 impetebatur,
3581 2867 3704 2908 esse

2061 2946 2221 3002 dixit.
2258 2945 2370 3001 Sed
2402 2941 2579 2998 simul
2616 2958 2681 2998 ac
2711 2941 2942 2996 Creator
2980 2943 3305 2996 creaturam
3331 2955 3497 2996 suam
3534 2939 3700 2995 oculo

2062 3035 2379 3090 miserante
2410 3032 2652 3105 aspexit,
2686 3030 2834 3104 legio
2865 3032 3196 3086 damonum
3227 3028 3454 3101 aufugit
3486 3027 3576 3095 ω’,
3599 3045 3705 3085 ne-

1984 3171 2026 3239 c
2065 3144 2175 3200 que
2205 3125 2394 3182 solum
2417 3142 2484 3182 eo
2515 3125 2664 3196 ipso,
2689 3123 2845 3196 quod
2871 3123 3034 3194 fugit,
3066 3122 3138 3178 ab
3172 3121 3360 3177 alieno
3392 3137 3456 3178 se
3487 3121 3604 3192 peti
3639 3136 3698 3176 re

2065 3216 2184 3239 ε---
2250 3215 2417 3239 -ι2-...
2443 3215 2658 3239 ε--.;ι.--
2706 3216 2952 3239 ιιι-...Δη-
2997 3212 3094 3239 ..ΑΔ
3130 3219 3179 3239 Α.
3239 3210 3391 3239 ..ν-,ΑΛ
3426 3224 3528 3239 ,ηυ-
3571 3225 3676 3239 ..Α-

2065 3216 2214 3289 ipsa,
2245 3215 2420 3272 etiam
2443 3215 2680 3280 invitus,
2706 3216 2970 3282 testatur,
2996 3212 3098 3267 sed
3129 3219 3204 3279 et,
3239 3210 3394 3282 quod
3425 3224 3529 3266 nec
3571 3225 3702 3279 por-

2060 3320 2261 3362 corum
2291 3307 2501 3358 natura
2532 3301 2686 3357 malo
2716 3299 3000 3356 conditori
3035 3303 3092 3355 et
3121 3298 3405 3371 principio
3435 3297 3700 3368 subjecta

2061 3395 2156 3464 sit,
2191 3391 2511 3450 clarissime
2535 3390 2854 3463 profitetur.
2888 3388 3015 3444 Mali
3043 3387 3311 3443 enimisti
3344 3403 3377 3443 a
3407 3385 3706 3442 communi

2059 3482 2370 3540 Conditore
2399 3485 2456 3537 et
2483 3483 2751 3536 Creatore
2778 3482 3059 3550 expetunt
3090 3476 3200 3533 sibi
3247 3476 3587 3532 facultatem
3617 3475 3708 3531 vel

2059 3572 2117 3628 in
2147 3587 2352 3645 porcos
2374 3568 2757 3642 ingrediendi.
2791 3569 2901 3636 Qui
2939 3583 3072 3623 vero
3094 3565 3290 3622 omnia
3310 3566 3601 3637 sapienter
3616 3564 3709 3619 fa—

2060 3663 2270 3726 ciebat,
2295 3665 2446 3717 certe
2467 3675 2586 3719 .non
2613 3658 2753 3725 illis,
2783 3666 2843 3713 ut
2859 3658 3106 3728 videtur,
3127 3656 3579 3730 gratificaturus,
3603 3656 3704 3712 sed

2060 3751 2250 3824 potius
2269 3756 2632 3817 ostensurus,
2657 3765 2832 3820 quam
2855 3749 3137 3804 adversus
3154 3745 3422 3802 homines
3445 3744 3701 3801 inimici-

2059 3841 2202 3896 tiam
2235 3841 2481 3908 foveant,
2515 3838 2850 3908 caedemque
2871 3837 3116 3908 spirent,
3141 3835 3258 3891 imo
3280 3850 3414 3891 vero
3443 3841 3495 3891 et
3528 3833 3709 3889 medi-

2059 3928 2251 3984 cinam
2288 3929 2604 4000 quamdam
2641 3930 2843 3982 contra
2873 3925 3216 3980 insolentem
3250 3924 3405 3979 hunc
3436 3923 3702 3979 morbum

2061 4022 2394 4090 paraturus,
2430 4015 2767 4088 petitionem
2791 4029 2993 4070 eorum
3044 4013 3202 4068 omni
3227 4029 3294 4068 ex
3327 4017 3486 4084 parte
3518 4015 3701 4066 ratam

2059 4121 2209 4176 esse,
2240 4121 2556 4177 eorumque
2613 4104 2896 4176 impetum
2930 4108 2986 4159 et
3037 4102 3390 4160 voluntatem
3423 4099 3702 4170 triumphi

2059 4195 2184 4252 loco
2213 4195 2494 4252 inservire
2512 4193 2775 4265 jubebat.
2807 4187 3550 4262 Videsne,quomodolegio
3574 4187 3700 4242 da:-

2061 4301 2303 4344 monum
2353 4301 2469 4341 non
2513 4282 2706 4340 verbis
2738 4281 2839 4338 sed
2877 4281 3064 4348 factis,
3106 4291 3296 4350 neque
3325 4281 3532 4350 sponte
3574 4291 3706 4345 sua,

2062 4380 2160 4434 sed
2220 4376 2564 4432 necessitate
2607 4379 2826 4438 coacta,
2878 4371 3236 4444 proﬁteatur,
3270 4383 3472 4440 porcos
3529 4375 3704 4438 opera

2061 4483 2191 4523 esse
2219 4465 2335 4521 veri
2368 4465 2492 4532 Dei,
2545 4463 2650 4520 sub
2686 4477 2859 4519 carne
2899 4459 3169 4518 occultati
3200 4457 3228 4512 ?
3253 4457 3470 4513 Deinde
3503 4455 3702 4517 hostis,

2061 4556 2162 4627 qui
2189 4556 2446 4626 primum
2478 4552 2758 4609 mentitus
2783 4554 2906 4607 erat
2935 4548 3172 4605 dicens:
3207 4548 3334 4604 Hac
3361 4546 3548 4600 omnia
3577 4559 3708 4600 mea

2064 4649 2213 4709 sunt,
2244 4649 2313 4710 et,
2347 4645 2397 4698 si
2427 4642 2716 4714 providens
2745 4639 3065 4694 adoraveris
3085 4653 3188 4703 me,
3219 4651 3284 4690 ea
3315 4635 3423 4690 tibi
3451 4633 3589 4690 dabo
3621 4633 3662 4668 “
3688 4651 3709 4698 ;

2066 4733 2137 4802 is,
2170 4733 2433 4804 inquam,
2458 4731 2692 4802 quidem
2723 4729 3015 4800 ignorans,
3066 4727 3243 4780 Deum
3275 4737 3404 4778 esse
3455 4737 3612 4790 eum,
3646 4722 3704 4776 in

2065 4837 2238 4893 quem
2271 4822 2650 4875 tentationem
2682 4815 3006 4884 moliretur,
3035 4821 3206 4886 atque
3238 4812 3377 4868 adeo
3405 4809 3707 4868 terrestria

2063 4927 2173 4968 sua
2201 4925 2330 4965 esse
2357 4907 2662 4980 gloriatus,
2693 4921 2869 4974 nunc,
2903 4902 3135 4975 quando
3167 4900 3363 4957 divina
3392 4899 3577 4972 gloria
3608 4913 3709 4970 per

2064 4998 2348 5057 miracula
2369 4997 2669 5066 eluxisset,
2702 4993 2902 5052 timuit
2923 4991 3031 5050 sibi
3053 4992 3390 5063 impudens,
3422 4995 3480 5047 et
3507 4990 3578 5046 ab
3611 5005 3709 5044 ar-

2064 5089 2329 5164 rogantia
2358 5089 2682 5146 abstinuit:
2709 5089 2883 5160 atque
2911 5084 2995 5142 sic
3027 5097 3200 5157 opere
3229 5083 3357 5157 ipso
3381 5084 3612 5153 fatetur,
3646 5099 3708 5140 se

2064 5195 2171 5238 nec
2201 5183 2552 5252 potestatem
2587 5177 2824 5250 quidem
2877 5174 2943 5232 in
2973 5188 3179 5250 porcos
3223 5171 3458 5244 habere,
3489 5173 3707 5230 nedum

2061 5284 2161 5327 003
2191 5283 2440 5326 01'88880.

1461 5579 1708 5638 VARW
1743 5580 2128 5640 LECTIONES
2164 5581 2257 5640 ET
2294 5581 2528 5641 NOTAE.

380 5746 486 5822 (ﬂ)
515 5747 870 5822 ταράσσεται.
905 5748 988 5806 Ita
1015 5748 1218 5822 scripsi
1251 5763 1350 5823 pro
1380 5748 1731 5823 παράσσιται,
1765 5748 1920 5820 quod

2073 5748 2130 5805 in
2165 5764 2276 5806 ms.
