4084 6210
352 368 470 458 323

1551 351 1815 415 PHOTII
1862 349 2386 412 PATRIARCHIE
2426 351 2543 414 ΟΡ.

3638 352 3754 412 224

420 502 541 557 XX.
571 501 657 556 Tu
690 512 846 567 vero,
879 514 913 554 a
941 495 1140 560 homo,
1182 491 1577 564 expergiscere
1609 506 1622 544 :
1659 488 1996 544 nondumne

2183 486 2257 542 K'.
2288 485 2387 540 Καὶ
2419 485 2504 556 σὺ,
2545 485 2820 560 ἄνθρωπε,
2868 487 3159 562 ἃνάνηψον,
3208 487 3362 543 οὔπω
3411 485 3588 549 θέλεις
3637 485 3760 540 έπι-

354 591 667 648 Dominum
699 593 860 644 tuum
887 598 1199 657 agnoscere
1223 581 1412 653 cupis,
1433 581 1532 636 sed
1565 578 1758 634 adhuc
1789 594 2000 650 corpus

355 687 521 734 tuum
562 682 889 734 creaturam
919 673 1054 730 Mali
1107 670 1368 743 appellas
1396 669 1424 724 ‘I
1477 671 1551 737 Is,
1583 668 1756 738 cujus
1785 667 1998 738 agebas

355 773 690 840 patronum,
725 765 933 820 timore
979 766 1298 831 correptus,
1332 757 1573 830 deponit
1605 756 1997 820 mendacium,

355 863 416 913 tu
440 872 571 912 vero
602 855 661 910 in
685 850 1004 926 patrocinio
1029 847 1220 920 pergis
1243 848 1271 900 ‘I
1293 847 1393 902 Ille
1415 861 1585 918 opere
1606 845 1734 910 ipso
1763 844 1999 911 clamat,

357 947 511 1019 quod
546 961 649 1001 nec
679 956 982 1016 porcorum
1010 937 1403 1005 sitdominus,
1425 942 1489 993 tu
1512 952 1643 992 vero
1666 951 1800 992 eum
1834 942 1998 989 tuum

354 1035 496 1091 facis
555 1029 918 1088 dominum?
953 1030 1004 1084 Is
1063 1029 1324 1084 nondum
1377 1027 1624 1100 perfecte
1683 1023 1998 1080 Dominum

355 1137 693 1195 agnoscens,
731 1117 1092 1190 nequeenim
1118 1134 1258 1172 crux
1285 1116 1614 1172 adhucerat
1647 1115 1778 1183 ﬁxa,
1813 1129 2002 1184 neque

355 1210 439 1268 sol
474 1209 724 1266 tenebris
775 1207 1097 1264 obduxerat
1137 1205 1348 1272 lucem,
1413 1219 1599 1274 neque
1630 1207 1866 1268 terram,
1903 1217 2001 1272 per

355 1305 628 1358 naturam
677 1297 934 1369 alioquin
980 1295 1258 1366 quietam,
1294 1292 1582 1350 mirabilis
1641 1293 2000 1364 corripuerat

352 1395 593 1459 tremor,
610 1405 799 1461 neque
811 1385 1111 1443 conclavia
1125 1385 1444 1440 inferorum
1461 1382 1718 1439 locorum
1734 1390 2000 1439 evacuata

356 1482 548 1538 adhuc
562 1485 944 1549 erant,neque
957 1475 1304 1532 resurrectio
1318 1475 1566 1543 cognita:
1582 1473 1998 1539 etvelsic,cum

355 1569 500 1626 nihil
534 1569 743 1624 horum
777 1568 1028 1632 adesset,
1064 1563 1232 1632 latro,
1265 1580 1298 1618 a
1336 1562 1572 1618 veritate
1624 1559 1999 1618 substantiali

354 1658 467 1714 sibi
501 1665 833 1725 metuens,a
849 1658 1151 1726 potestate,
1173 1667 1348 1721 quam
1383 1659 1550 1706 antea
1567 1651 1675 1706 sibi
1699 1649 1809 1722 ipsi
1833 1648 2001 1703 affin-

353 1749 537 1816 xerat,
570 1762 632 1801 se
659 1744 856 1817 ipsum
885 1742 1057 1798 etiam
1090 1740 1306 1796 invitus
1332 1744 1578 1795 revocat.
1602 1738 1828 1794 Veritas
1843 1737 2000 1793 enim

2106 578 2308 648 γνῶναι
2336 575 2428 629 τὸν
2455 580 2679 630 σεαυτοῦ
2712 578 3010 647 Δεσπότην,
3043 575 3170 632 ἀλλ’
3220 574 3298 632 ἔτι
3347 578 3411 632 τὸ
3456 576 3547 630 σὸν
3601 579 3762 648 σῶμα

2108 665 2337 738 πλάσμα
2395 665 2572 742 λέγεις
2629 671 2726 722 τοῦ
2809 672 3092 741 Πονηροῦ;
3155 672 3210 723 '0
3260 669 3759 743 συνηγορούμενος,

2109 749 2264 832 φόϐῳ
2322 757 2624 831 συσχεθεὶς,
2681 757 2750 812 τὰ
2799 753 2996 830 ψεῦδος
3055 757 3304 827 ἀπέθετο,
3378 755 3470 811 καὶ
3530 757 3594 810 σὺ
3654 755 3759 824 τήν

2110 844 2432 920 συνηγορίαν
2513 841 2591 900 ἔτι
2678 851 3046 920 συγκροτεῖςς
3107 847 3342 907 Ἐκεῖνος
3411 849 3529 906 τοῖς
3583 840 3763 920 ἔργοις

2108 928 2334 1004 ἀναϐοᾷ,
2381 934 2454 995 ὡς
2497 931 2622 989 οὐδὲ
2667 939 2774 990 τῶν
2833 934 3040 1010 χοίρων
3103 935 3290 1010 κύριός
3348 933 3482 1002 ἐστι,
3539 931 3628 988 καὶ
3696 932 3760 987 σὺ

2109 1027 2333 1078 σεαυτοῦ
2376 1021 2562 1097 κύριον
2612 1030 2828 1092 ποιεῖς;
2874 1025 3108 1085 Ἐκεῖνος
3166 1020 3321 1078 οὔπω
3378 1023 3603 1085 τελείως
3660 1021 3756 1078 τὸν

2111 1111 2385 1182 Δεσπότην
2437 1110 2682 1186 ἐπιγνοὺς
2741 1115 2883 1185 (15),
2942 1109 3094 1167 οὔπω
3148 1114 3250 1187 γὰρ
3311 1112 3378 1181 ἦν
3437 1112 3466 1165 6
3525 1110 3758 1187 σταυρὸς

2109 1205 2327 1281 πηγεὶς,
2361 1201 2474 1260 οὔδ’
2527 1205 2556 1259 6
2616 1204 2779 1274 ἥλιος
2830 1203 3008 1276 σκότῳ
3057 1202 3444 1278 καλυψάμενος
3501 1207 3561 1257 τὸ
3618 1206 3760 1281 φῶς,

2109 1291 2235 1348 οὐδὲ
2263 1293 2361 1362 τὴν
2407 1299 2512 1367 γῆν
2559 1292 2674 1348 ἀντὶ
2720 1299 2820 1362 τῆς
2865 1292 3004 1347 κατὰ
3051 1292 3207 1368 φύσιν
3255 1291 3490 1366 ἠρεμίας
3520 1291 3548 1345 6
3579 1290 3764 1365 παρά-

2111 1381 2264 1454 δοξος
2297 1384 2412 1458 εἶχε
2433 1383 2663 1457 τρόμος,
2687 1382 2810 1438 οὐδὲ
2837 1384 2902 1437 τὰ
2933 1387 3030 1437 τοῦ
3051 1379 3185 1454 ᾇδου
3213 1381 3506 1437 ἐκεκένωτο
3536 1385 3761 1453 ταμεῖα,

2110 1471 2240 1529 οὐδὲ
2265 1476 2300 1543 ἢ
2333 1473 2617 1534 ἀνάστασις
2648 1471 2998 1550 ἐγινώσκετο.
3040 1469 3205 1528 Ἀλλ’
3245 1472 3336 1526 οὖν
3383 1471 3473 1525 καὶ
3526 1467 3765 1543 μηδενὸς

2109 1561 2186 1618 ἔτι
2219 1561 2425 1617 τούτων
2457 1561 2728 1636 παρόντος
2759 1562 2786 1616 6
2815 1561 3025 1636 λῃστῆς
3054 1562 3154 1631 τὴν
3188 1559 3544 1615 ἐνυπόστατον
3567 1555 3762 1630 δεδιὼς

2111 1649 2394 1721 ἀλήθειαν,
2426 1649 2492 1720 ἢν
2528 1649 2673 1722 αὖτῷ
2720 1648 3171 1724 προανεπλάσατο
3234 1649 3499 1719 ἐξουσίαν,
3555 1647 3760 1718 ταύτης

2111 1741 2300 1795 ἑαυτὸν
2359 1739 2448 1795 καὶ
2509 1737 2651 1795 ἄκων
2707 1740 2922 1815 ἀπάγει.
2968 1733 3248 1809 Ἐϐιάζετο
3299 1739 3400 1813 γάρ
3453 1739 3488 1806 ἡ
3529 1734 3762 1806 ἀλήθεια

355 1836 696 1891 mendacem
720 1835 802 1890 ita
825 1831 1144 1899 coercebat,
1171 1834 1234 1884 ut
1254 1845 1384 1885 cum
1410 1832 1582 1884 antea
1603 1843 1782 1898 regna
1804 1825 2001 1882 omnia

2118 1829 2205 1885 τὸν
2229 1828 2483 1903 ψεύστην·
2516 1831 2606 1884 καὶ
2632 1826 2771 1902 μηδὲ
2799 1808 2907 1884 των
2933 1808 3163 1903 χοίρων,
3190 1828 3268 1901 μὴ
3291 1808 3536 1888 δτι-τινὸς
3560 1823 3762 1892 ἄλλου,

356 1940 461 1980 sua
491 1940 619 1980 esse
677 1921 1034 1993 gloriaretur,
1068 1934 1240 1990 opere
1273 1919 1396 1988 ipso
1441 1933 1513 1974 ne
1541 1917 1601 1972 in
1633 1933 1839 1987 porcos
1869 1915 2006 1988 qui-

355 2014 510 2080 dem,
562 2012 774 2068 nedum
835 2009 895 2064 in
947 2009 1272 2080 quidquam
1317 2006 1499 2073 aliud,
1549 2010 1893 2077 potestatem
1943 2027 2006 2067 se

353 2100 571 2156 habere
601 2098 901 2154 clamaret.
933 2097 1017 2151 Tu
1059 2111 1193 2151 vero
1243 2100 1376 2168 post
1421 2110 1652 2151 crucem
1695 2095 1993 2167 perlatam,

357 2191 488 2261 post
517 2186 827 2259 spoliatum
860 2184 1183 2250 infernum,
1217 2190 1346 2256 post
1380 2184 1590 2240 factam
1622 2187 2009 2242 resurrectio-

355 2292 511 2345 nem,
573 2280 702 2347 post
752 2273 1142 2345 triumphatos
1192 2273 1556 2345 principatus
1588 2278 1646 2329 et
1693 2279 2008 2345 potestates

357 2364 753 2433 tenebrarum,
787 2367 920 2434 post
950 2363 1143 2418 datam
1205 2362 1309 2418 tibi
1345 2362 1709 2430 facultatem,
1767 2380 2006 2420 omnem

359 2453 568 2520 hostis,
602 2452 653 2508 si
696 2451 857 2518 velis,
889 2456 1232 2524 potestatem
1269 2452 1545 2508 eludendi
1575 2469 1589 2520 ;
1625 2459 1710 2522 tu,
1745 2453 2004 2525 inquam,

357 2543 613 2614 teipsum
649 2541 840 2596 adhuc
895 2541 1043 2596 ferre
1101 2545 1284 2612 potes,
1336 2543 1569 2612 quando
1600 2546 1658 2597 te
1717 2541 1886 2609 alius,
1936 2561 2007 2600 ne

363 2630 550 2687 dicam
611 2637 672 2684 tu
740 2629 1138 2700 temetipsum,
1197 2629 1515 2685 obnoxium
1567 2635 1624 2686 et
1680 2641 2004 2688 creaturam

365 2720 502 2777 Mali
535 2717 788 2791 appellat
817 2720 845 2772 ?
871 2718 1013 2784 Quis
1039 2734 1171 2774 vero
1201 2736 1315 2774 non
1371 2719 1462 2775 vel
1513 2719 1648 2776 hinc
1682 2721 1848 2777 facile
1880 2738 2005 2792 per-

365 2808 632 2884 spexerit,
693 2809 872 2881 quod,
932 2807 1030 2879 qui
1062 2807 1169 2863 sub
1225 2808 1351 2880 lege
1403 2809 1696 2881 prOphetaz
1736 2815 1901 2866 erant
1952 2816 2009 2867 et

366 2898 562 2969 legati,
597 2913 863 2969 quosque
910 2895 1257 2965 Jerusalem,
1317 2914 1421 2953 ceu
1472 2900 2005 2970 stupidissimorum

363 2986 703 3042 Judaeorum
737 2989 922 3040 coetus
954 2983 1165 3055 prodit,
1198 2983 1464 3054 lapidans
1493 2990 1550 3040 et
1578 2986 1848 3042 occidens
1890 3003 2003 3043 non

2115 1919 2143 1972 6
2180 1919 2278 1980 τὰς
2338 1916 2617 1992 βασιλείας
2665 1916 2836 1978 πάσας
2893 1919 3085 1972 ἑαυτοῦ
3139 1914 3567 1989 τερατευόμενος
3625 1914 3764 1968 εἶναι

2119 2005 2248 2082 μηδ’
2305 2008 2480 2062 αὐτῶν
2551 2005 2697 2082 ἔχειν
2748 2008 2850 2076 τήν
2907 2006 3208 2081 κυριότητα
3261 2010 3378 2066 τοῖς
3449 2004 3762 2079 πράγμασιν

2117 2098 2427 2171 ἀνακράζει.
2460 2098 2556 2150 Καὶ
2599 2098 2660 2151 σὺ
2713 2102 2846 2170 μετά
2903 2096 2995 2152 τὸν
3052 2095 3300 2171 σταυρὸν,
3345 2093 3481 2166 μετά
3518 2093 3582 2147 τὸ
3630 2114 3765 2148 σκυ-

2117 2184 2373 2255 λευθῆναι
2430 2186 2520 2240 τὸν
2580 2181 2735 2256 ᾅδην,
2795 2185 2929 2258 μετά
2977 2186 3078 2254 τήν
3125 2184 3436 2252 ἀνάστασιν,
3511 2183 3640 2256 μετὰ
3694 2181 3762 2236 τὸ

2117 2273 2717 2352 παραδειγματισθῆναι
2745 2276 2841 2337 τὰς
2882 2274 3056 2350 ἀρχάς
3103 2272 3192 2328 καὶ
3230 2275 3325 2335 τὰς
3375 2269 3614 2345 ἔξουσίας
3662 2273 3764 2325 τοῦ

2116 2366 2364 2434 σκότους,
2409 2366 2543 2437 μετὰ
2598 2365 2660 2418 τὸ
2719 2358 2904 2418 λαϐεῖν
2962 2383 3019 2418 σε
3076 2363 3174 2431 τήν
3230 2361 3496 2434 ἐξουσίαν,
3554 2362 3617 2414 ’ἀν
3659 2359 3768 2433 ἄρα

2119 2452 2318 2529 βούλῃ,
2371 2454 2506 2508 κατά
2550 2454 2727 2524 πάσης
2769 2460 2869 2522 τῆς
2920 2450 3196 2519 δυνάμεως
3249 2454 3346 2506 τοῦ
3403 2447 3625 2525 ἐχθροῦ,
3683 2445 3766 2502 ἔτι

2116 2543 2336 2600 σεαυτὸν
2365 2543 2554 2617 ἀνέχῃ,
2589 2541 2642 2596 εἷ’
2662 2563 2743 2602 τις
2777 2563 2834 2596 σε
2865 2539 3036 2605 ἄλλος
3068 2540 3380 2611 ὑπεξούσιον
3409 2539 3498 2594 καὶ
3536 2536 3768 2610 πλάσμα

2115 2632 2265 2708 λέγει
2321 2636 2418 2687 τοῦ
2466 2635 2732 2705 πονηροῦ,
2786 2632 2862 2704 μή
2904 2629 2987 2685 ὅτι
3033 2651 3093 2703 γε
3142 2630 3204 2684 σὺ
3255 2629 3515 2698 σεαυτόν;
3560 2628 3652 2689 Τίς
3708 2623 3760 2680 δ’

2115 2722 2248 2802 οὐχί
2287 2721 2568 2778 κάντεῦθεν
2628 2721 2792 2796 ῥᾷστα
2841 2717 3068 2785 συνίδοι,
3111 2719 3184 2780 ὡς
3233 2718 3285 2772 οἱ
3318 2715 3407 2772 διὰ
3443 2719 3540 2771 τοῦ
3587 2715 3764 2788 νόμου

2113 2818 2390 2890 προφῆται
2447 2809 2535 2864 καὶ
2602 2807 3024 2881 ἀπεσταλμένοι,
3089 2808 3181 2869 οὓς
3227 2809 3263 2876 ἡ
3295 2803 3674 2880 Ἰερουσαλήμ,
3725 2804 3757 2858 ὃ

2113 2906 2206 2957 νῦν
2239 2899 2409 2971 δηλοῖ
2435 2904 2540 2955 τῶν
2574 2898 3065 2973 ἀγνωμονεστὲρων
3098 2894 3377 2952 Ἰουδαίων
3401 2895 3464 2949 τὸ
3486 2895 3756 2964 σύστημα,

2116 2987 2492 3048 λιθοϐολοῦσά
2530 3008 2590 3044 τε
2619 2989 2707 3043 καὶ
2739 2987 3100 3043 ἀποκτιννῦσα
3150 2984 3249 3040 οὐκ
3293 2984 3455 3051 ἀνίει,
3507 2982 3652 3037 οῦτοι
3688 2978 3760 3050 δὴ

363 3074 610 3142 ferebat,
643 3072 729 3127 illi
761 3072 996 3129 omnino
1035 3089 1067 3128 a
1097 3072 1248 3128 bono
1306 3073 1590 3146 principio
1649 3075 1916 3147 inspirati
1948 3080 2004 3132 et

364 3163 529 3184 ...ξ-,ε
566 3161 680 3184 _2_L
752 3167 921 3184 _L_-__
986 3162 1117 3184 3...]-
1184 3161 1457 3184 -_2_:-__.
1520 3164 1779 3184 ,ιη-,μεᾼι
1851 3183 1901 3184 γη
1944 3166 1992 3184 j,

2118 3087 2212 3151 τῆς
2251 3081 2458 3157 ἀγαθῆς
2518 3078 2768 3152 ὑπῆρχον
2830 3075 3111 3137 ἐπιπνοίας
3157 3095 3213 3130 τε
3271 3074 3361 3128 καὶ
3420 3068 3762 3142 ἀποστολῆς,

2187 3172 2200 3184 ι
2239 3167 2294 3184 λι
2406 3169 2416 3180 ε
2495 3169 2509 3184 \
2597 3164 2620 3184 ᾗ
2880 3165 2891 3184 Ι
3016 3163 3064 3184 ,ΙΝ
3315 3163 3330 3184 ἳ
3402 3164 3478 3184 φηγ
3538 3179 3550 3184 -
3587 3161 3759 3184 "In---

363 3163 531 3219 missi
564 3161 703 3230 sint,
749 3167 925 3233 atque
986 3162 1120 3217 inde
1179 3161 1464 3235 originem
1515 3164 1805 3235 duxerint,
1849 3166 2004 3221 unde

2118 3172 2203 3226 καὶ
2236 3167 2302 3238 δὴ
2331 3169 2422 3223 καὶ
2451 3169 2549 3236 τήν
2593 3164 2955 3242 δημιουργίαν
3015 3163 3265 3228 ἕλκοντες
3313 3163 3510 3219 ἐκεῖθεν
3538 3179 3552 3217 :
3587 3161 3759 3216 Πόθεν

363 3252 563 3309 omnia
594 3251 706 3307 ista
753 3251 1169 3322 profluxerant,
1204 3267 1413 3322 nempe
1469 3255 1541 3307 ab
1572 3252 1700 3325 ipso
1758 3254 2006 3310 Domino

363 3349 559 3399 nostro
589 3341 726 3397 Jesu
755 3341 1006 3408 Christo,
1064 3341 1320 3396 veritatis
1354 3343 1518 3398 fonte
1547 3342 1576 3397 Ἰ
1606 3343 1660 3399 Is
1699 3343 1853 3400 enim
1899 3346 2008 3399 mi-

364 3446 556 3488 seram
585 3429 798 3486 clamat
854 3445 984 3485 esse
1013 3429 1336 3485 Jerusalem
1369 3431 1442 3486 ob
1474 3447 1563 3497 ea,
1612 3433 1825 3503 quibus
1858 3434 2006 3490 facta

362 3519 441 3576 sit
492 3519 760 3576 obnoxia.
817 3518 942 3575 Non
996 3533 1130 3573 vero
1180 3519 1456 3574 miseram
1505 3520 1722 3576 diceret
1771 3521 2007 3578 Bonitas

364 3609 492 3681 ipsa
521 3625 647 3664 eam
681 3607 903 3673 urbem,
939 3624 1066 3680 qua
1107 3607 1394 3677 lapidaret
1431 3612 1533 3664 aut
1556 3608 1840 3666 occideret
1873 3627 2005 3680 pra-

363 3699 556 3756 vitatis
587 3702 880 3754 amatores
911 3701 1013 3753 aut
1059 3696 1324 3768 ejusdem
1384 3696 1604 3770 legatos
1637 3715 1650 3753 :
1702 3701 2006 3757 Jerusalem

364 3789 535 3855 enim,
565 3787 777 3859 inquit,
833 3786 1164 3854 Jerusalem,
1205 3804 1327 3858 qua
1355 3788 1558 3845 occidis
1614 3789 1924 3861 prophetas,
1957 3796 2008 3846 et

365 3876 581 3948 lapides
610 3878 805 3932 missos
833 3877 904 3932 ad
934 3891 1056 3932 eam
1097 3875 1162 3933 η.
1196 3876 1264 3932 Et
1293 3884 1489 3948 postea
1521 3895 1536 3934 :
1597 3879 1814 3947 Quoties
1855 3881 2010 3938 volui

363 3982 702 4040 congregare
731 3966 879 4036 ﬁlios
925 3975 1071 4031 (uos,
1101 3967 1364 4039 quomodo
1393 3968 1608 4039 gallina
1654 3971 1835 4038 pullos
1863 3987 2006 4041 suos,

364 4073 456 4113 vos
484 4061 672 4112 autem
705 4055 960 4112 noluistis
1007 4055 1068 4108 ίθ.
1128 4055 1246 4112 Ηοο
1302 4063 1392 4113 est
1423 4076 1436 4114 :
1469 4059 1701 4124 Quoties
1747 4059 1897 4116 volui
1942 4078 2011 4117 ex

366 4145 870 4204 commiseratione
927 4161 1026 4202 eos
1081 4147 1150 4200 ad
1222 4162 1314 4200 me
1372 4147 1648 4219 recipere,
1719 4156 1773 4205 et
1830 4167 2011 4221 pmnaa

367 4235 736 4301 subtrahere,
768 4251 893 4305 quas
925 4250 1024 4288 vos
1056 4249 1160 4304 pro
1191 4235 1344 4290 caade
1375 4235 1789 4305 prophetarum
1831 4244 1887 4293 et
1909 4255 2011 4310 pro

369 4323 643 4390 ludibrio,
679 4321 734 4375 in
769 4323 925 4392 leges
955 4321 1123 4375 vobis
1163 4322 1334 4376 datas
1391 4324 1656 4392 probato,
1719 4326 2016 4393 manebat,

2112 3260 2203 3315 καί
2249 3261 2333 3321 τίς
2377 3261 2411 3328 ἡ
2443 3259 2794 3332 παράστασις·
2855 3254 3014 3317 αὐτός
3065 3253 3203 3309 ἐστιν
3263 3254 3290 3307 6
3343 3251 3537 3326 Κύριος
3594 3253 3758 3323 ἡμῶν

2115 3349 2328 3419 Ἰησοῦς
2382 3346 2632 3420 Χριστὸς,
2679 3346 2714 3414 ἡ
2753 3351 2853 3414 τῆς
2910 3343 3168 3413 ἀληθείας
3216 3342 3391 3415 πηγή.
3449 3337 3764 3408 Ταλανίζων

2113 3437 2215 3514 γὰρ
2248 3437 2348 3504 τὴν
2388 3434 2774 3508 Ἰερουσαλὴμ,
2826 3434 2911 3494 οἷς
2949 3430 3002 3486 ἒν
3046 3432 3262 3492 τούτοις
3305 3429 3615 3514 ὑπηνέχθη,
3662 3427 3768 3483 οὐκ

2113 3513 2174 3582 ἂν
2212 3521 2269 3579 δὲ
2323 3521 2652 3578 ταλανίσειεν
2685 3524 2720 3592 ἡ
2761 3521 3032 3596 ἀγαθότης
3079 3522 3179 3590 τὴν
3235 3513 3633 3574 λιθοϐολοῦσαν
3670 3514 3765 3570 καὶ

2115 3615 2509 3670 ἀποκτενοῦσαν
2574 3612 2700 3674 τοὺς
2756 3610 2984 3686 ἐραστὰς
3037 3616 3139 3679 τῆς
3194 3607 3483 3682 πονηρίας,
3542 3605 3577 3675 ἢ
3636 3605 3768 3666 τοὺς

2118 3704 2205 3759 ὑπ’
2236 3704 2404 3769 αὐτῆς
2461 3700 2920 3775 ἀπεσταλμένους.
2974 3695 3341 3774 Ἰερουσαλὴμ
3393 3698 3518 3772 γὰρ,
3576 3694 3766 3774 φησὶν,

2115 3791 2504 3868 Ἰερουσαλὴμ,
2573 3795 2608 3862 ἡ
2677 3790 3033 3847 ἀποκτείνασα
3098 3788 3228 3849 τοὺς
3303 3787 3612 3860 προφήτας,
3671 3782 3770 3838 καὶ

2115 3879 2487 3941 λιθοϐολοῦσα
2566 3883 2694 3946 τοὺς
2797 3878 3238 3954 ἀπεσταλμένους
3329 3877 3465 3952 πρὸς
3566 3872 3761 3945 αὒτήν.

2118 3974 2266 4030 Εἶταο
2364 3973 2598 4036 Ποσάκις
2671 3968 2921 4041 ἠθέλησα
3019 3967 3331 4037 ἐπισυνάξαι
3432 3964 3500 4021 τὰ
3598 3964 3768 4018 τέκνα

2120 4084 2238 4130 σου,
2304 4063 2363 4118 ’ὸν
2411 4064 2614 4137 τρόπον
2670 4057 2818 4133 ὅρνις
2867 4057 2934 4113 τὰ
2987 4056 3173 4112 νοσσία
3237 4057 3455 4125 ἑαυτῆς,
3513 4052 3603 4108 καὶ
3661 4052 3770 4106 οὐκ

2119 4149 2447 4221 ἠθελήσατε.
2505 4149 2654 4208 Ἀντὶ
2714 4152 2831 4204 τοῦ·
2894 4146 3129 4208 ῙΙοσάκις
3188 4143 3432 4214 ἠθέλησα
3488 4140 3578 4197 διὰ
3631 4162 3773 4216 συγ-

2121 4242 2350 4314 γνώμης
2391 4235 2679 4294 ἀναλαϐεῖν
2729 4239 2888 4311 ὑμᾶς,
2939 4237 3032 4291 καὶ
3079 4242 3181 4305 τῆς
3234 4233 3392 4302 δίκης
3451 4231 3768 4307 ἐξαρπάσαι,

2127 4329 2252 4398 ἥτις
2283 4328 2401 4382 ἀντὶ
2430 4331 2538 4382 τῶν
2585 4330 2938 4403 προφητικῶν
2971 4327 3218 4398 αἱμάτων
3268 4323 3358 4377 καὶ
3406 4323 3491 4383 οἷς
3534 4325 3643 4376 τῶν
3677 4317 3773 4374 δε-

372 4417 764 4486 praetereaque
793 4427 860 4465 ea
891 4408 1077 4481 gratia
1111 4409 1347 4478 donare,
1383 4418 1443 4465 ut
1496 4413 1765 4482 pra-senti
1799 4415 1857 4470 in
1912 4415 2007 4471 hac

2129 4414 2371 4490 δομένων
2422 4417 2550 4490 ὑμῖν
2596 4417 2952 4491 κατορχεῖσθε
3003 4414 3209 4488 νόμων,
3257 4409 3531 4480 ἀπέκειτο,
3587 4406 3776 4464 εὐδαι-

373 4502 491 4556 vita
535 4497 808 4555 felicitate
867 4496 979 4551 frui
1029 4496 1310 4566 possitis?
1347 4499 1419 4554 At
1474 4499 1789 4568 enimvero,
1841 4517 2018 4574 quam

373 4589 748 4662 tyrannidem
802 4585 1042 4656 insipidi
1099 4586 1209 4658 ipsi
1267 4589 1430 4645 vobis
1488 4590 1901 4662 constituistis,
1953 4611 2019 4652 ea

374 4697 490 4736 non
559 4679 749 4736 solum
798 4694 915 4735 non
970 4678 1234 4750 permisit
1289 4682 1361 4738 ad
1417 4683 1856 4742 conversionem
1907 4686 2020 4744 ullo

375 4768 569 4834 modo,
623 4782 798 4839 quam
858 4770 1056 4825 tamen
1114 4772 1278 4826 tanta
1325 4779 1379 4827 et
1429 4771 1559 4828 talis
1618 4772 2020 4832 benevolentia

373 4853 669 4921 offerebat,
703 4859 760 4912 et
783 4857 855 4912 ad
899 4873 1028 4913 eam
1060 4858 1527 4930 amplectendam
1587 4862 2017 4933 cohortabatur,

375 4945 678 5016 respicere,
743 4945 844 5001 sed
901 4954 954 5001 et
1013 4951 1078 5003 ut
1138 4950 1430 5020 prioribus
1497 4951 1714 5008 similia
1765 4953 2018 5022 addatis,

373 5035 642 5108 impellit.
675 5034 741 5090 Et
798 5037 940 5107 quid
973 5035 1101 5094 dico
1132 5038 1345 5096 similia
1372 5041 1401 5096 ?
1428 5039 1550 5097 Imo
1598 5042 1769 5115 longe
1797 5043 2017 5114 pejora,

375 5125 586 5198 quibus
617 5122 1042 5197 providentiam
1067 5142 1257 5184 meam
1275 5128 1767 5188 ethumanitatem
1790 5148 1824 5187 a
1852 5131 2018 5188 vobis

445 5249 492 5286 ¹³
533 5248 741 5307 Matth.
772 5265 938 5319 mn,
969 5250 1059 5306 37.
1138 5252 1183 5288 1⁸
1213 5251 1355 5310 ibid.
1391 5255 1480 5310 38.

2134 4506 2322 4580 μονίας
2378 4527 2436 4561 τε
2491 4505 2746 4568 συνόντας
2802 4503 3078 4576 ἀλλήλοις
3133 4505 3232 4568 τῆς
3298 4499 3434 4555 κατά
3485 4497 3580 4554 τὸν
3651 4497 3777 4571 βίον

2129 4595 2446 4664 ἀπολαύειν,
2487 4597 2652 4672 χάριν
2683 4599 3003 4672 παρασχεῖν.
3051 4590 3210 4650 Ἀλλ’
3256 4591 3323 4660 ἣν
3361 4587 3513 4645 αὐτοί
3560 4607 3625 4662 γε
3653 4587 3776 4641 καθ’

2129 4687 2331 4742 έαυτῶν
2397 4692 2499 4756 τῆς
2563 4685 2788 4746 ἀπονίας
2869 4679 3156 4758 τυραννίδα
3220 4677 3648 4756 προεστήσασθε,
3704 4676 3775 4730 οὗ

2133 4774 2296 4848 μόνον
2365 4771 2518 4829 οὐδὲν
2572 4774 2709 4846 πρὸς
2767 4771 3099 4847 ἐπιστροφὴν
3157 4769 3362 4846 ἀφορᾷν
3436 4767 3576 4840 ὑμᾶς
3633 4783 3776 4838 παρ-

2129 4864 2380 4919 εσκεύασε
2409 4861 2587 4917 καίτοι
2635 4859 2902 4931 τοσαύτης
2945 4859 3037 4914 καὶ
3085 4856 3422 4928 τηλικαύτης
3468 4861 3570 4924 τῆς
3613 4851 3779 4925 εὐμει-

2126 4951 2266 5014 νείας
2323 4952 2526 5022 ταύτην
2588 4951 2716 5025 ὓμῖν
2772 4946 3184 5024 προτεινούσης,
3251 4946 3343 5001 καὶ
3416 4944 3552 5018 πρὸς
3603 4941 3782 5011 αὐτὴν

2129 5040 2539 5121 ἐπιστρέφεσθαι
2568 5038 3016 5116 παρακαλούσης,
3065 5033 3214 5092 ἀλλά
3256 5034 3347 5090 καὶ
3395 5033 3512 5090 καθ’
3543 5031 3780 5121 ἑκάστην

2125 5117 2528 5206 παραθρασύνει
2593 5131 2708 5203 (16)
2777 5127 3126 5204 προστιθέναι
3195 5124 3266 5180 τά
3315 5118 3664 5200 ὅμοιαμΚαὶ
3725 5117 3783 5175 τί

1540 5375 1781 5434 VARle
1819 5376 2207 5436 LECTIONES
2246 5377 2340 5433 ET
2379 5375 2610 5432 NOTAE.

448 5492 561 5566 (t5)
594 5489 911 5566 Ἐπιγνοὺς,
956 5493 1042 5551 Ita
1090 5494 1204 5551 fert
1250 5496 1545 5554 variorum
1599 5501 1839 5558 Patrum
1889 5517 2024 5558 sen-

2135 5517 2332 5559 eorum
2365 5499 2606 5557 collecta
2644 5515 2679 5554 a
2720 5496 2995 5568 Dionysio
3043 5493 3380 5568 Petavio‘i‘n
3425 5488 3787 5563 Dogmalt'bus

383 5564 569 5644 tentia
615 5564 838 5618 malum
887 5565 1213 5644 daemonem
1263 5568 1580 5644 Christum,
1634 5577 1697 5627 ut
1745 5573 1925 5629 Deum
1979 5581 2031 5628 et
2141 5564 2996 5644 theologici:,tomolll,lib,1,
3030 5568 3256 5644 c.8,_p.
3286 5565 3378 5644 27_._

382 5638 738 5691 Servatorem
790 5638 1016 5702 mundi,
1067 5639 1179 5694 sub
1230 5640 1591 5697 nativitatem
1651 5650 1750 5700 aut
1797 5645 2031 5700 initium

2214 5634 2338 5718 (16).
2388 5634 2806 5718 Παραθρασύνιι.
2864 5634 3621 5718 εἰρίριιιδῦῗεοτὶδθηάαω
3681 5645 3786 5703 pro

389 5706 662 5781 praeconii
724 5707 852 5778 ejus
910 5723 1024 5764 non
1083 5711 1447 5783 cognovisse.
1503 5712 1651 5771 Vide
1706 5717 2035 5774 testimonia
2141 5706 2546 5789 παραθρασύνη,
2577 5706 2737 5786 quod
2766 5715 2890 5771 erat
2916 5710 2976 5768 in
2997 5706 3123 5778 'ms,
