4084 6210
323 381 448 441 225

1402 381 1712 445 CONTRA
1754 383 2234 449 MANICH/EOS
2282 391 2516 454 LIBER
2557 397 2662 458 IV.

3610 429 3731 488 226

325 510 474 588 λέγω
524 511 594 568 τὰ
646 511 812 587 ὅμοια
846 531 860 583 ;
895 511 1072 572 Ἀλλὰ
1105 515 1181 589 μή
1207 515 1274 568 τὰ
1305 513 1450 570 πολὺ
1489 515 1876 591 χαλεπώτερα,
1907 513 1936 570 δ

325 601 397 647 ὧν
459 603 620 647 fumi:
689 604 789 647 τ’ἧυ
857 602 996 647 an?»
1070 604 1325 647 πηᾶυηνην
1393 605 1481 647 νηὶ
1567 605 1939 647 ωιληυῆηιινπίη

2051 570 2061 590 ι
2092 537 2234 647 ipsis
2271 546 2646 647 propulsetis.
2707 551 3013 626 Propterea
3042 565 3098 616 et
3127 567 3361 639 tempus
3391 586 3493 628 vos
3531 591 3734 647 exspe-

321 601 397 654 ὧν
459 603 620 676 ὑμεῖς
689 604 789 672 τήν
857 602 996 676 ἐμὴν
1070 604 1325 678 πρόνοιαν
1393 605 1484 660 καὶ
1567 605 1975 681 φιλανθρωπίαν

323 691 530 746 ἒαυτων
608 691 1057 748 ἆπεσκευάσασθε.
1136 694 1237 751 Διὸ
1303 693 1391 748 καὶ
1471 695 1498 748 ὁ
1581 695 1771 768 καιρὸς
1847 695 1974 768 ὑμῖν

325 779 668 835 ἀπαιτεῖσθαι
698 781 998 856 παρέστηκε
1025 781 1092 836 τά
1114 781 1387 857 ἐπίχειρα,
1419 785 1518 852 τήν
1552 803 1608 838 τε
1656 784 1748 838 ἀπ’
1795 781 1976 854 ἀλλή-

326 865 442 922 λων
496 866 874 940 καταδικάζων
922 867 1242 946 διασπορὰν,
1272 871 1362 926 καὶ
1410 871 1472 928 ού
1519 873 1619 943 τήν
1679 869 1974 948 διασπορὰν

327 957 518 1030 μόνον,
555 957 704 1013 ἀλλὰ
754 962 845 1015 καί
890 961 1058 1030 αὐτὴν
1107 962 1208 1030 τὴν
1258 960 1422 1018 πόλιν
1475 961 1660 1025 αὐτοῖς
1700 961 1976 1036 θεμελίοις

318 1048 734 1126 καταστρέφων,
790 1048 882 1105 καὶ
942 1050 1145 1125 ἐρημίᾳ
1207 1049 1559 1128 παραδιδούς.
1611 1051 1672 1106 Ei
1718 1049 1810 1107 οὗν
1842 1051 1976 1108 κατᾶ

315 1140 428 1191 τῶν
481 1143 846 1212 προφητικῶν
905 1138 1152 1213 αἱμάτων
1211 1141 1246 1209 ἡ
1304 1139 1488 1213 τόλμα
1535 1141 1624 1196 καὶ
1699 1145 1807 1196 τῶν
1869 1143 1976 1195 ἀπ-

314 1225 668 1301 εσταλμένων
702 1230 730 1284 ὁ
779 1229 943 1306 φόνος
982 1228 1060 1292 εἷς
1099 1229 1434 1304 ταλανισμὸν
1479 1231 1574 1304 μὲν
1619 1230 1816 1308 ἀπάγει
1845 1231 1972 1294 τοὺς

313 1313 644 1390 Ἰουδαίους,
675 1318 970 1391 προοίμιον
1011 1316 1070 1374 δὲ
1117 1319 1323 1396 γίνεται
1369 1326 1469 1389 τῆς
1518 1318 1759 1394 ἐσχάτης
1798 1320 1973 1378 αὐτῶν

309 1404 618 1472 ἀπωλείας,
648 1411 765 1468 πῶς
787 1407 916 1484 οὐχὶ
947 1408 1045 1477 τὴν
1081 1406 1203 1480 ἴσην
1247 1406 1404 1480 δίκην
1451 1407 1547 1463 ἵνα
1582 1410 1658 1482 μή
1693 1408 1838 1484 λέγω
1867 1413 1969 1480 τὴν

310 1494 560 1567 μείζονα,
595 1497 649 1550 οἱ
705 1498 902 1573 θερμοῖ
962 1498 1058 1569 μὲν
1112 1503 1221 1554 τῶν
1257 1495 1541 1555 Ἰουδαίων
1604 1499 1848 1572 μιμηταὶ
1878 1500 1969 1555 καὶ

309 1580 717 1660 ὑπερϐαλέσθαι
765 1583 823 1642 δὲ
877 1587 1359 1664 φιλονεικήσαντες
1417 1587 1632 1661 αὐτοὺς,
1667 1588 1765 1644 ούκ
1811 1589 1968 1646 αὐτοὶ

301 1677 424 1729 καθ’
465 1676 672 1730 ἑαυτῶν
729 1675 992 1755 ἐπάγουσί
1047 1698 1105 1732 τε
1159 1677 1250 1732 καὶ
1307 1677 1543 1757 ἄφυκτον
1607 1679 1810 1752 ταύτην
1874 1701 1967 1736 κα-

299 1765 695 1834 τασκευάζουσι
749 1769 1074 1840 περιφανῶς.
1122 1767 1190 1823 Οἱ
1236 1767 1341 1843 γὰρ
1399 1772 1641 1842 πονηρᾶς
1691 1765 1961 1845 δημιουρ-

305 1854 459 1928 γίας,
491 1876 564 1909 ων
595 1851 813 1918 ἔκδικος
845 1857 982 1929 ἡμῖν
1017 1859 1044 1910 ὁ
1078 1859 1300 1930 Σωτὴρ,
1338 1856 1564 1920 τούτους
1611 1857 1965 1936 δυσφημοῦν-

309 1962 403 2002 τες
459 1940 768 2017 προελθεῖν,
827 1941 1026 2018 πολλῷ
1094 1943 1484 2022 χαλεπώτερον
1554 1946 1809 2021 τολμῶσι
1853 1952 1959 2003 τῶν

306 2029 613 2088 ἀνελόντων
658 2034 882 2098 αὐτοὺς.
935 2036 996 2091 Οἱ
1049 2035 1144 2108 μὲν
1191 2037 1296 2113 γὰρ
1333 2037 1469 2092 κατὰ
1520 2037 1788 2110 σωμάτῶν
1823 2039 1957 2108 ἅπαξ

302 2121 525 2194 ἀφῆκαν
556 2123 654 2192 τὴν
695 2121 940 2197 πληγὴν,
970 2124 1022 2179 οἱ
1051 2121 1108 2178 δὲ
1151 2125 1252 2194 τὴν
1291 2123 1556 2198 πονηρίαν
1587 2124 1770 2188 αὐτοῖς
1803 2126 1958 2196 φύσει

294 2212 917 2287 συγκατασκευάζοντες,
986 2211 1162 2268 ἆῒδιον
1219 2212 1476 2292 ιναφιεῖσι
1559 2215 1656 2284 τὴν
1743 2214 1955 2270 ἂνίατον

289 2299 380 2354 καὶ
433 2299 810 2357 ἀνυπόστατον
868 2298 1115 2377 πληγὴν,
1153 2303 1287 2375 μετὰ
1331 2305 1394 2358 τὸ
1423 2303 1514 2357 καὶ
1551 2301 1678 2364 τοὺς
1727 2303 1951 2360 ἀνελόν-

287 2409 384 2451 τας
417 2389 622 2452 αὐτοὺς
663 2391 778 2444 ἆντί
817 2397 920 2460 τῆς
967 2390 1237 2465 τιμωρίας
1291 2389 1550 2454 ἐπάθλοις
1597 2397 1843 2466 κοσμεῖν,
1880 2391 1949 2448 δι’

287 2479 362 2532 ὧν
397 2479 495 2552 μὲν
546 2480 651 2548 τῆς
692 2483 1010 2553 σωματικῆς
1040 2478 1250 2550 ἐκείνης
1299 2487 1508 2558 σφαγῆς
1551 2479 1835 2556 ἀρχηγοὺς
1878 2483 1950 2555 τῇ

288 2569 484 2642 γνώμῃ
539 2573 878 2643 πᾳριστῶσιν
936 2567 1182 2631 ἑαυτούς.
1255 2571 1361 2626 Καῖ
1424 2569 1486 2624 ού
1551 2573 1716 2624 ταῦτα
1758 2572 1944 2642 μόνον,

283 2657 379 2710 καὶ
430 2677 520 2712 τοι
568 2657 876 2728 τηλικαῦτα
906 2656 1051 2726 ὄντα,
1091 2656 1237 2714 ἀλλὰ
1266 2659 1355 2714 καὶ
1387 2658 1492 2713 ἀπὸ
1521 2662 1621 2722 τῆς
1663 2661 1798 2714 κατά
1833 2663 1942 2714 τῶν

288 2747 562 2815 σωμάτων
617 2744 898 2822 ἂσελγείας
944 2747 1032 2803 ἐπὶ
1079 2747 1170 2802 τὸν
1242 2748 1421 2802 κοινὸν
1502 2749 1776 2818 Δεσπότην
1850 2749 1940 2804 καὶ

285 2834 646 2911 Δημιουργὸν
675 2834 955 2912 ἀναφέρειν
985 2836 1050 2890 οὗ
1108 2835 1418 2911 φρίττουσιν
1472 2837 1570 2904 τὴν
1629 2835 1938 2904 ἀσέλγειαν.

281 2925 381 2985 Οἷς
441 2926 572 3000 γὰρ,
635 2924 708 2978 ὧν
768 2924 909 2980 ἐστιν
957 2919 1192 2996 ἔκδικος,
1249 2923 1437 2986 κακίας
1492 2923 1744 3002 λέγουσιν
1803 2923 1937 3001 ἔργα

276 3013 365 3068 καὶ
434 3014 792 3087 θεραπευτὰς,
853 3014 1068 3076 τούτοις
1121 3016 1222 3084 τὴν
1281 3009 1461 3089 ὕϐριν,
1519 3013 1644 3069 ἄλκ’
1702 3013 1801 3070 οὐκ
1875 3015 1936 3072 ἃν

280 3101 652 3176 ὀνομάσαιμι,
686 3098 1130 3178 συνεευϐρίζουσι
1159 3103 1248 3159 καὶ
1271 3106 1362 3158 τὸν
1395 3101 1707 3176 ἐκδικητήν.

347 3193 479 3249 KA'.
541 3194 669 3250 Ὀτι
728 3189 786 3248 δὲ
834 3198 940 3248 τῶν
982 3197 1279 3272 προφητῶν
1332 3194 1359 3248 ὁ
1421 3194 1610 3269 χορὸς,
1686 3193 1774 3248 καὶ
1845 3195 1932 3256 αῖς

269 3281 616 3357 ἱερολογίαις
669 3289 873 3352 Μωσῆς
924 3283 1324 3357 ὑπηρετήσατο,
1360 3283 1512 3338 αύτοί
1570 3304 1629 3338 τε
1673 3284 1806 3339 Θεοῦ
1836 3305 1934 3341 πε-

270 3373 476 3450 φήνασι
533 3375 633 3425 τοῦ
700 3372 902 3447 ἀγαθοῦ
952 3373 1044 3426 καὶ
1103 3369 1335 3445 πλάσμα
1375 3372 1462 3427 καὶ
1506 3369 1793 3448 λατρευταί
1841 3375 1930 3430 καὶ

272 3463 348 3515 ὧν
409 3463 694 3535 ὑποφῆται
751 3463 1094 3537 χρηματίσαι
1159 3462 1321 3540 χάριν
1371 3456 1590 3532 ἔλαϐον,
1647 3460 1928 3526 ἐπιπνοίας

274 3553 341 3619 ἦν
373 3555 550 3606 ταῦτα
579 3551 672 3606 καὶ
703 3551 957 3626 προνοίας
989 3551 1348 3628 ἆγαθουργοῦ,
1375 3553 1463 3606 καί
1509 3549 1662 3607 οὒδὲν
1695 3553 1762 3622 ἧν
1793 3555 1929 3629 πρός

267 3659 332 3716 γε
361 3643 464 3711 τὴν
518 3640 641 3694 τότε
689 3643 796 3696 τῶν
859 3640 1160 3715 ἀνθρώπων
1208 3640 1399 3709 ἀκοήν,
1433 3637 1554 3696 οὔτε
1593 3642 1926 3718 σοφώτερον,

271 3725 400 3782 οὗτε
453 3726 880 3805 ἀσφαλέστερον,
933 3725 1064 3783 ἀλλ’
1126 3728 1250 3784 οὔτε
1309 3731 1583 3805 σωτηρίαν
1626 3738 1928 3806 παρασχεῖν

270 3816 650 3894 ἑτοιμότερον,
683 3814 808 3872 οὐδὲ
827 3824 1238 3894 χειραγωγῆσαι
1288 3817 1523 3892 βέλτιον,
1548 3818 1708 3882 αὐτὸς
1757 3819 1922 3876 πάλιν

267 3908 411 3979 ἡμῖν
445 3908 476 3960 ὁ
527 3905 620 3961 καὶ
677 3913 778 3976 τῆς
835 3904 1074 3970 παλαιᾶς
1113 3906 1205 3961 καὶ
1252 3913 1351 3976 τῆς
1392 3910 1510 3969 νὲας
1542 3904 1807 3979 διαθήκης
1828 3917 1921 3964 Δε-

267 3994 506 4066 σπότης,
563 3994 790 4071 παρέχει
847 3993 939 4050 καί
985 3996 1085 4064 τὴν
1146 3993 1440 4067 ἀπόδειξιν.
1498 3994 1770 4068 Τοιαύτην
1818 3999 1920 4074 γὰρ

261 4089 384 4146 τοῖς
414 4086 730 4162 προφήταις
759 4089 874 4146 τοῖς
917 4084 1084 4140 αὐτοῦ
1131 4086 1402 4160 παρέσχεν
1449 4079 1634 4161 ἔργοις
1673 4086 1773 4156 τὴν
1820 4094 1922 4157 τῆς

262 4171 533 4244 ἀληθείας
582 4174 898 4252 ἂσφάλειαν,
942 4175 1032 4230 καὶ
1077 4174 1153 4238 εἷς
1193 4176 1460 4246 τοσαύτην
1503 4174 1730 4240 τούτους
1763 4174 1916 4248 δόξαν

259 4265 354 4318 καὶ
412 4263 768 4340 περιφάνειαν
827 4262 1060 4338 ὕψωσεν,
1112 4262 1251 4320 ὥστε
1281 4265 1343 4320 ού
1384 4267 1450 4320 τὰ
1499 4265 1774 4338 παράδοξα
1804 4272 1912 4324 τῶν

256 4351 438 4428 ἔργων
495 4353 664 4427 μόνον
728 4353 957 4416 τούτους
1033 4351 1362 4409 ἐπιδείκνυσι
1447 4355 1914 4431 προκαταγγεῖλαι

256 4442 351 4498 καὶ
406 4443 667 4516 ἀνειπεῖν,
737 4439 858 4497 οὐδ’
925 4445 1010 4499 ὅτι
1086 4444 1313 4520 σταυρὸν
1377 4444 1465 4498 καὶ
1523 4445 1762 4516 θάνατον,
1823 4448 1916 4512 οἷς

259 4535 631 4604 ὑποστήσεται
664 4535 775 4608 (17)
808 4533 970 4590 σώσει
1017 4534 1081 4591 τὸ
1134 4533 1287 4610 γένος
1334 4537 1493 4608 ἡμῶν
1530 4555 1542 4568 ·
1579 4533 1704 4592 οὐδὲ
1735 4536 1917 4617 χολὴν

253 4622 350 4678 καὶ
383 4619 532 4694 ὅξος,
568 4623 642 4684 ὡς
684 4625 794 4698 (18)
834 4626 1240 4693 ποτισθήσεταυ
1274 4623 1390 4679 οὐδ’
1422 4624 1504 4679 ὅτι
1562 4625 1625 4680 τὸ
1681 4626 1850 4691 πάθος
1886 4629 1914 4682 ὁ

251 4710 418 4782 ἥλιος
460 4711 525 4766 ού
578 4711 752 4789 φέρων
809 4714 1246 4784 σκοτισθήσεται,
1279 4711 1392 4768 οὔδ’
1439 4714 1538 4770 ’ὀσα
1586 4711 1733 4771 ἄλλα
1781 4719 1915 4790 μετᾶ

250 4807 349 4858 τοῦ
404 4804 716 4882 ὑπερφυοῦς
781 4803 1103 4860 καθέκαστον
1163 4799 1291 4880 ἔσχε
1345 4807 1446 4875 τὴν
1501 4801 1719 4863 ἔκϐασιν
1769 4809 1910 4864 ἃπα-

251 4894 579 4966 ράτρεπτον·
616 4890 746 4947 ἀλλ’
776 4891 892 4947 οὐδ’
921 4892 1007 4949 ὅτι
1060 4892 1149 4948 ἐπὶ
1197 4894 1388 4950 πῶλον
1421 4891 1548 4950 ὄνου
1578 4894 1906 4967 καθεδεῖται,

248 4983 341 5035 καὶ
401 4988 515 5038 τῶν
568 4981 1113 5057 δυσανασχετούντων
1169 4983 1295 5045 τοὺς
1325 4982 1521 5046 παῖδας
1567 4984 1906 5062 ὑμνολόγους

243 5069 368 5140 ἕξει.
421 5071 703 5144 Ούμενοῦν
764 5068 916 5127 οὐδὲν
975 5072 1182 5127 τούτων
1245 5073 1420 5150 ἀφῆκε
1453 5075 1528 5147 μὴ
1582 5076 1722 5130 κατά
1778 5077 1907 5138 τοὺς

243 5157 468 5214 ἐκείνων
531 5159 732 5236 λόγους
782 5160 871 5214 καὶ
929 5160 1024 5223 τὰς
1073 5160 1408 5238 προφητείας
1454 5163 1763 5234 προελθεῖν,
1813 5164 1903 5220 καὶ

239 5248 430 5304 ἑαυτὸν
501 5246 764 5322 ἐπιδεῖξαι
832 5247 1314 5325 διαπραττόμενον.
1377 5251 1542 5326 Καίγε
1621 5251 1674 5307 τί
1731 5273 1900 5328 προσ-

235 5339 372 5408 ήκον
395 5338 491 5406 ἦν,
522 5337 615 5393 τὸν
636 5335 925 5411 ἀναιρέτην
966 5341 1065 5408 τῆς
1090 5337 1304 5409 κακίας,
1336 5337 1428 5393 καὶ
1461 5339 1523 5394 οὗ
1552 5346 1653 5409 τῆς
1713 5338 1904 5412 ἐπιδη-

2087 633 2244 723 ctare
2265 632 2435 702 jubet
2464 653 2665 708 pinnas
2688 648 3054 717 promeritus,
3079 632 3364 723 quodnon
3395 660 3582 720 solum
3602 632 3729 723 dis-

2087 721 2415 790 persionem
2448 741 2480 780 a
2502 727 2664 785 vobis
2696 730 2947 792 invicem
2979 721 3279 814 irroéabit,
3313 749 3416 804 sed
3445 757 3503 806 et
3534 754 3726 826 ipsam

2088 809 2290 865 urbem
2353 813 2614 872 funditus
2669 827 2900 890 evertet,
2952 832 3009 882 et
3056 809 3343 892 desertam
3403 809 3732 901 τοάάὲιξέὶ

2085 899 2264 969 igitur
2296 903 2486 958 audax
2540 905 2598 960 in
2649 912 3061 982 prophetarum
3112 926 3458 994 sanguinem
3505 933 3732 991 facinus

2085 993 2140 1042 et
2169 988 2486 1047 missorum
2530 997 2715 1053 caedes
2761 1001 2990 1060 Judaaos
3023 1007 3080 1061 in
3135 1012 3432 1071 miseriam
3467 1021 3727 1092 conjicit,

2087 1080 2260 1148 atque
2290 1079 2524 1138 initium
2566 1085 2704 1142 facit
2742 1095 3012 1150 extremm
3053 1095 3317 1169 ipsorum
3349 1079 3724 1181 calamitatis;

2085 1170 2376 1235 quomodo
2409 1188 2522 1228 non
2554 1174 2706 1232 idem
2733 1179 3045 1253 judicium,
3107 1203 3177 1243 ne
3219 1191 3408 1250 dicam
3465 1170 3724 1270 gravius,

2083 1256 2307 1312 strenui
2373 1260 2704 1320 Judaaorum
2792 1268 3127 1342 imitatores,
3189 1277 3306 1336 imo
3373 1256 3606 1342 eosdem
3657 1256 3726 1345 ut

2082 1352 2379 1447 superent,
2429 1352 2779 1425 adnitentes,
2813 1359 2919 1429 ipsi
2981 1361 3066 1418 illi
3107 1364 3166 1420 in
3226 1384 3288 1423 se
3333 1374 3724 1447 transferunt,

2081 1431 2255 1504 idque
2320 1439 2626 1498 manifeste
2683 1445 3015 1506 inevitabile
3076 1456 3385 1514 reddunt?
3423 1461 3527 1524 Qui
3559 1431 3718 1522 enim

2079 1538 2199 1594 eos,
2245 1539 2487 1597 quorum
2548 1533 2794 1592 ultorem
2852 1539 3116 1600 Servator
3163 1563 3224 1602 se
3281 1550 3452 1607 nobis
3482 1553 3653 1626 sistit,
3685 1575 3720 1613 a

2078 1613 2532 1691 maleprincipio
2588 1625 2876 1693 proﬁcisci
2935 1629 3391 1703 calumniantur,
3465 1641 3552 1697 illi
3583 1613 3718 1716 gra-

2078 1702 2232 1758 viora
2273 1707 2491 1764 audent
2522 1709 2672 1782 istis,
2731 1717 2830 1786 qui
2883 1734 2978 1775 eos
3037 1738 3104 1777 ex
3162 1725 3280 1782 vita
3331 1702 3722 1790 sustulerunt.

2074 1790 2162 1846 Illi
2195 1793 2349 1850 enim
2381 1799 2561 1854 semel
2593 1805 2934 1874 corporibus
2994 1827 3206 1870 manus
3254 1815 3604 1887 intulerunt,
3637 1830 3716 1890 at,

2074 1884 2175 1953 qui
2208 1886 2492 1945 malitiam
2527 1899 2732 1950 natura
2761 1895 2906 1967 ipsis
2961 1900 3198 1959 insitam
3235 1913 3550 1979 nugantur,
3585 1928 3717 1983 per-

2071 1976 2241 2039 petuo
2274 1973 2391 2032 illis
2421 1979 2618 2050 plagas
2657 1983 2913 2042 inferunt
2961 1973 3397 2052 insanabilesvei
3429 1973 3717 2058 intolera-

2069 2059 2237 2128 biles,
2296 2064 2586 2137 siquidem
2636 2077 2693 2127 et
2766 2076 3050 2135 occisores
3108 2099 3311 2140 eorum
3372 2103 3473 2156 pro
3531 2105 3711 2159 poenae

2063 2151 2319 2220 praemiis
2351 2161 2584 2225 ornant,
2620 2164 2794 2232 atque
2818 2164 2900 2218 sic
2931 2169 3120 2237 quoad
3157 2151 3412 2229 mentem
3435 2179 3493 2229 et
3523 2151 3710 2233 animi

2063 2241 2416 2297 sententiam
2447 2246 2618 2302 caedis
2649 2248 2828 2321 hujus
2875 2270 3168 2326 corporeae
3218 2260 3397 2318 duces
3458 2279 3520 2319 se
3571 2281 3707 2336 pro-

2061 2325 2221 2383 bant.
2265 2331 2399 2396 Quae
2457 2338 2722 2405 quamvis
2763 2325 3157 2415 graviaisint,
3205 2365 3277 2405 ne
3338 2351 3421 2407 sic
3469 2352 3706 2424 quidem

2057 2415 2176 2472 illis
2233 2420 2560 2490 sufﬁciunt,
2619 2428 2719 2496 qui
2780 2430 2974 2500 potius
3022 2435 3405 2504 petulantiam
3475 2415 3708 2501 suama

2057 2508 2399 2578 corporibus
2453 2513 2525 2567 ad
2584 2531 2953 2576 communem
3002 2522 3316 2582 Dominum
3368 2533 3424 2586 et
3480 2531 3696 2588 Condi-

2055 2599 2234 2652 torem
2255 2606 2588 2659 convertere
2621 2621 2732 2661 non
2766 2615 3059 2666 verentur.
3093 2615 3336 2678 Quando
3365 2619 3524 2675 enim
3568 2637 3696 2691 eos,

2053 2699 2300 2756 quorum
2333 2689 2486 2746 ultor
2521 2698 2632 2763 est,
2677 2695 2912 2753 malitia
2953 2717 3126 2772 opera
3151 2711 3206 2759 et
3238 2705 3539 2764 ministros
3568 2689 3696 2766 esse

2050 2774 2273 2844 dicunt,
2298 2781 2424 2834 tum
2455 2781 2688 2853 injuria,
2721 2786 2811 2842 vix
2843 2789 3033 2846 ausim
3065 2792 3278 2863 dicere,
3302 2795 3495 2868 ipsum
3539 2816 3692 2871 quo-
3772 2791 3773 2794 “

2047 2879 2158 2934 que
2188 2866 2476 2925 vindicem
2509 2887 2710 2930 eorum
2741 2876 3022 2936 afﬁciunt.

2111 3193 2257 3251 XXI.
2291 3196 2455 3260 Quod
2485 3214 2614 3254 vero
2665 3202 3076 3274 prophetarum
3135 3209 3347 3267 chorus
3401 3217 3458 3268 et
3488 3215 3678 3272 Moses

2042 3280 2102 3336 in
2133 3285 2313 3340 sacris
2343 3287 2617 3357 oraculis,
2678 3307 2804 3362 quae
2837 3293 3168 3366 ediderunt,
3229 3303 3290 3354 ut
3319 3316 3466 3371 opus
3495 3303 3596 3358 Dei
3627 3307 3685 3360 et

2042 3368 2298 3426 ministri
2337 3372 2480 3429 Boni
2528 3391 3002 3450 comparuerant,
3060 3387 3230 3454 atque
3285 3368 3375 3457 ea,
3431 3403 3681 3460 quorum

2041 3463 2352 3530 praenuntii
2385 3466 2665 3538 appellari
2697 3471 3089 3541 merebantur,
3120 3475 3190 3532 ab
3220 3477 3420 3534 afﬂatu
3448 3485 3506 3536 et
3537 3497 3678 3552 pro-

2037 3550 2294 3609 videntia
2313 3553 2507 3612 divina
2523 3558 2784 3628 profecta
2804 3566 2990 3631 erant,
3013 3569 3071 3620 et
3086 3564 3224 3622 talia
3253 3567 3518 3638 omnino,
3539 3550 3686 3642 qui-

2037 3638 2147 3696 bus
2177 3658 2244 3698 eo
2274 3647 2536 3716 tempore
2565 3645 2623 3702 in
2656 3650 2897 3708 auribus
2928 3653 3231 3713 hominum
3266 3659 3410 3716 nihil
3441 3638 3679 3732 sapien-

2033 3728 2177 3796 tius,
2201 3732 2393 3789 verius
2414 3735 2584 3805 nihil,
2615 3742 2716 3793 aut
2736 3740 2806 3794 ad
2831 3741 3079 3800 salutem
3110 3749 3434 3818 parandam
3459 3728 3673 3822 aptius,

2033 3819 2122 3874 vel
2154 3818 2224 3872 ad
2245 3819 2570 3878 docendum
2606 3825 2810 3883 melius
2838 3829 3030 3900 fuerit,
3069 3832 3194 3904 ipse
3223 3835 3430 3892 iterum
3455 3818 3680 3896 Veteris

2031 3909 2090 3960 et
2114 3904 2255 3962 Novi
2277 3907 2633 3967 Testamenti
2662 3915 2941 3974 Dominus
2972 3920 3352 3980 demonstrat.
3388 3925 3674 3999 Operibus

2030 3996 2186 4050 enim
2218 3998 2518 4068 prephetis
2567 4018 2694 4058 eam
2727 4005 2986 4064 veritatis
3044 4010 3215 4067 ﬁdem
3251 4014 3407 4082 fecit,
3455 3996 3675 4086 eosque

2029 4087 2088 4143 in
2121 4095 2339 4148 tantam
2364 4093 2605 4164 gloriam
2629 4105 2682 4152 et
2700 4097 3040 4168 dignitatem
3059 4107 3262 4174 evexit,
3290 4111 3354 4162 ut
3375 4111 3668 4177 ostendat,

2026 4195 2123 4236 eas
2145 4197 2261 4237 non
2289 4181 2480 4240 solum
2506 4186 2798 4245 mirabilia
2819 4206 2992 4262 opera
3023 4210 3130 4250 sua
3151 4196 3512 4266 praedixisse,
3545 4207 3666 4266 aut,

2025 4285 2252 4328 crucem
2293 4277 2350 4330 et
2382 4280 2646 4346 mortem,
2691 4294 2866 4351 quam
2926 4299 3332 4356 perpessurus,
3365 4303 3666 4360 genusque

2023 4367 2288 4418 nostrum
2341 4363 2423 4420 ita
2469 4367 2876 4438 redempturus
2960 4374 3064 4443 sit;
3129 4379 3229 4431 aut
3277 4375 3350 4431 fel
3409 4383 3468 4433 et
3535 4394 3664 4434 ace-

2022 4453 2172 4517 tum,
2206 4453 2421 4524 quibus
2452 4459 2745 4527 potandus
2827 4461 2923 4528 sit,
2983 4468 3082 4518 aut
3121 4463 3283 4536 solis,
3331 4466 3660 4537 passionem

2024 4537 2176 4596 hanc
2233 4559 2349 4599 non
2399 4545 2658 4617 ferentis,
2737 4547 3198 4609 obscurationem
3247 4573 3261 4622 ;
3305 4560 3406 4611 aut
3459 4559 3668 4613 eastern

2023 4631 2241 4700 omnia,
2294 4651 2421 4704 quas
2479 4637 2717 4708 quidem
2769 4639 3018 4711 singula,
3081 4648 3143 4698 ut
3199 4645 3667 4716 supernaturaiia

2021 4725 2206 4788 erant,
2249 4727 2518 4780 eventum
2578 4725 3049 4786 indeclinabilem
3083 4732 3480 4791 sortiebantur
3512 4752 3525 4803 ;
3559 4737 3661 4792 sed

2019 4811 2076 4862 et
2105 4809 2261 4880 quod
2282 4828 2460 4883 super
2485 4813 2712 4886 pullum
2739 4817 2916 4872 asinae
2939 4835 3232 4890 sessurus,
3258 4828 3315 4879 et
3344 4823 3666 4898 indignan-

2017 4897 2166 4954 tium
2199 4898 2351 4956 ﬁlios
2380 4900 2714 4961 laudatores
2771 4906 3076 4965 habiturus
3129 4911 3226 4968 sit.
3273 4897 3511 4984 Horum,
3572 4917 3660 4972 in-

2017 5003 2213 5061 quam,
2248 4990 2394 5046 nihil
2455 4992 2743 5066 reliquum
2789 4996 2942 5064 fecit,
2993 5001 3144 5071 quod
3182 5019 3296 5058 non
3329 5008 3657 5062 secundum

2013 5091 2316 5135 sermones
2346 5095 2547 5136 eorum
2571 5085 2630 5136 et
2659 5083 2938 5141 vaticinia
2967 5089 3356 5160 perﬁceretur,
3389 5107 3568 5164 seque
3599 5092 3658 5149 id

2012 5165 2238 5224 efﬁcere
2277 5171 2608 5226 testaretur.
2665 5170 2790 5229 Jam
2848 5189 2983 5232 vero
3025 5179 3160 5248 quid
3219 5180 3460 5236 decebat
3499 5196 3658 5248 eum,

2010 5256 2113 5327 qui
2146 5258 2368 5313 malum
2399 5259 2745 5318 sublaturus
2775 5268 2899 5320 erat
2928 5280 2960 5320 e
2995 5267 3209 5332 medio,
3243 5276 3298 5324 et
3346 5269 3517 5339 cujus
3546 5272 3654 5326 ad-

2009 5349 2215 5404 ventus
2247 5348 2623 5419 potissimum
2655 5352 2727 5407 ad
2755 5355 3086 5425 tyrannidis
3116 5356 3490 5414 abolitionem
3522 5373 3656 5433 spe-

1411 5521 1653 5578 VARIIE
1693 5522 2071 5583 LECTlONES
2112 5525 2200 5583 ET
2241 5527 2472 5587 NOTIE.

302 5667 418 5741 (η’)
447 5664 868 5741 integrius-cae.
902 5664 1324 5741 Excidissehic
1353 5666 1584 5725 videtur
1604 5669 1889 5741 particula
1918 5667 2030 5726 καὶ.

302 5735 422 5813 (18)
453 5737 568 5799 Ὦς.
599 5735 771 5796 Forte
799 5738 1018 5796 rectius
1048 5738 1256 5812 legeris
1279 5739 1384 5802 οἷς.
