4084 6210
399 367 517 434 227

1599 337 1862 406 PHOTII
1906 334 2439 400 PATRIARCHxE
2481 335 2599 400 ΟΡ.

3683 327 3798 394 228

345 561 347 566 ,
397 499 610 564 ctabat,
644 510 774 551 cum
809 494 1006 549 nosset
1035 492 1161 544 tum
1195 482 1490 557 praedicta,
1527 482 1654 534 tum
1685 491 1807 566 eos,
1840 473 1937 545 qui
1968 488 2038 529 ea

2158 470 2281 566 μίας
2307 470 2369 566 τὸ
2405 467 2651 546 μέγιστον
2680 469 2718 538 ἡ
2746 474 2848 538 τῆς
2879 462 3197 540 τυραννίδος
3241 461 3559 534 κατάλυσις,
3609 459 3794 519 εἰδότα

401 587 788 662 praedixerant
816 582 844 636 ?
871 579 1077 637 Utrum
1111 573 1306 632 omnia
1334 570 1453 625 illis
1505 565 1795 623 contraria
1826 564 2035 627 facere,

402 679 453 735 si
485 695 516 732 a
547 674 839 732 contrario
871 667 1155 742 principio
1203 664 1398 718 essent
1429 657 1705 730 profecta,
1743 670 1813 708 an
1852 651 2044 723 potius

404 784 638 841 operam
680 767 814 820 dare
867 763 1060 833 ipsum
1094 753 1356 818 decebat,
1392 758 1451 804 ul
1481 748 1684 805 omnia
1730 743 2044 816 impleren-

403 863 523 926 tur,
555 853 818 925 nihilque
849 831 1071 914 eorum,
1133 859 1259 916 qua
1315 838 1427 910 ipsi
1459 837 1864 910 praedixerant,
1910 831 2050 886 irri-

407 922 526 1004 tum
560 922 887 1013 relinquere
914 938 942 992 ?
973 934 1138 1005 Atqui
1170 929 1438 988 Christus
1475 926 1617 982 adeo
1649 922 1796 979 nihil
1821 937 2046 988 eorum,

408 1054 533 1110 qua)
566 1036 602 1088 ii
651 1027 945 1086 vaticinati
1004 1028 1193 1090 erant,
1244 1017 1511 1091 neglexit,
1563 1019 1630 1070 ut
1686 1028 1858 1084 saepe,
1912 1024 2047 1065 cum

407 1096 625 1196 aliquid
655 1122 882 1184 faceret,
933 1116 1222 1180 innueret,
1259 1127 1320 1166 se
1357 1108 1472 1164 ista
1501 1105 1710 1172 facere,
1743 1104 1913 1174 prout
1962 1096 2049 1154 illi

406 1214 638 1283 quidem
674 1205 1062 1282 praevideriut,
1095 1210 1148 1259 et
1179 1196 1569 1272 praedixerint,
1627 1205 1915 1264 cperaque
1944 1203 2050 1244 sua

410 1302 741 1360 nullatenus
771 1296 943 1354 abiis
999 1292 1179 1362 abire,
1239 1305 1363 1359 quae
1413 1286 1486 1342 ab
1532 1283 1658 1340 istis
1702 1285 1870 1338 erant
1900 1293 2047 1351 pras-

407 1393 581 1450 dicta.
616 1389 769 1446 Adeo
799 1400 987 1457 operae
1020 1381 1272 1454 pretium
1313 1376 1531 1449 putavit
1564 1369 1890 1457 ostendere,
1948 1382 2048 1423 eos

408 1498 538 1538 esse
565 1493 818 1544 veraces,
841 1456 1248 1543 magnamque
1277 1467 1338 1521 in
1371 1481 1437 1520 eo
1487 1477 1685 1519 curam
1718 1456 1933 1530 posuit,
1985 1458 2049 1510 ut

409 1567 855 1628 demonstraret,
890 1562 1022 1616 illos
1057 1559 1174 1614 veri
1227 1555 1321 1612 Dei
1381 1558 1439 1610 et
1485 1549 1671 1606 Patris
1723 1560 1889 1602 veros
1920 1560 2048 1600 esse

409 1657 721 1731 prophetas
751 1658 808 1711 et
863 1649 1181 1706 ministros.
1215 1647 1285 1701 Et
1328 1643 1590 1715 quicum
1647 1637 1864 1694 ratione
1916 1649 2050 1689 con-

408 1720 595 1804 ciliari
648 1745 858 1816 posset,
912 1737 1223 1810 prephetas
1271 1730 1532 1788 veritatis
1587 1730 1804 1784 fontem
1838 1720 2048 1779 consti-

2144 560 2234 615 καὶ
2281 559 2349 614 τὰ
2405 559 2826 638 ποφητευθὲντα,
2881 557 2972 613 καὶ
3020 557 3072 612 oi
3125 559 3292 614 ταῦτα
3357 554 3789 633 προεφήτευσαν,

2145 651 2374 723 πότερον
2423 648 2743 710 ἀπεναντίας
2790 647 3008 704 ἐκείνων
3050 645 3256 706 ἅπαντα
3303 645 3580 719 πράττειν,
3639 643 3788 720 εἴπερ

2154 742 2288 808 ἦσαν
2321 739 2371 809 ἐξ
2420 738 2791 813 ἀντικειμένης
2841 737 3043 817 ἀρχῆς,
3075 737 3110 806 ἢ
3145 741 3325 808 ζητεῖν
3357 734 3530 790 πάντα
3559 732 3796 804 πληρῶο

2157 849 2266 896 σαι,
2313 827 2402 884 καὶ
2455 825 2623 901 μηδὲν
2673 826 2826 884 ἐᾶσαι
2871 825 3161 896 διαπεσεῖν,
3191 827 3262 880 ὧν
3306 824 3530 886 ἐκείνοις
3561 822 3794 892 ἐπῆλθεν

2156 917 2347 976 εἰπεῖν.
2372 917 2548 976 Ἀλλά
2587 918 2665 992 μὴ
2711 921 2968 974 τοσοῦτον
3001 914 3181 996 ὤφθη,
3219 911 3388 988 μηδὲν
3433 917 3540 968 τῶν
3573 910 3797 974 ἐκείνοις

2151 1005 2581 1080 τεθεσπισμένων
2643 1005 2933 1081 ὑπεριδὼν,
2993 1006 3067 1068 ὡς
3126 1008 3214 1060 καὶ
3263 1001 3534 1064 πολλάκις
3588 1001 3641 1056 ἐν
3711 1005 3792 1074 τῷ

2154 1097 2404 1170 πράττειν
2465 1095 2934 1170 ἐπισημαίνεσθαι,
3002 1095 3180 1156 καθὼς
3243 1088 3497 1168 προεῖδον
3574 1091 3791 1162 ἐκεῖνοι,

2153 1185 2245 1242 καὶ
2312 1184 2760 1262 προαπήγγειλον
2830 1184 2972 1240 οὕτω
3028 1187 3227 1254 ποιεῖν,
3285 1183 3376 1237 καὶ
3442 1181 3578 1235 κατᾶ
3623 1179 3792 1254 μηδὲν

2151 1280 2260 1331 τῶν
2313 1275 2535 1338 ἐκείνοις
2581 1272 3140 1354 κεχρησμῳδημένων
3189 1269 3691 1345 άπαλλοτριοῦσθαι
3729 1269 3798 1325 τὰ

2155 1359 2283 1441 ἔργα
2338 1364 2526 1422 αὐτοῦ.
2581 1362 2734 1420 Οὕτω
2799 1361 3081 1441 προῦργου
3127 1362 3189 1418 τὸ
3235 1359 3518 1431 ἀληθεύειν
3559 1357 3796 1420 ἐκείνους

2156 1453 2382 1524 ἐτίθετο,
2412 1454 2503 1510 καὶ
2531 1455 2604 1515 ὡς
2631 1457 2728 1509 τοῦ
2754 1451 3014 1523 ἀληθινοῦ
3059 1455 3194 1508 Θεοῦ
3245 1450 3337 1504 καὶ
3389 1448 3600 1522 Πατρὸς
3656 1467 3798 1502 παν-

2153 1541 2379 1612 αληθεῖς
2410 1541 2663 1618 ὑπῆρχον
2705 1543 2979 1620 ὑποφῆται
3008 1542 3095 1596 καὶ
3149 1537 3416 1606 διάκονοι,
3448 1537 3666 1606 πολλὴν
3695 1534 3798 1604 τὴν

2155 1631 2410 1706 πρόνοιαν
2462 1628 2822 1688 ἐπεδείκνυτο.
2857 1630 2961 1688 Καὶ
2991 1635 3110 1692 πῶς
3142 1628 3202 1684 ἂν
3263 1627 3385 1706 ἔχοι
3437 1629 3621 1703 λόγον,
3679 1649 3797 1699 πη-

2157 1722 2339 1794 γάζειν
2397 1720 2524 1783 τοὺς
2555 1722 2862 1797 προφήτας,
2893 1719 3311 1795 παρασκευάζειν
3361 1719 3460 1788 τὴν
3509 1715 3799 1788 ἀλήθειαν,

409 1841 594 1904 tuere,
645 1836 747 1889 aut
802 1844 973 1901 opere
1029 1828 1155 1897 ipso
1202 1819 1494 1878 mirabilia
1531 1831 1731 1873 eorum
1774 1810 2050 1869 vaticinia

2162 1810 2220 1880 ἢ,
2253 1814 2360 1866 τῶν
2406 1807 2968 1885 κεχρησμῳδημένων
3012 1810 3201 1872 αὐτοῖς
3244 1807 3560 1884 παραδόξων
3606 1803 3800 1876 ὄντων,

412 1925 754 1981 confirmare
828 1899 886 1974 et
935 1915 1228 1988 perﬁcere,
1308 1927 1374 1966 ac
1421 1911 1605 1963 totum
1659 1904 1858 1960 orbem
1915 1899 2050 1955 fidei

407 2029 610 2070 eorum
635 2013 812 2066 testes
841 2004 1100 2062 oculatos
1129 2001 1336 2057 sistere
1362 1997 1390 2053 ?
1437 1997 1592 2053 Idem
1617 1997 1771 2049 certe
1803 1991 1913 2047 hoc
1941 1996 2048 2056 est,

409 2117 476 2158 ac
507 2101 557 2156 si
587 2098 802 2155 veritas
850 2096 976 2168 ipsa
1025 2093 1275 2157 doceret,
1309 2085 1581 2156 principii
1641 2079 1870 2139 hostilis
1943 2079 2052 2134 hoc

412 2206 540 2248 esse
598 2186 920 2258 negotium,
1005 2187 1070 2238 ut
1152 2177 1458 2235 veritatem
1535 2174 1827 2245 suggerat.
1905 2167 2054 2223 Nota

409 2298 570 2350 vero,
623 2280 1011 2342 Servatorem,
1089 2270 1245 2343 pullo
1321 2275 1568 2335 vectum,
1648 2262 1766 2320 alia
1821 2275 2054 2333 quoque

411 2371 788 2428 subinnuere.
822 2366 939 2422 Hoc
976 2361 1195 2420 scilicet
1225 2357 1492 2414 omnium
1527 2352 1773 2410 maxime
1807 2349 2055 2406 manife-

411 2465 568 2517 stum
599 2462 707 2525 est,
753 2455 910 2528 quod
971 2448 1334 2524 prophetiam
1385 2443 1733 2501 conﬁrmare
1787 2441 2051 2496 conetur.

413 2548 858 2608 Sanctissimum
884 2544 1038 2600 enim
1062 2541 1174 2597 hoc
1195 2537 1496 2595 oraculum
1524 2533 1736 2589 edicit:
1772 2534 1888 2586 Hoc
1918 2544 2052 2584 vero

410 2655 582 2698 omne
613 2639 825 2694 factum
857 2637 966 2694 est,
1003 2636 1068 2687 ut
1097 2629 1460 2701 impleretur,
1495 2623 1649 2696 quod
1684 2619 2051 2677 enuntiatum

409 2733 494 2786 est
524 2744 625 2800 per
681 2725 1029 2798 Prophetam
1079 2721 1370 2777 dicentem
1405 2733 1420 2772 :
1455 2713 1630 2770 Dicite
1685 2709 1820 2781 ﬁliae
1875 2708 2050 2764 Sion:

407 2797 542 2874 Ecce
567 2819 681 2874 Rex
726 2822 850 2870 tuus
882 2811 1029 2868 venit
1072 2809 1170 2865 tibi
1199 2808 1522 2862 mansuetus
1543 2819 1562 2857 :
1591 2807 1643 2858 et
1671 2797 1859 2856 sedens
1887 2810 2052 2869 super

409 2909 649 2972 asinam,
681 2911 735 2960 et
769 2902 987 2975 pullum
1017 2897 1321 2968 subiugatis
1354 2895 1420 2949 η.
1456 2891 1724 2958 Videsne,
1759 2885 2050 2958 quomodo

405 2996 677 3052 Servator
734 2991 940 3047 mundi
1002 2986 1160 3060 pullo
1193 2985 1449 3041 insideat
1497 2981 1566 3036 ad
1601 2976 1960 3047 implendam
1995 2979 2052 3030 et

407 3083 870 3141 conﬁrmandum
888 3077 1251 3151 prepheliam
1274 3073 1302 3128 ?
1323 3073 1454 3137 Quae
1470 3069 1643 3136 enim,
1671 3081 1883 3138 quaeso,
1911 3063 1958 3120 si
1977 3062 2049 3118 ab

405 3174 517 3232 hoc
549 3170 883 3230 testimonio
905 3168 1092 3225 dando
1114 3162 1477 3230 discesseris,
1501 3160 1616 3216 alia
1644 3173 1820 3214 causa
1845 3155 2050 3210 adesse

404 3265 654 3333 videtur,
695 3277 845 3335 quae,
902 3260 996 3316 via
1054 3258 1197 3314 adeo
1254 3252 1414 3310 brevi
1464 3250 1797 3318 exsistente,
1854 3245 2048 3301 Jesum

407 3355 566 3428 pullo
596 3353 853 3409 insidere
882 3347 1156 3415 suaserit,
1187 3344 1290 3416 qui
1321 3357 1474 3414 saepe
1500 3345 1552 3397 et
1583 3339 1766 3395 varias
1797 3336 1919 3391 vias
1950 3349 2050 3405 pe-

405 3423 578 3499 dibus
603 3437 970 3497 confecerat?
997 3437 1112 3491 Aut
1134 3449 1310 3506 quam
1336 3431 1572 3502 gloriam
1607 3426 1802 3500 pullus
1833 3423 2048 3490 attulit,

409 3533 550 3587 dum
583 3528 865 3600 portabat,
907 3525 979 3593 ei,
1041 3522 1141 3594 qui
1192 3521 1362 3577 verbo
1401 3517 1632 3575 virtutis
1689 3532 1807 3570 sum
1865 3517 2053 3584 portat

407 3619 606 3678 omnia
631 3617 661 3673 ‘I
691 3616 850 3683 Quod
903 3628 1036 3669 vero
1069 3625 1312 3683 regnum
1369 3604 1671 3676 subjugale
1703 3603 2050 3675 praedicavit,

409 3711 550 3766 dum
583 3703 906 3763 sustinebat
925 3708 1155 3758 vectum
1174 3713 1367 3769 regem
1410 3693 1697 3752 Israelis?
1739 3691 2052 3750 Humilita-

410 3802 530 3854 tem
562 3795 716 3852 enim
770 3796 825 3849 et
879 3787 1387 3846 mansuetudinem
1421 3783 1471 3840 si
1501 3798 1615 3840 non
1663 3780 1872 3852 magis,
1901 3785 2053 3840 certe

410 3904 524 3944 non
551 3885 747 3942 minus
774 3886 1047 3938 testatum
1081 3877 1330 3945 fecisset,
1363 3875 1412 3930 si
1446 3875 1554 3930 iter
1583 3873 1833 3946 pedibus
1883 3871 2054 3928 fecis-

407 3982 512 4035 set.
547 3977 704 4033 Adeo
762 3991 850 4042 ea,
883 3989 1011 4046 qua
1040 3970 1250 4028 veteris
1297 3973 1464 4025 erant
1520 3962 1876 4033 testamenti,
1917 3979 2051 4019 cum

409 4083 556 4124 novo
586 4063 886 4135 conjunxit
917 4077 930 4117 :
967 4060 1109 4116 adeo
1164 4063 1222 4116 et
1258 4056 1449 4114 verbis
1488 4059 1545 4112 et
1599 4055 1762 4110 factis
1818 4054 2054 4110 edoeere

412 4157 679 4229 perrexit,
707 4172 774 4212 ex
799 4154 999 4209 eadem
1033 4151 1291 4208 bonitate
1320 4152 1378 4204 et
1414 4162 1562 4203 nova
1610 4144 1709 4200 illa
1740 4143 2051 4214 proficisci,

416 4246 682 4318 quamvis
712 4245 863 4303 inter
883 4245 1085 4298 caetera
1111 4240 1382 4310 dogmata
1411 4235 1518 4290 hoc
1549 4233 1741 4304 ipsum
1775 4231 1955 4302 gratia
1992 4231 2053 4288 in

417 4335 622 4407 primis
645 4335 897 4402 urgeret.

479 4601 677 4659 XXIII.
711 4598 853 4666 Quid
888 4593 1067 4661 enim,
1118 4607 1249 4646 cum
1283 4590 1342 4645 in
1400 4586 1685 4660 templum
1737 4586 1864 4653 iret,
1909 4601 2052 4642 num

409 4689 553 4745 illud
595 4691 666 4746 ad
698 4705 759 4746 se
789 4703 905 4744 non
939 4682 1226 4756 pertinere
1279 4678 1477 4746 edixit,
1525 4693 1627 4734 ceu
1663 4675 1940 4748 apostatis
1968 4678 2053 4734 vi-

410 4779 578 4834 detur
609 4778 636 4832 ‘t
661 4782 762 4834 aut
823 4791 967 4832 num
1026 4771 1318 4844 profanari
1348 4770 1404 4826 id
1439 4766 1721 4840 permisit,
1766 4770 2050 4840 tanquam

413 4867 673 4924 futurum
709 4863 1034 4939 tyrannidis
1063 4879 1096 4918 a
1143 4877 1202 4917 se
1234 4858 1620 4927 destruendae,
1653 4855 1962 4912 delubrum
1993 4861 2050 4912 et

408 4955 767 5013 domicilium
785 4955 813 5012 ‘2
841 4954 1009 5010 Certe
1031 4952 1080 5008 si
1111 4951 1196 5008 ita
1223 4950 1598 5008 statuendum
1633 4947 1858 5016 fuisset,
1890 4946 2048 5017 quod

408 5046 559 5104 absit
588 5044 818 5103 dicere!
862 5043 1097 5100 initium
1129 5039 1367 5099 omnino
1398 5036 1810 5095 destructionis
1840 5034 2050 5093 facien-

403 5137 544 5194 dum
571 5139 696 5194 erat
729 5151 796 5192 eo
827 5133 889 5190 in
919 5132 1065 5201 loco,
1100 5129 1200 5188 ubi
1225 5129 1306 5186 ita
1340 5127 1495 5186 hosti
1525 5126 1718 5184 cultus
1747 5124 2048 5182 exhibere-

401 5230 516 5285 tur.
537 5222 1023 5283 Atenimveroille
1034 5219 1234 5282 omnia
1253 5218 1367 5277 alia
1379 5217 1605 5291 agebat,
1618 5215 1927 5290 opereipso
1949 5215 2049 5272 bo-

477 5326 524 5362 “
555 5323 762 5381 Matth.
795 5339 909 5391 xxx,
931 5323 984 5390 4,
1017 5321 1072 5378 ὅ.

2158 1900 2324 1972 πέρας
2376 1901 2444 1954 τὰ
2500 1896 2628 1974 ἔργα
2679 1897 2958 1976 παρέχειν,
2989 1899 3079 1953 καὶ
3127 1905 3227 1970 τῆς
3279 1897 3494 1952 ἐκείνων
3537 1893 3801 1968 ἀληθείας

2157 1990 2258 2060 τὴν
2317 1989 2647 2063 οἰκουμένην
2703 1995 2873 2044 πᾶσαν
2931 1985 3020 2042 διὰ
3091 1991 3200 2044 τῶν
3270 1988 3534 2062 ὀμμάτων
3621 1989 3802 2041 ποιεῖν

2164 2080 2485 2153 μάρτυράς;
2547 2080 2612 2134 "0
2667 2079 2860 2134 ταυτόν
2917 2078 3030 2134 ἐστι
3089 2083 3190 2146 τῆς
3267 2073 3532 2151 μισούσης
3615 2074 3800 2150 ἀρχῆς

2159 2168 2258 2236 τὴν
2316 2166 2574 2237 ἀλήθειαν
2629 2164 2966 2241 ἐπιτήδευμα
3036 2163 3303 2221 διδάσκειν
3361 2165 3499 2222 εἶναι
3545 2164 3605 2220 τὸ
3663 2183 3802 2242 χορ-

2161 2261 2314 2332 ηγεῖν
2381 2257 2480 2327 τήν
2525 2254 2806 2327 ἀλήθειαν.
2867 2258 3003 2332 Ὅρα
3062 2253 3139 2326 δὲ,
3177 2254 3268 2310 καὶ
3318 2253 3463 2311 ἄλλα
3505 2254 3594 2327 μὲν
3625 2252 3796 2308 αἰνιτ-

2159 2345 2391 2418 τόμενος
2423 2347 2451 2400 6
2484 2347 2679 2421 Σωτὴρ
2708 2350 2789 2418 τῷ
2819 2343 2995 2418 πώλῳ
3025 2343 3228 2419 ἔποχος
3253 2345 3340 2413 ἦν.
3371 2344 3440 2399 Τὸ
3473 2340 3530 2398 δε
3561 2341 3803 2416 μάλιστα

2163 2433 2393 2512 ἐμφανὲς
2439 2436 2538 2504 τὴν
2596 2435 2930 2512 προφητείαν
2981 2431 3094 2490 ἔστι
3145 2428 3357 2506 λαϐεῖν,
3406 2431 3490 2487 ὅτι
3545 2426 3802 2506 βεϐαιῶν.

2162 2524 2319 2599 Λέγει
2360 2525 2462 2599 γὰρ
2511 2524 2577 2580 τὰ
2617 2523 2777 2597 λόγια
2812 2524 2879 2578 τὰ
2926 2524 3112 2581 σεπτά.
3163 2525 3341 2580 Τοῦτο
3391 2519 3446 2576 δὲ
3478 2520 3609 2576 ὅλον
3639 2520 3807 2596 γέγο-

2157 2635 2261 2687 νεν,
2289 2611 2384 2670 τίνα
2413 2614 2684 2689 πληρωθῇ
2713 2615 2775 2669 τὸ
2806 2615 2968 2689 ῥηθὲν
3013 2612 3102 2669 διὰ
3149 2618 3246 2671 τοῦ
3294 2614 3577 2691 προφήτου
3612 2609 3805 2683 λέγον-

2157 2722 2271 2765 τος’
2325 2702 2523 2760 Εἴπατε
2573 2703 2642 2778 τῇ
2692 2702 2914 2780 θυγατρὶ
2983 2703 3150 2759 Σιών·
3220 2700 3362 2758 Ἰδοὺ
3436 2702 3466 2756 6
3540 2697 3800 2775 βασιλεύς

2160 2814 2256 2848 σου
2320 2790 2536 2868 ἔρχεταί
2601 2813 2684 2848 σοι
2741 2791 2935 2867 πραῢς,
2993 2792 3082 2847 καὶ
3141 2787 3488 2863 ἐπιϐεϐηκὼς
3537 2788 3622 2845 ἐπὶ
3676 2787 3806 2846 ὄνον

2156 2882 2247 2938 καὶ
2296 2882 2484 2938 πῶλον
2541 2883 2654 2938 υἱὸν
2711 2881 3024 2958 ὑποζυγίου.
3087 2885 3244 2952 Ὁρᾷς
3293 2879 3443 2942 ὅπως
3500 2877 3580 2934 ἐπ’
3630 2873 3796 2932 ἐκϐά-

2160 2991 2238 3026 σει
2267 2992 2327 3027 τε
2372 2973 2460 3026 καὶ
2515 2966 2803 3047 βεϐαιώσει
2849 2978 2949 3040 τῆς
3001 2969 3338 3047 προφητείας
3370 2971 3399 3025 6
3437 2972 3536 3023 τοῦ
3586 2966 3799 3040 κόσμου

2161 3062 2356 3136 Σωτήρ
2407 3059 2496 3115 ἐπὶ
2524 3061 2616 3116 τὸν
2660 3059 2848 3116 πῶλον
2906 3060 3225 3130 καθέζεται;
3273 3059 3422 3114 Ἐπεὶ
3470 3057 3559 3112 καὶ
3622 3057 3802 3133 χωρὶς

2078 3139 2121 3205 C
2155 3156 2255 3219 τῆς
2299 3147 2557 3222 τοιαύτης
2609 3149 2928 3224 μαρτυρίας,
2973 3148 3109 3204 κατᾶ
3139 3169 3202 3226 γε
3242 3147 3302 3202 τὸ
3333 3145 3681 3227 φαινόμενον,
3712 3144 3799 3208 τίς

2160 3237 2313 3312 ἐτέρα
2351 3239 2512 3315 χρεία
2557 3245 2733 3315 παρῆν
2787 3238 3202 3314 κατεπείγουσα,
3252 3236 3523 3311 συντόμου
3571 3255 3804 3312 προκει-

2162 3329 2329 3401 μένης
2360 3327 2504 3383 οὕτω
2532 3335 2632 3396 τῆς
2665 3325 2817 3396 ὁδοῦ,
2851 3327 3166 3403 ἐποχεῖσθαι
3198 3323 3376 3399 πώλῳ
3429 3326 3520 3382 τὸν
3564 3326 3806 3397 Ἰησοῦν,

2157 3417 2216 3480 ὅς
2263 3439 2322 3492 γε
2378 3416 2655 3479 πολλάκις
2713 3418 2806 3472 καὶ
2851 3415 3266 3479 πολυπλασίους
3324 3415 3454 3471 ποσὶ
3490 3419 3607 3478 τοῖς
3639 3412 3809 3469 αὐτοῦ

2159 3505 2377 3577 διῆλθεν
2411 3504 2609 3570 ὁδούς;
2641 3509 2711 3562 Ἥ
2742 3508 2903 3562 ποίαν
2954 3504 3110 3580 δόξαν
3160 3505 3366 3576 ἀνῆπτε
3407 3505 3599 3583 φήρων
3629 3504 3656 3558 6
3692 3506 3814 3557 πῶ-

2158 3595 2262 3660 λος
2290 3595 2369 3669 τῷ
2401 3597 2682 3670 σύμπαντα
2721 3597 2936 3673 φέροντι
2969 3597 3048 3668 τῷ
3105 3596 3312 3669 ῥήματι
3358 3601 3459 3664 τῆς
3517 3592 3810 3666 δυνάμεως

2159 3686 2342 3742 αὐτοῦ.
2371 3688 2507 3744 Τίνα
2555 3683 2610 3741 δὲ
2657 3687 2750 3742 καὶ
2809 3685 3086 3761 βασιλείαν
3136 3683 3426 3761 ἐκήρυττεν
3487 3683 3810 3759 ὑποζύγιον,

2157 3775 2352 3852 ἀνέχον
2402 3773 2708 3852 ὀχούμενον
2755 3776 2819 3830 τὸ
2873 3773 3098 3852 βασιλέα
3144 3779 3240 3831 τοῦ
3299 3771 3522 3849 Ἰσραήλ
3559 3793 3573 3843 ;
3604 3773 3672 3827 Τὸ
3699 3772 3812 3847 γὰρ

2159 3868 2403 3923 ταπεινὸν
2433 3865 2523 3922 καὶ
2555 3871 2754 3940 πρᾷον,
2780 3863 2872 3921 ’ίνα
2906 3867 2981 3939 μὴ
3017 3865 3164 3943 λέγω
3186 3863 3426 3938 μᾶλλον,
3459 3863 3504 3918 εἰ
3525 3863 3625 3931 τήν
3656 3857 3817 3916 ὁδοι-

2156 3956 2350 4031 πορίαν
2401 3956 2528 4012 ποσὶ
2588 3953 2822 4030 βαδίζων
2875 3951 3108 4026 διήνυεν,
3139 3953 3263 4010 ἀλλ’
3293 3951 3386 4008 οὖν
3428 3953 3530 4008 οὐκ
3576 3946 3811 4006 ἔλαττον

2156 4051 2415 4121 παρεῖχεν
2448 4045 2665 4101 ἐννοεῖν.
2701 4045 2858 4103 Οὕτω
2887 4043 2954 4100 τὰ
2999 4051 3099 4114 τῆς
3138 4043 3372 4106 παλαιᾶς
3410 4048 3529 4103 τοῖς
3557 4047 3657 4110 τῆς
3689 4040 3810 4114 χά-

2161 4155 2308 4210 ριτος
2348 4130 2682 4205 συνεϐίϐαζε,
2713 4135 2805 4189 καὶ
2846 4133 2990 4189 οὕτω
3048 4132 3138 4188 διὰ
3182 4137 3282 4200 τῆς
3325 4131 3492 4197 αὐτῆς
3536 4129 3816 4207 ἀγαθότη-

2155 4245 2248 4286 τος
2306 4223 2464 4278 καινὰ
2509 4224 2596 4279 καὶ
2641 4227 2809 4278 ταῦτα
2864 4219 3173 4298 προελθεῖν,
3220 4220 3263 4276 εί
3311 4221 3398 4276 καὶ
3447 4219 3511 4276 τὸ
3547 4223 3733 4291 μεῖζον
3766 4219 3812 4288 ἡ

2157 4315 2320 4390 χάρις
2351 4313 2470 4388 εἶχε
2511 4314 2647 4386 μετὰ
2675 4319 2781 4370 τῶν
2812 4311 2996 4370 ἄλλων
3039 4312 3326 4388 σωτηρίων
3375 4307 3666 4386 δογμάτων
3711 4307 3814 4363 καὶ

2158 4407 2342 4474 τοῦτο,
2391 4403 2480 4459 καὶ
2533 4403 2726 4478 λόγοις
2779 4404 2868 4459 καὶ
2917 4399 3094 4479 ἔργοις
3145 4398 3478 4458 ἐκπαιδεύων
3540 4399 3643 4454 οὐκ
3701 4397 3814 4476 ἀφ-

2087 4478 2131 4542 Ῑ)
2165 4491 2368 4548 ίστατο.

2235 4585 2356 4642 KF'.
2389 4583 2496 4658 Τίμ
2526 4585 2636 4657 (19)
2667 4584 2797 4658 ἱερῷ
2838 4580 3185 4658 προεσελθὼν
3233 4583 3335 4656 ἄρα
3362 4579 3658 4652 ἀλλότριον
3693 4576 3820 4632 ἀπ-

2161 4672 2352 4750 έφηνεν
2387 4673 2541 4740 αὑτὸ,
2573 4673 2631 4727 ’ὸν
2675 4673 2877 4746 τρόπον
2909 4675 2941 4742 ἡ
2995 4670 3296 4728 ἀποστασία
3330 4668 3609 4746 βούλεται,
3639 4665 3676 4735 ἢ
3713 4667 3818 4741 βε-

2161 4758 2462 4833 ϐηλοῦσθαι
2513 4769 2776 4836 παρῆκεν,
2827 4762 2903 4826 ὡς
2955 4769 3059 4833 τῆς
3114 4759 3428 4836 μελλούσης
3488 4757 3576 4812 ὑπ’
3635 4756 3823 4810 αὐτοῦ

2159 4852 2529 4926 καθαιρεῖσθαι
2575 4849 2881 4926 τυραννίδος
2930 4849 3225 4927 ἀνάκτορον
3285 4852 3402 4920 (20)
3448 4845 3541 4904 καί
3612 4866 3819 4900 κατοι-

2159 4942 2423 5016 κητήριον
2461 4938 2541 5011 δν,
2573 4939 2794 4997 πολλοῦ
2822 4961 2882 5016 γε
2910 4940 3000 4996 καὶ
3041 4938 3145 5010 δεῖ,
3175 4937 3418 5013 καίτοιγε
3448 4936 3639 5012 ἐχρῆν
3674 4934 3820 4990 ἀλλ’

2153 5029 2325 5092 ’ἰλεως
2355 5027 2441 5102 εἴη
2484 5030 2632 5102 Θεὸς,
2692 5030 2783 5108 ἀφ’
2821 5029 2884 5085 οὗ
2933 5025 3172 5104 μάλιστα
3218 5029 3318 5100 τὴν
3370 5023 3656 5102 θεραπείαν
3688 5019 3821 5097 ἤδη

2158 5121 2604 5196 προσφερομένην
2661 5124 2740 5193 τῷ
2777 5119 2985 5196 ἐχθρῷ,
3015 5117 3236 5176 αὐτόθεν
3291 5115 3458 5174 αὐτοῦ
3487 5136 3546 5172 τε
3575 5117 3678 5180 τῆς
3710 5134 3829 5170 κα-

2155 5208 2436 5274 ταλύσεως
2483 5211 2756 5267 ποιεῖσθαι
2800 5209 2902 5278 τήν
2968 5208 3178 5288 ἀρχήν.
3244 5209 3302 5262 '0
3370 5203 3428 5262 δὲ
3489 5202 3832 5264 τούναντίον

1569 5404 1817 5461 νΑΒΙίΕ
1855 5401 2248 5460 LECTIONES
2287 5401 2378 5458 ET
2417 5399 2651 5457 NOTAE.

476 5504 591 5577 (19)
609 5499 734 5575 Τίμ.
773 5503 1008 5577 Lacuna:
1057 5495 1388 5577 vestigium,
1414 5496 1488 5577 in.
1532 5507 2050 5577 ms..expressum,

413 5566 648 5636 credere
669 5566 974 5645 merjuhet,
1006 5566 1384 5645 scribendum
1411 5566 1673 5645 fuisset!
1708 5566 1824 5645 μὲν,

486 5648 598 5720 (20)
648 5636 1180 5720 Ἀνάκτορον.-νοχ
1234 5639 1356 5696 haec
1411 5636 1930 5720 preprieguidem
1987 5636 2059 5720 de

411 5705 827 5780 Dioscurorum
856 5705 1099 5789 templo,
1129 5719 1256 5772 tum
1295 5705 1432 5770 vero
1456 5705 1776 5782 generatim
1823 5709 1896 5764 de
1925 5705 2056 5764 reli-

2161 5491 2293 5562 quis
2337 5490 2603 5548 omnibus
2623 5488 2902 5562 usurpari
2931 5505 2964 5546 a
2993 5486 3208 5562 Grecis
3254 5483 3645 5562 solet.___Vide_
3675 5482 3834 5562 I329-

2169 5555 2412 5647 ehielem
2460 5555 2906 5647 Spanhgmium,
2937 5560 3290 5635 adhymnos
3347 5555 3692 5616 Callimachi
3757 5556 3841 5612 in

2169 5632 2536 5707 Appolinem',
2569 5650 2622 5690 v.
2659 5632 2750 5688 76.
