4084 6210
246 353 366 414 229
1315 352 1636 416 CONTRA
1676 351 2164 422 MANICHIEOS
2211 350 2440 414 LIBER
2484 352 2588 412 IV.
3533 354 3654 416 230

246 480 386 537 ἅπαν
423 478 640 538 έκτελεῖ
668 479 741 538 δι’
767 475 940 558 ἔργων
967 481 1145 538 αὐτῶν
1193 481 1441 560 ἐλέγχων
1488 483 1615 545 τοὺς
1663 476 1894 544 ἀσεϐεῖς.

2033 482 2199 540 ninss
2228 481 2442 555 impios
2471 481 2888 555 castigaturus.
2919 483 3046 541 Non
3077 483 3272 542 solum
3303 483 3460 541 enim
3494 485 3658 544 nulla

252 571 328 627 Ού
365 572 473 647 γὰρ
526 571 694 644 μόνον
745 568 898 627 οὐδὲν
958 571 1058 628 οὐκ
1095 571 1302 649 ἀφῆκεν
1369 568 1705 648 ὑϐριστικὸν,
1755 570 1904 627 ἀλλὰ

2034 572 2157 629 llud
2190 572 2406 643 injuria
2436 572 2648 638 affecit,
2681 572 2781 628 sed
2814 588 2936 638 eos,
2960 573 3060 645 qui
3085 590 3197 630 non
3221 574 3364 630 satis
3387 589 3660 630 reveren-

250 659 342 716 καὶ
381 660 509 721 τοὺς
545 661 622 732 μή
675 659 797 716 λίαν
843 662 1207 734 τετιμηκότας
1252 657 1512 718 ἐκϐάλλει
1559 683 1619 717 τε
1666 663 1755 716 καὶ
1801 662 1903 716 ἀπ-

2033 678 2101 718 .er
2129 661 2191 717 id
2219 661 2565 730 habuerant,
2611 662 2769 733 ejicit
2807 667 2865 718 et
2903 679 3033 718 cum
3076 663 3528 719 comminatione
3567 680 3662 719 ex-

250 750 467 805 ελαύνει
501 749 595 804 σὺν
627 747 852 824 ἂπειλῇ,
897 751 987 806 καὶ
1033 759 1132 822 τῆς
1171 752 1366 828 ὀργῆς,
1415 751 1549 822 ὅσης
1585 753 1723 821 ἦσαν
1764 748 1906 821 ἄξιοι

2033 751 2193 821 )ellit,
2225 751 2373 807 iram
2407 768 2658 823 quoque,
2707 768 2822 822 qua
2861 751 3020 824 digni
3063 757 3231 808 erant
3269 755 3664 824 profanatores

256 837 623 915 βεϐηλοῦντες
651 841 743 896 τὸν
786 841 937 897 οἷκον
981 846 1078 898 τοῦ
1120 843 1324 918 πατρὸς
1375 843 1554 898 αὐτῶν
1604 843 1903 917 παριστῶν,

2033 841 2211 913 empli
2243 841 2433 897 Patris
2465 840 2579 909 sui,
2618 841 3043 907 declaraturus,
3077 841 3376 913 ﬂagellum
3409 859 3477 898 ex
3509 843 3663 898 funi-

254 929 592 1004 φραγέλλιόν
631 951 690 984 τε
739 933 846 1004 (21)
906 931 1162 1006 σχοινίων
1215 929 1518 998 διαπλέκει,
1587 931 1676 986 καὶ
1743 935 1904 986 τοῦτο

2033 929 2159 987 :ulis
2187 930 2604 1004 complicatum
2647 929 2793 1001 ipsis
2825 931 3000 986 infert
3023 930 3087 987 ‘5.
3139 932 3252 986 Nec
3302 931 3360 986 in
3409 931 3520 988 hoc
3567 950 3665 988 ac-

254 1019 472 1082 τούτοις
505 1017 930 1092 ἔπανατείνεται,
968 1022 1059 1077 καὶ
1090 1023 1153 1078 οὐ
1191 1027 1353 1079 τοῦτο
1387 1020 1578 1096 μόνον,
1622 1020 1770 1076 ἀλλά
1814 1021 1905 1074 καὶ

2033 1023 2320 1094 ιιιὶεεοοῑιε
2355 1040 2578 1080 mensas
2611 1040 2844 1096 quoque
2873 1023 3426 1092 nummulariorum,
3464 1026 3514 1080 id
3551 1032 3665 1094 est,

251 1109 348 1171 τὰς
378 1109 652 1181 τραπέζας
681 1113 790 1166 τῶν
823 1105 1228 1181 κολλυϐιστῶν,
1259 1112 1416 1167 αὗται
1465 1108 1512 1166 δ’
1561 1109 1624 1165 ἂν
1673 1110 1798 1181 εἶεν,
1849 1109 1905 1164 αἳ

2033 1129 2116 1169 sas
2149 1129 2277 1184 qua:
2297 1117 2606 1185 argentum
2622 1129 2776 1184 perm
2790 1111 3038 1168 utationi
3053 1119 3253 1183 aptum
3271 1129 3666 1186 nummosque

252 1199 318 1253 τὸ
365 1204 472 1267 τῆς
521 1197 775 1273 ἀλλαγῆς
824 1199 1085 1276 ἀργύριον
1129 1200 1221 1256 καὶ
1263 1201 1331 1256 τὰ
1393 1202 1639 1274 κέρματα
1695 1197 1905 1279 ἔφερον,

2033 1202 2302 1268 ferebant,
2333 1201 2574 1273 insuper
2604 1217 2734 1258 vero
2763 1202 2935 1259 etiam
2968 1199 3141 1256 sellas
3171 1202 3548 1258 vendentium
3568 1219 3665 1262 co-

251 1287 336 1361 ἐφ’
390 1289 476 1350 οἷς
525 1289 617 1343 καὶ
663 1289 762 1351 τὰς
811 1287 1076 1364 καθέδρας
1114 1293 1223 1346 τῶν
1259 1289 1595 1346 ’πωλούντων
1624 1289 1721 1352 τὰς
1753 1309 1908 1365 περι-

2033 1291 2252 1348 ιιαιὶιιιε
2271 1297 2371 1348 aut
2399 1291 2593 1358 boves,
2626 1292 2742 1348 imo
2774 1296 2830 1346 et
2858 1306 3009 1356 oves,
3041 1290 3269 1348 evertit.
3309 1293 3498 1363 Atque
3543 1293 3664 1351 haec

253 1381 447 1452 περὰς
500 1378 536 1448 ἢ
587 1377 715 1442 τοὺς
756 1379 905 1453 βοῦς·
957 1378 1004 1434 εἶ
1056 1378 1246 1454 βούλει
1295 1377 1352 1436 δὲ
1395 1378 1486 1436 καὶ
1533 1379 1603 1434 τὰ
1639 1373 1906 1453 πρόϐατα,

252 1469 617 1541 καταστρέφει
659 1469 798 1541 (22).
860 1469 958 1523 Καὶ
1018 1468 1118 1524 οὐκ
1162 1467 1354 1544 ἔπραξε
1383 1469 1502 1542 Ϊμὶν
1556 1473 1743 1524 ταῦτα·
1805 1467 1909 1522 ἐσί-

255 1578 394 1634 γησε
463 1554 542 1612 δέ.
595 1557 665 1614 Ἢ
723 1556 823 1612 οῦκ
869 1556 1089 1632 ἐσίγησε
1145 1560 1266 1633 μὲν,
1325 1555 1417 1614 διὰ
1473 1552 1797 1633 παραϐολῆς
1852 1554 1908 1612 δὶ

253 1643 571 1722 ἐφθέγξατο*
626 1647 655 1716 ἢ
718 1646 780 1702 οὐ
835 1650 998 1702 τοῦτο
1061 1648 1178 1720 μὲν,
1239 1647 1300 1702 οὐ
1351 1646 1445 1702 σὺν
1500 1645 1778 1722 παρῥησίᾳ
1830 1642 1908 1703 δέ.

255 1734 356 1788 Καὶ
385 1733 470 1794 τίς
510 1730 572 1788 ἂν
602 1731 776 1795 ἄλλος
807 1733 893 1805 εἴη
932 1734 1255 1812 σαφέστερος
1293 1733 1484 1809 λόγος,
1517 1733 1551 1804 ἢ
1590 1737 1658 1808 τῇ
1699 1733 1911 1810 παῤῥη-

2014 1379 2249 1453 quidem
2281 1397 2395 1436 non
2428 1384 2661 1436 tantum
2695 1379 2848 1448 fecit,
2881 1384 2940 1435 et
2981 1378 3177 1447 siluit;
3217 1378 3342 1449 ipsa
3389 1379 3489 1437 illa
3531 1399 3664 1451 par-

2019 1468 2210 1524 rhesia
2247 1468 2502 1540 quidem,
2561 1469 2660 1524 sed
2723 1485 2825 1542 per
2881 1469 3187 1542 parabolas
3253 1472 3420 1543 quasi
3477 1488 3665 1528 enun-

2024 1557 2208 1626 tiavit,
2242 1562 2345 1614 aut
2374 1562 2431 1614 et
2459 1557 2569 1614 hoc
2597 1559 2750 1627 fecit,
2785 1560 2883 1615 sed
2916 1563 3042 1617 sine
3070 1562 3346 1634 loquendi
3378 1563 3662 1619 libertate.

2023 1649 2145 1706 Imo
2182 1654 2284 1705 aut
2326 1665 2440 1704 non
2473 1647 2656 1716 siluit,
2690 1659 3035 1720 argumento
3066 1657 3156 1710 est
3184 1651 3671 1718 luculentissimo,

2025 1737 2316 1795 Christum
2351 1737 2632 1805 noluisse,
2665 1741 2729 1792 ut
2757 1739 3069 1810 quisquam
3101 1757 3326 1808 eorum,
3361 1741 3461 1812 qui
3495 1741 3668 1796 mali-

259 1823 356 1892 σίᾳ
390 1825 630 1896 κρατῶν,
684 1819 775 1878 ἵνα
828 1825 904 1896 μή
952 1844 1035 1886 τις
1083 1824 1170 1878 καὶ
1220 1829 1329 1880 τῶν
1372 1829 1693 1898 κακουργεῖν
1724 1821 1911 1899 σοφίαν

2033 1828 2298 1898 gnitatem
2341 1842 2442 1897 pro
2473 1827 2760 1896 sapientia
2794 1829 3027 1897 habent,
3063 1831 3235 1888 aliam
3268 1830 3376 1886 sibi
3407 1830 3669 1886 occasio-

263 1911 634 1983 ποιουμένων,
681 1912 938 1988 ἀφορμὴν
991 1911 1168 1984 ἄλλην
1213 1913 1386 1984 ἑαυτῷ
1442 1909 1911 1983 διαπλαττόμενος

267 2002 354 2064 εἷς
407 2001 612 2073 ἐκείνην
662 2005 774 2060 τῶν
833 2002 1231 2079 πεπραγμένων
1280 2001 1489 2076 ἀνάπτῃ
1537 2003 1636 2071 τήν
1687 2001 1861 2055 αἰτίαν
1894 2018 1911 2033 ο

261 2091 400 2148 ἀλλ’
442 2093 555 2167 ἅμα
597 2115 658 2150 τε
696 2093 978 2169 εἰργάζετο
1020 2098 1189 2150 ταῦτα
1237 2093 1298 2149 τὸ
1336 2093 1597 2167 πατρικὸν
1645 2092 1788 2166 ἱερὸν
1815 2093 1913 2160 τῆς

255 2189 368 2239 τῶν
421 2181 703 2240 Ἰουδαίων
758 2183 1060 2261 ὀλιγωρίας
1103 2184 1488 2260 ἀποκαθαίρων
1542 2183 1630 2238 καὶ
1687 2184 1915 2260 ἀφαγνι-

257 2270 516 2348 ζόμενος.
566 2273 667 2330 Καὶ
715 2275 974 2349 χρησμὸν
1031 2272 1277 2351 ἐπέφερε,
1345 2271 1620 2347 λαμπρῶς
1678 2272 1768 2328 καὶ
1823 2273 1914 2327 σὺν

254 2361 544 2436 παρῥησίᾳ
591 2360 887 2430 διδάσκων,
934 2365 1022 2419 καὶ
1071 2370 1174 2434 τῆς
1211 2362 1447 2433 ἀπειλῆς
1493 2361 1582 2417 καὶ
1619 2367 1720 2432 τῆς
1749 2381 1915 2416 κατα-

257 2459 510 2530 στροφῆς
553 2456 664 2507 τῶν
712 2458 814 2522 τῆς
861 2450 1132 2527 ἐμπορίας
1173 2457 1456 2527 τραπεζῶν
1502 2451 1593 2507 καὶ
1639 2448 1913 2525 καθεδρῶν

258 2544 360 2610 τὴν
413 2540 620 2598 αἰτίαν.
689 2544 746 2596 Ὃ
787 2542 934 2603 οἶκός
989 2563 1099 2616 μου
1147 2543 1273 2618 γὰρ,
1324 2542 1512 2618 φησὶν,
1562 2541 1713 2603 οἶκος
1744 2560 1912 2616 προσ·

2025 1933 2158 1972 nem
2191 1921 2531 1988 prmtexens,
2565 1915 2619 1970 in
2645 1917 2810 1973 illam
2837 1918 2968 1973 facti
2994 1935 3230 1975 causam
3260 1919 3509 1976 referat?
3532 1919 3666 1975 Ideo

2023 2010 2081 2062 et
2125 2006 2371 2061 faciebat
2417 2021 2503 2070 ea,
2548 2005 2734 2062 Patris
2773 2007 2866 2063 sui
2905 2008 3190 2080 templum
3235 2026 3270 2064 a
3315 2008 3671 2080 negligentia

2021 2094 2358 2152 Judteorum
2418 2095 2681 2150 immune
2738 2099 2793 2150 et
2849 2095 3142 2153 illibatum
3201 2097 3570 2166 redditurus;
3613 2101 3671 2153 et

2022 2183 2322 2240 oraculum
2389 2183 2758 2254 subjiciebat,
2817 2201 2945 2241 cum
3003 2187 3350 2244 auctoritate
3391 2191 3448 2242 et
3494 2186 3672 2243 libere

2022 2288 2259 2328 causam
2310 2272 2559 2329 reddens
2601 2281 2656 2328 et
2685 2273 3177 2345 comminationis,
3208 2282 3263 2330 et
3294 2276 3413 2344 iras,
3445 2279 3504 2332 et
3525 2275 3669 2331 sub-

2023 2362 2305 2418 versionis
2355 2377 2691 2419 mensarum
2755 2379 2820 2419 ac
2867 2363 3166 2434 sellarum,
3214 2381 3342 2436 quas
3390 2365 3462 2420 ad
3513 2380 3669 2420 nun-

2024 2451 2389 2508 dinationem
2421 2452 2786 2523 spectabant.
2821 2453 3020 2509 Domus
3061 2453 3217 2510 enim
3255 2469 3406 2523 mea,
3449 2453 3664 2526 inquit,

2021 2541 2218 2598 domus
2243 2543 2574 2612 precationis
2602 2544 2887 2598 vocabitur
2917 2562 2938 2597 :
2973 2560 3068 2599 υοε
3112 2559 3242 2599 vero
3286 2559 3412 2599 eum
3457 2543 3670 2614 fecistis

259 2637 439 2705 εοχῆς
529 2630 891 2703 κληθήσεται,
989 2631 1144 2704 ὑμεῖς
1227 2629 1284 2686 δὶ
1365 2631 1530 2686 αὐτὸν
1624 2629 1916 2700 ἐποιήσατε

259 2719 544 2792 σπήλαιον
594 2719 836 2795 λῃστῶν
888 2721 1041 2775 οἶκον
1087 2726 1407 2797 προσευχῆς
1464 2719 1552 2774 καὶ
1602 2723 1740 2774 Θεοῦ
1771 2719 1915 2773 οἶκον

259 2815 352 2869 τὸν
395 2810 631 2884 νομικὸν
660 2811 753 2866 καὶ
783 2808 945 2872 εἰδὼς
974 2810 1065 2865 καὶ
1095 2810 1380 2883 ὀνομάζων
1427 2807 1572 2865 ναόν.
1627 2809 1726 2862 Καὶ
1771 2805 1918 2863 ἐκδι-

2033 2810 2182 2881 quod
2206 2809 2315 2866 sub
2337 2809 2460 2881 lege
2473 2815 2832 2868 exstructum
2846 2819 2988 2880 erat,
3003 2812 3279 2884 idemque
3297 2813 3602 2882 profanatu
3614 2828 3667 2868 m

259 2907 373 2958 κῶν
424 2900 593 2956 αὐτὸν
651 2894 1081 2974 βεϐήλούμενον,
1131 2897 1272 2954 διότι
1317 2918 1377 2953 τε
1417 2901 1516 2953 τοῦ
1571 2897 1776 2972 ἀγαθοῦ
1815 2917 1916 2952 πα-

2033 2899 2301 2970 vindicat,
2332 2915 2399 2956 eo
2447 2901 2599 2972 quod
2645 2904 2702 2956 et
2758 2901 2893 2956 boni
2951 2901 3138 2958 Patris
3195 2906 3338 2970 erat,
3397 2905 3456 2958 et
3500 2917 3674 2957 suum

260 2992 395 3065 τρὸς
441 2990 535 3058 ἦν,
586 2990 678 3043 καί
723 2985 862 3043 διότι
909 2987 1000 3044 καὶ
1049 2987 1236 3056 αὐτοῦ,
1287 2985 1437 3062 εἴπερ
1489 2987 1696 3042 ἅπαντα
1729 2986 1795 3042 τὰ
1823 2989 1919 3040 τοῦ

2033 2988 2238 3059 ipsius,
2273 3006 2407 3046 cum
2439 2990 2660 3059 omnia,
2691 3007 2817 3062 qua
2861 2991 3046 3048 Patris
3085 2995 3242 3057 sunt,
3286 2995 3346 3047 et
3383 3008 3492 3048 sua
3533 2992 3673 3048 sint.

265 3080 483 3155 Πατρός
519 3076 635 3133 ἔστι
663 3078 753 3132 καὶ
781 3076 970 3136 αὐτοῦ.
1005 3076 1102 3133 Καί
1131 3097 1219 3132 τοι
1263 3075 1404 3147 πόση
1453 3095 1538 3138 τις
1579 3078 1614 3146 ἡ
1665 3070 1919 3151 βεϐήλω-

2033 3078 2098 3134 Et
2143 3094 2318 3150 quam
2369 3079 2597 3148 exigua,
2647 3095 2864 3150 quaso,
2917 3088 3040 3135 erat
3088 3080 3200 3136 ista
3243 3079 3590 3150 profanatio,
3639 3095 3673 3135 a

262 3192 338 3233 σις
390 3170 461 3238 ἦν
515 3166 784 3243 ἀργυρίου
831 3165 992 3240 ξύλον
1043 3167 1131 3222 καὶ
1160 3167 1445 3240 κερμάτων
1473 3163 1648 3236 πίναξ,
1690 3163 1741 3218 ὲν
1775 3163 1820 3236 ᾦ
1851 3164 1914 3220 τὸ

2033 3183 2234 3224 mensa
2255 3169 2581 3237 argentaria
2601 3172 2658 3222 et
2678 3168 3147 3224 numulariorum
3169 3167 3372 3224 tabula
3394 3168 3671 3239 profecta,

259 3268 370 3319 τῶν
422 3258 652 3334 ἀλόγων
705 3257 860 3326 ζώων
902 3255 1268 3335 ἀντάλλαγμα
1313 3251 1705 3312 κατεϐάλλετο.
1756 3251 1913 3311 Ἀλλ’

2033 3257 2083 3311 in
2114 3271 2232 3326 qua
2263 3254 2562 3324 premium
2598 3271 2700 3328 pro
2732 3256 3054 3326 pecudibus
3079 3255 3513 3314 irrationalibus
3535 3272 3669 3328 per-

261 3349 441 3410 οῧτως
473 3344 600 3422 ᾔδει
631 3347 757 3402 τότε
780 3345 1048 3416 τοσαύτης
1096 3341 1227 3401 ὄντα
1271 3346 1439 3418 τιμῆς
1489 3344 1578 3400 καὶ
1627 3338 1913 3406 εὐλαϐείας

2033 3345 2376 3402 solvebatur.
2411 3343 2521 3401 Sed
2550 3346 2692 3402 adeo
2731 3347 2857 3418 ipse
2886 3351 3127 3403 noverat
3172 3345 3459 3418 templum
3507 3349 3670 3402 tanto

263 3439 414 3509 ἄξιον
461 3438 562 3493 τὸν
607 3436 758 3507 ναὸν,
813 3436 887 3498 ὡς
947 3433 1087 3510 μηδὲ
1133 3436 1196 3490 τὸ
1249 3435 1589 3510 βραχύτατον
1629 3433 1916 3509 ἀνέχεσθαι

2033 3433 2243 3490 honore
2305 3440 2363 3490 et
2417 3434 2742 3492 reverentia
2797 3434 3061 3506 dignum,
3111 3440 3176 3492 ut
3223 3451 3297 3492 ne
3360 3435 3671 3491 minimum

2021 2632 2336 2702 speluncam
2365 2632 2644 2687 latronum
2667 2630 2745 2702 ίσς
2783 2633 2882 2687 ubi
2927 2634 3165 2688 domum
3225 2633 3574 2705 precationis
3616 2635 3673 2688 et

2025 2719 2125 2775 Dei
2157 2721 2399 2776 domum
2429 2720 2717 2792 templum
2748 2726 2805 2778 et
2833 2723 3099 2794 agnoscit
3127 2727 3184 2778 et
3215 2721 3472 2795 appellat
3500 2721 3668 2791 illud,

259 3532 370 3582 τῶν
425 3525 536 3598 ἔξω
589 3525 903 3581 πιπτόντων
965 3531 1066 3594 τῆς
1125 3522 1491 3602 ὀφειλομένης
1551 3521 1697 3595 αὐτῷ
1746 3528 1920 3596 τιμῆς

259 3620 626 3694 παραχωρεῖν
673 3635 796 3669 τινα
843 3612 1055 3687 τολμᾷν
1102 3612 1180 3675 εἷς
1229 3613 1412 3668 αὐτόν.
1464 3611 1524 3666 Τί
1573 3610 1916 3687 λέγειςςτὸν

259 3710 406 3764 οὕτω
435 3706 744 3782 τιμηθέντα
767 3707 892 3762 ναὸν
923 3706 1025 3761 ὑπὸ
1052 3709 1150 3760 τοῦ
1208 3711 1470 3778 Σωτῆρος
1527 3706 1682 3777 ἡμῶν
1734 3704 1919 3773 Ἰησοῦ

265 3801 524 3872 Χριστοῦ,
565 3797 659 3852 καὶ
706 3796 833 3858 τοὺς
881 3793 1337 3871 ἔπιχειρσιςσαντας
1373 3793 1576 3868 τρόπον
1641 3791 1765 3848 τινά
1825 3792 1922 3866 βε-

263 3883 501 3958 ϐηλοῦν,
541 3885 887 3956 τηλικαύτης
916 3884 1263 3963 ἀποφήναντα
1293 3883 1484 3958 ὀργῆς,
1517 3879 1620 3955 ἄρα
1659 3879 1744 3950 εἴη
1795 3879 1924 3942 τοὺς

273 3979 376 4032 οῦκ
432 3975 518 4031 ἐπ’
575 3975 803 4050 ὶργασίᾳ
857 3975 997 4049 μόνῃ
1047 3975 1203 4046 κοινῇ
1256 3967 1531 4047 βεϐηλοῦν
1602 3968 1924 4045 ἐπαρθέντας

275 4069 462 4134 αὐτὸν,
497 4063 633 4120 ἀλλ’
661 4063 792 4120 ὅλον
821 4061 1010 4119 διόλου
1049 4062 1256 4137 μύσους
1295 4059 1539 4136 ἀῤῥήτου
1586 4061 1678 4115 κα⁸ι
1727 4057 1922 4136 βδελυ-

279 4157 392 4228 ρίας
449 4149 874 4228 ἀνυπερϐλήτου
921 4151 1267 4226 πληροῦντας
1314 4149 1503 4220 αὐτὸν,
1561 4148 1734 4211 οὕτως
1775 4148 1926 4204 ἀνευ-

278 4245 471 4306 θύνους
509 4244 743 4320 ἀφήκειν
775 4240 1011 4312 αύτούςς
1047 4240 1148 4295 Καὶ
1185 4243 1292 4294 ποῦ
1332 4239 1392 4293 ἃν
1433 4235 1520 4309 εἴη
1561 4241 1723 4293 τοῦτο
1768 4235 1925 4313 λογι-

279 4340 438 4406 spei:
491 4332 778 4408 νηφόντων
838 4324 1024 4386 λαϐεῖν
1085 4327 1351 4398 δυνατόν;
1419 4328 1691 4384 Ἐντεῦθεν
1751 4324 1809 4382 δὶ
1864 4325 1926 4384 ἂν

2026 3525 2263 3597 quidem
2295 3525 2442 3582 ferre
2480 3534 2671 3597 posset
2711 3542 2940 3593 eorum,
2980 3544 3108 3600 quae
3149 3527 3465 3600 quisquam
3517 3526 3670 3582 infra

2027 3614 2309 3671 honorem
2341 3614 2454 3686 ipsi
2503 3615 2767 3671 debitum
2835 3615 3096 3672 auderet.
3146 3615 3423 3688 Nunquid
3477 3620 3670 3688 putas,

2029 3705 2389 3760 Servatorem
2413 3708 2677 3760 nostrum
2700 3705 2901 3762 Jesum
2924 3704 3238 3774 Christum,
3263 3705 3363 3776 qui
3385 3703 3672 3776 templum

2030 3794 2174 3850 adeo
2205 3794 2266 3850 in
2297 3793 2478 3864 pretio
2511 3793 2736 3861 habuit,
2777 3798 2955 3866 atque
2987 3810 3107 3862 eos,
3154 3795 3255 3866 qui
3295 3794 3350 3850 id
3386 3795 3676 3866 quodam-

2032 3882 2206 3938 modo
2237 3881 2544 3952 profanare
2591 3882 2849 3954 aggressi
2889 3887 3075 3950 erant,
3118 3887 3282 3939 tanta
3329 3883 3416 3938 ira
3462 3883 3675 3952 dignos

2033 3970 2443 4041 pronuntiavit,
2467 3971 2611 4027 istos
2643 3969 2929 4037 homines,
2960 3971 3062 4042 qui
3104 3987 3217 4026 non
3262 3974 3493 4026 tantum
3538 3987 3678 4042 pro-

2033 4061 2169 4116 fana
2199 4060 2450 4131 quadam
2483 4059 2908 4116 nundinatione
2938 4061 2993 4115 id
3027 4059 3328 4132 profanare
3358 4059 3484 4114 ausi
3508 4063 3673 4130 sunt,

2034 4149 2137 4206 sed
2167 4153 2380 4216 totum,
2403 4156 2684 4222 quantum
2715 4154 2821 4217 est,
2857 4148 3096 4204 infando
3115 4148 3327 4220 ﬂagitio
3348 4153 3404 4204 et
3425 4147 3677 4205 incredi-

2036 4237 2138 4294 bili
2201 4236 2416 4293 scelere
2463 4237 2864 4308 inquinarunt,
2917 4236 3238 4310 impunitos
3286 4236 3678 4293 dimissurum

2035 4326 2206 4384 esse?
2235 4327 2536 4393 Quomodo
2566 4327 2654 4383 vel
2684 4326 2977 4384 somnians
3014 4327 3138 4383 haec
3176 4326 3288 4383 sibi
3333 4326 3680 4398 persuadere

281 4420 422 4484 ἰδοις
453 4421 558 4477 οὐκ
584 4416 808 4475 ἔλαττον
841 4419 876 4489 ἢ
909 4417 998 4474 διὰ
1026 4416 1465 4492 προειρημένων,
1506 4413 1638 4486 ὅσης
1667 4417 1790 4470 τότε
1830 4411 1919 4470 δό-

2039 4417 2262 4491 posset?
2291 4417 2402 4473 Sed
2433 4421 2491 4472 et
2520 4416 2656 4474 hinc
2689 4433 2803 4474 non
2835 4417 3052 4484 minus,
3085 4432 3261 4488 quam
3292 4433 3360 4472 ex
3384 4414 3682 4486 praedictis

287 4515 382 4583 ξης
427 4513 520 4568 καὶ
571 4517 744 4585 τιμῆς
788 4507 934 4583 ἄξιος
985 4509 1015 4564 ὁ
1040 4511 1244 4573 Μωσῆς
1285 4507 1374 4562 καὶ
1404 4507 1467 4562 τὸ
1489 4510 1599 4562 τῶν
1631 4510 1919 4583 προφητῶν

2039 4506 2354 4579 intelligas,
2387 4523 2502 4579 quo
2535 4507 2754 4564 honore
2777 4511 2835 4563 et
2863 4506 3024 4564 cultu
3057 4507 3267 4574 Moses,
3312 4509 3370 4562 et
3410 4503 3684 4560 beatissi-

297 4603 556 4673 pswiptov
616 4599 920 4676 σύνταγμα,
963 4599 1055 4654 καὶ
1107 4597 1191 4654 ὅτι
1240 4595 1530 4673 σύμφωνος
1586 4597 1614 4650 ὁ
1661 4595 1834 4668 νόμος
1863 4593 1931 4668 τῇ

293 4690 496 4766 χᾶριτι.

359 4783 478 4840 KA'.
535 4780 847 4852 Πληρώσας
881 4777 987 4854 γὰρ
1035 4777 1135 4846 τὴν
1184 4773 1500 4849 οἰκονομίαν
1547 4775 1576 4830 ὁ
1617 4773 1934 4850 φιλάνθρω-

297 4889 388 4933 πος
429 4872 594 4943 ἡμῶν
639 4869 730 4924 καὶ
779 4867 976 4944 ἀγαθὸς
1023 4866 1176 4935 Θεὸς,
1224 4865 1315 4921 καὶ
1366 4865 1466 4933 τήν
1506 4863 1660 4935 νίκην
1699 4860 1807 4934 ἤδη
1841 4861 1932 4940 φέ-

303 4978 398 5029 ρων
451 4961 589 5015 κατά
640 4979 703 5034 γε
746 4961 846 5014 τοῦ
893 4955 1125 5012 θανάτου
1165 4955 1258 5011 καὶ
1314 4955 1479 5011 αὐτοῦ
1525 4958 1624 5010 τοῦ
1673 4953 1934 5029 προξενή-

371 5131 412 5167 ί⁸
433 5131 601 5189 Joan.
633 5146 698 5200 ιι,
730 5129 818 5186 15.
895 5126 943 5164 ¹⁶
972 5125 1174 5184 Matth.
1206 5142 1324 5193 xxx,
1358 5125 1445 5182 13.

2042 4613 2176 4652 mus
2209 4595 2620 4668 prophetarum
2651 4600 2835 4652 coetus
2875 4596 3115 4652 habitus
3161 4594 3355 4664 fuerit,
3407 4594 3683 4666 quodque

2043 4685 2136 4742 lex
2163 4701 2297 4740 cum
2329 4685 2514 4756 gratia
2545 4685 2876 4741 concordet.

2113 4774 2324 4830 XXIV.
2365 4774 2510 4829 Cum
2549 4773 2702 4829 enim
2743 4773 2896 4829 Deus
2917 4777 3112 4829 noster
3142 4771 3448 4828 hominum
3476 4787 3686 4828 aman-

2042 4860 2310 4917 tissimus
2338 4865 2396 4917 et
2431 4862 2691 4932 optimus
2737 4859 2929 4916 ofﬁcio
2974 4875 3081 4915 suo
3130 4859 3474 4932 perfunctus
3513 4862 3710 4926 esset,

2045 4949 2469 5021 victoriamque
2498 4949 2790 5006 illustrem
2819 4966 2854 5006 a
2886 4953 3094 5018 morte,
3123 4953 3180 5006 et
3199 4950 3404 5021 eo,qui
3434 4947 3690 5006 homini-

1450 5283 1693 5342 VARIIE
1734 5281 2137 5340 LECTIONES
2177 5280 2266 5338 ET
2307 5279 2538 5340 NOTE.

385 5426 494 5499 (2t),
541 5419 939 5499 Φραγγέλλιον.
992 5421 1078 5478 Ita
1134 5434 1511 5499 communem
1561 5417 1942 5499 scriptionem

2125 5416 2244 5494 (2_2)
2331 5412 2730 5494 Katae'cptcpu_._
2769 5415 3144 5494 lta_v_idet_ur
3199 5420 3396 5494 noster
3451 5411 3697 5494 prpbare

327 5483 826 5566 apprébat'no's'ter,
862 5510 967 5566 pro
985 5510 1102 5566 qua
1132 5509 1288 5566 unus
1319 5492 1536 5549 alterve
1565 5483 1766 5566 codex,
1797 5492 1946 5546 teste
2055 5483 2363 5566 lectionem
2396 5483 2574 5544 unius
2604 5483 2820 5566 (indicis
2869 5485 3324 5566 pelicestriensis,
3367 5483 3472 5566 qui
3523 5483 3699 5566 habet

332 5513 581 5622 agona:
607 5513 826 5584 noster,
862 5513 967 5566 pro
985 5513 1102 5619 q‘uxa
1132 5513 1288 5550 unus
1319 5513 1536 5549 ωιθτνο
1565 5513 1766 5616 υὲαθχί
1799 5513 1919 5546 wau

332 5565 1571 5694 ιὲίὲῗέοὲἔξὶῗεῗίιφὶἷῖἔοιιξῗιῖίειὲίῗιίιὲτᾛῗ.
1622 5575 1919 5694 ξα¹¹ι¹ἓίὲι¹ἒ

2055 5513 2363 5548 suasionem
2397 5513 2574 5544 11111118
2604 5513 2820 5545 υυυιυιδ
2870 5513 3324 5552 μυιυυυιιτιυιιδιδ,
3373 5513 3472 5555 qun
3525 5513 3696 5540 unum.

2053 5552 2380 5632 κατέστρὶψε
2427 5575 2529 5630 pro
2577 5559 2808 5633 vulgato
2861 5558 3169 5632 ἀνέστρεψε,
3230 5557 3382 5628 quod
3424 5555 3696 5609 Lamber-

2056 5634 2151 5686 tus
2180 5635 2292 5688 Bos
2321 5632 2380 5688 in
2413 5631 2712 5690 Ezercilat.
2759 5631 3109 5694 philologtcis
3148 5629 3212 5684 in
3252 5631 3460 5685 Novum
3510 5623 3696 5680 Fadus

327 5637 610 5712 scriptione
632 5637 807 5712 attuli

331 5708 508 5782 pum
535 5711 888 5780 Acbarneus,
918 5725 973 5766 v.
1003 5708 1130 5766 720.

1005 5635 1218 5706 olphns
1267 5623 1571 5704 Khsterus,
1622 5632 1693 5694 ad
1733 5623 1948 5691 Ανὶἱιο-
2056 5634 2151 5686 tus
2180 5623 2380 5706 Bosin
2413 5623 2712 5706 Exercitui.
2757 5623 3114 5706 ρὴὶιοιορίοἰέ
3148 5629 3212 5706 in
3246 5623 3460 5685 Novum
3510 5623 3700 5680 Fadus

2058 5719 2194 5760 cum
2228 5699 2478 5778 ἄνὲτρεψε
2510 5699 2903 5777 permutatum
2934 5699 3218 5774 cupiebat.
