  <div class='ocr_page' id='page_1' title='image "/cluster/home/n/w/nwhite01/storage/ocr_20150623/102/hvd.32044073502155/133.png"; bbox 0 0 4084 6210; ppageno 0'>
   <div class='ocr_carea' id='block_1_1' title="bbox 391 345 508 406">
    <p class='ocr_par' dir='ltr' id='par_1_1' title="bbox 391 345 508 406">
     <span class='ocr_line' id='line_1_1' title="bbox 391 345 508 406; baseline 0.017 -2"><span class='ocrx_word' id='word_1_1' title='bbox 391 345 508 406; x_wconf 80' lang='lat'>231</span> 
     </span>
    </p>
   </div>
   <div class='ocr_carea' id='block_1_2' title="bbox 1610 335 2606 399">
    <p class='ocr_par' dir='ltr' id='par_1_2' title="bbox 1610 335 2606 399">
     <span class='ocr_line' id='line_1_2' title="bbox 1610 335 2606 399; baseline -0.002 0"><span class='ocrx_word' id='word_1_2' title='bbox 1610 338 1880 399; x_wconf 85' lang='lat' dir='ltr'>PHOTII</span> <span class='ocrx_word' id='word_1_3' title='bbox 1920 335 2444 397; x_wconf 66' lang='lat' dir='ltr'>PATRIARCHAZ</span> <span class='ocrx_word' id='word_1_4' title='bbox 2486 335 2606 398; x_wconf 83' lang='lat' dir='ltr'>GP.</span> 
     </span>
    </p>
   </div>
   <div class='ocr_carea' id='block_1_3' title="bbox 3669 343 3792 402">
    <p class='ocr_par' dir='ltr' id='par_1_3' title="bbox 3669 343 3792 402">
     <span class='ocr_line' id='line_1_3' title="bbox 3669 343 3792 402; baseline -0.016 0"><span class='ocrx_word' id='word_1_5' title='bbox 3669 343 3792 402; x_wconf 74' lang='lat'>232</span> 
     </span>
    </p>
   </div>
   <div class='ocr_carea' id='block_1_4' title="bbox 399 465 2012 543">
    <p class='ocr_par' dir='ltr' id='par_1_4' title="bbox 399 470 2012 542">
     <span class='ocr_line' id='line_1_4' title="bbox 399 470 2012 542; baseline -0.006 -9"><span class='ocrx_word' id='word_1_6' title='bbox 399 478 510 533; x_wconf 89' lang='lat' dir='ltr'>bus</span> <span class='ocrx_word' id='word_1_7' title='bbox 560 479 808 532; x_wconf 91' lang='lat' dir='ltr'>mortem</span> <span class='ocrx_word' id='word_1_8' title='bbox 861 473 1288 540; x_wconf 82' lang='lat' dir='ltr'>conciliaverat,</span> <span class='ocrx_word' id='word_1_9' title='bbox 1341 470 1656 540; x_wconf 87' lang='lat' dir='ltr'>retulisset,</span> <span class='ocrx_word' id='word_1_10' title='bbox 1729 481 2012 542; x_wconf 75' lang='lat' dir='ltr'>postquam</span> 
     </span>
    </p>
   </div>
   <div class='ocr_carea' id='block_1_5' title="bbox 2121 465 3799 543">
    <p class='ocr_par' dir='ltr' id='par_1_5' title="bbox 2154 465 3799 543">
     <span class='ocr_line' id='line_1_5' title="bbox 2154 465 3799 543; baseline 0.002 -22"><span class='ocrx_word' id='word_1_11' title='bbox 2154 487 2346 531; x_wconf 84' lang='grc' dir='ltr'>σαντος</span> <span class='ocrx_word' id='word_1_12' title='bbox 2391 471 2472 539; x_wconf 78' lang='grc' dir='ltr'>τῷ</span> <span class='ocrx_word' id='word_1_13' title='bbox 2511 467 2656 542; x_wconf 72' lang='grc' dir='ltr'>γένει</span> <span class='ocrx_word' id='word_1_14' title='bbox 2698 467 2790 523; x_wconf 86' lang='grc' dir='ltr'>τὸν</span> <span class='ocrx_word' id='word_1_15' title='bbox 2840 465 3068 522; x_wconf 81' lang='grc' dir='ltr'>θάνατον</span> <span class='ocrx_word' id='word_1_16' title='bbox 3116 465 3370 541; x_wconf 80' lang='grc' dir='ltr'>λαμπρὰν</span> <span class='ocrx_word' id='word_1_17' title='bbox 3422 470 3558 543; x_wconf 85' lang='grc'>(23),</span> <span class='ocrx_word' id='word_1_18' title='bbox 3609 467 3799 540; x_wconf 73' lang='grc' dir='ltr'>ἔπειδή</span> 
     </span>
    </p>
   </div>
   <div class='ocr_carea' id='block_1_6' title="bbox 401 563 2042 640">
    <p class='ocr_par' dir='ltr' id='par_1_6' title="bbox 401 563 2042 640">
     <span class='ocr_line' id='line_1_6' title="bbox 401 563 2042 640; baseline -0.005 -14"><span class='ocrx_word' id='word_1_19' title='bbox 401 575 583 626; x_wconf 88' lang='lat' dir='ltr'>morte</span> <span class='ocrx_word' id='word_1_20' title='bbox 632 568 881 640; x_wconf 88' lang='lat' dir='ltr'>spoliata</span> <span class='ocrx_word' id='word_1_21' title='bbox 936 568 1347 631; x_wconf 86' lang='lat' dir='ltr'>resurrexerat,</span> <span class='ocrx_word' id='word_1_22' title='bbox 1400 571 1456 619; x_wconf 88' lang='lat' dir='ltr'>et</span> <span class='ocrx_word' id='word_1_23' title='bbox 1499 580 1714 637; x_wconf 89' lang='lat' dir='ltr'>corpus</span> <span class='ocrx_word' id='word_1_24' title='bbox 1757 567 1928 620; x_wconf 82' lang='lat' dir='ltr'><strong>antea</strong></span> <span class='ocrx_word' id='word_1_25' title='bbox 1970 563 2042 618; x_wconf 90' lang='lat' dir='ltr'>ab</span> 
     </span>
    </p>
   </div>
   <div class='ocr_carea' id='block_1_7' title="bbox 398 651 2041 729">
    <p class='ocr_par' dir='ltr' id='par_1_7' title="bbox 398 651 2041 729">
     <span class='ocr_line' id='line_1_7' title="bbox 398 651 2041 729; baseline -0.005 -15"><span class='ocrx_word' id='word_1_26' title='bbox 398 661 595 714; x_wconf 88' lang='lat' dir='ltr'>anima</span> <span class='ocrx_word' id='word_1_27' title='bbox 626 659 953 729; x_wconf 88' lang='lat' dir='ltr'>sejunctum</span> <span class='ocrx_word' id='word_1_28' title='bbox 997 658 1312 725; x_wconf 82' lang='lat' dir='ltr'>receperat,</span> <span class='ocrx_word' id='word_1_29' title='bbox 1374 658 1548 725; x_wconf 91' lang='lat' dir='ltr'>atque</span> <span class='ocrx_word' id='word_1_30' title='bbox 1587 668 1718 709; x_wconf 89' lang='lat' dir='ltr'>cum</span> <span class='ocrx_word' id='word_1_31' title='bbox 1778 651 2041 723; x_wconf 69' lang='lat' dir='ltr'>Cleophas</span> 
     </span>
    </p>
   </div>
   <div class='ocr_carea' id='block_1_8' title="bbox 394 741 2038 816">
    <p class='ocr_par' dir='ltr' id='par_1_8' title="bbox 394 741 2038 816">
     <span class='ocr_line' id='line_1_8' title="bbox 394 741 2038 816; baseline -0.005 -15"><span class='ocrx_word' id='word_1_32' title='bbox 394 746 724 813; x_wconf 85' lang='lat' dir='ltr'>comitibus,</span> <span class='ocrx_word' id='word_1_33' title='bbox 760 745 857 816; x_wconf 88' lang='lat' dir='ltr'>qui</span> <span class='ocrx_word' id='word_1_34' title='bbox 897 743 1212 798; x_wconf 90' lang='lat' dir='ltr'>Dominum</span> <span class='ocrx_word' id='word_1_35' title='bbox 1245 757 1359 796; x_wconf 91' lang='lat' dir='ltr'>non</span> <span class='ocrx_word' id='word_1_36' title='bbox 1391 741 1806 812; x_wconf 85' lang='lat' dir='ltr'>agnoscebant,</span> <span class='ocrx_word' id='word_1_37' title='bbox 1840 755 2038 794; x_wconf 89' lang='lat' dir='ltr'>versa-</span> 
     </span>
    </p>
   </div>
   <div class='ocr_carea' id='block_1_9' title="bbox 387 829 2033 904">
    <p class='ocr_par' dir='ltr' id='par_1_9' title="bbox 387 829 2033 904">
     <span class='ocr_line' id='line_1_9' title="bbox 387 829 2033 904; baseline -0.005 -15"><span class='ocrx_word' id='word_1_38' title='bbox 387 835 652 902; x_wconf 78' lang='lat' dir='ltr'>retur”;</span> <span class='ocrx_word' id='word_1_39' title='bbox 685 835 838 904; x_wconf 90' lang='lat' dir='ltr'>ipsos</span> <span class='ocrx_word' id='word_1_40' title='bbox 870 831 1106 902; x_wconf 84' lang='lat' dir='ltr'>quidem</span> <span class='ocrx_word' id='word_1_41' title='bbox 1160 829 1517 901; x_wconf 65' lang='lat' dir='ltr'>ignorantiae,</span> <span class='ocrx_word' id='word_1_42' title='bbox 1574 829 1662 884; x_wconf 91' lang='lat' dir='ltr'>vel</span> <span class='ocrx_word' id='word_1_43' title='bbox 1697 830 1889 898; x_wconf 83' lang='lat' dir='ltr'>potius</span> <span class='ocrx_word' id='word_1_44' title='bbox 1921 829 2033 882; x_wconf 86' lang='lat' dir='ltr'>im-</span> 
     </span>
    </p>
   </div>
   <div class='ocr_carea' id='block_1_10' title="bbox 386 917 2033 994">
    <p class='ocr_par' dir='ltr' id='par_1_10' title="bbox 386 917 2033 994">
     <span class='ocr_line' id='line_1_10' title="bbox 386 917 2033 994; baseline -0.004 -16"><span class='ocrx_word' id='word_1_45' title='bbox 386 922 706 994; x_wconf 73' lang='lat' dir='ltr'>prudentiaa</span> <span class='ocrx_word' id='word_1_46' title='bbox 755 925 812 976; x_wconf 90' lang='lat' dir='ltr'>et</span> <span class='ocrx_word' id='word_1_47' title='bbox 856 921 1010 975; x_wconf 82' lang='lat' dir='ltr'>circa</span> <span class='ocrx_word' id='word_1_48' title='bbox 1057 935 1148 974; x_wconf 90' lang='lat' dir='ltr'>res</span> <span class='ocrx_word' id='word_1_49' title='bbox 1194 918 1329 973; x_wconf 82' lang='lat' dir='ltr'>ﬁdei</span> <span class='ocrx_word' id='word_1_50' title='bbox 1385 917 1746 990; x_wconf 73' lang='lat' dir='ltr'>negligentiae</span> <span class='ocrx_word' id='word_1_51' title='bbox 1796 917 2033 972; x_wconf 86' lang='lat' dir='ltr'>nomine</span> 
     </span>
    </p>
   </div>
   <div class='ocr_carea' id='block_1_11' title="bbox 386 1005 2029 1082">
    <p class='ocr_par' dir='ltr' id='par_1_11' title="bbox 386 1005 2029 1082">
     <span class='ocr_line' id='line_1_11' title="bbox 386 1005 2029 1082; baseline -0.005 -14"><span class='ocrx_word' id='word_1_52' title='bbox 386 1010 777 1082; x_wconf 82' lang='lat' dir='ltr'>reprehendit.</span> <span class='ocrx_word' id='word_1_53' title='bbox 809 1013 933 1064; x_wconf 90' lang='lat' dir='ltr'>Non</span> <span class='ocrx_word' id='word_1_54' title='bbox 969 1008 1079 1063; x_wconf 89' lang='lat' dir='ltr'>alio</span> <span class='ocrx_word' id='word_1_55' title='bbox 1110 1023 1243 1062; x_wconf 90' lang='lat' dir='ltr'>vero</span> <span class='ocrx_word' id='word_1_56' title='bbox 1277 1007 1530 1074; x_wconf 90' lang='lat' dir='ltr'>nomine,</span> <span class='ocrx_word' id='word_1_57' title='bbox 1558 1023 1734 1078; x_wconf 90' lang='lat' dir='ltr'>quam</span> <span class='ocrx_word' id='word_1_58' title='bbox 1769 1006 1923 1078; x_wconf 90' lang='lat' dir='ltr'>quod</span> <span class='ocrx_word' id='word_1_59' title='bbox 1958 1005 2029 1060; x_wconf 92' lang='lat' dir='ltr'>ad</span> 
     </span>
    </p>
   </div>
   <div class='ocr_carea' id='block_1_12' title="bbox 388 1093 2030 1170">
    <p class='ocr_par' dir='ltr' id='par_1_12' title="bbox 388 1093 2030 1170">
     <span class='ocr_line' id='line_1_12' title="bbox 388 1093 2030 1170; baseline -0.004 -14"><span class='ocrx_word' id='word_1_60' title='bbox 388 1100 694 1157; x_wconf 80' lang='lat' dir='ltr'>scientiam</span> <span class='ocrx_word' id='word_1_61' title='bbox 753 1098 1098 1170; x_wconf 78' lang='lat' dir='ltr'>pertinebat,</span> <span class='ocrx_word' id='word_1_62' title='bbox 1177 1097 1562 1169; x_wconf 81' lang='lat' dir='ltr'>reprehendit,</span> <span class='ocrx_word' id='word_1_63' title='bbox 1632 1096 1901 1168; x_wconf 82' lang='lat' dir='ltr'>quamvis</span> <span class='ocrx_word' id='word_1_64' title='bbox 1969 1093 2030 1150; x_wconf 90' lang='lat' dir='ltr'>in</span> 
     </span>
    </p>
   </div>
   <div class='ocr_carea' id='block_1_13' title="bbox 378 1185 2032 1260">
    <p class='ocr_par' dir='ltr' id='par_1_13' title="bbox 378 1185 2032 1260">
     <span class='ocr_line' id='line_1_13' title="bbox 378 1185 2032 1260; baseline -0.003 -17"><span class='ocrx_word' id='word_1_65' title='bbox 378 1192 647 1260; x_wconf 88' lang='lat' dir='ltr'>promptu</span> <span class='ocrx_word' id='word_1_66' title='bbox 697 1191 870 1254; x_wconf 89' lang='lat' dir='ltr'>esset,</span> <span class='ocrx_word' id='word_1_67' title='bbox 925 1203 1134 1242; x_wconf 90' lang='lat' dir='ltr'>manus</span> <span class='ocrx_word' id='word_1_68' title='bbox 1183 1186 1511 1252; x_wconf 88' lang='lat' dir='ltr'>ostendere,</span> <span class='ocrx_word' id='word_1_69' title='bbox 1558 1191 1613 1241; x_wconf 89' lang='lat' dir='ltr'>et</span> <span class='ocrx_word' id='word_1_70' title='bbox 1655 1185 1917 1240; x_wconf 85' lang='lat' dir='ltr'>dextram</span> <span class='ocrx_word' id='word_1_71' title='bbox 1976 1190 2032 1239; x_wconf 88' lang='lat' dir='ltr'>et</span> 
     </span>
    </p>
   </div>
   <div class='ocr_carea' id='block_1_14' title="bbox 383 1270 2030 1347">
    <p class='ocr_par' dir='ltr' id='par_1_14' title="bbox 383 1270 2030 1347">
     <span class='ocr_line' id='line_1_14' title="bbox 383 1270 2030 1347; baseline -0.003 -16"><span class='ocrx_word' id='word_1_72' title='bbox 383 1276 579 1347; x_wconf 88' lang='lat' dir='ltr'>pedes,</span> <span class='ocrx_word' id='word_1_73' title='bbox 613 1276 712 1346; x_wconf 92' lang='lat' dir='ltr'>qui</span> <span class='ocrx_word' id='word_1_74' title='bbox 745 1279 802 1330; x_wconf 91' lang='lat' dir='ltr'>et</span> <span class='ocrx_word' id='word_1_75' title='bbox 831 1273 1130 1330; x_wconf 86' lang='lat' dir='ltr'>clavorum</span> <span class='ocrx_word' id='word_1_76' title='bbox 1162 1277 1217 1328; x_wconf 89' lang='lat' dir='ltr'>et</span> <span class='ocrx_word' id='word_1_77' title='bbox 1255 1272 1468 1328; x_wconf 69' lang='lat' dir='ltr'>lanceas</span> <span class='ocrx_word' id='word_1_78' title='bbox 1501 1273 1746 1344; x_wconf 88' lang='lat' dir='ltr'>vestigia</span> <span class='ocrx_word' id='word_1_79' title='bbox 1776 1277 1833 1327; x_wconf 91' lang='lat' dir='ltr'>et</span> <span class='ocrx_word' id='word_1_80' title='bbox 1862 1270 2030 1342; x_wconf 89' lang='lat' dir='ltr'>signa</span> 
     </span>
    </p>
   </div>
   <div class='ocr_carea' id='block_1_15' title="bbox 379 1359 2026 1434">
    <p class='ocr_par' dir='ltr' id='par_1_15' title="bbox 379 1359 2026 1434">
     <span class='ocr_line' id='line_1_15' title="bbox 379 1359 2026 1434; baseline -0.004 -14"><span class='ocrx_word' id='word_1_81' title='bbox 379 1365 727 1429; x_wconf 79' lang='lat' dir='ltr'>referebant,</span> <span class='ocrx_word' id='word_1_82' title='bbox 760 1379 1032 1434; x_wconf 90' lang='lat' dir='ltr'>eumque,</span> <span class='ocrx_word' id='word_1_83' title='bbox 1064 1361 1164 1432; x_wconf 89' lang='lat' dir='ltr'>qui</span> <span class='ocrx_word' id='word_1_84' title='bbox 1196 1377 1406 1432; x_wconf 89' lang='lat' dir='ltr'>passus</span> <span class='ocrx_word' id='word_1_85' title='bbox 1435 1364 1579 1430; x_wconf 90' lang='lat' dir='ltr'>erat,</span> <span class='ocrx_word' id='word_1_86' title='bbox 1609 1360 1740 1432; x_wconf 89' lang='lat' dir='ltr'>ipsa</span> <span class='ocrx_word' id='word_1_87' title='bbox 1768 1359 1868 1416; x_wconf 92' lang='lat' dir='ltr'>illa</span> <span class='ocrx_word' id='word_1_88' title='bbox 1897 1375 2026 1431; x_wconf 87' lang='lat' dir='ltr'>per-</span> 
     </span>
    </p>
   </div>
   <div class='ocr_carea' id='block_1_16' title="bbox 382 1449 2030 1525">
    <p class='ocr_par' dir='ltr' id='par_1_16' title="bbox 382 1449 2030 1525">
     <span class='ocr_line' id='line_1_16' title="bbox 382 1449 2030 1525; baseline -0.004 -15"><span class='ocrx_word' id='word_1_89' title='bbox 382 1454 652 1525; x_wconf 86' lang='lat' dir='ltr'>pessione</span> <span class='ocrx_word' id='word_1_90' title='bbox 700 1453 1186 1509; x_wconf 82' lang='lat' dir='ltr'>demonstrabat:</span> <span class='ocrx_word' id='word_1_91' title='bbox 1237 1449 1390 1506; x_wconf 88' lang='lat' dir='ltr'>sicut</span> <span class='ocrx_word' id='word_1_92' title='bbox 1445 1455 1502 1505; x_wconf 90' lang='lat' dir='ltr'>et</span> <span class='ocrx_word' id='word_1_93' title='bbox 1565 1453 1766 1521; x_wconf 89' lang='lat' dir='ltr'>postea</span> <span class='ocrx_word' id='word_1_94' title='bbox 1809 1465 1910 1519; x_wconf 90' lang='lat' dir='ltr'>per</span> <span class='ocrx_word' id='word_1_95' title='bbox 1962 1464 2030 1504; x_wconf 91' lang='lat' dir='ltr'>ea</span> 
     </span>
    </p>
   </div>
   <div class='ocr_carea' id='block_1_17' title="bbox 380 1536 2027 1610">
    <p class='ocr_par' dir='ltr' id='par_1_17' title="bbox 380 1536 2027 1610">
     <span class='ocr_line' id='line_1_17' title="bbox 380 1536 2027 1610; baseline -0.004 -13"><span class='ocrx_word' id='word_1_96' title='bbox 380 1542 846 1599; x_wconf 87' lang='lat' dir='ltr'>incredulitatem</span> <span class='ocrx_word' id='word_1_97' title='bbox 900 1558 932 1596; x_wconf 91' lang='lat' dir='ltr'>a</span> <span class='ocrx_word' id='word_1_98' title='bbox 980 1539 1289 1610; x_wconf 89' lang='lat' dir='ltr'>discipulis</span> <span class='ocrx_word' id='word_1_99' title='bbox 1336 1539 1740 1594; x_wconf 82' lang='lat' dir='ltr'>dubitantibus</span> <span class='ocrx_word' id='word_1_100' title='bbox 1788 1536 2027 1594; x_wconf 89' lang='lat' dir='ltr'>amolie-</span> 
     </span>
    </p>
   </div>
   <div class='ocr_carea' id='block_1_18' title="bbox 381 1627 2024 1702">
    <p class='ocr_par' dir='ltr' id='par_1_18' title="bbox 381 1627 2024 1702">
     <span class='ocr_line' id='line_1_18' title="bbox 381 1627 2024 1702; baseline -0.002 -16"><span class='ocrx_word' id='word_1_101' title='bbox 381 1631 572 1688; x_wconf 89' lang='lat' dir='ltr'>batur.</span> <span class='ocrx_word' id='word_1_102' title='bbox 607 1631 807 1702; x_wconf 83' lang='lat' dir='ltr'>Neque</span> <span class='ocrx_word' id='word_1_103' title='bbox 836 1631 1012 1685; x_wconf 85' lang='lat' dir='ltr'>etiam</span> <span class='ocrx_word' id='word_1_104' title='bbox 1042 1630 1099 1684; x_wconf 91' lang='lat' dir='ltr'>in</span> <span class='ocrx_word' id='word_1_105' title='bbox 1145 1627 1485 1684; x_wconf 86' lang='lat' dir='ltr'>memoriam</span> <span class='ocrx_word' id='word_1_106' title='bbox 1532 1627 1647 1681; x_wconf 83' lang='lat' dir='ltr'>illis</span> <span class='ocrx_word' id='word_1_107' title='bbox 1696 1627 2024 1683; x_wconf 87' lang='lat' dir='ltr'>revocabat.</span> 
     </span>
    </p>
   </div>
   <div class='ocr_carea' id='block_1_19' title="bbox 379 1716 2026 1792">
    <p class='ocr_par' dir='ltr' id='par_1_19' title="bbox 379 1716 2026 1792">
     <span class='ocr_line' id='line_1_19' title="bbox 379 1716 2026 1792; baseline -0.003 -17"><span class='ocrx_word' id='word_1_108' title='bbox 379 1721 534 1792; x_wconf 91' lang='lat' dir='ltr'>quod</span> <span class='ocrx_word' id='word_1_109' title='bbox 567 1724 701 1775; x_wconf 87' lang='lat' dir='ltr'>ante</span> <span class='ocrx_word' id='word_1_110' title='bbox 733 1719 1066 1790; x_wconf 87' lang='lat' dir='ltr'>passionem</span> <span class='ocrx_word' id='word_1_111' title='bbox 1100 1718 1290 1772; x_wconf 89' lang='lat' dir='ltr'>adhuc</span> <span class='ocrx_word' id='word_1_112' title='bbox 1309 1733 1442 1772; x_wconf 89' lang='lat' dir='ltr'>cum</span> <span class='ocrx_word' id='word_1_113' title='bbox 1475 1716 1620 1788; x_wconf 88' lang='lat' dir='ltr'>ipsis</span> <span class='ocrx_word' id='word_1_114' title='bbox 1650 1720 1915 1772; x_wconf 87' lang='lat' dir='ltr'>versatus</span> <span class='ocrx_word' id='word_1_115' title='bbox 1957 1731 2026 1770; x_wconf 88' lang='lat' dir='ltr'>ea</span> 
     </span>
    </p>
   </div>
   <div class='ocr_carea' id='block_1_20' title="bbox 374 1787 2100 1878">
    <p class='ocr_par' dir='ltr' id='par_1_20' title="bbox 374 1787 2100 1878">
     <span class='ocr_line' id='line_1_20' title="bbox 374 1787 2100 1878; baseline -0.002 -14"><span class='ocrx_word' id='word_1_116' title='bbox 374 1809 734 1878; x_wconf 68' lang='lat' dir='ltr'>praedixerit;</span> <span class='ocrx_word' id='word_1_117' title='bbox 769 1824 873 1862; x_wconf 90' lang='lat' dir='ltr'>nec</span> <span class='ocrx_word' id='word_1_118' title='bbox 917 1807 1277 1862; x_wconf 88' lang='lat' dir='ltr'>memorabat</span> <span class='ocrx_word' id='word_1_119' title='bbox 1312 1807 1525 1876; x_wconf 90' lang='lat' dir='ltr'>quibus</span> <span class='ocrx_word' id='word_1_120' title='bbox 1565 1804 1861 1860; x_wconf 87' lang='lat' dir='ltr'>miraculis</span> <span class='ocrx_word' id='word_1_121' title='bbox 1904 1819 2022 1860; x_wconf 82' lang='lat' dir='ltr'>ser-</span> <span class='ocrx_word' id='word_1_122' title='bbox 2056 1787 2100 1851; x_wconf 82' lang='grc' dir='ltr'><strong>Β</strong></span> 
     </span>
    </p>
   </div>
   <div class='ocr_carea' id='block_1_21' title="bbox 373 1894 2024 1966">
    <p class='ocr_par' dir='ltr' id='par_1_21' title="bbox 373 1894 2024 1966">
     <span class='ocr_line' id='line_1_21' title="bbox 373 1894 2024 1966; baseline -0.002 -13"><span class='ocrx_word' id='word_1_123' title='bbox 373 1914 616 1953; x_wconf 86' lang='lat' dir='ltr'>menum</span> <span class='ocrx_word' id='word_1_124' title='bbox 631 1912 872 1952; x_wconf 90' lang='lat' dir='ltr'>suorum</span> <span class='ocrx_word' id='word_1_125' title='bbox 888 1896 1188 1952; x_wconf 86' lang='lat' dir='ltr'>veritatem</span> <span class='ocrx_word' id='word_1_126' title='bbox 1203 1895 1660 1966; x_wconf 85' lang='lat' dir='ltr'>comprobasset,</span> <span class='ocrx_word' id='word_1_127' title='bbox 1679 1894 1946 1964; x_wconf 89' lang='lat' dir='ltr'>quamvis</span> <span class='ocrx_word' id='word_1_128' title='bbox 1967 1897 2024 1950; x_wconf 91' lang='lat' dir='ltr'>et</span> 
     </span>
    </p>
   </div>
   <div class='ocr_carea' id='block_1_22' title="bbox 372 1982 2024 2056">
    <p class='ocr_par' dir='ltr' id='par_1_22' title="bbox 372 1982 2024 2056">
     <span class='ocr_line' id='line_1_22' title="bbox 372 1982 2024 2056; baseline -0.003 -15"><span class='ocrx_word' id='word_1_129' title='bbox 372 1987 482 2043; x_wconf 91' lang='lat' dir='ltr'>hoc</span> <span class='ocrx_word' id='word_1_130' title='bbox 502 1985 636 2051; x_wconf 90' lang='lat' dir='ltr'>illis,</span> <span class='ocrx_word' id='word_1_131' title='bbox 661 1985 872 2056; x_wconf 89' lang='lat' dir='ltr'>quibus</span> <span class='ocrx_word' id='word_1_132' title='bbox 894 1983 1104 2039; x_wconf 91' lang='lat' dir='ltr'>deinde</span> <span class='ocrx_word' id='word_1_133' title='bbox 1127 1985 1776 2054; x_wconf 82' lang='lat' dir='ltr'>apparuit,recenseret.</span> <span class='ocrx_word' id='word_1_134' title='bbox 1803 1982 1912 2036; x_wconf 86' lang='lat' dir='ltr'>Sed</span> <span class='ocrx_word' id='word_1_135' title='bbox 1941 1982 2024 2036; x_wconf 86' lang='lat' dir='ltr'>ni-</span> 
     </span>
    </p>
   </div>
   <div class='ocr_carea' id='block_1_23' title="bbox 375 2068 2018 2143">
    <p class='ocr_par' dir='ltr' id='par_1_23' title="bbox 375 2068 2018 2143">
     <span class='ocr_line' id='line_1_23' title="bbox 375 2068 2018 2143; baseline -0.002 -15"><span class='ocrx_word' id='word_1_136' title='bbox 375 2073 681 2129; x_wconf 92' lang='lat' dir='ltr'>hilhorum</span> <span class='ocrx_word' id='word_1_137' title='bbox 701 2071 844 2143; x_wconf 85' lang='lat' dir='ltr'>ipsis</span> <span class='ocrx_word' id='word_1_138' title='bbox 865 2071 1244 2143; x_wconf 89' lang='lat' dir='ltr'>proponebat,</span> <span class='ocrx_word' id='word_1_139' title='bbox 1267 2085 1370 2125; x_wconf 90' lang='lat' dir='ltr'>nec</span> <span class='ocrx_word' id='word_1_140' title='bbox 1387 2070 1574 2124; x_wconf 90' lang='lat' dir='ltr'>ullum</span> <span class='ocrx_word' id='word_1_141' title='bbox 1600 2068 1876 2125; x_wconf 87' lang='lat' dir='ltr'>salutaris</span> <span class='ocrx_word' id='word_1_142' title='bbox 1901 2087 2018 2125; x_wconf 76' lang='lat' dir='ltr'>sure</span> 
     </span>
    </p>
   </div>
   <div class='ocr_carea' id='block_1_24' title="bbox 372 2159 2017 2235">
    <p class='ocr_par' dir='ltr' id='par_1_24' title="bbox 372 2159 2017 2235">
     <span class='ocr_line' id='line_1_24' title="bbox 372 2159 2017 2235; baseline -0.001 -19"><span class='ocrx_word' id='word_1_143' title='bbox 372 2163 660 2235; x_wconf 86' lang='lat' dir='ltr'>passionis</span> <span class='ocrx_word' id='word_1_144' title='bbox 692 2166 1058 2217; x_wconf 88' lang='lat' dir='ltr'>momentum</span> <span class='ocrx_word' id='word_1_145' title='bbox 1091 2159 1231 2232; x_wconf 86' lang='lat' dir='ltr'>ipsis</span> <span class='ocrx_word' id='word_1_146' title='bbox 1263 2159 1597 2230; x_wconf 86' lang='lat' dir='ltr'>objiciebat,</span> <span class='ocrx_word' id='word_1_147' title='bbox 1629 2163 1730 2214; x_wconf 89' lang='lat' dir='ltr'>aut</span> <span class='ocrx_word' id='word_1_148' title='bbox 1767 2173 2017 2230; x_wconf 88' lang='lat' dir='ltr'>expone-</span> 
     </span>
    </p>
   </div>
   <div class='ocr_carea' id='block_1_25' title="bbox 369 2250 2018 2322">
    <p class='ocr_par' dir='ltr' id='par_1_25' title="bbox 369 2250 2018 2322">
     <span class='ocr_line' id='line_1_25' title="bbox 369 2250 2018 2322; baseline -0.001 -16"><span class='ocrx_word' id='word_1_149' title='bbox 369 2251 487 2322; x_wconf 86' lang='lat' dir='ltr'>bat,</span> <span class='ocrx_word' id='word_1_150' title='bbox 511 2253 612 2308; x_wconf 83' lang='lat' dir='ltr'>sed</span> <span class='ocrx_word' id='word_1_151' title='bbox 637 2255 978 2306; x_wconf 88' lang='lat' dir='ltr'>ostensurus</span> <span class='ocrx_word' id='word_1_152' title='bbox 1000 2250 1188 2320; x_wconf 80' lang='lat' dir='ltr'>quasi,</span> <span class='ocrx_word' id='word_1_153' title='bbox 1213 2254 1270 2304; x_wconf 91' lang='lat' dir='ltr'>et</span> <span class='ocrx_word' id='word_1_154' title='bbox 1308 2265 1447 2305; x_wconf 89' lang='lat' dir='ltr'>suos</span> <span class='ocrx_word' id='word_1_155' title='bbox 1489 2265 1786 2304; x_wconf 88' lang='lat' dir='ltr'>sermones</span> <span class='ocrx_word' id='word_1_156' title='bbox 1808 2257 1860 2305; x_wconf 87' lang='lat' dir='ltr'>et</span> <span class='ocrx_word' id='word_1_157' title='bbox 1884 2265 2018 2320; x_wconf 89' lang='lat' dir='ltr'>pas-</span> 
     </span>
    </p>
   </div>
   <div class='ocr_carea' id='block_1_26' title="bbox 368 2337 2020 2410">
    <p class='ocr_par' dir='ltr' id='par_1_26' title="bbox 368 2337 2020 2410">
     <span class='ocr_line' id='line_1_26' title="bbox 368 2337 2020 2410; baseline -0.003 -13"><span class='ocrx_word' id='word_1_158' title='bbox 368 2343 616 2407; x_wconf 89' lang='lat' dir='ltr'>sionem,</span> <span class='ocrx_word' id='word_1_159' title='bbox 649 2345 706 2396; x_wconf 91' lang='lat' dir='ltr'>et</span> <span class='ocrx_word' id='word_1_160' title='bbox 735 2340 986 2396; x_wconf 85' lang='lat' dir='ltr'>Mosaica</span> <span class='ocrx_word' id='word_1_161' title='bbox 1022 2355 1088 2395; x_wconf 90' lang='lat' dir='ltr'>ac</span> <span class='ocrx_word' id='word_1_162' title='bbox 1140 2338 1476 2410; x_wconf 89' lang='lat' dir='ltr'>prophetica</span> <span class='ocrx_word' id='word_1_163' title='bbox 1519 2337 1755 2394; x_wconf 90' lang='lat' dir='ltr'>oracula</span> <span class='ocrx_word' id='word_1_164' title='bbox 1794 2339 1864 2392; x_wconf 90' lang='lat' dir='ltr'>ad</span> <span class='ocrx_word' id='word_1_165' title='bbox 1918 2337 2020 2393; x_wconf 91' lang='lat' dir='ltr'>de-</span> 
     </span>
    </p>
   </div>
   <div class='ocr_carea' id='block_1_27' title="bbox 373 2426 2014 2486">
    <p class='ocr_par' dir='ltr' id='par_1_27' title="bbox 373 2426 2014 2486">
     <span class='ocr_line' id='line_1_27' title="bbox 373 2426 2014 2486; baseline -0.002 -1"><span class='ocrx_word' id='word_1_166' title='bbox 373 2430 815 2486; x_wconf 85' lang='lat' dir='ltr'>monstrandam</span> <span class='ocrx_word' id='word_1_167' title='bbox 850 2429 1153 2484; x_wconf 86' lang='lat' dir='ltr'>veritatem</span> <span class='ocrx_word' id='word_1_168' title='bbox 1186 2432 1243 2482; x_wconf 91' lang='lat' dir='ltr'>et</span> <span class='ocrx_word' id='word_1_169' title='bbox 1285 2427 1666 2483; x_wconf 84' lang='lat' dir='ltr'>illustrandae</span> <span class='ocrx_word' id='word_1_170' title='bbox 1705 2426 2014 2482; x_wconf 90' lang='lat' dir='ltr'>hominum</span> 
     </span>
    </p>
   </div>
   <div class='ocr_carea' id='block_1_28' title="bbox 371 2516 2016 2588">
    <p class='ocr_par' dir='ltr' id='par_1_28' title="bbox 371 2516 2016 2588">
     <span class='ocr_line' id='line_1_28' title="bbox 371 2516 2016 2588; baseline -0.002 -12"><span class='ocrx_word' id='word_1_171' title='bbox 371 2525 597 2576; x_wconf 87' lang='lat' dir='ltr'>mentes</span> <span class='ocrx_word' id='word_1_172' title='bbox 629 2519 896 2575; x_wconf 86' lang='lat' dir='ltr'>sufﬁcere</span> <span class='ocrx_word' id='word_1_173' title='bbox 930 2534 943 2572; x_wconf 90' lang='lat'><strong>:</strong></span> <span class='ocrx_word' id='word_1_174' title='bbox 976 2518 1104 2573; x_wconf 89' lang='lat' dir='ltr'>aliis</span> <span class='ocrx_word' id='word_1_175' title='bbox 1134 2517 1390 2588; x_wconf 90' lang='lat' dir='ltr'>quidem,</span> <span class='ocrx_word' id='word_1_176' title='bbox 1415 2517 1666 2572; x_wconf 88' lang='lat' dir='ltr'>ostensis</span> <span class='ocrx_word' id='word_1_177' title='bbox 1697 2516 1753 2570; x_wconf 88' lang='lat' dir='ltr'>in</span> <span class='ocrx_word' id='word_1_178' title='bbox 1778 2532 2016 2587; x_wconf 90' lang='lat' dir='ltr'>corpore</span> 
     </span>
    </p>
   </div>
   <div class='ocr_carea' id='block_1_29' title="bbox 370 2605 2014 2682">
    <p class='ocr_par' dir='ltr' id='par_1_29' title="bbox 370 2605 2014 2682">
     <span class='ocr_line' id='line_1_29' title="bbox 370 2605 2014 2682; baseline -0.003 -17"><span class='ocrx_word' id='word_1_179' title='bbox 370 2609 662 2682; x_wconf 87' lang='lat' dir='ltr'>passionis</span> <span class='ocrx_word' id='word_1_180' title='bbox 686 2624 806 2662; x_wconf 64' lang='lat' dir='ltr'>suae</span> <span class='ocrx_word' id='word_1_181' title='bbox 827 2607 1108 2679; x_wconf 86' lang='lat' dir='ltr'>vestigiis,</span> <span class='ocrx_word' id='word_1_182' title='bbox 1134 2623 1261 2678; x_wconf 66' lang='lat' dir='ltr'>quae</span> <span class='ocrx_word' id='word_1_183' title='bbox 1284 2605 1409 2678; x_wconf 87' lang='lat' dir='ltr'>ipse</span> <span class='ocrx_word' id='word_1_184' title='bbox 1431 2605 1792 2676; x_wconf 71' lang='lat' dir='ltr'>praedixerat,</span> <span class='ocrx_word' id='word_1_185' title='bbox 1817 2622 2014 2660; x_wconf 84' lang='lat' dir='ltr'>resur-</span> 
     </span>
    </p>
   </div>
   <div class='ocr_carea' id='block_1_30' title="bbox 367 2694 2014 2765">
    <p class='ocr_par' dir='ltr' id='par_1_30' title="bbox 367 2694 2014 2765">
     <span class='ocr_line' id='line_1_30' title="bbox 367 2694 2014 2765; baseline -0.002 -11"><span class='ocrx_word' id='word_1_186' title='bbox 367 2698 686 2754; x_wconf 89' lang='lat' dir='ltr'>rectionem</span> <span class='ocrx_word' id='word_1_187' title='bbox 714 2712 878 2752; x_wconf 88' lang='lat' dir='ltr'>suam</span> <span class='ocrx_word' id='word_1_188' title='bbox 910 2695 1309 2762; x_wconf 85' lang='lat' dir='ltr'>conﬁrmavit;</span> <span class='ocrx_word' id='word_1_189' title='bbox 1345 2696 1480 2752; x_wconf 88' lang='lat' dir='ltr'>aliis</span> <span class='ocrx_word' id='word_1_190' title='bbox 1511 2711 1661 2764; x_wconf 87' lang='lat' dir='ltr'>vero,</span> <span class='ocrx_word' id='word_1_191' title='bbox 1703 2694 1804 2765; x_wconf 90' lang='lat' dir='ltr'>qui</span> <span class='ocrx_word' id='word_1_192' title='bbox 1836 2695 2014 2750; x_wconf 89' lang='lat' dir='ltr'>visio-</span> 
     </span>
    </p>
   </div>
   <div class='ocr_carea' id='block_1_31' title="bbox 367 2781 2013 2854">
    <p class='ocr_par' dir='ltr' id='par_1_31' title="bbox 367 2781 2013 2854">
     <span class='ocr_line' id='line_1_31' title="bbox 367 2781 2013 2854; baseline -0.001 -14"><span class='ocrx_word' id='word_1_193' title='bbox 367 2799 500 2840; x_wconf 89' lang='lat' dir='ltr'>nem</span> <span class='ocrx_word' id='word_1_194' title='bbox 532 2785 660 2854; x_wconf 84' lang='lat' dir='ltr'>ejus</span> <span class='ocrx_word' id='word_1_195' title='bbox 692 2783 888 2838; x_wconf 89' lang='lat' dir='ltr'>animo</span> <span class='ocrx_word' id='word_1_196' title='bbox 940 2786 1349 2854; x_wconf 79' lang='lat' dir='ltr'>praeceperant,</span> <span class='ocrx_word' id='word_1_197' title='bbox 1396 2781 1556 2839; x_wconf 90' lang='lat' dir='ltr'>nullo</span> <span class='ocrx_word' id='word_1_198' title='bbox 1607 2798 1832 2850; x_wconf 90' lang='lat' dir='ltr'>eorum,</span> <span class='ocrx_word' id='word_1_199' title='bbox 1887 2799 2013 2854; x_wconf 65' lang='lat' dir='ltr'>ques</span> 
     </span>
    </p>
   </div>
   <div class='ocr_carea' id='block_1_32' title="bbox 361 2870 2016 2942">
    <p class='ocr_par' dir='ltr' id='par_1_32' title="bbox 361 2870 2016 2942">
     <span class='ocr_line' id='line_1_32' title="bbox 361 2870 2016 2942; baseline -0.001 -14"><span class='ocrx_word' id='word_1_200' title='bbox 361 2872 515 2928; x_wconf 87' lang='lat' dir='ltr'>dicta</span> <span class='ocrx_word' id='word_1_201' title='bbox 545 2877 705 2939; x_wconf 89' lang='lat' dir='ltr'>sunt,</span> <span class='ocrx_word' id='word_1_202' title='bbox 737 2872 997 2942; x_wconf 89' lang='lat' dir='ltr'>seipsum</span> <span class='ocrx_word' id='word_1_203' title='bbox 1027 2871 1117 2928; x_wconf 86' lang='lat' dir='ltr'>vel</span> <span class='ocrx_word' id='word_1_204' title='bbox 1139 2871 1423 2938; x_wconf 90' lang='lat' dir='ltr'>revelans,</span> <span class='ocrx_word' id='word_1_205' title='bbox 1453 2870 1543 2926; x_wconf 92' lang='lat' dir='ltr'>vel</span> <span class='ocrx_word' id='word_1_206' title='bbox 1572 2870 1633 2926; x_wconf 92' lang='lat' dir='ltr'>in</span> <span class='ocrx_word' id='word_1_207' title='bbox 1663 2871 2016 2942; x_wconf 84' lang='lat' dir='ltr'>objurgatio-</span> 
     </span>
    </p>
   </div>
   <div class='ocr_carea' id='block_1_33' title="bbox 365 2959 2016 3032">
    <p class='ocr_par' dir='ltr' id='par_1_33' title="bbox 365 2959 2016 3032">
     <span class='ocr_line' id='line_1_33' title="bbox 365 2959 2016 3032; baseline -0.001 -15"><span class='ocrx_word' id='word_1_208' title='bbox 365 2977 499 3018; x_wconf 89' lang='lat' dir='ltr'>nem</span> <span class='ocrx_word' id='word_1_209' title='bbox 533 2977 731 3018; x_wconf 89' lang='lat' dir='ltr'>eorum</span> <span class='ocrx_word' id='word_1_210' title='bbox 753 2965 948 3026; x_wconf 83' lang='lat' dir='ltr'>utens,</span> <span class='ocrx_word' id='word_1_211' title='bbox 970 2976 1036 3015; x_wconf 80' lang='lat' dir='ltr'>ex</span> <span class='ocrx_word' id='word_1_212' title='bbox 1062 2960 1358 3032; x_wconf 89' lang='lat' dir='ltr'>prophetis</span> <span class='ocrx_word' id='word_1_213' title='bbox 1385 2965 1443 3015; x_wconf 89' lang='lat' dir='ltr'>et</span> <span class='ocrx_word' id='word_1_214' title='bbox 1465 2959 1623 3016; x_wconf 88' lang='lat' dir='ltr'>Mose</span> <span class='ocrx_word' id='word_1_215' title='bbox 1655 2959 2016 3030; x_wconf 88' lang='lat' dir='ltr'>objurgatio-</span> 
     </span>
    </p>
   </div>
   <div class='ocr_carea' id='block_1_34' title="bbox 365 3048 2015 3122">
    <p class='ocr_par' dir='ltr' id='par_1_34' title="bbox 365 3048 2015 3122">
     <span class='ocr_line' id='line_1_34' title="bbox 365 3048 2015 3122; baseline -0.001 -16"><span class='ocrx_word' id='word_1_216' title='bbox 365 3067 501 3106; x_wconf 89' lang='lat' dir='ltr'>nem</span> <span class='ocrx_word' id='word_1_217' title='bbox 533 3050 731 3118; x_wconf 91' lang='lat' dir='ltr'>nectit,</span> <span class='ocrx_word' id='word_1_218' title='bbox 755 3051 1074 3121; x_wconf 88' lang='lat' dir='ltr'>eademque</span> <span class='ocrx_word' id='word_1_219' title='bbox 1094 3065 1269 3121; x_wconf 81' lang='lat' dir='ltr'>Opera</span> <span class='ocrx_word' id='word_1_220' title='bbox 1286 3048 1682 3122; x_wconf 78' lang='lat' dir='ltr'>ignorantiam</span> <span class='ocrx_word' id='word_1_221' title='bbox 1719 3053 1777 3104; x_wconf 90' lang='lat' dir='ltr'>et</span> <span class='ocrx_word' id='word_1_222' title='bbox 1801 3049 2015 3106; x_wconf 89' lang='lat' dir='ltr'>mentis</span> 
     </span>
    </p>
   </div>
   <div class='ocr_carea' id='block_1_35' title="bbox 363 3139 2012 3203">
    <p class='ocr_par' dir='ltr' id='par_1_35' title="bbox 363 3139 2012 3203">
     <span class='ocr_line' id='line_1_35' title="bbox 363 3139 2012 3203; baseline 0.001 -7"><span class='ocrx_word' id='word_1_223' title='bbox 363 3145 420 3196; x_wconf 88' lang='lat' dir='ltr'>et</span> <span class='ocrx_word' id='word_1_224' title='bbox 453 3140 756 3197; x_wconf 87' lang='lat' dir='ltr'>oculorum</span> <span class='ocrx_word' id='word_1_225' title='bbox 788 3140 859 3195; x_wconf 88' lang='lat' dir='ltr'>ab</span> <span class='ocrx_word' id='word_1_226' title='bbox 891 3141 964 3195; x_wconf 91' lang='lat' dir='ltr'>iis</span> <span class='ocrx_word' id='word_1_227' title='bbox 1008 3139 1298 3196; x_wconf 80' lang='lat' dir='ltr'>emolitur.</span> <span class='ocrx_word' id='word_1_228' title='bbox 1332 3139 1494 3203; x_wconf 85' lang='lat' dir='ltr'>Quod</span> <span class='ocrx_word' id='word_1_229' title='bbox 1527 3155 1656 3194; x_wconf 86' lang='lat' dir='ltr'>vero</span> <span class='ocrx_word' id='word_1_230' title='bbox 1683 3139 1753 3194; x_wconf 88' lang='lat' dir='ltr'>ad</span> <span class='ocrx_word' id='word_1_231' title='bbox 1797 3139 1913 3194; x_wconf 90' lang='lat' dir='ltr'>vim</span> <span class='ocrx_word' id='word_1_232' title='bbox 1945 3156 2012 3197; x_wconf 87' lang='lat' dir='ltr'>ao</span> 
     </span>
    </p>
   </div>
   <div class='ocr_carea' id='block_1_36' title="bbox 367 3227 2016 3303">
    <p class='ocr_par' dir='ltr' id='par_1_36' title="bbox 367 3227 2016 3303">
     <span class='ocr_line' id='line_1_36' title="bbox 367 3227 2016 3303; baseline 0.001 -19"><span class='ocrx_word' id='word_1_233' title='bbox 367 3229 708 3303; x_wconf 86' lang='lat' dir='ltr'>dignitatem</span> <span class='ocrx_word' id='word_1_234' title='bbox 754 3228 898 3301; x_wconf 85' lang='lat' dir='ltr'>legis</span> <span class='ocrx_word' id='word_1_235' title='bbox 926 3229 1344 3284; x_wconf 90' lang='lat' dir='ltr'>ostendendam</span> <span class='ocrx_word' id='word_1_236' title='bbox 1379 3227 1630 3283; x_wconf 89' lang='lat' dir='ltr'>multum</span> <span class='ocrx_word' id='word_1_237' title='bbox 1676 3228 1832 3297; x_wconf 81' lang='lat' dir='ltr'>facit,</span> <span class='ocrx_word' id='word_1_238' title='bbox 1879 3228 2016 3286; x_wconf 88' lang='lat' dir='ltr'>hinc</span> 
     </span>
    </p>
   </div>
   <div class='ocr_carea' id='block_1_37' title="bbox 370 3317 2016 3390">
    <p class='ocr_par' dir='ltr' id='par_1_37' title="bbox 370 3317 2016 3390">
     <span class='ocr_line' id='line_1_37' title="bbox 370 3317 2016 3390; baseline -0.002 -15"><span class='ocrx_word' id='word_1_239' title='bbox 370 3320 608 3390; x_wconf 89' lang='lat' dir='ltr'>quidem</span> <span class='ocrx_word' id='word_1_240' title='bbox 642 3319 716 3375; x_wconf 91' lang='lat' dir='ltr'>ad</span> <span class='ocrx_word' id='word_1_241' title='bbox 737 3320 1064 3374; x_wconf 88' lang='lat' dir='ltr'>doctrinam</span> <span class='ocrx_word' id='word_1_242' title='bbox 1084 3322 1139 3374; x_wconf 87' lang='lat' dir='ltr'>et</span> <span class='ocrx_word' id='word_1_243' title='bbox 1162 3319 1617 3373; x_wconf 84' lang='lat' dir='ltr'>cont‘utationem</span> <span class='ocrx_word' id='word_1_244' title='bbox 1644 3317 2016 3374; x_wconf 85' lang='lat' dir='ltr'>sermonibus</span> 
     </span>
    </p>
   </div>
   <div class='ocr_carea' id='block_1_38' title="bbox 369 3406 2010 3478">
    <p class='ocr_par' dir='ltr' id='par_1_38' title="bbox 369 3406 2010 3478">
     <span class='ocr_line' id='line_1_38' title="bbox 369 3406 2010 3478; baseline -0.001 -16"><span class='ocrx_word' id='word_1_245' title='bbox 369 3409 490 3464; x_wconf 86' lang='lat' dir='ltr'>suis</span> <span class='ocrx_word' id='word_1_246' title='bbox 521 3413 577 3464; x_wconf 88' lang='lat' dir='ltr'>et</span> <span class='ocrx_word' id='word_1_247' title='bbox 608 3408 871 3478; x_wconf 89' lang='lat' dir='ltr'>passione</span> <span class='ocrx_word' id='word_1_248' title='bbox 903 3424 1046 3462; x_wconf 90' lang='lat' dir='ltr'>usus</span> <span class='ocrx_word' id='word_1_249' title='bbox 1077 3415 1185 3475; x_wconf 88' lang='lat' dir='ltr'>est,</span> <span class='ocrx_word' id='word_1_250' title='bbox 1217 3410 1521 3476; x_wconf 89' lang='lat' dir='ltr'>assumpto</span> <span class='ocrx_word' id='word_1_251' title='bbox 1555 3406 1613 3460; x_wconf 90' lang='lat' dir='ltr'>in</span> <span class='ocrx_word' id='word_1_252' title='bbox 1651 3407 2010 3462; x_wconf 87' lang='lat' dir='ltr'>consortium</span> 
     </span>
    </p>
   </div>
   <div class='ocr_carea' id='block_1_39' title="bbox 363 3494 2007 3568">
    <p class='ocr_par' dir='ltr' id='par_1_39' title="bbox 363 3494 2007 3568">
     <span class='ocr_line' id='line_1_39' title="bbox 363 3494 2007 3568; baseline -0.002 -15"><span class='ocrx_word' id='word_1_253' title='bbox 363 3497 618 3553; x_wconf 89' lang='lat' dir='ltr'>Mosaico</span> <span class='ocrx_word' id='word_1_254' title='bbox 649 3501 704 3552; x_wconf 89' lang='lat' dir='ltr'>et</span> <span class='ocrx_word' id='word_1_255' title='bbox 735 3496 1074 3568; x_wconf 91' lang='lat' dir='ltr'>prophetico</span> <span class='ocrx_word' id='word_1_256' title='bbox 1107 3495 1474 3560; x_wconf 87' lang='lat' dir='ltr'>testimonio;</span> <span class='ocrx_word' id='word_1_257' title='bbox 1511 3494 1644 3550; x_wconf 91' lang='lat' dir='ltr'>hinc</span> <span class='ocrx_word' id='word_1_258' title='bbox 1690 3511 1824 3550; x_wconf 90' lang='lat' dir='ltr'>vero</span> <span class='ocrx_word' id='word_1_259' title='bbox 1873 3511 2007 3566; x_wconf 88' lang='lat' dir='ltr'>pro-</span> 
     </span>
    </p>
   </div>
   <div class='ocr_carea' id='block_1_40' title="bbox 354 3582 2007 3657">
    <p class='ocr_par' dir='ltr' id='par_1_40' title="bbox 354 3582 2007 3657">
     <span class='ocr_line' id='line_1_40' title="bbox 354 3582 2007 3657; baseline -0.001 -16"><span class='ocrx_word' id='word_1_260' title='bbox 354 3585 602 3657; x_wconf 88' lang='lat' dir='ltr'>pheticis</span> <span class='ocrx_word' id='word_1_261' title='bbox 634 3591 690 3641; x_wconf 90' lang='lat' dir='ltr'>et</span> <span class='ocrx_word' id='word_1_262' title='bbox 721 3584 990 3642; x_wconf 88' lang='lat' dir='ltr'>Mosaicis</span> <span class='ocrx_word' id='word_1_263' title='bbox 1020 3583 1209 3639; x_wconf 87' lang='lat' dir='ltr'>verbis</span> <span class='ocrx_word' id='word_1_264' title='bbox 1239 3582 1564 3654; x_wconf 86' lang='lat' dir='ltr'>passionem</span> <span class='ocrx_word' id='word_1_265' title='bbox 1596 3599 1764 3638; x_wconf 89' lang='lat' dir='ltr'>suam</span> <span class='ocrx_word' id='word_1_266' title='bbox 1799 3587 1854 3639; x_wconf 92' lang='lat' dir='ltr'>et</span> <span class='ocrx_word' id='word_1_267' title='bbox 1879 3582 2007 3654; x_wconf 88' lang='lat' dir='ltr'>glo-</span> 
     </span>
    </p>
   </div>
   <div class='ocr_carea' id='block_1_41' title="bbox 353 3671 2006 3744">
    <p class='ocr_par' dir='ltr' id='par_1_41' title="bbox 353 3671 2006 3744">
     <span class='ocr_line' id='line_1_41' title="bbox 353 3671 2006 3744; baseline -0.001 -14"><span class='ocrx_word' id='word_1_268' title='bbox 353 3676 500 3730; x_wconf 87' lang='lat' dir='ltr'>riam</span> <span class='ocrx_word' id='word_1_269' title='bbox 531 3681 588 3732; x_wconf 88' lang='lat' dir='ltr'>et</span> <span class='ocrx_word' id='word_1_270' title='bbox 623 3674 1106 3730; x_wconf 88' lang='lat' dir='ltr'>resurrectionem</span> <span class='ocrx_word' id='word_1_271' title='bbox 1152 3672 1431 3738; x_wconf 85' lang='lat' dir='ltr'>revelans,</span> <span class='ocrx_word' id='word_1_272' title='bbox 1483 3673 1538 3726; x_wconf 90' lang='lat' dir='ltr'>in</span> <span class='ocrx_word' id='word_1_273' title='bbox 1601 3671 1720 3727; x_wconf 89' lang='lat' dir='ltr'>illis</span> <span class='ocrx_word' id='word_1_274' title='bbox 1771 3673 2006 3744; x_wconf 89' lang='lat' dir='ltr'>penitus</span> 
     </span>
    </p>
   </div>
   <div class='ocr_carea' id='block_1_42' title="bbox 354 3760 2004 3836">
    <p class='ocr_par' dir='ltr' id='par_1_42' title="bbox 354 3760 2004 3836">
     <span class='ocr_line' id='line_1_42' title="bbox 354 3760 2004 3836; baseline -0.001 -16"><span class='ocrx_word' id='word_1_275' title='bbox 354 3765 666 3836; x_wconf 82' lang='lat' dir='ltr'>acquievit,</span> <span class='ocrx_word' id='word_1_276' title='bbox 701 3766 918 3836; x_wconf 89' lang='lat' dir='ltr'>quippe</span> <span class='ocrx_word' id='word_1_277' title='bbox 949 3763 1049 3834; x_wconf 90' lang='lat' dir='ltr'>qui</span> <span class='ocrx_word' id='word_1_278' title='bbox 1081 3762 1523 3818; x_wconf 83' lang='lat' dir='ltr'>confirmatione</span> <span class='ocrx_word' id='word_1_279' title='bbox 1553 3760 1791 3817; x_wconf 90' lang='lat' dir='ltr'>aliunde</span> <span class='ocrx_word' id='word_1_280' title='bbox 1823 3763 2004 3834; x_wconf 91' lang='lat' dir='ltr'>petita</span> 
     </span>
    </p>
   </div>
   <div class='ocr_carea' id='block_1_43' title="bbox 353 3851 2002 3924">
    <p class='ocr_par' dir='ltr' id='par_1_43' title="bbox 353 3851 2002 3924">
     <span class='ocr_line' id='line_1_43' title="bbox 353 3851 2002 3924; baseline 0.001 -16"><span class='ocrx_word' id='word_1_281' title='bbox 353 3870 469 3909; x_wconf 89' lang='lat' dir='ltr'>non</span> <span class='ocrx_word' id='word_1_282' title='bbox 501 3853 722 3924; x_wconf 85' lang='lat' dir='ltr'>egebat.</span> <span class='ocrx_word' id='word_1_283' title='bbox 757 3854 915 3909; x_wconf 85' lang='lat' dir='ltr'>Adeo</span> <span class='ocrx_word' id='word_1_284' title='bbox 942 3853 992 3908; x_wconf 91' lang='lat' dir='ltr'>is</span> <span class='ocrx_word' id='word_1_285' title='bbox 1023 3857 1383 3924; x_wconf 89' lang='lat' dir='ltr'>perspectam</span> <span class='ocrx_word' id='word_1_286' title='bbox 1419 3851 1668 3907; x_wconf 87' lang='lat' dir='ltr'>habebat</span> <span class='ocrx_word' id='word_1_287' title='bbox 1697 3852 1816 3907; x_wconf 89' lang='lat' dir='ltr'>vim</span> <span class='ocrx_word' id='word_1_288' title='bbox 1848 3854 2002 3909; x_wconf 86' lang='lat' dir='ltr'>veri-</span> 
     </span>
    </p>
   </div>
   <div class='ocr_carea' id='block_1_44' title="bbox 349 3941 2001 4015">
    <p class='ocr_par' dir='ltr' id='par_1_44' title="bbox 349 3941 2001 4015">
     <span class='ocr_line' id='line_1_44' title="bbox 349 3941 2001 4015; baseline 0 -15"><span class='ocrx_word' id='word_1_289' title='bbox 349 3945 484 4000; x_wconf 84' lang='lat' dir='ltr'>tatis</span> <span class='ocrx_word' id='word_1_290' title='bbox 514 3944 823 4000; x_wconf 88' lang='lat' dir='ltr'>verborum</span> <span class='ocrx_word' id='word_1_291' title='bbox 857 3942 1324 4015; x_wconf 87' lang='lat' dir='ltr'>propheticorum</span> <span class='ocrx_word' id='word_1_292' title='bbox 1350 3946 1406 3996; x_wconf 88' lang='lat' dir='ltr'>et</span> <span class='ocrx_word' id='word_1_293' title='bbox 1432 3941 1843 4012; x_wconf 91' lang='lat' dir='ltr'>Mosaicorum,</span> <span class='ocrx_word' id='word_1_294' title='bbox 1878 3959 2001 4000; x_wconf 86' lang='lat' dir='ltr'>ma-</span> 
     </span>
    </p>
   </div>
   <div class='ocr_carea' id='block_1_45' title="bbox 348 4031 2001 4109">
    <p class='ocr_par' dir='ltr' id='par_1_45' title="bbox 348 4031 2001 4109">
     <span class='ocr_line' id='line_1_45' title="bbox 348 4031 2001 4109; baseline 0 -19"><span class='ocrx_word' id='word_1_295' title='bbox 348 4051 642 4109; x_wconf 89' lang='lat' dir='ltr'>gnamque</span> <span class='ocrx_word' id='word_1_296' title='bbox 663 4051 859 4092; x_wconf 91' lang='lat' dir='ltr'>eorum</span> <span class='ocrx_word' id='word_1_297' title='bbox 886 4033 1220 4103; x_wconf 88' lang='lat' dir='ltr'>utilitatem,</span> <span class='ocrx_word' id='word_1_298' title='bbox 1247 4050 1359 4088; x_wconf 91' lang='lat' dir='ltr'>non</span> <span class='ocrx_word' id='word_1_299' title='bbox 1389 4032 1544 4104; x_wconf 89' lang='lat' dir='ltr'>quod</span> <span class='ocrx_word' id='word_1_300' title='bbox 1572 4033 1692 4089; x_wconf 69' lang='lat' dir='ltr'>haec</span> <span class='ocrx_word' id='word_1_301' title='bbox 1717 4031 1832 4089; x_wconf 86' lang='lat' dir='ltr'>illis</span> <span class='ocrx_word' id='word_1_302' title='bbox 1857 4051 2001 4106; x_wconf 68' lang='lat' dir='ltr'>prae-</span> 
     </span>
    </p>
   </div>
   <div class='ocr_carea' id='block_1_46' title="bbox 345 4123 1994 4197">
    <p class='ocr_par' dir='ltr' id='par_1_46' title="bbox 345 4123 1994 4197">
     <span class='ocr_line' id='line_1_46' title="bbox 345 4123 1994 4197; baseline -0.001 -15"><span class='ocrx_word' id='word_1_303' title='bbox 345 4127 566 4195; x_wconf 87' lang='lat' dir='ltr'>tulerit,</span> <span class='ocrx_word' id='word_1_304' title='bbox 600 4128 696 4181; x_wconf 89' lang='lat' dir='ltr'>sed</span> <span class='ocrx_word' id='word_1_305' title='bbox 731 4126 884 4197; x_wconf 90' lang='lat' dir='ltr'>quod</span> <span class='ocrx_word' id='word_1_306' title='bbox 919 4140 1019 4195; x_wconf 91' lang='lat' dir='ltr'>pro</span> <span class='ocrx_word' id='word_1_307' title='bbox 1045 4123 1351 4194; x_wconf 84' lang='lat' dir='ltr'>prudentia</span> <span class='ocrx_word' id='word_1_308' title='bbox 1381 4139 1490 4178; x_wconf 86' lang='lat' dir='ltr'>sua</span> <span class='ocrx_word' id='word_1_309' title='bbox 1536 4123 1765 4179; x_wconf 83' lang='lat' dir='ltr'>efficere</span> <span class='ocrx_word' id='word_1_310' title='bbox 1805 4124 1994 4185; x_wconf 88' lang='lat' dir='ltr'>vellet.</span> 
     </span>
    </p>
   </div>
   <div class='ocr_carea' id='block_1_47' title="bbox 344 4211 1993 4271">
    <p class='ocr_par' dir='ltr' id='par_1_47' title="bbox 344 4211 1993 4271">
     <span class='ocr_line' id='line_1_47' title="bbox 344 4211 1993 4271; baseline -0.001 -1"><span class='ocrx_word' id='word_1_311' title='bbox 344 4219 412 4270; x_wconf 86' lang='lat' dir='ltr'>ut</span> <span class='ocrx_word' id='word_1_312' title='bbox 441 4215 677 4271; x_wconf 86' lang='lat' dir='ltr'>oracula</span> <span class='ocrx_word' id='word_1_313' title='bbox 709 4215 1043 4270; x_wconf 89' lang='lat' dir='ltr'>fruerentur</span> <span class='ocrx_word' id='word_1_314' title='bbox 1087 4212 1412 4267; x_wconf 89' lang='lat' dir='ltr'>reverentia</span> <span class='ocrx_word' id='word_1_315' title='bbox 1445 4216 1500 4266; x_wconf 87' lang='lat' dir='ltr'>et</span> <span class='ocrx_word' id='word_1_316' title='bbox 1537 4211 1751 4266; x_wconf 86' lang='lat' dir='ltr'>virtute</span> <span class='ocrx_word' id='word_1_317' title='bbox 1792 4229 1993 4268; x_wconf 87' lang='lat' dir='ltr'>earum</span> 
     </span>
    </p>
   </div>
   <div class='ocr_carea' id='block_1_48' title="bbox 344 4301 1993 4374">
    <p class='ocr_par' dir='ltr' id='par_1_48' title="bbox 344 4301 1993 4374">
     <span class='ocr_line' id='line_1_48' title="bbox 344 4301 1993 4374; baseline -0.001 -15"><span class='ocrx_word' id='word_1_318' title='bbox 344 4321 562 4372; x_wconf 91' lang='lat' dir='ltr'>rerum,</span> <span class='ocrx_word' id='word_1_319' title='bbox 608 4319 737 4374; x_wconf 86' lang='lat' dir='ltr'>quae</span> <span class='ocrx_word' id='word_1_320' title='bbox 789 4309 920 4357; x_wconf 91' lang='lat' dir='ltr'>anle</span> <span class='ocrx_word' id='word_1_321' title='bbox 969 4301 1248 4354; x_wconf 66' lang='lat' dir='ltr'>nuntiata:</span> <span class='ocrx_word' id='word_1_322' title='bbox 1299 4314 1451 4353; x_wconf 91' lang='lat' dir='ltr'>nunc</span> <span class='ocrx_word' id='word_1_323' title='bbox 1501 4305 1830 4354; x_wconf 85' lang='lat' dir='ltr'>evenerant.</span> <span class='ocrx_word' id='word_1_324' title='bbox 1869 4301 1993 4357; x_wconf 87' lang='lat' dir='ltr'>Illis</span> 
     </span>
    </p>
   </div>
   <div class='ocr_carea' id='block_1_49' title="bbox 342 4387 1985 4454">
    <p class='ocr_par' dir='ltr' id='par_1_49' title="bbox 342 4387 1985 4454">
     <span class='ocr_line' id='line_1_49' title="bbox 342 4387 1985 4454; baseline -0.002 -7"><span class='ocrx_word' id='word_1_325' title='bbox 342 4395 498 4450; x_wconf 89' lang='lat' dir='ltr'>enim</span> <span class='ocrx_word' id='word_1_326' title='bbox 531 4390 856 4450; x_wconf 88' lang='lat' dir='ltr'>domestica</span> <span class='ocrx_word' id='word_1_327' title='bbox 892 4391 1166 4444; x_wconf 84' lang='lat' dir='ltr'>venustas</span> <span class='ocrx_word' id='word_1_328' title='bbox 1197 4387 1546 4454; x_wconf 81' lang='lat' dir='ltr'>sufﬁciebat,</span> <span class='ocrx_word' id='word_1_329' title='bbox 1581 4387 1668 4442; x_wconf 93' lang='lat' dir='ltr'>his</span> <span class='ocrx_word' id='word_1_330' title='bbox 1700 4392 1892 4444; x_wconf 89' lang='lat' dir='ltr'>autem</span> <span class='ocrx_word' id='word_1_331' title='bbox 1916 4391 1985 4444; x_wconf 90' lang='lat' dir='ltr'>ad</span> 
     </span>
    </p>
   </div>
   <div class='ocr_carea' id='block_1_50' title="bbox 2046 3101 2585 3216">
    <p class='ocr_par' dir='ltr' id='par_1_50' title="bbox 2046 3101 2585 3216">
     <span class='ocr_line' id='line_1_50' title="bbox 2046 3101 2585 3216; baseline -0.002 -18"><span class='ocrx_word' id='word_1_332' title='bbox 2046 3101 2088 3168; x_wconf 64' lang='grc' dir='ltr'>ϐ</span> <span class='ocrx_word' id='word_1_333' title='bbox 2125 3144 2357 3216; x_wconf 80' lang='grc' dir='ltr'>ἀξίωμα,</span> <span class='ocrx_word' id='word_1_334' title='bbox 2404 3101 2454 3198; x_wconf 65' lang='grc' dir='ltr'>ἐν</span> <span class='ocrx_word' id='word_1_335' title='bbox 2500 3145 2585 3206; x_wconf 83' lang='grc' dir='ltr'>οῖς</span> 
     </span>
    </p>
   </div>
   <div class='ocr_carea' id='block_1_51' title="bbox 2153 555 3798 632">
    <p class='ocr_par' dir='ltr' id='par_1_51' title="bbox 2153 555 3798 632">
     <span class='ocr_line' id='line_1_51' title="bbox 2153 555 3798 632; baseline 0.002 -23"><span class='ocrx_word' id='word_1_336' title='bbox 2153 556 2244 610; x_wconf 89' lang='grc' dir='ltr'>τὸν</span> <span class='ocrx_word' id='word_1_337' title='bbox 2293 557 2521 611; x_wconf 81' lang='grc' dir='ltr'>θάνατον</span> <span class='ocrx_word' id='word_1_338' title='bbox 2561 555 2857 618; x_wconf 75' lang='grc' dir='ltr'>σκυλεύσας</span> <span class='ocrx_word' id='word_1_339' title='bbox 2903 556 3122 626; x_wconf 80' lang='grc' dir='ltr'>ἀνέστη,</span> <span class='ocrx_word' id='word_1_340' title='bbox 3172 558 3260 610; x_wconf 79' lang='grc' dir='ltr'>καὶ</span> <span class='ocrx_word' id='word_1_341' title='bbox 3308 557 3372 611; x_wconf 85' lang='grc' dir='ltr'>τὸ</span> <span class='ocrx_word' id='word_1_342' title='bbox 3430 561 3613 631; x_wconf 91' lang='grc' dir='ltr'>σῶμα,</span> <span class='ocrx_word' id='word_1_343' title='bbox 3667 557 3798 632; x_wconf 67' lang='grc' dir='ltr'>ὅπερ</span> 
     </span>
    </p>
   </div>
   <div class='ocr_carea' id='block_1_52' title="bbox 2149 643 3792 723">
    <p class='ocr_par' dir='ltr' id='par_1_52' title="bbox 2149 643 3792 723">
     <span class='ocr_line' id='line_1_52' title="bbox 2149 643 3792 723; baseline 0.002 -24"><span class='ocrx_word' id='word_1_344' title='bbox 2149 648 2249 710; x_wconf 80' lang='grc' dir='ltr'>τῆς</span> <span class='ocrx_word' id='word_1_345' title='bbox 2297 647 2485 723; x_wconf 80' lang='grc' dir='ltr'>ψυχῆς</span> <span class='ocrx_word' id='word_1_346' title='bbox 2537 643 2742 715; x_wconf 79' lang='grc' dir='ltr'>διέστη,</span> <span class='ocrx_word' id='word_1_347' title='bbox 2794 644 2960 700; x_wconf 82' lang='grc' dir='ltr'>πάλιν</span> <span class='ocrx_word' id='word_1_348' title='bbox 3012 643 3371 722; x_wconf 80' lang='grc' dir='ltr'>προσείληφε,</span> <span class='ocrx_word' id='word_1_349' title='bbox 3423 645 3663 708; x_wconf 81' lang='grc' dir='ltr'>καὶτοῖς</span> <span class='ocrx_word' id='word_1_350' title='bbox 3698 648 3792 720; x_wconf 73' lang='grc' dir='ltr'>μὲν</span> 
     </span>
    </p>
   </div>
   <div class='ocr_carea' id='block_1_53' title="bbox 2144 732 3796 809">
    <p class='ocr_par' dir='ltr' id='par_1_53' title="bbox 2144 732 3796 809">
     <span class='ocr_line' id='line_1_53' title="bbox 2144 732 3796 809; baseline 0.001 -20"><span class='ocrx_word' id='word_1_351' title='bbox 2144 735 2266 809; x_wconf 88' lang='grc' dir='ltr'>περὶ</span> <span class='ocrx_word' id='word_1_352' title='bbox 2319 732 2562 789; x_wconf 87' lang='grc' dir='ltr'>Κλεόπαν</span> <span class='ocrx_word' id='word_1_353' title='bbox 2625 733 2942 790; x_wconf 85' lang='grc' dir='ltr'>ὁδοποιοῦσι</span> <span class='ocrx_word' id='word_1_354' title='bbox 3001 734 3415 809; x_wconf 73' lang='grc' dir='ltr'>συνεπορεύετο,</span> <span class='ocrx_word' id='word_1_355' title='bbox 3475 737 3528 790; x_wconf 80' lang='lat'>0&quot;.</span> <span class='ocrx_word' id='word_1_356' title='bbox 3588 734 3645 791; x_wconf 80' lang='grc' dir='ltr'>δὲ</span> <span class='ocrx_word' id='word_1_357' title='bbox 3704 737 3796 792; x_wconf 85' lang='grc' dir='ltr'>τὸν</span> 
     </span>
    </p>
   </div>
   <div class='ocr_carea' id='block_1_54' title="bbox 2144 822 3796 899">
    <p class='ocr_par' dir='ltr' id='par_1_54' title="bbox 2144 822 3796 899">
     <span class='ocr_line' id='line_1_54' title="bbox 2144 822 3796 899; baseline 0.002 -22"><span class='ocrx_word' id='word_1_358' title='bbox 2144 823 2416 895; x_wconf 80' lang='grc' dir='ltr'>Δεσπότην</span> <span class='ocrx_word' id='word_1_359' title='bbox 2464 823 2562 878; x_wconf 88' lang='grc' dir='ltr'>ούκ</span> <span class='ocrx_word' id='word_1_360' title='bbox 2611 822 2930 899; x_wconf 78' lang='grc' dir='ltr'>ἐγίνωσκονο</span> <span class='ocrx_word' id='word_1_361' title='bbox 2981 823 3210 896; x_wconf 81' lang='grc' dir='ltr'>ἐπιτιμᾷ</span> <span class='ocrx_word' id='word_1_362' title='bbox 3263 825 3355 896; x_wconf 74' lang='grc' dir='ltr'>μὶν</span> <span class='ocrx_word' id='word_1_363' title='bbox 3441 823 3640 886; x_wconf 74' lang='grc' dir='ltr'>αὐτοὺς</span> <span class='ocrx_word' id='word_1_364' title='bbox 3695 833 3796 895; x_wconf 84' lang='grc' dir='ltr'>τῆς</span> 
     </span>
    </p>
   </div>
   <div class='ocr_carea' id='block_1_55' title="bbox 2141 910 3794 988">
    <p class='ocr_par' dir='ltr' id='par_1_55' title="bbox 2141 910 3794 988">
     <span class='ocr_line' id='line_1_55' title="bbox 2141 910 3794 988; baseline 0.002 -23"><span class='ocrx_word' id='word_1_365' title='bbox 2141 911 2383 986; x_wconf 77' lang='grc' dir='ltr'>ἀγνοίας,</span> <span class='ocrx_word' id='word_1_366' title='bbox 2419 911 2635 985; x_wconf 78' lang='grc' dir='ltr'>μᾶλλον</span> <span class='ocrx_word' id='word_1_367' title='bbox 2667 910 2724 968; x_wconf 75' lang='grc' dir='ltr'>δὲ</span> <span class='ocrx_word' id='word_1_368' title='bbox 2751 920 2853 983; x_wconf 86' lang='grc' dir='ltr'>τῆς</span> <span class='ocrx_word' id='word_1_369' title='bbox 2885 912 3091 982; x_wconf 88' lang='grc' dir='ltr'>ἀνοίας,</span> <span class='ocrx_word' id='word_1_370' title='bbox 3133 911 3221 967; x_wconf 88' lang='grc' dir='ltr'>καὶ</span> <span class='ocrx_word' id='word_1_371' title='bbox 3251 919 3352 982; x_wconf 85' lang='grc' dir='ltr'>τῆς</span> <span class='ocrx_word' id='word_1_372' title='bbox 3398 914 3522 988; x_wconf 80' lang='grc' dir='ltr'>περὶ</span> <span class='ocrx_word' id='word_1_373' title='bbox 3567 915 3668 982; x_wconf 82' lang='grc' dir='ltr'>τήν</span> <span class='ocrx_word' id='word_1_374' title='bbox 3703 914 3794 970; x_wconf 83' lang='grc' dir='ltr'>πί-</span> 
     </span>
    </p>
   </div>
   <div class='ocr_carea' id='block_1_56' title="bbox 2141 999 3786 1076">
    <p class='ocr_par' dir='ltr' id='par_1_56' title="bbox 2141 999 3786 1076">
     <span class='ocr_line' id='line_1_56' title="bbox 2141 999 3786 1076; baseline 0.002 -21"><span class='ocrx_word' id='word_1_375' title='bbox 2141 1021 2253 1055; x_wconf 84' lang='grc' dir='ltr'><strong>στιν</strong></span> <span class='ocrx_word' id='word_1_376' title='bbox 2305 999 2666 1076; x_wconf 84' lang='grc' dir='ltr'>βραδύτητος.</span> <span class='ocrx_word' id='word_1_377' title='bbox 2709 1003 2822 1058; x_wconf 82' lang='grc' dir='ltr'>Οὐκ</span> <span class='ocrx_word' id='word_1_378' title='bbox 2869 1001 3102 1057; x_wconf 82' lang='grc' dir='ltr'>ἄλλοθεν</span> <span class='ocrx_word' id='word_1_379' title='bbox 3156 999 3214 1056; x_wconf 74' lang='grc' dir='ltr'>δὲ</span> <span class='ocrx_word' id='word_1_380' title='bbox 3248 1001 3585 1074; x_wconf 77' lang='grc' dir='ltr'>ἐπιτίμησιν,</span> <span class='ocrx_word' id='word_1_381' title='bbox 3617 1001 3653 1072; x_wconf 71' lang='grc' dir='ltr'><strong>ἢ</strong></span> <span class='ocrx_word' id='word_1_382' title='bbox 3685 1006 3786 1074; x_wconf 79' lang='grc' dir='ltr'>τήν</span> 
     </span>
    </p>
   </div>
   <div class='ocr_carea' id='block_1_57' title="bbox 2141 1089 3790 1168">
    <p class='ocr_par' dir='ltr' id='par_1_57' title="bbox 2141 1089 3790 1168">
     <span class='ocr_line' id='line_1_57' title="bbox 2141 1089 3790 1168; baseline 0.002 -24"><span class='ocrx_word' id='word_1_383' title='bbox 2141 1089 2229 1144; x_wconf 81' lang='grc' dir='ltr'>ἐπὶ</span> <span class='ocrx_word' id='word_1_384' title='bbox 2268 1094 2464 1166; x_wconf 72' lang='grc' dir='ltr'>γνῶσιν</span> <span class='ocrx_word' id='word_1_385' title='bbox 2516 1091 2685 1168; x_wconf 82' lang='grc' dir='ltr'>φέρει,</span> <span class='ocrx_word' id='word_1_386' title='bbox 2733 1092 2914 1146; x_wconf 87' lang='grc' dir='ltr'>καίτοι</span> <span class='ocrx_word' id='word_1_387' title='bbox 2964 1091 3093 1164; x_wconf 82' lang='grc' dir='ltr'>ῥᾷον</span> <span class='ocrx_word' id='word_1_388' title='bbox 3139 1091 3198 1146; x_wconf 86' lang='grc' dir='ltr'>’ὀν</span> <span class='ocrx_word' id='word_1_389' title='bbox 3249 1093 3442 1166; x_wconf 76' lang='grc' dir='ltr'>χεῖράς</span> <span class='ocrx_word' id='word_1_390' title='bbox 3493 1112 3552 1147; x_wconf 87' lang='grc' dir='ltr'>τε</span> <span class='ocrx_word' id='word_1_391' title='bbox 3618 1089 3790 1162; x_wconf 79' lang='grc' dir='ltr'>δεῖξαι</span> 
     </span>
    </p>
   </div>
   <div class='ocr_carea' id='block_1_58' title="bbox 2138 1178 3788 1261">
    <p class='ocr_par' dir='ltr' id='par_1_58' title="bbox 2138 1178 3788 1261">
     <span class='ocr_line' id='line_1_58' title="bbox 2138 1178 3788 1261; baseline 0.001 -26"><span class='ocrx_word' id='word_1_392' title='bbox 2138 1180 2228 1235; x_wconf 85' lang='grc' dir='ltr'>καὶ</span> <span class='ocrx_word' id='word_1_393' title='bbox 2267 1178 2459 1250; x_wconf 83' lang='grc' dir='ltr'>πόδας,</span> <span class='ocrx_word' id='word_1_394' title='bbox 2509 1180 2542 1234; x_wconf 81' lang='grc' dir='ltr'>ἃ</span> <span class='ocrx_word' id='word_1_395' title='bbox 2587 1185 2696 1236; x_wconf 86' lang='grc' dir='ltr'>τῶν</span> <span class='ocrx_word' id='word_1_396' title='bbox 2733 1179 2886 1250; x_wconf 67' lang='grc' dir='ltr'>⁴ἥλων</span> <span class='ocrx_word' id='word_1_397' title='bbox 2937 1181 3025 1235; x_wconf 83' lang='grc' dir='ltr'>καὶ</span> <span class='ocrx_word' id='word_1_398' title='bbox 3075 1183 3174 1246; x_wconf 80' lang='grc' dir='ltr'>τῆς</span> <span class='ocrx_word' id='word_1_399' title='bbox 3216 1179 3433 1258; x_wconf 84' lang='grc' dir='ltr'>λόγχης</span> <span class='ocrx_word' id='word_1_400' title='bbox 3464 1179 3618 1261; x_wconf 83' lang='grc' dir='ltr'>ἔφερε</span> <span class='ocrx_word' id='word_1_401' title='bbox 3655 1183 3788 1244; x_wconf 81' lang='grc' dir='ltr'>τοὺς</span> 
     </span>
    </p>
   </div>
   <div class='ocr_carea' id='block_1_59' title="bbox 2137 1265 3789 1349">
    <p class='ocr_par' dir='ltr' id='par_1_59' title="bbox 2137 1265 3789 1349">
     <span class='ocr_line' id='line_1_59' title="bbox 2137 1265 3789 1349; baseline 0 -24"><span class='ocrx_word' id='word_1_402' title='bbox 2137 1269 2364 1340; x_wconf 88' lang='grc' dir='ltr'>τύπους,</span> <span class='ocrx_word' id='word_1_403' title='bbox 2414 1271 2500 1324; x_wconf 82' lang='grc' dir='ltr'>καὶ</span> <span class='ocrx_word' id='word_1_404' title='bbox 2549 1271 2617 1325; x_wconf 84' lang='grc' dir='ltr'>τὰ</span> <span class='ocrx_word' id='word_1_405' title='bbox 2666 1265 2941 1343; x_wconf 75' lang='grc' dir='ltr'>σύμϐολα,</span> <span class='ocrx_word' id='word_1_406' title='bbox 2989 1268 3080 1324; x_wconf 87' lang='grc' dir='ltr'>καὶ</span> <span class='ocrx_word' id='word_1_407' title='bbox 3128 1267 3207 1340; x_wconf 80' lang='grc' dir='ltr'>τῷ</span> <span class='ocrx_word' id='word_1_408' title='bbox 3256 1271 3418 1323; x_wconf 76' lang='grc' dir='ltr'>πάθει</span> <span class='ocrx_word' id='word_1_409' title='bbox 3449 1274 3632 1349; x_wconf 87' lang='grc' dir='ltr'>σαφῶς</span> <span class='ocrx_word' id='word_1_410' title='bbox 3665 1268 3789 1325; x_wconf 81' lang='grc' dir='ltr'>ἀνε-</span> 
     </span>
    </p>
   </div>
   <div class='ocr_carea' id='block_1_60' title="bbox 2138 1356 3784 1434">
    <p class='ocr_par' dir='ltr' id='par_1_60' title="bbox 2138 1356 3784 1434">
     <span class='ocr_line' id='line_1_60' title="bbox 2138 1356 3784 1434; baseline 0.002 -21"><span class='ocrx_word' id='word_1_411' title='bbox 2138 1356 2355 1414; x_wconf 82' lang='grc' dir='ltr'>δίδασκε</span> <span class='ocrx_word' id='word_1_412' title='bbox 2396 1361 2486 1415; x_wconf 86' lang='grc' dir='ltr'>τὸν</span> <span class='ocrx_word' id='word_1_413' title='bbox 2534 1361 2862 1430; x_wconf 81' lang='grc' dir='ltr'>πεπονθότα,</span> <span class='ocrx_word' id='word_1_414' title='bbox 2909 1357 3092 1433; x_wconf 82' lang='grc' dir='ltr'>ὥσπερ</span> <span class='ocrx_word' id='word_1_415' title='bbox 3136 1357 3352 1434; x_wconf 78' lang='grc' dir='ltr'>ὕστερον</span> <span class='ocrx_word' id='word_1_416' title='bbox 3394 1365 3512 1422; x_wconf 83' lang='grc' dir='ltr'>τοῖς</span> <span class='ocrx_word' id='word_1_417' title='bbox 3541 1366 3648 1415; x_wconf 89' lang='grc' dir='ltr'>τῶν</span> <span class='ocrx_word' id='word_1_418' title='bbox 3678 1381 3784 1433; x_wconf 89' lang='grc' dir='ltr'>μα-</span> 
     </span>
    </p>
   </div>
   <div class='ocr_carea' id='block_1_61' title="bbox 2137 1445 3781 1523">
    <p class='ocr_par' dir='ltr' id='par_1_61' title="bbox 2137 1445 3781 1523">
     <span class='ocr_line' id='line_1_61' title="bbox 2137 1445 3781 1523; baseline 0.003 -21"><span class='ocrx_word' id='word_1_419' title='bbox 2137 1450 2319 1519; x_wconf 92' lang='grc' dir='ltr'>θητῶν</span> <span class='ocrx_word' id='word_1_420' title='bbox 2350 1445 2764 1523; x_wconf 75' lang='grc' dir='ltr'>ἀμφιϐάλλουσι</span> <span class='ocrx_word' id='word_1_421' title='bbox 2798 1445 2870 1502; x_wconf 87' lang='grc' dir='ltr'>δι’</span> <span class='ocrx_word' id='word_1_422' title='bbox 2902 1448 3074 1502; x_wconf 77' lang='grc' dir='ltr'>αὐτῶν</span> <span class='ocrx_word' id='word_1_423' title='bbox 3102 1449 3199 1517; x_wconf 81' lang='grc' dir='ltr'>τήν</span> <span class='ocrx_word' id='word_1_424' title='bbox 3232 1448 3485 1504; x_wconf 82' lang='grc' dir='ltr'>ἀπιστίαν</span> <span class='ocrx_word' id='word_1_425' title='bbox 3513 1447 3781 1507; x_wconf 72' lang='grc' dir='ltr'>διέλυσεν.</span> 
     </span>
    </p>
   </div>
   <div class='ocr_carea' id='block_1_62' title="bbox 2135 1535 3777 1612">
    <p class='ocr_par' dir='ltr' id='par_1_62' title="bbox 2135 1535 3777 1612">
     <span class='ocr_line' id='line_1_62' title="bbox 2135 1535 3777 1612; baseline 0.001 -21"><span class='ocrx_word' id='word_1_426' title='bbox 2135 1536 2208 1591; x_wconf 80' lang='grc' dir='ltr'>Οὐ</span> <span class='ocrx_word' id='word_1_427' title='bbox 2258 1538 2351 1610; x_wconf 79' lang='grc' dir='ltr'>μὶν</span> <span class='ocrx_word' id='word_1_428' title='bbox 2406 1535 2523 1592; x_wconf 84' lang='grc' dir='ltr'>οὐδ’</span> <span class='ocrx_word' id='word_1_429' title='bbox 2575 1536 2894 1610; x_wconf 75' lang='grc' dir='ltr'>ἀνέμνησεν,</span> <span class='ocrx_word' id='word_1_430' title='bbox 2949 1536 3032 1592; x_wconf 76' lang='grc' dir='ltr'>ὅτι</span> <span class='ocrx_word' id='word_1_431' title='bbox 3078 1537 3184 1612; x_wconf 88' lang='grc' dir='ltr'>πρὸ</span> <span class='ocrx_word' id='word_1_432' title='bbox 3229 1541 3325 1592; x_wconf 80' lang='grc' dir='ltr'>τοῦ</span> <span class='ocrx_word' id='word_1_433' title='bbox 3366 1539 3572 1598; x_wconf 81' lang='grc' dir='ltr'>πάθους</span> <span class='ocrx_word' id='word_1_434' title='bbox 3601 1540 3777 1594; x_wconf 86' lang='grc' dir='ltr'>συνὼν</span> 
     </span>
    </p>
   </div>
   <div class='ocr_carea' id='block_1_63' title="bbox 2134 1624 3778 1701">
    <p class='ocr_par' dir='ltr' id='par_1_63' title="bbox 2134 1624 3778 1701">
     <span class='ocr_line' id='line_1_63' title="bbox 2134 1624 3778 1701; baseline 0.001 -21"><span class='ocrx_word' id='word_1_435' title='bbox 2134 1627 2325 1688; x_wconf 82' lang='grc' dir='ltr'>αὐτοῖς</span> <span class='ocrx_word' id='word_1_436' title='bbox 2364 1627 2532 1683; x_wconf 76' lang='grc' dir='ltr'>ταῦτα</span> <span class='ocrx_word' id='word_1_437' title='bbox 2563 1633 2842 1701; x_wconf 86' lang='grc' dir='ltr'>προεῖπεν,</span> <span class='ocrx_word' id='word_1_438' title='bbox 2892 1624 3006 1682; x_wconf 83' lang='grc' dir='ltr'>οὐδ’</span> <span class='ocrx_word' id='word_1_439' title='bbox 3059 1627 3144 1688; x_wconf 79' lang='grc' dir='ltr'>οἷς</span> <span class='ocrx_word' id='word_1_440' title='bbox 3194 1628 3613 1701; x_wconf 85' lang='grc' dir='ltr'>θαυματουργῶν</span> <span class='ocrx_word' id='word_1_441' title='bbox 3664 1632 3778 1682; x_wconf 79' lang='grc' dir='ltr'>τῶν</span> 
     </span>
    </p>
   </div>
   <div class='ocr_carea' id='block_1_64' title="bbox 2135 1714 3780 1792">
    <p class='ocr_par' dir='ltr' id='par_1_64' title="bbox 2135 1714 3780 1792">
     <span class='ocr_line' id='line_1_64' title="bbox 2135 1714 3780 1792; baseline 0.001 -21"><span class='ocrx_word' id='word_1_442' title='bbox 2135 1714 2318 1791; x_wconf 88' lang='grc' dir='ltr'>λόγων</span> <span class='ocrx_word' id='word_1_443' title='bbox 2348 1716 2512 1772; x_wconf 82' lang='grc' dir='ltr'>αὐτοῦ</span> <span class='ocrx_word' id='word_1_444' title='bbox 2545 1718 2645 1785; x_wconf 71' lang='grc' dir='ltr'>τὴν</span> <span class='ocrx_word' id='word_1_445' title='bbox 2677 1716 2938 1787; x_wconf 75' lang='grc' dir='ltr'>ἀλήθειαν</span> <span class='ocrx_word' id='word_1_446' title='bbox 2972 1721 3204 1792; x_wconf 79' lang='grc' dir='ltr'>συνεῖχε’</span> <span class='ocrx_word' id='word_1_447' title='bbox 3251 1716 3432 1772; x_wconf 88' lang='grc' dir='ltr'>καίτοι</span> <span class='ocrx_word' id='word_1_448' title='bbox 3478 1718 3566 1771; x_wconf 83' lang='grc' dir='ltr'>καὶ</span> <span class='ocrx_word' id='word_1_449' title='bbox 3611 1722 3780 1772; x_wconf 80' lang='grc' dir='ltr'>τοῦτο</span> 
     </span>
    </p>
   </div>
   <div class='ocr_carea' id='block_1_65' title="bbox 2131 1803 3783 1882">
    <p class='ocr_par' dir='ltr' id='par_1_65' title="bbox 2131 1803 3783 1882">
     <span class='ocr_line' id='line_1_65' title="bbox 2131 1803 3783 1882; baseline 0 -22"><span class='ocrx_word' id='word_1_450' title='bbox 2131 1807 2590 1880; x_wconf 78' lang='grc' dir='ltr'>προσανέμνησεν,</span> <span class='ocrx_word' id='word_1_451' title='bbox 2639 1807 2722 1867; x_wconf 86' lang='grc' dir='ltr'>οἷς</span> <span class='ocrx_word' id='word_1_452' title='bbox 2767 1803 2924 1882; x_wconf 80' lang='grc' dir='ltr'>ὤφθη</span> <span class='ocrx_word' id='word_1_453' title='bbox 2988 1805 3122 1878; x_wconf 86' lang='grc' dir='ltr'>μετά</span> <span class='ocrx_word' id='word_1_454' title='bbox 3165 1808 3351 1862; x_wconf 79' lang='grc' dir='ltr'>ταῦτα.</span> <span class='ocrx_word' id='word_1_455' title='bbox 3414 1803 3571 1860; x_wconf 85' lang='grc' dir='ltr'>Ἀλλ’</span> <span class='ocrx_word' id='word_1_456' title='bbox 3623 1803 3783 1860; x_wconf 67' lang='grc' dir='ltr'>οὐδὲν</span> 
     </span>
    </p>
   </div>
   <div class='ocr_carea' id='block_1_66' title="bbox 2131 1889 3776 1970">
    <p class='ocr_par' dir='ltr' id='par_1_66' title="bbox 2131 1889 3776 1970">
     <span class='ocr_line' id='line_1_66' title="bbox 2131 1889 3776 1970; baseline 0.001 -23"><span class='ocrx_word' id='word_1_457' title='bbox 2131 1893 2338 1948; x_wconf 88' lang='grc' dir='ltr'>τούτων</span> <span class='ocrx_word' id='word_1_458' title='bbox 2371 1892 2554 1954; x_wconf 82' lang='grc' dir='ltr'>αὐτοῖς</span> <span class='ocrx_word' id='word_1_459' title='bbox 2585 1893 2826 1968; x_wconf 78' lang='grc' dir='ltr'>προθεὶς,</span> <span class='ocrx_word' id='word_1_460' title='bbox 2871 1889 2988 1947; x_wconf 82' lang='grc' dir='ltr'>οὐδ’</span> <span class='ocrx_word' id='word_1_461' title='bbox 3033 1894 3120 1970; x_wconf 82' lang='grc' dir='ltr'>ἀφ’</span> <span class='ocrx_word' id='word_1_462' title='bbox 3173 1893 3289 1955; x_wconf 72' lang='grc' dir='ltr'>ἑνὸς</span> <span class='ocrx_word' id='word_1_463' title='bbox 3329 1897 3437 1948; x_wconf 90' lang='grc' dir='ltr'>τῶν</span> <span class='ocrx_word' id='word_1_464' title='bbox 3489 1893 3776 1969; x_wconf 79' lang='grc' dir='ltr'>σωτηρίων</span> 
     </span>
    </p>
   </div>
   <div class='ocr_carea' id='block_1_67' title="bbox 2130 1979 3779 2059">
    <p class='ocr_par' dir='ltr' id='par_1_67' title="bbox 2130 1979 3779 2059">
     <span class='ocr_line' id='line_1_67' title="bbox 2130 1979 3779 2059; baseline 0.001 -23"><span class='ocrx_word' id='word_1_465' title='bbox 2130 1983 2340 2053; x_wconf 87' lang='grc' dir='ltr'>παθῶν,</span> <span class='ocrx_word' id='word_1_466' title='bbox 2394 1979 2519 2036; x_wconf 73' lang='grc' dir='ltr'>οὕτε</span> <span class='ocrx_word' id='word_1_467' title='bbox 2577 1979 2900 2053; x_wconf 80' lang='grc' dir='ltr'>ἐπιπλήξας,</span> <span class='ocrx_word' id='word_1_468' title='bbox 2953 1979 3082 2036; x_wconf 74' lang='grc' dir='ltr'>οὔτε</span> <span class='ocrx_word' id='word_1_469' title='bbox 3122 1979 3360 2054; x_wconf 72' lang='grc' dir='ltr'>διδάξας,</span> <span class='ocrx_word' id='word_1_470' title='bbox 3407 1981 3536 2037; x_wconf 85' lang='grc' dir='ltr'>ἀλλ’</span> <span class='ocrx_word' id='word_1_471' title='bbox 3593 1980 3779 2059; x_wconf 83' lang='grc' dir='ltr'>ὥσπερ</span> 
     </span>
    </p>
   </div>
   <div class='ocr_carea' id='block_1_68' title="bbox 2134 2067 3784 2146">
    <p class='ocr_par' dir='ltr' id='par_1_68' title="bbox 2134 2067 3784 2146">
     <span class='ocr_line' id='line_1_68' title="bbox 2134 2067 3784 2146; baseline 0.002 -22"><span class='ocrx_word' id='word_1_472' title='bbox 2134 2069 2436 2144; x_wconf 72' lang='grc' dir='ltr'>μονονουχὶ</span> <span class='ocrx_word' id='word_1_473' title='bbox 2469 2067 2676 2132; x_wconf 80' lang='grc' dir='ltr'>δεικνὺς</span> <span class='ocrx_word' id='word_1_474' title='bbox 2701 2068 3041 2146; x_wconf 82' lang='grc' dir='ltr'>ἐφαμίλλους</span> <span class='ocrx_word' id='word_1_475' title='bbox 3066 2071 3201 2126; x_wconf 76' lang='grc' dir='ltr'>εἶναι</span> <span class='ocrx_word' id='word_1_476' title='bbox 3228 2072 3364 2143; x_wconf 85' lang='grc' dir='ltr'>πρὸς</span> <span class='ocrx_word' id='word_1_477' title='bbox 3393 2070 3656 2141; x_wconf 81' lang='grc' dir='ltr'>ἀληθείας</span> <span class='ocrx_word' id='word_1_478' title='bbox 3683 2093 3784 2128; x_wconf 79' lang='grc' dir='ltr'>πα-</span> 
     </span>
    </p>
   </div>
   <div class='ocr_carea' id='block_1_69' title="bbox 2129 2157 3780 2236">
    <p class='ocr_par' dir='ltr' id='par_1_69' title="bbox 2129 2157 3780 2236">
     <span class='ocr_line' id='line_1_69' title="bbox 2129 2157 3780 2236; baseline 0.001 -21"><span class='ocrx_word' id='word_1_479' title='bbox 2129 2161 2405 2236; x_wconf 83' lang='grc' dir='ltr'>ράστασιν,</span> <span class='ocrx_word' id='word_1_480' title='bbox 2455 2160 2544 2214; x_wconf 80' lang='grc' dir='ltr'>καὶ</span> <span class='ocrx_word' id='word_1_481' title='bbox 2593 2159 2844 2236; x_wconf 85' lang='grc' dir='ltr'>φωτίζειν</span> <span class='ocrx_word' id='word_1_482' title='bbox 2895 2160 3189 2233; x_wconf 85' lang='grc' dir='ltr'>ἀνθρώπων</span> <span class='ocrx_word' id='word_1_483' title='bbox 3243 2157 3509 2229; x_wconf 68' lang='grc' dir='ltr'>διάνοιαν,</span> <span class='ocrx_word' id='word_1_484' title='bbox 3555 2161 3682 2225; x_wconf 86' lang='grc' dir='ltr'>τούς</span> <span class='ocrx_word' id='word_1_485' title='bbox 3721 2183 3780 2218; x_wconf 87' lang='grc' dir='ltr'>τε</span> 
     </span>
    </p>
   </div>
   <div class='ocr_carea' id='block_1_70' title="bbox 2129 2247 3781 2326">
    <p class='ocr_par' dir='ltr' id='par_1_70' title="bbox 2129 2247 3781 2326">
     <span class='ocr_line' id='line_1_70' title="bbox 2163 2247 3747 2304; baseline 0.001 -34"><span class='ocrx_word' id='word_1_486' title='bbox 2163 2250 2178 2270; x_wconf 70' lang='grc' dir='ltr'>ν</span> <span class='ocrx_word' id='word_1_487' title='bbox 2255 2249 2265 2268; x_wconf 73' lang='grc' dir='ltr'><em>ο</em></span> <span class='ocrx_word' id='word_1_488' title='bbox 2390 2247 2453 2303; x_wconf 79' lang='grc' dir='ltr'>λι</span> <span class='ocrx_word' id='word_1_489' title='bbox 2693 2249 2707 2267; x_wconf 83' lang='lat'><strong><em>\</em></strong></span> <span class='ocrx_word' id='word_1_490' title='bbox 2780 2249 2795 2270; x_wconf 57' lang='grc' dir='ltr'>κ</span> <span class='ocrx_word' id='word_1_491' title='bbox 3086 2250 3101 2270; x_wconf 77' lang='lat'><strong><em>\</em></strong></span> <span class='ocrx_word' id='word_1_492' title='bbox 3153 2247 3210 2304; x_wconf 58' lang='grc' dir='ltr'>δε</span> <span class='ocrx_word' id='word_1_493' title='bbox 3346 2251 3358 2268; x_wconf 62' lang='grc' dir='ltr'>ι</span> <span class='ocrx_word' id='word_1_494' title='bbox 3451 2252 3464 2268; x_wconf 62' lang='grc' dir='ltr'>ε</span> <span class='ocrx_word' id='word_1_495' title='bbox 3720 2261 3747 2271; x_wconf 88' lang='grc'><strong>..</strong></span> 
     </span>
     <span class='ocr_line' id='line_1_71' title="bbox 2129 2257 3781 2326; baseline 0 -22"><span class='ocrx_word' id='word_1_496' title='bbox 2129 2270 2358 2311; x_wconf 87' lang='grc' dir='ltr'>οικειους</span> <span class='ocrx_word' id='word_1_497' title='bbox 2429 2270 2588 2326; x_wconf 90' lang='grc' dir='ltr'>ογους</span> <span class='ocrx_word' id='word_1_498' title='bbox 2618 2270 2709 2304; x_wconf 89' lang='grc' dir='ltr'>και</span> <span class='ocrx_word' id='word_1_499' title='bbox 2735 2271 2867 2305; x_wconf 89' lang='grc' dir='ltr'>ταπ</span> <span class='ocrx_word' id='word_1_500' title='bbox 2937 2271 2970 2320; x_wconf 81' lang='grc' dir='ltr'>η</span> <span class='ocrx_word' id='word_1_501' title='bbox 3011 2271 3102 2304; x_wconf 85' lang='grc' dir='ltr'>και</span> <span class='ocrx_word' id='word_1_502' title='bbox 3185 2272 3218 2319; x_wconf 82' lang='grc' dir='ltr'>η</span> <span class='ocrx_word' id='word_1_503' title='bbox 3270 2271 3360 2304; x_wconf 89' lang='grc' dir='ltr'>και</span> <span class='ocrx_word' id='word_1_504' title='bbox 3405 2271 3502 2312; x_wconf 83' lang='grc' dir='ltr'>τας</span> <span class='ocrx_word' id='word_1_505' title='bbox 3551 2257 3781 2306; x_wconf 80' lang='grc' dir='ltr'>Μωσαιο</span> 
     </span>
    </p>
   </div>
   <div class='ocr_carea' id='block_1_71' title="bbox 2128 2336 3782 2416">
    <p class='ocr_par' dir='ltr' id='par_1_71' title="bbox 2128 2336 3782 2416">
     <span class='ocr_line' id='line_1_72' title="bbox 2128 2336 3782 2416; baseline 0.001 -23"><span class='ocrx_word' id='word_1_506' title='bbox 2128 2339 2225 2400; x_wconf 81' lang='grc' dir='ltr'>κάς</span> <span class='ocrx_word' id='word_1_507' title='bbox 2255 2339 2343 2393; x_wconf 88' lang='grc' dir='ltr'>καὶ</span> <span class='ocrx_word' id='word_1_508' title='bbox 2377 2339 2723 2416; x_wconf 86' lang='grc' dir='ltr'>προφητικὰς</span> <span class='ocrx_word' id='word_1_509' title='bbox 2754 2339 2955 2414; x_wconf 82' lang='grc' dir='ltr'>φωνάς·</span> <span class='ocrx_word' id='word_1_510' title='bbox 2987 2344 3106 2400; x_wconf 84' lang='grc' dir='ltr'>τοῖς</span> <span class='ocrx_word' id='word_1_511' title='bbox 3140 2340 3234 2411; x_wconf 74' lang='grc' dir='ltr'>μὲν</span> <span class='ocrx_word' id='word_1_512' title='bbox 3266 2336 3336 2394; x_wconf 86' lang='grc' dir='ltr'>δι’</span> <span class='ocrx_word' id='word_1_513' title='bbox 3387 2341 3460 2394; x_wconf 84' lang='grc' dir='ltr'>ῶν</span> <span class='ocrx_word' id='word_1_514' title='bbox 3511 2336 3676 2413; x_wconf 79' lang='grc' dir='ltr'>ἔδειξέ</span> <span class='ocrx_word' id='word_1_515' title='bbox 3719 2361 3782 2396; x_wconf 89' lang='grc' dir='ltr'>τε</span> 
     </span>
    </p>
   </div>
   <div class='ocr_carea' id='block_1_72' title="bbox 2126 2426 3780 2504">
    <p class='ocr_par' dir='ltr' id='par_1_72' title="bbox 2126 2426 3780 2504">
     <span class='ocr_line' id='line_1_73' title="bbox 2126 2426 3780 2504; baseline 0.001 -22"><span class='ocrx_word' id='word_1_516' title='bbox 2126 2427 2192 2482; x_wconf 82' lang='grc' dir='ltr'>τά</span> <span class='ocrx_word' id='word_1_517' title='bbox 2251 2427 2339 2482; x_wconf 75' lang='grc' dir='ltr'>ἐπὶ</span> <span class='ocrx_word' id='word_1_518' title='bbox 2397 2433 2495 2482; x_wconf 75' lang='grc' dir='ltr'>τοῦ</span> <span class='ocrx_word' id='word_1_519' title='bbox 2555 2427 2810 2501; x_wconf 85' lang='grc' dir='ltr'>σώματος</span> <span class='ocrx_word' id='word_1_520' title='bbox 2862 2432 2970 2482; x_wconf 88' lang='grc' dir='ltr'>τῶν</span> <span class='ocrx_word' id='word_1_521' title='bbox 3034 2430 3220 2483; x_wconf 90' lang='grc' dir='ltr'>παθῶν</span> <span class='ocrx_word' id='word_1_522' title='bbox 3270 2426 3432 2504; x_wconf 65' lang='grc' dir='ltr'>ἴχνη,</span> <span class='ocrx_word' id='word_1_523' title='bbox 3486 2428 3574 2484; x_wconf 79' lang='grc' dir='ltr'>καὶ</span> <span class='ocrx_word' id='word_1_524' title='bbox 3616 2429 3780 2492; x_wconf 81' lang='grc' dir='ltr'>αὐτὸς</span> 
     </span>
    </p>
   </div>
   <div class='ocr_carea' id='block_1_73' title="bbox 2125 2513 3778 2594">
    <p class='ocr_par' dir='ltr' id='par_1_73' title="bbox 2125 2513 3778 2594">
     <span class='ocr_line' id='line_1_74' title="bbox 2125 2513 3778 2594; baseline 0.002 -22"><span class='ocrx_word' id='word_1_525' title='bbox 2125 2516 2527 2590; x_wconf 81' lang='grc' dir='ltr'>προεθέσπιζεν,</span> <span class='ocrx_word' id='word_1_526' title='bbox 2561 2513 2814 2573; x_wconf 77' lang='grc' dir='ltr'>ἐϐεϐαίου</span> <span class='ocrx_word' id='word_1_527' title='bbox 2841 2520 2942 2588; x_wconf 75' lang='grc' dir='ltr'>τὴν</span> <span class='ocrx_word' id='word_1_528' title='bbox 2991 2519 3298 2574; x_wconf 83' lang='grc' dir='ltr'>ἀνάστασιν·</span> <span class='ocrx_word' id='word_1_529' title='bbox 3352 2521 3481 2581; x_wconf 86' lang='grc' dir='ltr'>τοὺς</span> <span class='ocrx_word' id='word_1_530' title='bbox 3534 2517 3591 2574; x_wconf 76' lang='grc' dir='ltr'>δὲ</span> <span class='ocrx_word' id='word_1_531' title='bbox 3639 2539 3778 2594; x_wconf 84' lang='grc' dir='ltr'>προ-</span> 
     </span>
    </p>
   </div>
   <div class='ocr_carea' id='block_1_74' title="bbox 2127 2603 3772 2678">
    <p class='ocr_par' dir='ltr' id='par_1_74' title="bbox 2127 2603 3772 2678">
     <span class='ocr_line' id='line_1_75' title="bbox 2127 2603 3772 2678; baseline 0.001 -16"><span class='ocrx_word' id='word_1_532' title='bbox 2127 2603 2396 2670; x_wconf 76' lang='grc' dir='ltr'>λαϐόντας</span> <span class='ocrx_word' id='word_1_533' title='bbox 2444 2607 2520 2669; x_wconf 86' lang='grc' dir='ltr'>εἰς</span> <span class='ocrx_word' id='word_1_534' title='bbox 2571 2608 2688 2662; x_wconf 70' lang='grc' dir='ltr'>θέαν</span> <span class='ocrx_word' id='word_1_535' title='bbox 2745 2607 2909 2662; x_wconf 77' lang='grc' dir='ltr'>αὐτοῦ</span> <span class='ocrx_word' id='word_1_536' title='bbox 2961 2616 3322 2678; x_wconf 75' lang='grc' dir='ltr'>καταστῆναι,</span> <span class='ocrx_word' id='word_1_537' title='bbox 3376 2609 3470 2664; x_wconf 82' lang='grc' dir='ltr'>ἀπ’</span> <span class='ocrx_word' id='word_1_538' title='bbox 3545 2606 3772 2671; x_wconf 79' lang='grc' dir='ltr'>οὐδενὸς</span> 
     </span>
    </p>
   </div>
   <div class='ocr_carea' id='block_1_75' title="bbox 2122 2693 3778 2771">
    <p class='ocr_par' dir='ltr' id='par_1_75' title="bbox 2122 2693 3778 2771">
     <span class='ocr_line' id='line_1_76' title="bbox 2122 2693 3778 2771; baseline -0.001 -18"><span class='ocrx_word' id='word_1_539' title='bbox 2122 2702 2229 2753; x_wconf 90' lang='grc' dir='ltr'>τῶν</span> <span class='ocrx_word' id='word_1_540' title='bbox 2277 2696 2580 2771; x_wconf 82' lang='grc' dir='ltr'>εἰρημένων</span> <span class='ocrx_word' id='word_1_541' title='bbox 2631 2697 2817 2752; x_wconf 75' lang='grc' dir='ltr'>ἑαυτὸν</span> <span class='ocrx_word' id='word_1_542' title='bbox 2866 2697 3287 2767; x_wconf 77' lang='grc' dir='ltr'>ἀνακαλύπτων,</span> <span class='ocrx_word' id='word_1_543' title='bbox 3351 2695 3464 2752; x_wconf 82' lang='grc' dir='ltr'>οὐδ’</span> <span class='ocrx_word' id='word_1_544' title='bbox 3523 2693 3778 2753; x_wconf 72' lang='grc' dir='ltr'>ὑποϐάλ-</span> 
     </span>
    </p>
   </div>
   <div class='ocr_carea' id='block_1_76' title="bbox 2125 2785 3773 2862">
    <p class='ocr_par' dir='ltr' id='par_1_76' title="bbox 2125 2785 3773 2862">
     <span class='ocr_line' id='line_1_77' title="bbox 2125 2785 3773 2862; baseline 0.001 -22"><span class='ocrx_word' id='word_1_545' title='bbox 2125 2790 2235 2841; x_wconf 82' lang='grc' dir='ltr'>λῶν</span> <span class='ocrx_word' id='word_1_546' title='bbox 2276 2786 2351 2850; x_wconf 85' lang='grc' dir='ltr'>εἰς</span> <span class='ocrx_word' id='word_1_547' title='bbox 2399 2785 2736 2858; x_wconf 79' lang='grc' dir='ltr'>ἐπιτίμησιν,</span> <span class='ocrx_word' id='word_1_548' title='bbox 2781 2785 2888 2840; x_wconf 85' lang='grc' dir='ltr'>ἀπό</span> <span class='ocrx_word' id='word_1_549' title='bbox 2937 2808 3000 2862; x_wconf 93' lang='grc' dir='ltr'>γε</span> <span class='ocrx_word' id='word_1_550' title='bbox 3043 2791 3150 2841; x_wconf 88' lang='grc' dir='ltr'>τῶν</span> <span class='ocrx_word' id='word_1_551' title='bbox 3205 2790 3502 2862; x_wconf 75' lang='grc' dir='ltr'>προφητῶν</span> <span class='ocrx_word' id='word_1_552' title='bbox 3547 2787 3773 2842; x_wconf 75' lang='grc' dir='ltr'>καὶτοῦ</span> 
     </span>
    </p>
   </div>
   <div class='ocr_carea' id='block_1_77' title="bbox 2127 2872 3768 2955">
    <p class='ocr_par' dir='ltr' id='par_1_77' title="bbox 2127 2872 3768 2955">
     <span class='ocr_line' id='line_1_78' title="bbox 2127 2872 3768 2955; baseline 0.001 -25"><span class='ocrx_word' id='word_1_553' title='bbox 2127 2875 2366 2937; x_wconf 75' lang='grc' dir='ltr'>Μωσέως</span> <span class='ocrx_word' id='word_1_554' title='bbox 2419 2876 2480 2928; x_wconf 89' lang='grc' dir='ltr'>τό</span> <span class='ocrx_word' id='word_1_555' title='bbox 2537 2895 2595 2930; x_wconf 90' lang='grc' dir='ltr'>τε</span> <span class='ocrx_word' id='word_1_556' title='bbox 2647 2872 2906 2952; x_wconf 84' lang='grc' dir='ltr'>ἔγκλημα</span> <span class='ocrx_word' id='word_1_557' title='bbox 2961 2875 3175 2939; x_wconf 78' lang='grc' dir='ltr'>τούτοις</span> <span class='ocrx_word' id='word_1_558' title='bbox 3233 2876 3464 2955; x_wconf 84' lang='grc' dir='ltr'>ὑφαίνει,</span> <span class='ocrx_word' id='word_1_559' title='bbox 3517 2876 3605 2930; x_wconf 88' lang='grc' dir='ltr'>καὶ</span> <span class='ocrx_word' id='word_1_560' title='bbox 3659 2877 3768 2944; x_wconf 86' lang='grc' dir='ltr'>τήν</span> 
     </span>
    </p>
   </div>
   <div class='ocr_carea' id='block_1_78' title="bbox 2123 2961 3776 3040">
    <p class='ocr_par' dir='ltr' id='par_1_78' title="bbox 2123 2961 3776 3040">
     <span class='ocr_line' id='line_1_79' title="bbox 2123 2961 3776 3040; baseline 0.002 -22"><span class='ocrx_word' id='word_1_561' title='bbox 2123 2961 2336 3040; x_wconf 75' lang='grc' dir='ltr'>ἄγνοιαν</span> <span class='ocrx_word' id='word_1_562' title='bbox 2393 2963 2568 3020; x_wconf 82' lang='grc' dir='ltr'>αὐτῶν</span> <span class='ocrx_word' id='word_1_563' title='bbox 2623 2971 2726 3034; x_wconf 85' lang='grc' dir='ltr'>τῆς</span> <span class='ocrx_word' id='word_1_564' title='bbox 2779 2967 2984 3040; x_wconf 80' lang='grc' dir='ltr'>ψυχῆς,</span> <span class='ocrx_word' id='word_1_565' title='bbox 3046 2967 3160 3038; x_wconf 76' lang='grc' dir='ltr'>ἅμα</span> <span class='ocrx_word' id='word_1_566' title='bbox 3207 2967 3296 3020; x_wconf 85' lang='grc' dir='ltr'>καὶ</span> <span class='ocrx_word' id='word_1_567' title='bbox 3355 2971 3463 3021; x_wconf 91' lang='grc' dir='ltr'>τῶν</span> <span class='ocrx_word' id='word_1_568' title='bbox 3503 2965 3776 3039; x_wconf 81' lang='grc' dir='ltr'>ὀμμάτων</span> 
     </span>
    </p>
   </div>
   <div class='ocr_carea' id='block_1_79' title="bbox 2129 3052 3777 3130">
    <p class='ocr_par' dir='ltr' id='par_1_79' title="bbox 2129 3052 3777 3130">
     <span class='ocr_line' id='line_1_80' title="bbox 2129 3052 3777 3130; baseline 0 -22"><span class='ocrx_word' id='word_1_569' title='bbox 2129 3054 2571 3123; x_wconf 81' lang='grc' dir='ltr'>ἂποσκευάζεται.</span> <span class='ocrx_word' id='word_1_570' title='bbox 2633 3053 2736 3110; x_wconf 77' lang='grc' dir='ltr'>Καὶ</span> <span class='ocrx_word' id='word_1_571' title='bbox 2792 3055 2923 3128; x_wconf 88' lang='grc' dir='ltr'>τόγε</span> <span class='ocrx_word' id='word_1_572' title='bbox 2979 3052 3251 3130; x_wconf 78' lang='grc' dir='ltr'>ἐξαίρετον</span> <span class='ocrx_word' id='word_1_573' title='bbox 3311 3055 3386 3117; x_wconf 85' lang='grc' dir='ltr'>εἱς</span> <span class='ocrx_word' id='word_1_574' title='bbox 3447 3053 3603 3130; x_wconf 72' lang='grc' dir='ltr'>ἰσχὺν</span> <span class='ocrx_word' id='word_1_575' title='bbox 3680 3055 3777 3110; x_wconf 81' lang='grc' dir='ltr'>καὶ</span> 
     </span>
    </p>
   </div>
   <div class='ocr_carea' id='block_1_80' title="bbox 2637 3141 3778 3218">
    <p class='ocr_par' dir='ltr' id='par_1_80' title="bbox 2637 3141 3778 3218">
     <span class='ocr_line' id='line_1_81' title="bbox 2637 3141 3778 3218; baseline 0.001 -20"><span class='ocrx_word' id='word_1_576' title='bbox 2637 3144 2731 3216; x_wconf 76' lang='grc' dir='ltr'>μὶν</span> <span class='ocrx_word' id='word_1_577' title='bbox 2784 3142 3060 3218; x_wconf 81' lang='grc' dir='ltr'>ἐχρήσατο</span> <span class='ocrx_word' id='word_1_578' title='bbox 3109 3144 3246 3216; x_wconf 77' lang='grc' dir='ltr'>πρὸς</span> <span class='ocrx_word' id='word_1_579' title='bbox 3297 3141 3648 3200; x_wconf 80' lang='grc' dir='ltr'>διδασκαλίαν</span> <span class='ocrx_word' id='word_1_580' title='bbox 3679 3144 3778 3199; x_wconf 86' lang='grc' dir='ltr'>καὶ</span> 
     </span>
    </p>
   </div>
   <div class='ocr_carea' id='block_1_81' title="bbox 2121 3225 3780 3310">
    <p class='ocr_par' dir='ltr' id='par_1_81' title="bbox 2121 3225 3780 3310">
     <span class='ocr_line' id='line_1_82' title="bbox 2121 3225 3780 3310; baseline 0.001 -24"><span class='ocrx_word' id='word_1_581' title='bbox 2121 3225 2350 3310; x_wconf 75' lang='grc' dir='ltr'>ἔλεγχον</span> <span class='ocrx_word' id='word_1_582' title='bbox 2383 3237 2500 3295; x_wconf 90' lang='grc' dir='ltr'>τοῖς</span> <span class='ocrx_word' id='word_1_583' title='bbox 2533 3231 2697 3287; x_wconf 79' lang='grc' dir='ltr'>αὐτοῦ</span> <span class='ocrx_word' id='word_1_584' title='bbox 2729 3231 2916 3306; x_wconf 86' lang='grc' dir='ltr'>λόγοις</span> <span class='ocrx_word' id='word_1_585' title='bbox 2942 3232 3032 3287; x_wconf 83' lang='grc' dir='ltr'>καὶ</span> <span class='ocrx_word' id='word_1_586' title='bbox 3063 3234 3351 3305; x_wconf 83' lang='grc' dir='ltr'>παθήμασι</span> <span class='ocrx_word' id='word_1_587' title='bbox 3382 3233 3473 3287; x_wconf 85' lang='grc' dir='ltr'>καὶ</span> <span class='ocrx_word' id='word_1_588' title='bbox 3502 3233 3603 3301; x_wconf 72' lang='grc' dir='ltr'>τὴν</span> <span class='ocrx_word' id='word_1_589' title='bbox 3644 3239 3780 3288; x_wconf 78' lang='grc' dir='ltr'>Μω-</span> 
     </span>
    </p>
   </div>
   <div class='ocr_carea' id='block_1_82' title="bbox 2120 3319 3774 3399">
    <p class='ocr_par' dir='ltr' id='par_1_82' title="bbox 2120 3319 3774 3399">
     <span class='ocr_line' id='line_1_83' title="bbox 2120 3319 3774 3399; baseline 0 -23"><span class='ocrx_word' id='word_1_590' title='bbox 2120 3324 2312 3391; x_wconf 77' lang='grc' dir='ltr'>σαϊκην</span> <span class='ocrx_word' id='word_1_591' title='bbox 2367 3323 2457 3375; x_wconf 79' lang='grc' dir='ltr'>καὶ</span> <span class='ocrx_word' id='word_1_592' title='bbox 2505 3321 2852 3399; x_wconf 82' lang='grc' dir='ltr'>προφητικήν</span> <span class='ocrx_word' id='word_1_593' title='bbox 2906 3319 3202 3394; x_wconf 84' lang='grc' dir='ltr'>μαρτυρίαν</span> <span class='ocrx_word' id='word_1_594' title='bbox 3255 3322 3682 3399; x_wconf 77' lang='grc' dir='ltr'>συνεφήρμοσεν·</span> <span class='ocrx_word' id='word_1_595' title='bbox 3720 3320 3774 3376; x_wconf 83' lang='grc' dir='ltr'>ἐν</span> 
     </span>
    </p>
   </div>
   <div class='ocr_carea' id='block_1_83' title="bbox 2121 3407 3773 3486">
    <p class='ocr_par' dir='ltr' id='par_1_83' title="bbox 2121 3407 3773 3486">
     <span class='ocr_line' id='line_1_84' title="bbox 2121 3407 3773 3486; baseline 0.001 -22"><span class='ocrx_word' id='word_1_596' title='bbox 2121 3411 2206 3471; x_wconf 83' lang='grc' dir='ltr'>οἷς</span> <span class='ocrx_word' id='word_1_597' title='bbox 2237 3407 2293 3464; x_wconf 77' lang='grc' dir='ltr'>δὲ</span> <span class='ocrx_word' id='word_1_598' title='bbox 2325 3407 2414 3464; x_wconf 76' lang='grc' dir='ltr'>διὰ</span> <span class='ocrx_word' id='word_1_599' title='bbox 2440 3415 2549 3464; x_wconf 90' lang='grc' dir='ltr'>τῶν</span> <span class='ocrx_word' id='word_1_600' title='bbox 2587 3414 2946 3486; x_wconf 71' lang='grc' dir='ltr'>προφητικῶν</span> <span class='ocrx_word' id='word_1_601' title='bbox 3005 3409 3095 3464; x_wconf 80' lang='grc' dir='ltr'>καὶ</span> <span class='ocrx_word' id='word_1_602' title='bbox 3151 3413 3457 3466; x_wconf 84' lang='grc' dir='ltr'>Μωσαϊκῶν</span> <span class='ocrx_word' id='word_1_603' title='bbox 3507 3409 3773 3486; x_wconf 74' lang='grc' dir='ltr'>ῥημάτων</span> 
     </span>
    </p>
   </div>
   <div class='ocr_carea' id='block_1_84' title="bbox 2115 3495 3769 3569">
    <p class='ocr_par' dir='ltr' id='par_1_84' title="bbox 2115 3495 3769 3569">
     <span class='ocr_line' id='line_1_85' title="bbox 2115 3495 3769 3569; baseline 0.001 -16"><span class='ocrx_word' id='word_1_604' title='bbox 2115 3499 2180 3553; x_wconf 77' lang='grc' dir='ltr'>τὰ</span> <span class='ocrx_word' id='word_1_605' title='bbox 2227 3500 2373 3569; x_wconf 78' lang='grc' dir='ltr'>πάθη</span> <span class='ocrx_word' id='word_1_606' title='bbox 2429 3499 2516 3554; x_wconf 88' lang='grc' dir='ltr'>καὶ</span> <span class='ocrx_word' id='word_1_607' title='bbox 2577 3501 2676 3567; x_wconf 79' lang='grc' dir='ltr'>τὴν</span> <span class='ocrx_word' id='word_1_608' title='bbox 2735 3495 2889 3568; x_wconf 77' lang='grc' dir='ltr'>δόξαν</span> <span class='ocrx_word' id='word_1_609' title='bbox 2951 3499 3117 3554; x_wconf 81' lang='grc' dir='ltr'>αὑτοῦ</span> <span class='ocrx_word' id='word_1_610' title='bbox 3177 3498 3268 3554; x_wconf 87' lang='grc' dir='ltr'>καὶ</span> <span class='ocrx_word' id='word_1_611' title='bbox 3316 3500 3417 3569; x_wconf 76' lang='grc' dir='ltr'>τήν</span> <span class='ocrx_word' id='word_1_612' title='bbox 3478 3499 3769 3554; x_wconf 81' lang='grc' dir='ltr'>ἀνάστασιν</span> 
     </span>
    </p>
   </div>
   <div class='ocr_carea' id='block_1_85' title="bbox 2112 3585 3768 3661">
    <p class='ocr_par' dir='ltr' id='par_1_85' title="bbox 2112 3585 3768 3661">
     <span class='ocr_line' id='line_1_86' title="bbox 2112 3585 3768 3661; baseline 0 -19"><span class='ocrx_word' id='word_1_613' title='bbox 2112 3586 2511 3656; x_wconf 83' lang='grc' dir='ltr'>ἀπεκάλυπτεν,</span> <span class='ocrx_word' id='word_1_614' title='bbox 2551 3586 2792 3661; x_wconf 78' lang='grc' dir='ltr'>ἠρκέσθη</span> <span class='ocrx_word' id='word_1_615' title='bbox 2826 3588 3061 3659; x_wconf 79' lang='grc' dir='ltr'>τούτοις,</span> <span class='ocrx_word' id='word_1_616' title='bbox 3097 3585 3252 3643; x_wconf 75' lang='grc' dir='ltr'>οὐδὲν</span> <span class='ocrx_word' id='word_1_617' title='bbox 3307 3585 3617 3658; x_wconf 81' lang='grc' dir='ltr'>ἐπιδεηθεὶς</span> <span class='ocrx_word' id='word_1_618' title='bbox 3663 3591 3768 3658; x_wconf 76' lang='grc' dir='ltr'>τῆς</span> 
     </span>
    </p>
   </div>
   <div class='ocr_carea' id='block_1_86' title="bbox 2113 3670 3764 3752">
    <p class='ocr_par' dir='ltr' id='par_1_86' title="bbox 2113 3670 3764 3752">
     <span class='ocr_line' id='line_1_87' title="bbox 2113 3670 3764 3752; baseline 0.001 -20"><span class='ocrx_word' id='word_1_619' title='bbox 2113 3677 2219 3732; x_wconf 84' lang='grc' dir='ltr'>ἀπὸ</span> <span class='ocrx_word' id='word_1_620' title='bbox 2249 3681 2356 3732; x_wconf 89' lang='grc' dir='ltr'>τῶν</span> <span class='ocrx_word' id='word_1_621' title='bbox 2387 3674 2572 3732; x_wconf 75' lang='grc' dir='ltr'>ἄλλων</span> <span class='ocrx_word' id='word_1_622' title='bbox 2610 3670 2978 3750; x_wconf 74' lang='grc' dir='ltr'>βεϐαιώσεως,</span> <span class='ocrx_word' id='word_1_623' title='bbox 3005 3681 3269 3732; x_wconf 79' lang='grc' dir='ltr'>Τοσοῦτον</span> <span class='ocrx_word' id='word_1_624' title='bbox 3301 3673 3424 3752; x_wconf 73' lang='grc' dir='ltr'>ᾔδει</span> <span class='ocrx_word' id='word_1_625' title='bbox 3462 3681 3570 3733; x_wconf 90' lang='grc' dir='ltr'>τῶν</span> <span class='ocrx_word' id='word_1_626' title='bbox 3615 3697 3764 3752; x_wconf 87' lang='grc' dir='ltr'>προ-</span> 
     </span>
    </p>
   </div>
   <div class='ocr_carea' id='block_1_87' title="bbox 2111 3764 3764 3846">
    <p class='ocr_par' dir='ltr' id='par_1_87' title="bbox 2111 3764 3764 3846">
     <span class='ocr_line' id='line_1_88' title="bbox 2111 3764 3764 3846; baseline 0 -24"><span class='ocrx_word' id='word_1_627' title='bbox 2111 3770 2354 3846; x_wconf 86' lang='grc' dir='ltr'>φητικῶν</span> <span class='ocrx_word' id='word_1_628' title='bbox 2385 3765 2590 3842; x_wconf 89' lang='grc' dir='ltr'>λογίων</span> <span class='ocrx_word' id='word_1_629' title='bbox 2618 3765 2708 3820; x_wconf 88' lang='grc' dir='ltr'>καὶ</span> <span class='ocrx_word' id='word_1_630' title='bbox 2738 3770 3058 3822; x_wconf 84' lang='grc' dir='ltr'>Μωσαϊκῶν</span> <span class='ocrx_word' id='word_1_631' title='bbox 3089 3767 3150 3822; x_wconf 86' lang='grc' dir='ltr'>τὸ</span> <span class='ocrx_word' id='word_1_632' title='bbox 3179 3773 3282 3836; x_wconf 83' lang='grc' dir='ltr'>τῆς</span> <span class='ocrx_word' id='word_1_633' title='bbox 3312 3764 3574 3836; x_wconf 85' lang='grc' dir='ltr'>ἀληθείας</span> <span class='ocrx_word' id='word_1_634' title='bbox 3625 3769 3764 3841; x_wconf 81' lang='grc' dir='ltr'>κρά-</span> 
     </span>
    </p>
   </div>
   <div class='ocr_carea' id='block_1_88' title="bbox 2107 3853 3761 3933">
    <p class='ocr_par' dir='ltr' id='par_1_88' title="bbox 2107 3853 3761 3933">
     <span class='ocr_line' id='line_1_89' title="bbox 2107 3853 3761 3933; baseline -0.001 -20"><span class='ocrx_word' id='word_1_635' title='bbox 2107 3879 2198 3920; x_wconf 86' lang='grc' dir='ltr'>τος</span> <span class='ocrx_word' id='word_1_636' title='bbox 2253 3857 2344 3912; x_wconf 83' lang='grc' dir='ltr'>καὶ</span> <span class='ocrx_word' id='word_1_637' title='bbox 2401 3863 2502 3925; x_wconf 88' lang='grc' dir='ltr'>τῆς</span> <span class='ocrx_word' id='word_1_638' title='bbox 2549 3853 2814 3933; x_wconf 86' lang='grc' dir='ltr'>ὠφελείας</span> <span class='ocrx_word' id='word_1_639' title='bbox 2875 3857 2938 3911; x_wconf 86' lang='grc' dir='ltr'>τὸ</span> <span class='ocrx_word' id='word_1_640' title='bbox 2999 3855 3246 3930; x_wconf 82' lang='grc' dir='ltr'>μέγεθος,</span> <span class='ocrx_word' id='word_1_641' title='bbox 3303 3856 3412 3930; x_wconf 79' lang='grc' dir='ltr'>οὐχ</span> <span class='ocrx_word' id='word_1_642' title='bbox 3463 3856 3545 3911; x_wconf 78' lang='grc' dir='ltr'>ὅτι</span> <span class='ocrx_word' id='word_1_643' title='bbox 3585 3859 3761 3912; x_wconf 79' lang='grc' dir='ltr'>ταῦτα</span> 
     </span>
    </p>
   </div>
   <div class='ocr_carea' id='block_1_89' title="bbox 2107 3943 3756 4022">
    <p class='ocr_par' dir='ltr' id='par_1_89' title="bbox 2107 3943 3756 4022">
     <span class='ocr_line' id='line_1_90' title="bbox 2107 3943 3756 4022; baseline -0.002 -19"><span class='ocrx_word' id='word_1_644' title='bbox 2107 3947 2324 4003; x_wconf 79' lang='grc' dir='ltr'>ἐκείνων</span> <span class='ocrx_word' id='word_1_645' title='bbox 2381 3952 2641 4022; x_wconf 78' lang='grc' dir='ltr'>προῆγεν,</span> <span class='ocrx_word' id='word_1_646' title='bbox 2701 3943 2828 4000; x_wconf 81' lang='grc' dir='ltr'>ἀλλ’</span> <span class='ocrx_word' id='word_1_647' title='bbox 2889 3943 3078 4020; x_wconf 80' lang='grc' dir='ltr'>ὅτιπερ</span> <span class='ocrx_word' id='word_1_648' title='bbox 3133 3944 3222 4000; x_wconf 82' lang='grc' dir='ltr'>ἐπὶ</span> <span class='ocrx_word' id='word_1_649' title='bbox 3286 3949 3546 4001; x_wconf 79' lang='grc' dir='ltr'>τοσοῦτον</span> <span class='ocrx_word' id='word_1_650' title='bbox 3593 3945 3756 4018; x_wconf 80' lang='grc' dir='ltr'>ἐμεθ-</span> 
     </span>
    </p>
   </div>
   <div class='ocr_carea' id='block_1_90' title="bbox 2105 4033 3755 4110">
    <p class='ocr_par' dir='ltr' id='par_1_90' title="bbox 2105 4033 3755 4110">
     <span class='ocr_line' id='line_1_91' title="bbox 2105 4033 3755 4110; baseline -0.002 -17"><span class='ocrx_word' id='word_1_651' title='bbox 2105 4036 2257 4093; x_wconf 89' lang='grc' dir='ltr'>όδευε</span> <span class='ocrx_word' id='word_1_652' title='bbox 2303 4035 2429 4099; x_wconf 79' lang='grc' dir='ltr'>τοὺς</span> <span class='ocrx_word' id='word_1_653' title='bbox 2471 4035 2522 4090; x_wconf 82' lang='grc' dir='ltr'>ἐν</span> <span class='ocrx_word' id='word_1_654' title='bbox 2573 4039 2652 4108; x_wconf 78' lang='grc' dir='ltr'>τῷ</span> <span class='ocrx_word' id='word_1_655' title='bbox 2689 4033 2846 4107; x_wconf 88' lang='grc' dir='ltr'>νόμῳ</span> <span class='ocrx_word' id='word_1_656' title='bbox 2887 4036 3177 4110; x_wconf 85' lang='grc' dir='ltr'>χρησμοὺς</span> <span class='ocrx_word' id='word_1_657' title='bbox 3226 4033 3618 4090; x_wconf 86' lang='grc' dir='ltr'>συναπολαύειν</span> <span class='ocrx_word' id='word_1_658' title='bbox 3650 4042 3755 4105; x_wconf 86' lang='grc' dir='ltr'>τῆς</span> 
     </span>
    </p>
   </div>
   <div class='ocr_carea' id='block_1_91' title="bbox 2102 4120 3751 4198">
    <p class='ocr_par' dir='ltr' id='par_1_91' title="bbox 2102 4120 3751 4198">
     <span class='ocr_line' id='line_1_92' title="bbox 2102 4120 3751 4198; baseline -0.001 -18"><span class='ocrx_word' id='word_1_659' title='bbox 2102 4131 2211 4181; x_wconf 90' lang='grc' dir='ltr'>τῶν</span> <span class='ocrx_word' id='word_1_660' title='bbox 2259 4120 2634 4196; x_wconf 74' lang='grc' dir='ltr'>ἐκϐεϐηκότων</span> <span class='ocrx_word' id='word_1_661' title='bbox 2691 4120 3124 4196; x_wconf 76' lang='grc' dir='ltr'>σεϐασμιότητός</span> <span class='ocrx_word' id='word_1_662' title='bbox 3179 4145 3240 4179; x_wconf 91' lang='grc' dir='ltr'>τε</span> <span class='ocrx_word' id='word_1_663' title='bbox 3295 4124 3385 4180; x_wconf 79' lang='grc' dir='ltr'>κάὶ</span> <span class='ocrx_word' id='word_1_664' title='bbox 3444 4121 3751 4198; x_wconf 58' lang='grc' dir='ltr'>δυνάμεως</span> 
     </span>
    </p>
   </div>
   <div class='ocr_carea' id='block_1_92' title="bbox 2101 4211 3754 4289">
    <p class='ocr_par' dir='ltr' id='par_1_92' title="bbox 2101 4211 3754 4289">
     <span class='ocr_line' id='line_1_93' title="bbox 2101 4211 3754 4289; baseline 0.001 -21"><span class='ocrx_word' id='word_1_665' title='bbox 2101 4220 2218 4275; x_wconf 88' lang='grc' dir='ltr'>τοῖς</span> <span class='ocrx_word' id='word_1_666' title='bbox 2254 4216 2349 4287; x_wconf 70' lang='grc' dir='ltr'>μὲν</span> <span class='ocrx_word' id='word_1_667' title='bbox 2375 4213 2476 4289; x_wconf 78' lang='grc' dir='ltr'>γὰρ</span> <span class='ocrx_word' id='word_1_668' title='bbox 2507 4212 2664 4288; x_wconf 79' lang='grc' dir='ltr'>ἤρκει</span> <span class='ocrx_word' id='word_1_669' title='bbox 2701 4211 2862 4288; x_wconf 83' lang='grc' dir='ltr'>χάρις</span> <span class='ocrx_word' id='word_1_670' title='bbox 2893 4215 2928 4282; x_wconf 85' lang='grc' dir='ltr'><strong>ἡ</strong></span> <span class='ocrx_word' id='word_1_671' title='bbox 2963 4212 3200 4286; x_wconf 53' lang='grc' dir='ltr'>οτίκοθεν,</span> <span class='ocrx_word' id='word_1_672' title='bbox 3231 4219 3350 4278; x_wconf 86' lang='grc' dir='ltr'>τοῖς</span> <span class='ocrx_word' id='word_1_673' title='bbox 3390 4211 3447 4270; x_wconf 68' lang='grc' dir='ltr'>δὲ</span> <span class='ocrx_word' id='word_1_674' title='bbox 3494 4211 3754 4288; x_wconf 67' lang='grc' dir='ltr'>προσέδει</span> 
     </span>
    </p>
   </div>
   <div class='ocr_carea' id='block_1_93' title="bbox 2099 4299 3755 4376">
    <p class='ocr_par' dir='ltr' id='par_1_93' title="bbox 2099 4299 3755 4376">
     <span class='ocr_line' id='line_1_94' title="bbox 2099 4299 3755 4376; baseline 0 -19"><span class='ocrx_word' id='word_1_675' title='bbox 2099 4303 2305 4375; x_wconf 84' lang='grc' dir='ltr'>κόσμον</span> <span class='ocrx_word' id='word_1_676' title='bbox 2335 4302 2546 4375; x_wconf 78' lang='grc' dir='ltr'>ἀνάγειν</span> <span class='ocrx_word' id='word_1_677' title='bbox 2593 4303 2667 4366; x_wconf 84' lang='grc' dir='ltr'>εἰς</span> <span class='ocrx_word' id='word_1_678' title='bbox 2708 4303 2806 4371; x_wconf 76' lang='grc' dir='ltr'>τὴν</span> <span class='ocrx_word' id='word_1_679' title='bbox 2852 4300 3072 4358; x_wconf 81' lang='grc' dir='ltr'>ἐκείνων</span> <span class='ocrx_word' id='word_1_680' title='bbox 3121 4299 3410 4376; x_wconf 62' lang='grc' dir='ltr'>εὐγένειαν.</span> <span class='ocrx_word' id='word_1_681' title='bbox 3461 4300 3621 4361; x_wconf 84' lang='grc' dir='ltr'>Ἀλλ’</span> <span class='ocrx_word' id='word_1_682' title='bbox 3649 4303 3755 4358; x_wconf 78' lang='grc' dir='ltr'>ού-</span> 
     </span>
    </p>
   </div>
   <div class='ocr_carea' id='block_1_94' title="bbox 2100 4389 3754 4467">
    <p class='ocr_par' dir='ltr' id='par_1_94' title="bbox 2100 4389 3754 4467">
     <span class='ocr_line' id='line_1_95' title="bbox 2100 4389 3754 4467; baseline 0.001 -21"><span class='ocrx_word' id='word_1_683' title='bbox 2100 4389 2187 4447; x_wconf 82' lang='grc' dir='ltr'>δέν</span> <span class='ocrx_word' id='word_1_684' title='bbox 2217 4390 2358 4447; x_wconf 75' lang='grc' dir='ltr'>ἔστιν</span> <span class='ocrx_word' id='word_1_685' title='bbox 2389 4393 2501 4447; x_wconf 82' lang='grc' dir='ltr'>οἷον</span> <span class='ocrx_word' id='word_1_686' title='bbox 2537 4391 2712 4447; x_wconf 82' lang='grc' dir='ltr'>αὐτῶν</span> <span class='ocrx_word' id='word_1_687' title='bbox 2742 4397 2851 4447; x_wconf 90' lang='grc' dir='ltr'>τῶν</span> <span class='ocrx_word' id='word_1_688' title='bbox 2891 4396 3232 4448; x_wconf 87' lang='grc' dir='ltr'>Δεσποτικῶν</span> <span class='ocrx_word' id='word_1_689' title='bbox 3273 4393 3534 4467; x_wconf 80' lang='grc' dir='ltr'>ῥημάτων</span> <span class='ocrx_word' id='word_1_690' title='bbox 3585 4391 3754 4448; x_wconf 85' lang='grc' dir='ltr'>ἀκού-</span> 
     </span>
    </p>
   </div>
   <div class='ocr_carea' id='block_1_95' title="bbox 337 4465 2012 4557">
    <p class='ocr_par' dir='ltr' id='par_1_95' title="bbox 337 4473 1990 4548">
     <span class='ocr_line' id='line_1_96' title="bbox 337 4473 1990 4548; baseline -0.003 -9"><span class='ocrx_word' id='word_1_691' title='bbox 337 4482 705 4539; x_wconf 87' lang='lat' dir='ltr'>nobilitatem</span> <span class='ocrx_word' id='word_1_692' title='bbox 739 4479 974 4534; x_wconf 89' lang='lat' dir='ltr'>insitam</span> <span class='ocrx_word' id='word_1_693' title='bbox 1009 4475 1234 4531; x_wconf 89' lang='lat' dir='ltr'>decoris</span> <span class='ocrx_word' id='word_1_694' title='bbox 1258 4473 1480 4546; x_wconf 86' lang='lat' dir='ltr'>aliquid</span> <span class='ocrx_word' id='word_1_695' title='bbox 1504 4475 1639 4530; x_wconf 89' lang='lat' dir='ltr'>addi</span> <span class='ocrx_word' id='word_1_696' title='bbox 1665 4478 1990 4548; x_wconf 89' lang='lat' dir='ltr'>oportebat.</span> 
     </span>
    </p>
   </div>
   <div class='ocr_carea' id='block_1_96' title="bbox 2121 4465 3755 4557">
    <p class='ocr_par' dir='ltr' id='par_1_96' title="bbox 2121 4465 3755 4557">
     <span class='ocr_line' id='line_1_97' title="bbox 2121 4465 3755 4557; baseline 0.001 -22"><span class='ocrx_word' id='word_1_697' title='bbox 2121 4501 2201 4537; x_wconf 80' lang='grc' dir='ltr'>ιιν.</span> <span class='ocrx_word' id='word_1_698' title='bbox 2262 4481 2577 4557; x_wconf 82' lang='grc' dir='ltr'>Λέγειγάρ,</span> <span class='ocrx_word' id='word_1_699' title='bbox 2636 4481 2704 4535; x_wconf 69' lang='grc' dir='ltr'>Ὠ</span> <span class='ocrx_word' id='word_1_700' title='bbox 2757 4479 2982 4551; x_wconf 73' lang='grc' dir='ltr'>ἀνόητοι</span> <span class='ocrx_word' id='word_1_701' title='bbox 3040 4481 3130 4536; x_wconf 87' lang='grc' dir='ltr'>καὶ</span> <span class='ocrx_word' id='word_1_702' title='bbox 3189 4465 3406 4557; x_wconf 79' lang='grc' dir='ltr'>βραδεῖς</span> <span class='ocrx_word' id='word_1_703' title='bbox 3447 4483 3517 4554; x_wconf 79' lang='grc' dir='ltr'>τῇ</span> <span class='ocrx_word' id='word_1_704' title='bbox 3548 4478 3755 4554; x_wconf 78' lang='grc' dir='ltr'>καρδίᾳ</span> 
     </span>
    </p>
   </div>
   <div class='ocr_carea' id='block_1_97' title="bbox 336 4563 1994 4638">
    <p class='ocr_par' dir='ltr' id='par_1_97' title="bbox 336 4563 1994 4638">
     <span class='ocr_line' id='line_1_98' title="bbox 336 4563 1994 4638; baseline -0.002 -11"><span class='ocrx_word' id='word_1_705' title='bbox 336 4571 451 4627; x_wconf 91' lang='lat' dir='ltr'>Sed</span> <span class='ocrx_word' id='word_1_706' title='bbox 483 4570 627 4627; x_wconf 90' lang='lat' dir='ltr'>nihil</span> <span class='ocrx_word' id='word_1_707' title='bbox 673 4572 842 4633; x_wconf 87' lang='lat' dir='ltr'>vetat,</span> <span class='ocrx_word' id='word_1_708' title='bbox 889 4563 1200 4638; x_wconf 86' lang='lat' dir='ltr'>quominus</span> <span class='ocrx_word' id='word_1_709' title='bbox 1242 4564 1367 4634; x_wconf 91' lang='lat' dir='ltr'>ipsa</span> <span class='ocrx_word' id='word_1_710' title='bbox 1408 4563 1637 4620; x_wconf 91' lang='lat' dir='ltr'>Domini</span> <span class='ocrx_word' id='word_1_711' title='bbox 1678 4567 1853 4622; x_wconf 87' lang='lat' dir='ltr'>verba</span> <span class='ocrx_word' id='word_1_712' title='bbox 1892 4585 1994 4624; x_wconf 85' lang='lat' dir='ltr'>au-</span> 
     </span>
    </p>
   </div>
   <div class='ocr_carea' id='block_1_98' title="bbox 337 4653 1997 4726">
    <p class='ocr_par' dir='ltr' id='par_1_98' title="bbox 337 4653 1997 4726">
     <span class='ocr_line' id='line_1_99' title="bbox 337 4653 1997 4726; baseline 0.001 -14"><span class='ocrx_word' id='word_1_713' title='bbox 337 4659 588 4715; x_wconf 85' lang='lat' dir='ltr'>diamus.</span> <span class='ocrx_word' id='word_1_714' title='bbox 628 4657 776 4714; x_wconf 91' lang='lat' dir='ltr'>Dicit</span> <span class='ocrx_word' id='word_1_715' title='bbox 799 4656 956 4711; x_wconf 91' lang='lat' dir='ltr'>enim</span> <span class='ocrx_word' id='word_1_716' title='bbox 991 4671 1004 4709; x_wconf 92' lang='lat'>:</span> <span class='ocrx_word' id='word_1_717' title='bbox 1037 4653 1082 4710; x_wconf 92' lang='lat'><em>0</em></span> <span class='ocrx_word' id='word_1_718' title='bbox 1101 4653 1477 4726; x_wconf 77' lang='lat' dir='ltr'>imprudente:</span> <span class='ocrx_word' id='word_1_719' title='bbox 1505 4658 1556 4708; x_wconf 82' lang='lat' dir='ltr'>et</span> <span class='ocrx_word' id='word_1_720' title='bbox 1571 4656 1724 4726; x_wconf 76' lang='lat' dir='ltr'>pigri</span> <span class='ocrx_word' id='word_1_721' title='bbox 1743 4657 1902 4713; x_wconf 84' lang='lat' dir='ltr'>corde</span> <span class='ocrx_word' id='word_1_722' title='bbox 1923 4659 1997 4714; x_wconf 87' lang='lat' dir='ltr'>ad</span> 
     </span>
    </p>
   </div>
   <div class='ocr_carea' id='block_1_99' title="bbox 333 4743 1987 4818">
    <p class='ocr_par' dir='ltr' id='par_1_99' title="bbox 333 4743 1987 4818">
     <span class='ocr_line' id='line_1_100' title="bbox 333 4743 1987 4818; baseline 0.001 -16"><span class='ocrx_word' id='word_1_723' title='bbox 333 4748 666 4803; x_wconf 82' lang='lat' dir='ltr'>credendum</span> <span class='ocrx_word' id='word_1_724' title='bbox 692 4748 786 4816; x_wconf 78' lang='lat' dir='ltr'>iis,</span> <span class='ocrx_word' id='word_1_725' title='bbox 819 4762 937 4818; x_wconf 60' lang='lat' dir='ltr'>qua</span> <span class='ocrx_word' id='word_1_726' title='bbox 960 4745 1126 4801; x_wconf 79' lang='lat' dir='ltr'>locuti</span> <span class='ocrx_word' id='word_1_727' title='bbox 1145 4750 1274 4800; x_wconf 72' lang='lat' dir='ltr'>sunt</span> <span class='ocrx_word' id='word_1_728' title='bbox 1305 4745 1581 4816; x_wconf 75' lang='lat' dir='ltr'>prophetae</span> <span class='ocrx_word' id='word_1_729' title='bbox 1606 4743 1670 4799; x_wconf 71' lang='grc' dir='ltr'>ιδ.</span> <span class='ocrx_word' id='word_1_730' title='bbox 1708 4746 1987 4816; x_wconf 80' lang='lat' dir='ltr'>Audisne,</span> 
     </span>
    </p>
   </div>
   <div class='ocr_carea' id='block_1_100' title="bbox 335 4834 1993 4910">
    <p class='ocr_par' dir='ltr' id='par_1_100' title="bbox 335 4834 1993 4910">
     <span class='ocr_line' id='line_1_101' title="bbox 335 4834 1993 4910; baseline -0.002 -17"><span class='ocrx_word' id='word_1_731' title='bbox 335 4838 630 4910; x_wconf 91' lang='lat' dir='ltr'>quomodo</span> <span class='ocrx_word' id='word_1_732' title='bbox 662 4835 1125 4908; x_wconf 79' lang='lat' dir='ltr'>objurgationem</span> <span class='ocrx_word' id='word_1_733' title='bbox 1157 4852 1260 4908; x_wconf 91' lang='lat' dir='ltr'>per</span> <span class='ocrx_word' id='word_1_734' title='bbox 1289 4834 1604 4906; x_wconf 87' lang='lat' dir='ltr'>prophetas</span> <span class='ocrx_word' id='word_1_735' title='bbox 1637 4835 1893 4892; x_wconf 83' lang='lat' dir='ltr'>inferat?</span> <span class='ocrx_word' id='word_1_736' title='bbox 1923 4837 1993 4893; x_wconf 89' lang='lat' dir='ltr'>Et</span> 
     </span>
    </p>
   </div>
   <div class='ocr_carea' id='block_1_101' title="bbox 333 4923 1991 5000">
    <p class='ocr_par' dir='ltr' id='par_1_101' title="bbox 333 4923 1991 5000">
     <span class='ocr_line' id='line_1_102' title="bbox 333 4923 1991 5000; baseline 0 -17"><span class='ocrx_word' id='word_1_737' title='bbox 333 4931 539 5000; x_wconf 90' lang='lat' dir='ltr'>postea</span> <span class='ocrx_word' id='word_1_738' title='bbox 573 4943 585 4982; x_wconf 93' lang='lat'>:</span> <span class='ocrx_word' id='word_1_739' title='bbox 621 4933 810 4986; x_wconf 81' lang='lat' dir='ltr'>Nonne</span> <span class='ocrx_word' id='word_1_740' title='bbox 839 4925 954 4982; x_wconf 56' lang='lat' dir='ltr'>hac</span> <span class='ocrx_word' id='word_1_741' title='bbox 1004 4927 1292 4996; x_wconf 75' lang='lat' dir='ltr'>oportebat</span> <span class='ocrx_word' id='word_1_742' title='bbox 1335 4926 1455 4995; x_wconf 82' lang='lat' dir='ltr'>pati</span> <span class='ocrx_word' id='word_1_743' title='bbox 1493 4923 1793 4991; x_wconf 77' lang='lat' dir='ltr'>Chr-istum,</span> <span class='ocrx_word' id='word_1_744' title='bbox 1833 4933 1885 4982; x_wconf 84' lang='lat' dir='ltr'>et</span> <span class='ocrx_word' id='word_1_745' title='bbox 1912 4928 1991 4983; x_wconf 81' lang='lat' dir='ltr'>sic</span> 
     </span>
    </p>
   </div>
   <div class='ocr_carea' id='block_1_102' title="bbox 333 5013 1983 5089">
    <p class='ocr_par' dir='ltr' id='par_1_102' title="bbox 333 5013 1983 5089">
     <span class='ocr_line' id='line_1_103' title="bbox 333 5013 1983 5089; baseline -0.002 -15"><span class='ocrx_word' id='word_1_746' title='bbox 333 5018 560 5089; x_wconf 80' lang='lat' dir='ltr'>ingredi</span> <span class='ocrx_word' id='word_1_747' title='bbox 589 5019 650 5074; x_wconf 77' lang='lat' dir='ltr'>in</span> <span class='ocrx_word' id='word_1_748' title='bbox 693 5017 932 5087; x_wconf 81' lang='lat' dir='ltr'>gloriam</span> <span class='ocrx_word' id='word_1_749' title='bbox 961 5031 1119 5071; x_wconf 78' lang='lat' dir='ltr'>suam</span> <span class='ocrx_word' id='word_1_750' title='bbox 1154 5015 1244 5069; x_wconf 68' lang='lat'>1°?</span> <span class='ocrx_word' id='word_1_751' title='bbox 1284 5014 1369 5070; x_wconf 89' lang='lat' dir='ltr'>Ita</span> <span class='ocrx_word' id='word_1_752' title='bbox 1412 5013 1699 5084; x_wconf 66' lang='lat' dir='ltr'>prophetae</span> <span class='ocrx_word' id='word_1_753' title='bbox 1739 5015 1983 5086; x_wconf 85' lang='lat' dir='ltr'>gloriam</span> 
     </span>
    </p>
   </div>
   <div class='ocr_carea' id='block_1_103' title="bbox 330 5107 1980 5166">
    <p class='ocr_par' dir='ltr' id='par_1_103' title="bbox 330 5107 1980 5166">
     <span class='ocr_line' id='line_1_104' title="bbox 330 5107 1980 5166; baseline -0.003 0"><span class='ocrx_word' id='word_1_754' title='bbox 330 5109 649 5166; x_wconf 86' lang='lat' dir='ltr'>Servatoris</span> <span class='ocrx_word' id='word_1_755' title='bbox 679 5108 1033 5164; x_wconf 88' lang='lat' dir='ltr'>annuntiant</span> <span class='ocrx_word' id='word_1_756' title='bbox 1065 5123 1078 5161; x_wconf 93' lang='lat'><strong>:</strong></span> <span class='ocrx_word' id='word_1_757' title='bbox 1113 5110 1175 5161; x_wconf 87' lang='lat' dir='ltr'>tu</span> <span class='ocrx_word' id='word_1_758' title='bbox 1224 5120 1358 5164; x_wconf 89' lang='lat' dir='ltr'>vero</span> <span class='ocrx_word' id='word_1_759' title='bbox 1391 5121 1486 5160; x_wconf 90' lang='lat' dir='ltr'>eos</span> <span class='ocrx_word' id='word_1_760' title='bbox 1534 5107 1603 5160; x_wconf 92' lang='lat' dir='ltr'>ad</span> <span class='ocrx_word' id='word_1_761' title='bbox 1664 5110 1980 5162; x_wconf 83' lang='lat' dir='ltr'>extremam</span> 
     </span>
    </p>
   </div>
   <div class='ocr_carea' id='block_1_104' title="bbox 327 5194 1984 5271">
    <p class='ocr_par' dir='ltr' id='par_1_104' title="bbox 327 5194 1984 5271">
     <span class='ocr_line' id='line_1_105' title="bbox 327 5194 1984 5271; baseline -0.002 -16"><span class='ocrx_word' id='word_1_762' title='bbox 327 5197 716 5271; x_wconf 86' lang='lat' dir='ltr'>ignominiam</span> <span class='ocrx_word' id='word_1_763' title='bbox 741 5197 1038 5254; x_wconf 89' lang='lat' dir='ltr'>deturbas.</span> <span class='ocrx_word' id='word_1_764' title='bbox 1071 5198 1142 5250; x_wconf 90' lang='lat' dir='ltr'>Et</span> <span class='ocrx_word' id='word_1_765' title='bbox 1161 5195 1209 5250; x_wconf 86' lang='lat' dir='ltr'>is</span> <span class='ocrx_word' id='word_1_766' title='bbox 1240 5194 1500 5265; x_wconf 87' lang='lat' dir='ltr'>quidem,</span> <span class='ocrx_word' id='word_1_767' title='bbox 1520 5194 1666 5250; x_wconf 86' lang='lat' dir='ltr'>facto</span> <span class='ocrx_word' id='word_1_768' title='bbox 1689 5211 1722 5251; x_wconf 89' lang='lat' dir='ltr'>a</span> <span class='ocrx_word' id='word_1_769' title='bbox 1744 5195 1904 5252; x_wconf 84' lang='lat' dir='ltr'>Moss</span> <span class='ocrx_word' id='word_1_770' title='bbox 1926 5199 1984 5252; x_wconf 89' lang='lat' dir='ltr'>et</span> 
     </span>
    </p>
   </div>
   <div class='ocr_carea' id='block_1_105' title="bbox 1004 5346 1933 5417">
    <p class='ocr_par' dir='ltr' id='par_1_105' title="bbox 1004 5346 1933 5417">
     <span class='ocr_line' id='line_1_106' title="bbox 1004 5346 1933 5417; baseline 0.001 -14"><span class='ocrx_word' id='word_1_771' title='bbox 1004 5346 1049 5382; x_wconf 75' lang='grc'>³⁸</span> <span class='ocrx_word' id='word_1_772' title='bbox 1079 5347 1215 5403; x_wconf 89' lang='lat' dir='ltr'>Luc.</span> <span class='ocrx_word' id='word_1_773' title='bbox 1247 5363 1399 5417; x_wconf 75' lang='lat' dir='ltr'><strong>XXIV,</strong></span> <span class='ocrx_word' id='word_1_774' title='bbox 1431 5346 1519 5402; x_wconf 88' lang='lat'>15.</span> <span class='ocrx_word' id='word_1_775' title='bbox 1599 5346 1645 5380; x_wconf 69' lang='lat'>‘9</span> <span class='ocrx_word' id='word_1_776' title='bbox 1673 5347 1813 5404; x_wconf 87' lang='lat' dir='ltr'>ibid.</span> <span class='ocrx_word' id='word_1_777' title='bbox 1849 5349 1933 5404; x_wconf 91' lang='grc'>16.</span> 
     </span>
    </p>
   </div>
   <div class='ocr_carea' id='block_1_106' title="bbox 404 5350 924 5419">
    <p class='ocr_par' dir='ltr' id='par_1_106' title="bbox 404 5350 924 5419">
     <span class='ocr_line' id='line_1_107' title="bbox 404 5350 924 5419; baseline -0.004 -13"><span class='ocrx_word' id='word_1_778' title='bbox 404 5351 448 5386; x_wconf 70' lang='grc'>1⁷</span> <span class='ocrx_word' id='word_1_779' title='bbox 480 5350 616 5408; x_wconf 90' lang='lat' dir='ltr'>Luc.</span> <span class='ocrx_word' id='word_1_780' title='bbox 652 5367 803 5419; x_wconf 72' lang='lat' dir='ltr'>xxxv,</span> <span class='ocrx_word' id='word_1_781' title='bbox 839 5350 924 5404; x_wconf 90' lang='grc'>18.</span> 
     </span>
    </p>
   </div>
   <div class='ocr_carea' id='block_1_107' title="bbox 2103 4568 3754 4645">
    <p class='ocr_par' dir='ltr' id='par_1_107' title="bbox 2103 4568 3754 4645">
     <span class='ocr_line' id='line_1_108' title="bbox 2103 4568 3754 4645; baseline 0 -20"><span class='ocrx_word' id='word_1_782' title='bbox 2103 4575 2204 4625; x_wconf 79' lang='grc' dir='ltr'>τοῦ</span> <span class='ocrx_word' id='word_1_783' title='bbox 2259 4569 2528 4625; x_wconf 87' lang='grc' dir='ltr'>πιστεύειν</span> <span class='ocrx_word' id='word_1_784' title='bbox 2584 4568 2670 4624; x_wconf 82' lang='grc' dir='ltr'>ἐπὶ</span> <span class='ocrx_word' id='word_1_785' title='bbox 2727 4570 2912 4640; x_wconf 85' lang='grc' dir='ltr'>πάσιν,</span> <span class='ocrx_word' id='word_1_786' title='bbox 2974 4571 3060 4633; x_wconf 84' lang='grc' dir='ltr'>οῖς</span> <span class='ocrx_word' id='word_1_787' title='bbox 3117 4568 3393 4641; x_wconf 74' lang='grc' dir='ltr'>ἐλάλησαν</span> <span class='ocrx_word' id='word_1_788' title='bbox 3444 4571 3496 4624; x_wconf 73' lang='grc' dir='ltr'>οἱ</span> <span class='ocrx_word' id='word_1_789' title='bbox 3527 4576 3754 4645; x_wconf 81' lang='grc' dir='ltr'>προφῆ-</span> 
     </span>
    </p>
   </div>
   <div class='ocr_carea' id='block_1_108' title="bbox 2099 4657 3748 4733">
    <p class='ocr_par' dir='ltr' id='par_1_108' title="bbox 2099 4657 3748 4733">
     <span class='ocr_line' id='line_1_109' title="bbox 2099 4657 3748 4733; baseline -0.001 -19"><span class='ocrx_word' id='word_1_790' title='bbox 2099 4679 2208 4716; x_wconf 89' lang='grc' dir='ltr'>ται.</span> <span class='ocrx_word' id='word_1_791' title='bbox 2241 4660 2504 4727; x_wconf 85' lang='grc' dir='ltr'>Ἀκούεις,</span> <span class='ocrx_word' id='word_1_792' title='bbox 2535 4662 2652 4721; x_wconf 90' lang='grc' dir='ltr'>πῶς</span> <span class='ocrx_word' id='word_1_793' title='bbox 2681 4660 2780 4728; x_wconf 81' lang='grc' dir='ltr'>τὴν</span> <span class='ocrx_word' id='word_1_794' title='bbox 2822 4657 3136 4730; x_wconf 84' lang='grc' dir='ltr'>ἐπιτίμησιν</span> <span class='ocrx_word' id='word_1_795' title='bbox 3184 4657 3273 4715; x_wconf 78' lang='grc' dir='ltr'>διὰ</span> <span class='ocrx_word' id='word_1_796' title='bbox 3299 4665 3408 4714; x_wconf 89' lang='grc' dir='ltr'>τῶν</span> <span class='ocrx_word' id='word_1_797' title='bbox 3440 4663 3748 4733; x_wconf 78' lang='grc' dir='ltr'>προφητῶν</span> 
     </span>
    </p>
   </div>
   <div class='ocr_carea' id='block_1_109' title="bbox 2101 4746 3752 4823">
    <p class='ocr_par' dir='ltr' id='par_1_109' title="bbox 2101 4746 3752 4823">
     <span class='ocr_line' id='line_1_110' title="bbox 2101 4746 3752 4823; baseline -0.002 -20"><span class='ocrx_word' id='word_1_798' title='bbox 2101 4746 2330 4823; x_wconf 78' lang='grc' dir='ltr'>ἐπάγεις</span> <span class='ocrx_word' id='word_1_799' title='bbox 2381 4749 2533 4804; x_wconf 74' lang='grc' dir='ltr'>Εἶταο</span> <span class='ocrx_word' id='word_1_800' title='bbox 2583 4748 2727 4822; x_wconf 78' lang='grc' dir='ltr'>Οὐχὶ</span> <span class='ocrx_word' id='word_1_801' title='bbox 2763 4752 2931 4803; x_wconf 79' lang='grc' dir='ltr'>ταῦτα</span> <span class='ocrx_word' id='word_1_802' title='bbox 2969 4746 3076 4805; x_wconf 81' lang='grc' dir='ltr'>ἔδει</span> <span class='ocrx_word' id='word_1_803' title='bbox 3123 4751 3310 4805; x_wconf 84' lang='grc' dir='ltr'>παθεῖν</span> <span class='ocrx_word' id='word_1_804' title='bbox 3358 4749 3452 4804; x_wconf 85' lang='grc' dir='ltr'>τὸν</span> <span class='ocrx_word' id='word_1_805' title='bbox 3489 4748 3752 4819; x_wconf 78' lang='grc' dir='ltr'>Χριστὸν,</span> 
     </span>
    </p>
   </div>
   <div class='ocr_carea' id='block_1_110' title="bbox 2096 4834 3748 4909">
    <p class='ocr_par' dir='ltr' id='par_1_110' title="bbox 2096 4834 3748 4909">
     <span class='ocr_line' id='line_1_111' title="bbox 2096 4834 3748 4909; baseline 0 -17"><span class='ocrx_word' id='word_1_806' title='bbox 2096 4837 2184 4892; x_wconf 81' lang='grc' dir='ltr'>καὶ</span> <span class='ocrx_word' id='word_1_807' title='bbox 2237 4835 2498 4892; x_wconf 77' lang='grc' dir='ltr'>εἰσελθεῖν</span> <span class='ocrx_word' id='word_1_808' title='bbox 2555 4835 2632 4900; x_wconf 82' lang='grc' dir='ltr'>εἷς</span> <span class='ocrx_word' id='word_1_809' title='bbox 2682 4839 2782 4906; x_wconf 80' lang='grc' dir='ltr'>τήν</span> <span class='ocrx_word' id='word_1_810' title='bbox 2836 4834 2992 4906; x_wconf 77' lang='grc' dir='ltr'>δόξαν</span> <span class='ocrx_word' id='word_1_811' title='bbox 3050 4834 3253 4909; x_wconf 76' lang='grc' dir='ltr'>αὒνοῦς</span> <span class='ocrx_word' id='word_1_812' title='bbox 3312 4839 3418 4907; x_wconf 80' lang='grc' dir='ltr'>Τήν</span> <span class='ocrx_word' id='word_1_813' title='bbox 3478 4835 3636 4909; x_wconf 81' lang='grc' dir='ltr'>δόξαν</span> <span class='ocrx_word' id='word_1_814' title='bbox 3689 4839 3748 4892; x_wconf 82' lang='grc' dir='ltr'>οἱ</span> 
     </span>
    </p>
   </div>
   <div class='ocr_carea' id='block_1_111' title="bbox 2092 4925 3750 5005">
    <p class='ocr_par' dir='ltr' id='par_1_111' title="bbox 2092 4925 3750 5005">
     <span class='ocr_line' id='line_1_112' title="bbox 2092 4925 3750 5005; baseline 0 -25"><span class='ocrx_word' id='word_1_815' title='bbox 2092 4932 2370 5005; x_wconf 75' lang='grc' dir='ltr'>προφῆται</span> <span class='ocrx_word' id='word_1_816' title='bbox 2397 4929 2494 4980; x_wconf 77' lang='grc' dir='ltr'>τοῦ</span> <span class='ocrx_word' id='word_1_817' title='bbox 2526 4931 2788 5000; x_wconf 80' lang='grc' dir='ltr'>Σωτῆρος</span> <span class='ocrx_word' id='word_1_818' title='bbox 2814 4925 3163 5000; x_wconf 87' lang='grc' dir='ltr'>κηρύττουσι·</span> <span class='ocrx_word' id='word_1_819' title='bbox 3206 4928 3295 4982; x_wconf 83' lang='grc' dir='ltr'>καὶ</span> <span class='ocrx_word' id='word_1_820' title='bbox 3347 4925 3410 4981; x_wconf 77' lang='grc' dir='ltr'>σὺ</span> <span class='ocrx_word' id='word_1_821' title='bbox 3459 4928 3597 5000; x_wconf 85' lang='grc' dir='ltr'>πρὸς</span> <span class='ocrx_word' id='word_1_822' title='bbox 3643 4929 3750 4996; x_wconf 77' lang='grc' dir='ltr'>τήν</span> 
     </span>
    </p>
   </div>
   <div class='ocr_carea' id='block_1_112' title="bbox 2091 5012 3749 5090">
    <p class='ocr_par' dir='ltr' id='par_1_112' title="bbox 2091 5012 3749 5090">
     <span class='ocr_line' id='line_1_113' title="bbox 2091 5012 3749 5090; baseline 0.001 -21"><span class='ocrx_word' id='word_1_823' title='bbox 2091 5013 2328 5090; x_wconf 79' lang='grc' dir='ltr'>ἐσχάτην</span> <span class='ocrx_word' id='word_1_824' title='bbox 2387 5013 2600 5083; x_wconf 76' lang='grc' dir='ltr'>αὐτοὺς,</span> <span class='ocrx_word' id='word_1_825' title='bbox 2666 5014 2876 5087; x_wconf 83' lang='grc' dir='ltr'>μᾶλλον</span> <span class='ocrx_word' id='word_1_826' title='bbox 2937 5012 2995 5070; x_wconf 79' lang='grc' dir='ltr'>δὶ</span> <span class='ocrx_word' id='word_1_827' title='bbox 3068 5016 3353 5088; x_wconf 85' lang='grc' dir='ltr'>κάκείνων,</span> <span class='ocrx_word' id='word_1_828' title='bbox 3411 5015 3749 5080; x_wconf 79' lang='grc' dir='ltr'>ἀπελαύνεις</span> 
     </span>
    </p>
   </div>
   <div class='ocr_carea' id='block_1_113' title="bbox 2093 5104 3751 5180">
    <p class='ocr_par' dir='ltr' id='par_1_113' title="bbox 2093 5104 3751 5180">
     <span class='ocr_line' id='line_1_114' title="bbox 2093 5104 3751 5180; baseline 0.001 -20"><span class='ocrx_word' id='word_1_829' title='bbox 2093 5105 2335 5180; x_wconf 73' lang='grc' dir='ltr'>ἀτιμίαν.</span> <span class='ocrx_word' id='word_1_830' title='bbox 2385 5104 2484 5160; x_wconf 82' lang='grc' dir='ltr'>Καὶ</span> <span class='ocrx_word' id='word_1_831' title='bbox 2543 5105 2836 5180; x_wconf 78' lang='grc' dir='ltr'>ἀρξάμενος</span> <span class='ocrx_word' id='word_1_832' title='bbox 2895 5105 3002 5161; x_wconf 81' lang='grc' dir='ltr'>ἀπὸ</span> <span class='ocrx_word' id='word_1_833' title='bbox 3075 5104 3317 5170; x_wconf 74' lang='grc' dir='ltr'>Μωσέως</span> <span class='ocrx_word' id='word_1_834' title='bbox 3372 5106 3462 5162; x_wconf 86' lang='grc' dir='ltr'>καὶ</span> <span class='ocrx_word' id='word_1_835' title='bbox 3521 5107 3751 5162; x_wconf 79' lang='grc' dir='ltr'>πάντων</span> 
     </span>
    </p>
   </div>
   <div class='ocr_carea' id='block_1_114' title="bbox 2088 5192 3752 5276">
    <p class='ocr_par' dir='ltr' id='par_1_114' title="bbox 2088 5192 3752 5276">
     <span class='ocr_line' id='line_1_115' title="bbox 2088 5192 3752 5276; baseline 0.001 -25"><span class='ocrx_word' id='word_1_836' title='bbox 2088 5199 2196 5251; x_wconf 90' lang='grc' dir='ltr'>τῶν</span> <span class='ocrx_word' id='word_1_837' title='bbox 2247 5199 2565 5276; x_wconf 82' lang='grc' dir='ltr'>προφητῶν,</span> <span class='ocrx_word' id='word_1_838' title='bbox 2618 5192 2966 5270; x_wconf 78' lang='grc' dir='ltr'>διερμήνευεν</span> <span class='ocrx_word' id='word_1_839' title='bbox 3031 5196 3215 5260; x_wconf 83' lang='grc' dir='ltr'>αὐτοῖς</span> <span class='ocrx_word' id='word_1_840' title='bbox 3274 5196 3326 5252; x_wconf 81' lang='grc' dir='ltr'>ἐν</span> <span class='ocrx_word' id='word_1_841' title='bbox 3385 5197 3584 5259; x_wconf 77' lang='grc' dir='ltr'>πάσαις</span> <span class='ocrx_word' id='word_1_842' title='bbox 3624 5201 3752 5260; x_wconf 86' lang='grc' dir='ltr'>ταῖς</span> 
     </span>
    </p>
   </div>
   <div class='ocr_carea' id='block_1_115' title="bbox 1497 5475 2554 5537">
    <p class='ocr_par' dir='ltr' id='par_1_115' title="bbox 1497 5475 2554 5537">
     <span class='ocr_line' id='line_1_116' title="bbox 1497 5475 2554 5537; baseline 0.001 -4"><span class='ocrx_word' id='word_1_843' title='bbox 1497 5475 1738 5533; x_wconf 67' lang='lat' dir='ltr'>VARIIE</span> <span class='ocrx_word' id='word_1_844' title='bbox 1781 5478 2164 5535; x_wconf 87' lang='lat' dir='ltr'>LECTIONES</span> <span class='ocrx_word' id='word_1_845' title='bbox 2204 5481 2289 5536; x_wconf 87' lang='lat' dir='ltr'><strong>ET</strong></span> <span class='ocrx_word' id='word_1_846' title='bbox 2325 5479 2554 5537; x_wconf 64' lang='lat' dir='ltr'>NOTIE.</span> 
     </span>
    </p>
   </div>
   <div class='ocr_carea' id='block_1_116' title="bbox 399 5611 2012 5696">
    <p class='ocr_par' dir='ltr' id='par_1_116' title="bbox 399 5611 2012 5696">
     <span class='ocr_line' id='line_1_117' title="bbox 399 5611 2012 5696; baseline 0.001 -23"><span class='ocrx_word' id='word_1_847' title='bbox 399 5619 516 5693; x_wconf 87' lang='lat'>(23)</span> <span class='ocrx_word' id='word_1_848' title='bbox 567 5616 856 5696; x_wconf 62' lang='grc' dir='ltr'>ᾼαμςπράν.</span> <span class='ocrx_word' id='word_1_849' title='bbox 915 5617 1008 5676; x_wconf 90' lang='lat' dir='ltr'>Sic</span> <span class='ocrx_word' id='word_1_850' title='bbox 1056 5617 1184 5690; x_wconf 91' lang='lat' dir='ltr'>lego</span> <span class='ocrx_word' id='word_1_851' title='bbox 1237 5633 1341 5689; x_wconf 92' lang='lat' dir='ltr'>pro</span> <span class='ocrx_word' id='word_1_852' title='bbox 1391 5611 1668 5687; x_wconf 83' lang='grc' dir='ltr'>λαμπρὸν,</span> <span class='ocrx_word' id='word_1_853' title='bbox 1719 5619 1872 5688; x_wconf 90' lang='lat' dir='ltr'>quod</span> <span class='ocrx_word' id='word_1_854' title='bbox 1924 5635 2012 5676; x_wconf 84' lang='lat' dir='ltr'>era</span> 
     </span>
    </p>
   </div>
   <div class='ocr_carea' id='block_1_117' title="bbox 2121 5611 3743 5696">
    <p class='ocr_par' dir='ltr' id='par_1_117' title="bbox 2121 5621 3743 5696">
     <span class='ocr_line' id='line_1_118' title="bbox 2121 5621 3743 5696; baseline 0.002 -20"><span class='ocrx_word' id='word_1_855' title='bbox 2121 5637 2153 5676; x_wconf 83' lang='grc' dir='ltr'>ο</span> <span class='ocrx_word' id='word_1_856' title='bbox 2185 5637 2296 5678; x_wconf 89' lang='lat' dir='ltr'>ms.</span> <span class='ocrx_word' id='word_1_857' title='bbox 2339 5621 2582 5678; x_wconf 67' lang='lat' dir='ltr'>Praestat</span> <span class='ocrx_word' id='word_1_858' title='bbox 2609 5622 2790 5696; x_wconf 89' lang='lat' dir='ltr'>enim,</span> <span class='ocrx_word' id='word_1_859' title='bbox 2819 5639 3018 5682; x_wconf 88' lang='lat' dir='ltr'>vocem</span> <span class='ocrx_word' id='word_1_860' title='bbox 3053 5626 3201 5682; x_wconf 82' lang='lat' dir='ltr'>hanc</span> <span class='ocrx_word' id='word_1_861' title='bbox 3229 5625 3439 5682; x_wconf 86' lang='lat' dir='ltr'>referre</span> <span class='ocrx_word' id='word_1_862' title='bbox 3469 5627 3544 5683; x_wconf 83' lang='lat' dir='ltr'>ad</span> <span class='ocrx_word' id='word_1_863' title='bbox 3577 5623 3743 5696; x_wconf 85' lang='grc' dir='ltr'>νίκην</span> 
     </span>
    </p>
   </div>
   <div class='ocr_carea' id='block_1_118' title="bbox 325 5690 891 5768">
    <p class='ocr_par' dir='ltr' id='par_1_118' title="bbox 325 5690 891 5768">
     <span class='ocr_line' id='line_1_119' title="bbox 325 5690 891 5768; baseline -0.007 -16"><span class='ocrx_word' id='word_1_864' title='bbox 325 5690 507 5768; x_wconf 58' lang='lat' dir='ltr'>quam</span> <span class='ocrx_word' id='word_1_865' title='bbox 540 5692 611 5750; x_wconf 90' lang='lat' dir='ltr'>ad</span> <span class='ocrx_word' id='word_1_866' title='bbox 643 5690 891 5748; x_wconf 79' lang='grc' dir='ltr'>θάνατον.</span> 
     </span>
    </p>
   </div>
  </div>
