4084 6210
289 372 396 438 233
1354 373 1664 435 CONTRA
1715 371 2187 434 MANIGHJEOS
2229 371 2462 434 LIBER
2504 373 2607 435 IV.
3567 380 3686 442 234

295 509 513 582 Γραφαῖς
543 502 612 559 τὰ
658 504 784 579 περὶ
833 504 1046 561 ἑαυτοῦ.
1099 505 1158 562 Ὀ
1207 507 1502 579 Λυτρωτής
1552 507 1710 577 ἡμῶν
1760 504 1930 578 ἑρμη-

2055 506 2311 560 ηῐιιιίουδ
2334 505 2632 577 prOphetis
2655 506 2922 574 initio,ex
2955 509 3232 566 omnibus
3263 510 3580 580 Scripturis
3597 529 3686 582 ea,

295 593 463 656 νευτᾶς
488 597 598 648 τῶν
635 592 808 668 ἔργων
860 590 930 648 δι’
979 594 1052 646 ὧν
1093 594 1241 665 ἡμᾶς
1292 591 1640 668 ἐλυτρώσατο
1687 599 1788 661 τῆς
1837 613 1932 646 τυ-

299 679 550 758 ραννίδος,
617 683 746 743 τοὺς
803 683 1089 757 προφήτας
1155 681 1514 758 ἀνομολογεῖθ
1581 683 1672 736 καὶ
1729 681 1792 736 σὺ
1832 682 1931 750 τῆς

297 769 595 847 τυραννίδος
655 769 927 846 ὑπηρέτας
985 770 1045 826 ού
1099 771 1335 848 φρίττεις
1399 776 1621 840 ποιεῖν;
1672 775 1743 826 ’Ή
1803 769 1934 845 σύγε

303 863 504 918 σεαυτὸν
535 861 600 917 οὗ
631 859 801 934 ταύτῃ
835 862 1023 935 μόνον,
1053 859 1179 916 ἀλλ’
1219 861 1331 935 ἅμα
1368 861 1458 914 καὶ
1505 859 1706 934 τρόπον
1759 857 1929 914 ἄλλον

298 950 554 1021 τοσαύτης
610 950 795 1013 ἀνοίας
851 951 940 1006 καὶ
997 949 1375 1026 παραπληξίας
1431 946 1750 1018 ἐνέπλησας,
1796 947 1935 1003 ὥστε

304 1038 421 1115 μηδ’
451 1038 702 1110 αἴσθησιν
733 1038 903 1114 ἔχειν,
947 1036 1078 1112 μηδ’
1121 1037 1174 1092 ἐν
1225 1039 1270 1110 ᾦ
1315 1038 1382 1092 νά
1424 1037 1790 1092 ἐναντιώτατα
1843 1035 1932 1091 καὶ

300 1133 495 1208 φρονῶν
536 1133 628 1184 καὶ
660 1127 832 1204 λέγων
864 1127 1084 1202 ἁλίσκῃ.
1118 1133 1228 1184 Νῦν
1265 1129 1358 1201 μὲν
1394 1129 1496 1202 γὰρ
1526 1128 1615 1182 τὸν
1646 1130 1770 1182 νοῦν
1823 1127 1932 1199 (24)

297 1219 378 1274 τὸν
433 1219 624 1293 μέγαν,
690 1218 782 1273 τὸν
840 1218 1130 1290 Ἀσσύριον
1206 1216 1582 1289 αὐτοκράτορα
1653 1218 1784 1288 (25),
1842 1214 1934 1270 καὶ

292 1314 468 1387 κύριον
528 1316 626 1367 τοῦ
682 1310 884 1372 παντὸς
935 1311 1228 1385 θεομαχῶν
1302 1307 1668 1385 προκαθίζεις·
1727 1311 1817 1362 νῦν
1878 1305 1937 1362 δὲ

294 1399 561 1462 λανθάνεις
589 1399 778 1469 αὐτὸν,
833 1397 960 1454 οὐδὲ
1009 1400 1202 1454 ἑαυτοῦ
1249 1397 1726 1468 κατεξουσιάζοντα
1772 1395 1934 1452 ποθὲν

291 1488 407 1547 οὐδὲ
434 1494 546 1545 τῶν
576 1489 860 1564 λογισμῶν
893 1488 1184 1564 κυριεύειν,
1216 1486 1342 1544 ἀλλ’
1375 1488 1452 1549 εἷς
1502 1487 1674 1558 λῆρον
1729 1487 1932 1560 μακρὸν

290 1580 374 1633 καὶ
412 1578 839 1657 παραφροσύνην
883 1573 1300 1652 ἀνυπέρϐλητον
1350 1575 1668 1648 ἐκπέμπεις.
1707 1575 1781 1630 Τὸ
1829 1575 1933 1651 γὰρ

2042 610 2169 665 quae
2201 594 2272 650 ad
2307 611 2367 649 se
2399 594 2744 666 pertineant,
2765 598 3052 668 exposuit.
3082 599 3166 655 Ita
3197 603 3465 656 Servator
3493 605 3690 656 noster

2040 683 2356 754 prophetas
2387 684 2692 755 proﬁtetur
2739 701 2868 742 esse
2922 687 3270 760 interpretes
3319 705 3555 760 operum
3591 705 3691 761 per

2043 789 2170 844 quae
2214 789 2321 829 nos
2371 791 2401 827 α
2449 775 2759 845 tyrannide
2801 775 3062 833 liberavit
3097 793 3109 831 :
3144 781 3205 833 tu
3256 794 3387 836 vero
3443 794 3542 834 eos
3572 793 3689 833 non

2040 862 2257 918 vereris
2287 863 2476 918 facere
2507 863 2811 920 ministros
2839 866 3184 938 tyrannidis.
3218 868 3338 923 Aut
3371 885 3511 924 num
3544 867 3691 924 forte

2039 953 2101 1006 tu
2134 952 2506 1023 temetipsum
2558 970 2672 1009 non
2703 953 2812 1008 hoc
2863 954 3076 1023 solum,
3109 956 3206 1012 sed
3252 959 3306 1012 et
3351 956 3465 1012 alio
3516 957 3690 1013 modo

2042 1044 2210 1096 tanta
2241 1042 2493 1098 amentia
2524 1047 2581 1097 et
2618 1045 2854 1114 stupore
2892 1044 3230 1116 implevisti,
3254 1048 3319 1100 ut
3350 1061 3421 1101 ne
3452 1045 3691 1117 quidem

2045 1131 2281 1200 sentias,
2333 1131 2488 1202 quod
2535 1133 2826 1188 contraria
2874 1138 2930 1188 et
2962 1134 3177 1189 sentias
3207 1137 3265 1189 et
3311 1134 3491 1191 dicas.
3524 1134 3692 1190 Nunc

2043 1219 2198 1273 enim
2212 1220 2471 1275 animum
2486 1219 2654 1276 illum
2669 1221 2985 1289 excelsum,
3000 1222 3302 1294 Assyrium
3321 1222 3690 1278 monarcham

2045 1312 2102 1364 et
2130 1308 2434 1365 dominum
2475 1310 2752 1380 universi,
2784 1315 2983 1368 contra
3023 1311 3206 1367 Deum
3249 1326 3542 1383 pugnans,
3575 1326 3690 1382 prae

2045 1399 2176 1457 aliis
2220 1401 2454 1458 evehis:
2490 1419 2646 1458 nunc
2693 1417 2827 1459 vero
2857 1402 2943 1460 vel
2979 1403 3198 1460 inscius
3249 1421 3363 1460 non
3397 1403 3692 1476 permittis

2042 1489 2157 1561 ipsi
2211 1494 2556 1562 potestatem
2611 1491 2722 1548 sibi
2780 1493 2894 1565 ipsi
2959 1493 3301 1549 dominandi
3349 1497 3406 1549 et
3472 1491 3693 1549 ratione

2047 1581 2270 1648 utendi,
2308 1582 2404 1636 sed
2456 1598 2644 1654 nugas
2676 1597 2846 1653 agere
2878 1585 2935 1637 et
2978 1581 3402 1637 incredibiliter
3431 1581 3693 1652 desipere

289 1670 410 1730 τοὺς
456 1666 626 1721 αὐτοῦ
685 1666 1018 1740 θεράποντας
1074 1664 1164 1719 καὶ
1214 1663 1509 1739 λατρευτὰς
1559 1663 1823 1736 (εὐμενεῖς
1875 1661 1932 1718 δὲ

2055 1669 2230 1733 iubes.
2263 1672 2502 1735 Quantae
2534 1672 2711 1742 enim,
2736 1687 2931 1742 quaeso
2958 1671 3284 1738 ,dementiae
3315 1678 3696 1738 esset,servos

290 1759 422 1830 ἡμῖν
455 1756 645 1826 εἴησαν
673 1756 726 1810 οἱ
764 1757 1061 1833 προφῆται,
1099 1755 1230 1827 ὑπὲρ
1267 1751 1440 1808 αὐτῶν
1470 1754 1573 1830 γὰρ
1605 1755 1640 1822 ἡ
1671 1754 1788 1808 κατ’
1839 1753 1933 1807 αύ-

2055 1776 2186 1815 suos
2208 1764 2263 1815 et
2311 1759 2562 1816 cultores
2593 1761 2974 1832 (indulgeant
3018 1760 3187 1816 nobis
3219 1761 3338 1816 haec
3383 1760 3696 1832 prophetis,

291 1850 400 1900 τῶν
429 1847 541 1918 (26)
575 1845 974 1918 μνημονεύεται
1013 1840 1211 1918 ὕϐρις),
1262 1844 1324 1898 τὸ
1371 1847 1502 1917 γοῦν
1541 1841 1771 1896 τούτους
1815 1838 1932 1895 ἔπι-

2048 1850 2356 1919 quandoin
2391 1851 2648 1922 ipsorum
2685 1853 3059 1907 commodum
3091 1856 3146 1907 et
3176 1851 3576 1906 defensionem
3610 1849 3697 1904 in-

294 1941 449 1990 πνεῖν
473 1955 533 1990 τε
556 1932 642 1989 καὶ
673 1939 1034 2008 χειροτονεῖν,
1077 1933 1214 1988 ὥστε
1261 1939 1363 2001 τῆς
1406 1928 1720 2006 τυραννίδος
1769 1931 1936 1986 αὐτοῦ

2055 1938 2247 2003 iuriam
2279 1939 2337 1992 in
2362 1938 2521 2009 ipsos
2545 1939 2788 1993 effusam
2824 1939 3264 2007 memoramus)
3288 1939 3484 1994 afﬂare
3512 1941 3567 1994 et
3596 1954 3699 2008 pa-

291 2027 400 2094 την
466 2021 750 2078 κατάλυσιν
816 2022 1162 2079 ὑποτίθεσθαι
1238 2021 1328 2076 καὶ
1415 2019 1936 2094 προανακηρύττειν,

285 2111 440 2169 ἀλλά
468 2113 557 2167 καί
593 2113 685 2168 τὸν
711 2111 916 2189 τρόπον
944 2114 1041 2180 τῆς
1073 2109 1420 2172 καταλύσεως
1470 2109 1618 2165 οὕτω
1667 2108 1936 2180 λεπτομε-

287 2209 398 2278 ρῶς
437 2223 497 2258 τε
545 2201 636 2256 καὶ
684 2205 996 2279 περιφανῶς
1055 2198 1470 2268 ἀποσαλπίζειν,
1516 2198 1608 2252 καὶ
1655 2196 1754 2252 οὐκ
1797 2198 1939 2251 ἀπο-

283 2291 572 2362 σαλπίζειν
637 2291 828 2364 μόνον,
901 2291 976 2344 ὧν
1032 2287 1184 2344 οὐδὲν
1248 2285 1362 2344 οὐδ’
1419 2289 1446 2342 6
1505 2284 1716 2362 λῃστὴς
1772 2286 1937 2348 αὐτὸς

279 2382 538 2460 ἱγνώκει,
571 2379 836 2436 ἀλλὰκαὶ
883 2381 1020 2452 μετὰ
1065 2380 1243 2448 πάσης
1291 2374 1535 2446 σπουδῆς
1588 2373 1940 2454 μηχανᾶσθαι

277 2494 339 2528 τε
405 2471 502 2528 καὶ
569 2471 1008 2539 κατασκευάζειν·
1078 2467 1254 2539 πόσης
1320 2466 1424 2521 οὐκ
1489 2465 1552 2521 ἂν
1619 2464 1706 2535 εἷή
1769 2467 1941 2519 ταῦτα

280 2560 639 2638 παρανοίας;
707 2560 871 2620 Τίνος
925 2555 984 2612 δὲ
1039 2554 1296 2626 διανοίας,
1335 2557 1438 2624 τήν
1490 2549 1727 2632 ἔμφυτον
1781 2551 1939 2620 κίνη-

284 2674 392 2720 σιν,
451 2649 554 2705 κᾶν
621 2652 750 2723 γοῦν
787 2645 871 2702 ἐπ’
929 2645 1150 2721 ἐχάτοις
1210 2644 1437 2719 ἴχνεσιν,
1519 2639 1938 2711 διασωζούσηςς

285 2739 526 2796 Μᾶλλον
584 2736 665 2806 δὲ,
722 2737 766 2792 εἰ
839 2734 1052 2811 βούλει,
1101 2736 1186 2797 οἷς
1263 2735 1358 2808 μὲν
1421 2731 1582 2788 αὐτὸν
1647 2731 1714 2785 τὰ
1768 2727 1944 2804 ἀπόῤ-

287 2829 432 2905 ῥητά
503 2828 600 2884 καὶ
651 2828 895 2904 ὑπερφυῆ
956 2821 1266 2901 προειδέναι
1324 2822 1522 2898 λέγεις,
1580 2821 1671 2876 καὶ
1723 2819 1757 2873 ἃ
1790 2819 1943 2892 μόνῳ

279 2921 350 2987 ἦν
418 2923 502 2992 τῷ
571 2915 823 2988 ἀληθινῷ
909 2913 1025 2988 Θεῷ
1105 2911 1425 2988 ἐγνωσμένα
1506 2931 1566 2966 τε
1646 2909 1734 2965 καὶ
1802 2926 1942 2982 προ-

279 3008 592 3082 ωρισμὲνα,
625 3009 724 3083 φεῦ
752 3011 854 3073 τῆς
882 3003 1111 3065 ἀτοπίας
1140 3004 1152 3058 l
1187 3001 1376 3079 σοφίαν
1408 2997 1556 3073 αἶ)τῴ
1593 2997 1683 3054 τὸν
1714 2998 1942 3072 ἀνυπέρ-

2047 2031 2276 2094 rare,ut
2304 2028 2630 2099 tyrannidis
2659 2045 2774 2083 suae
2809 2029 3266 2086 destructionem
3294 2031 3622 2100 proponant
3643 2031 3700 2084 et

2046 2116 2458 2188 praenuntient,
2511 2115 2629 2172 imo
2688 2122 2744 2172 et
2797 2119 3034 2173 modum
3093 2117 3512 2174 destructionis
3577 2119 3697 2171 tam

2047 2205 2198 2260 clare
2247 2209 2306 2259 et
2354 2209 2626 2262 accurate
2678 2206 3042 2275 ebuccinent,
3103 2223 3290 2276 neque
3354 2204 3700 2261 ebuccinent

2049 2291 2220 2347 modo
2269 2307 2356 2358 ea,
2391 2307 2640 2363 quorum
2688 2291 2813 2364 ipse
2843 2292 2991 2349 latro
3039 2293 3284 2364 ignarus
3332 2297 3472 2360 erat,
3505 2291 3605 2346 sed
3641 2299 3700 2346 et

2049 2378 2208 2435 omni
2271 2381 2466 2436 studio
2533 2386 2909 2451 promoveant
2975 2388 3032 2438 et
3060 2381 3698 2453 provehant?Quantaa

2049 2469 2190 2536 haec,
2221 2469 2704 2541 inquam,essent
2733 2470 3060 2538 dementiae,
3092 2487 3228 2526 cum
3258 2469 3516 2526 vicissim
3549 2485 3697 2540 pru-

2051 2559 2257 2614 dentiaa
2293 2559 2391 2626 sit,
2425 2558 2754 2616 naturalem
2785 2559 3093 2630 impetum,
3126 2559 3298 2615 etiam
3330 2559 3391 2614 in
3423 2557 3697 2616 extremis

2051 2647 2328 2720 gradibus
2376 2647 2815 2718 consistentem,
2847 2665 3210 2704 conservare.
3244 2647 3347 2704 Vel
3398 2648 3446 2703 si
3498 2646 3611 2703 alia
3642 2646 3699 2700 id

2053 2738 2276 2794 ratione
2299 2753 2645 2809 cognoscere
2677 2737 2878 2806 mavis,
2901 2737 2976 2806 ei,
3005 2754 3178 2809 quem
3202 2737 3501 2794 recondita
3519 2740 3576 2792 et
3607 2751 3700 2790 su-

2053 2827 2445 2898 pernaturalia
2466 2826 2732 2898 praescire
2757 2827 2926 2896 dicis,
2952 2831 3127 2898 atque
3157 2843 3247 2894 ea,
3269 2843 3396 2897 quae
3424 2824 3531 2882 soli
3565 2839 3700 2881 vero

2052 2913 2169 2970 Deo
2200 2916 2430 2987 cognita
2461 2931 2526 2972 ac
2558 2915 2918 2987 praedefinita
2957 2919 3145 2982 erant,
3177 2915 3465 2970 inﬁnitam
3497 2912 3552 2968 ei
3582 2912 3703 2968 ine-

2053 3003 2401 3061 narrabilem
2423 3004 2910 3076 sapientiam,vah
2936 3003 3398 3076 imprudentiam
3425 3005 3436 3059 ι
3464 3001 3697 3072 tribuis,

279 3091 492 3166 ϐλητον
526 3095 618 3150 καὶ
662 3100 870 3149 σύνεσιν
905 3091 1106 3171 ἄφατον
1138 3089 1356 3167 χαρίζῃ·
1406 3092 1488 3152 οἷς
1535 3086 1594 3144 δὲ
1639 3088 1736 3156 τήν
1777 3086 1942 3142 αὐτοῦ

2055 3110 2228 3164 quem
2253 3095 2446 3166 ipsum
2478 3098 2696 3163 tamen,
2719 3094 2858 3149 dum
2880 3110 3013 3149 eum
3038 3109 3200 3148 suam
3226 3092 3540 3164 perniciem
3564 3107 3699 3162 pro-

275 3185 580 3243 κατάλυσιν
636 3185 1047 3259 συνεργάζεσθαι
1111 3183 1202 3238 καὶ
1242 3175 1588 3256 θριαμϐεύειν
1637 3176 1788 3234 οὐδὲν
1829 3184 1937 3233 τῶν

277 3275 702 3352 παραπαιόντων
732 3274 824 3329 καὶ
855 3267 1235 3344 ἐξεστηκότων,
1269 3271 1326 3326 ὃν
1358 3275 1475 3330 τοῖς
1522 3267 1764 3345 χείλεσιν
1815 3261 1941 3322 ἔθου

280 3368 442 3434 Θεὸν,
483 3369 604 3421 κατ’
637 3361 786 3420 οὐδὲν
821 3362 910 3435 ἐᾷς
947 3359 1374 3436 παραλλάττειν.

352 3459 490 3512 KE'.
553 3457 814 3512 Τοιοῦτοι
886 3457 992 3508 τῶν
1081 3455 1188 3506 σῶν
1251 3448 1538 3526 δογμάτων
1601 3449 1651 3503 οἱ
1723 3447 1942 3522 καρποὶ,

283 3550 521 3602 τοιαῦτα
582 3543 875 3618 τῶνὺπὲρ
922 3545 1023 3608 τῆς
1079 3539 1346 3614 πονηρίας
1398 3535 1829 3612 σπουδασμάτων
1880 3535 1948 3592 τὰ

289 3635 575 3712 ἐπίχειρα,
629 3632 840 3706 μᾶλλον
891 3629 949 3686 δὲ
995 3632 1134 3704 πρὸς
1195 3630 1282 3685 τὸν
1342 3627 1564 3684 αὐτόθεν
1623 3623 1785 3703 ὄγκον
1847 3633 1945 3696 τῆς

291 3732 398 3794 σῆς
439 3720 807 3800 βλακφημίας
834 3721 1054 3789 καὶτῆς
1095 3720 1350 3797 ἀπαρχῆς
1377 3719 1484 3772 τῶν
1535 3720 1641 3771 σῶν
1693 3715 1946 3786 ζιζανίων

277 3820 514 3889 σπορᾶς.
582 3810 694 3868 Καὶ
738 3814 906 3864 ταῦτα
962 3809 1153 3884 μικρά.
1191 3811 1400 3863 Ἐκεῖνο
1451 3804 1510 3860 δὲ
1554 3811 1662 3860 τῶν
1717 3803 1949 3860 Σαδδου-

277 3903 456 3958 καίων
517 3903 570 3956 oi.
635 3897 1083 3974 ἀναισθητύτεροι
1141 3895 1228 3966 (οὐ
1295 3898 1397 3971 γὰρ
1459 3895 1517 3949 ἃν
1575 3895 1762 3973 φαίην,
1827 3894 1950 3949 ἀσε-

281 3987 562 4066 ϐέστερον
612 3988 814 4062 μείζων
860 3987 964 4063 γὰρ
1014 3987 1194 4041 αὐτῶν
1237 3983 1379 4040 ἐστιν
1412 3986 1447 4054 ἡ
1480 3983 1801 4049 ἀποστασία,
1848 3989 1949 4052 τῆς

283 4083 428 4156 πρὸς
457 4080 530 4135 τὰ
571 4078 745 4154 χείρω
778 4075 1158 4152 συγκρίσεως),
1191 4073 1319 4130 ἀλλ’
1369 4073 1459 4127 οὖν
1507 4071 1675 4127 ἐκεῖνο
1723 4075 1842 4133 πῶς
1887 4070 1949 4126 οὐ

282 4169 679 4226 δυσωποῦνται
737 4168 792 4222 οἱ
840 4167 974 4240 πρὸς
1025 4171 1197 4221 πᾶσαν
1245 4162 1391 4219 θείαν
1438 4163 1530 4218 καὶ
1578 4161 1812 4232 ἀπειλήν
1859 4163 1948 4217 καὶ

281 4262 462 4336 ὀργήν
513 4261 606 4315 καὶ
657 4257 820 4333 χάριν
875 4256 964 4312 καὶ
1022 4253 1326 4330 εὐεργεσίας
1369 4251 1667 4308 ἀπόλαυσιν
1727 4250 1940 4307 ἀδυσώ-

279 4372 485 4421 πητοι,
517 4351 548 4405 δ
588 4354 707 4410 τοῖς
736 4341 1053 4417 νενοσηκόσι
1085 4342 1475 4404 Σαδδουκαίοις
1503 4345 1703 4416 νεκρῶν
1741 4343 1817 4416 μή
1859 4343 1942 4396 εῖ-

2052 3185 2301 3241 movisse
2325 3184 2434 3249 ais,
2457 3183 2604 3238 nihil
2635 3199 2834 3239 eorum
2859 3199 2982 3254 qua:
3004 3183 3196 3238 insani
3219 3185 3276 3238 et
3307 3181 3477 3236 deliri
3504 3180 3698 3237 susci-

2052 3290 2186 3346 pere
2220 3273 2466 3345 possint,
2499 3273 2768 3346 quamvis
2797 3273 2981 3330 Deum
3023 3272 3194 3328 labiis
3229 3273 3429 3337 facias,
3463 3279 3700 3343 prater-

2055 3364 2284 3420 mittere
2317 3363 2559 3436 pateris.
3699 3369 3706 3372 '

2121 3452 2497 3524 XXV.Atque
2524 3451 2620 3508 isti
2649 3456 2788 3508 sunt
2813 3453 3152 3523 dogmatum
3179 3456 3412 3508 tuorum
3445 3451 3693 3520 fructus,

2055 3542 2178 3598 haec
2226 3546 2362 3598 sunt
2389 3541 2568 3597 studii
2616 3541 2678 3597 in
2727 3540 3012 3598 malitiam
3061 3541 3288 3613 probati
3323 3559 3338 3610 ;
3368 3541 3457 3595 vel
3506 3539 3701 3610 potius

2056 3631 2433 3704 blasphemiae
2472 3635 2581 3687 ture
2615 3631 3123 3704 primitiarumque
3160 3630 3539 3700 zizaniorum,
3572 3645 3700 3701 qua:

2055 3723 2117 3779 in
2150 3729 2204 3778 te
2233 3739 2439 3792 sparsa
2464 3727 2622 3787 sunt,
2657 3724 2915 3794 praemia.
2948 3724 3056 3779 Sed
3098 3723 3198 3778 illa
3229 3722 3465 3793 quidem
3496 3721 3704 3792 exigua

2058 3817 2216 3869 sunt.
2239 3812 2517 3883 Nunquid
2541 3828 2674 3868 vero
2706 3813 2972 3869 homines
2995 3812 3333 3868 Sadducaais
3355 3811 3704 3883 stupidiores

2057 3907 2287 3975 (neque
2335 3902 2492 3957 enim
2525 3901 2789 3969 dixerim,
2824 3902 3014 3972 magis
3062 3901 3296 3973 impios,
3329 3902 3511 3969 major
3547 3901 3703 3955 enim

2058 4001 2145 4047 est
2175 4007 2375 4046 eorum
2401 3990 2666 4059 defectio,
2691 4007 2867 4061 quam
2894 3995 2954 4045 ut
2977 3990 3274 4059 pejoribus
3299 3988 3547 4044 conferri
3579 4003 3704 4058 pos-

2059 4081 2205 4152 sit),
2238 4079 2527 4150 nunquid,
2559 4079 2825 4150 inquam,
2860 4077 3081 4150 pudore
3127 4094 3242 4133 non
3283 4077 3706 4132 suﬂ‘unduntur

2060 4169 2350 4235 homines,
2384 4169 2483 4239 qui
2518 4185 2620 4224 nec
2652 4169 2926 4224 omnibus
2958 4167 3057 4223 Dei
3091 4166 3290 4234 minis,
3323 4181 3428 4222 nec
3459 4166 3564 4234 ira,
3599 4179 3703 4220 nec

2053 4259 2257 4328 gratia,
2293 4274 2397 4314 nec
2435 4257 2827 4314 beneﬁcentiae
2877 4258 3005 4328 ejus
3037 4257 3228 4312 fructu
3279 4259 3604 4324 moventur,
3637 4268 3703 4309 eo

2053 4347 2378 4404 Servatoris
2400 4346 2553 4403 dicto
2577 4363 2690 4404 non
2716 4345 2968 4418 perculsi
2991 4362 3126 4419 quo,
3149 4345 3207 4400 in
3232 4345 3601 4413 Sadducteos,
3620 4358 3705 4398 re-

276 4463 372 4496 ναι
419 4439 737 4508 ἀνάστασιν,
791 4437 1066 4510 πειράζειν
1129 4433 1515 4512 ἐπιχειρήσασι
1569 4432 1660 4486 τὸν
1719 4431 1943 4506 ἀπείρα-

2056 4435 2476 4494 surrectionem
2495 4440 2858 4493 mortuorum
2877 4452 3110 4508 negare,
3126 4440 3182 4491 et
3200 4450 3356 4502 eum,
3377 4434 3475 4506 qui
3492 4431 3705 4489 tentari

276 4553 434 4599 στον,
494 4531 661 4590 αὐτὸς
719 4526 1095 4604 ἂνεφθέγξατο.
1153 4523 1286 4600 Περὶ
1347 4520 1404 4578 δὲ
1459 4529 1558 4592 τῆς
1613 4521 1950 4586 ἀναστάσεως

269 4626 396 4676 τῶν
456 4622 666 4692 νεκρῶν
725 4617 828 4672 οὐκ
902 4613 1170 4690 ἀνέγνωτε
1241 4613 1302 4667 τὸ
1380 4612 1541 4686 ῥηθὲν
1623 4610 1750 4684 ὑμῖν
1847 4611 1950 4666 ὑπὸ

273 4715 390 4767 τοῦ
431 4708 639 4784 Κυρίου
691 4704 968 4782 λέγοντος’
1025 4705 1166 4780 Ἐγὼ
1225 4703 1339 4777 εἶμι
1407 4703 1436 4756 6
1488 4703 1617 4763 Θεὸς
1678 4697 1949 4778 Ἀϐραὰμ,

277 4802 382 4856 καὶ
442 4800 473 4855 6
523 4797 653 4860 Θεὸς
711 4796 914 4867 Ἰσαὰκ,
962 4794 1054 4850 καὶ
1104 4795 1132 4848 ὁ
1177 4790 1308 4856 Θεὸς
1374 4787 1590 4849 Ἰακώϐ·
1653 4792 1756 4847 οὐκ
1811 4787 1950 4846 ἔστιν

2060 4541 2176 4582 non
2207 4529 2419 4597 potest,
2447 4529 2671 4582 tentare
2701 4526 3084 4590 sustinentes,
3121 4541 3262 4580 usus
3290 4530 3397 4579 est.
3429 4524 3502 4579 De
3523 4537 3707 4577 resur-

2061 4617 2296 4672 rectione
2316 4631 2443 4672 vero
2463 4623 2809 4671 mortuorum
2835 4630 3016 4670 nonne
3035 4613 3263 4682 legistis,
3288 4611 3434 4684 quod
3450 4611 3599 4668 vobis
3620 4611 3709 4666 di-

2062 4712 2210 4760 ctum
2241 4708 2366 4759 esta
2399 4706 2632 4760 Domino
2653 4706 2864 4760 dicente
2885 4721 2906 4758 :
2929 4708 3047 4776 Ego
3073 4719 3198 4759 sum
3224 4705 3362 4758 Deus
3381 4702 3708 4770 Abrahami,

2065 4803 2117 4850 et
2148 4795 2286 4849 Deus
2317 4795 2516 4861 Isaaci,
2539 4799 2592 4849 et
2627 4795 2761 4850 Deus
2789 4795 2985 4851 Jacobi
3011 4811 3030 4848 :
3064 4809 3174 4850 non
3204 4793 3374 4864 igitur
3407 4793 3543 4850 Deus
3572 4809 3711 4848 mor-

1481 4957 1726 5014 VARI/E
1766 4957 2158 5014 LECTIONES
2197 4957 2289 5012 ET
2329 4956 2555 5013 NOT/E.

368 5097 484 5167 (ει)
540 5091 650 5150 Τὸν
711 5093 852 5146 νοῦν.
915 5086 1284 5167 ῌοῦνᾲμὲγαῖ
1351 5085 1606 5167 appellat
1654 5086 1956 5167 Satanam;

283 5158 396 5241 qui
430 5158 585 5241 fastu
620 5167 838 5241 elatus,
871 5163 953 5241 n_i_l
987 5161 1099 5241 nisi
1120 5158 1359 5241 excelsa
1389 5159 1701 5241 cogitabat.
1752 5158 1957 5241 Angeli

283 5230 562 5312 alioquin
595 5235 716 5298 νόες
746 5230 1116 5312 appellantur
1146 5237 1269 5312 tuin
1303 5231 1374 5312 ab
1390 5230 1552 5312 aliis,
1585 5235 1709 5312 tum
1743 5247 1776 5285 a
1824 5230 1960 5312 Dio-

283 5302 468 5385 nysio
489 5302 860 5382 Areopagita,
881 5305 981 5362 lib.
1003 5322 1042 5361 1.
1070 5306 1142 5360 De
1159 5302 1363 5360 συείοιςεί
1383 5302 1720 5370 hierarchia,
1752 5318 1878 5373 cap.
1909 5303 1958 5372 l,

287 5403 650 5526 poéé)_T6v
697 5448 987 5526 Ἀσσύριον
1035 5443 1426 5526 αὐτοκράτορα.
1489 5443 1712 5526 Alludit
1761 5443 1961 5514 procul

285 5517 483 5583 dubio
503 5524 715 5581 Noster
736 5525 810 5580 ad
826 5517 941 5580 lea.
969 5537 1086 5586 xxv,
1120 5517 1216 5588 12,
1242 5517 1349 5574 ubi
1372 5517 1698 5588 secundum
1720 5530 1960 5570 sensum

281 5598 621 5655 litteralem
653 5611 844 5652 sermo
875 5598 964 5650 est
988 5595 1058 5648 de
1089 5586 1220 5662 rege
1249 5586 1607 5662 Babyloniae,
1637 5601 1805 5662 quem
1831 5601 1961 5641 vero

281 5673 546 5727 Patrum
581 5665 852 5739 permulti
885 5664 1129 5739 mystice
1159 5659 1546 5739 accomodant
1580 5661 1640 5739 et
1685 5659 1963 5739 interpre-

287 5747 513 5799 tantur
539 5730 612 5796 de
643 5737 898 5804 diabolo,
932 5730 1243 5793 insolentia
1269 5733 1453 5790 fastus
1470 5732 1541 5788 de
1561 5730 1964 5801 dignitate’eua

638 5839 913 5901 Paraon.
963 5838 1072 5897 Ga.
1120 5833 1242 5896 CII.

2068 5083 2397 5140 deturbato.
2423 5085 2511 5140 Ita
2538 5082 2689 5139 inter
2718 5087 2979 5148 caeteros,
3001 5082 3189 5137 Tutus
3213 5082 3545 5137 Bostrensis
3567 5081 3668 5138 lib.
3691 5097 3709 5135 ι

2065 5156 2340 5212 Adversus
2386 5156 2732 5212 Manichwos.
2766 5155 3025 5210 Aliorum
3072 5153 3312 5209 Patrum
3365 5155 3492 5209 loca
3531 5154 3713 5208 habes

2069 5229 2222 5297 apud
2264 5228 2502 5297 Dionys.
2535 5227 2858 5293 Petavium,
2892 5227 2970 5297 in,
2991 5225 3343 5295 Dogmatibus
3373 5224 3710 5297 theologicis,

2069 5295 2213 5355 tom.
2248 5299 2348 5365 ΙΙΙ,
2375 5295 2477 5352 lib.
2511 5312 2552 5365 ι,
2575 5314 2623 5352 c.
2655 5298 2724 5351 94
2760 5323 2774 5364 ;
2806 5295 3106 5352 etJulium
3135 5296 3582 5364 Bartoloccium,
3615 5295 3714 5351 t.I

2069 5370 2418 5427 Bibliotheca
2439 5383 2654 5439 magna?
2682 5369 2927 5434 rabbin.,
2962 5385 3019 5438 p.
3050 5369 3150 5422 287
3185 5384 3368 5438 seqq.,
3401 5368 3500 5438 qui
3531 5374 3587 5421 et
3614 5366 3716 5422 Ju-

2071 5444 2339 5567 dreocfum‘
2376 5442 2436 5496 in
2485 5439 2749 5496 eamdem
2804 5440 3156 5496 sententiam
3209 5439 3717 5511 interpretationes

2072 5531 2174 5567 οτο
2225 5529 2362 5567 ιιοιι.

2115 5517 2214 5569 rod
2225 5517 2362 5567 ucit.

2181 5532 2362 5567 OUCI'.

2072 5532 2255 5656 ρι¹ἱ)26)
2286 5539 2417 5639 Κιατ’
2449 5580 2642 5656 αὐτῶν.
2675 5583 3016 5656 Ιιααεοιὶρεὶ
3060 5599 3163 5655 pro
3193 5585 3306 5656 κατ’
3345 5579 3528 5656 αὐτόν,
3550 5580 3717 5656 quod

2072 5651 2277 5712 eratin
2322 5672 2434 5736 _ms.
2467 5651 3620 5736 Sermoscilicechic'estnde'pipphetis,
3654 5651 3715 5706 in

2072 5743 2219 5801 quos
2249 5726 2562 5784 calumniis
2593 5727 2716 5784 suis
2745 5727 2948 5798 injurii
2969 5734 3129 5782 erant
3161 5723 3480 5780 Pauliciani

3360 5825 3398 5880 8
