4084 6210
430 369 548 432 235

1628 357 1893 421 PHOTII
1939 355 2466 423 PATRIARCHE
2511 365 2627 425 ΟΡ.

3704 368 3824 428 236

429 515 646 560 tuorum
669 503 832 566 Deus,
857 498 946 554 sed
976 497 1278 552 viventium
1306 496 1370 551 ευ.
1397 496 1544 560 Quid
1579 496 1728 550 enim
1763 493 2066 564 quisquam

2184 490 2274 546 οὖν
2332 495 2360 548 6
2421 499 2549 559 Θεὸς
2606 502 2808 573 νεκρῶν
2878 499 3025 566 Θεὸς,
3086 497 3232 554 ἀλλᾶ
3291 499 3531 568 ζώντων.
3595 498 3661 556 Τί
3717 500 3824 575 γὰρ

428 595 536 650 hoc
568 595 802 647 oraculo
850 590 1138 645 invenerit
1167 587 1486 654 efficacius,
1517 593 1615 642 aut
1646 586 1715 640 ad
1767 583 2070 640 audaciam

426 682 682 736 hostium
718 678 809 734 Dei
842 677 1254 733 destruendam
1287 675 1525 747 aptius?
1548 675 1701 730 Deus
1733 670 2069 738 Abrahami,

427 771 612 826 Isaaci
635 772 692 823 et
712 767 934 832 Jacobi,
957 767 1273 821 viventium
1303 770 1451 820 Deus
1475 769 1579 820 est.
1607 764 1672 818 Et
1696 761 2069 816 manifestum

425 873 564 914 sane
606 863 716 924 est,
749 857 902 927 quod
958 871 1208 925 quorum
1242 859 1330 910 est
1386 854 1562 921 Deus,
1590 851 1674 906 illi
1709 857 1764 906 et
1809 866 1987 917 nunc,
2014 852 2072 903 et

425 950 554 1017 post
579 944 1062 1000 resurrectionem
1088 944 1144 996 in
1175 944 1296 1013 ipso
1321 943 1532 998 vivant.
1572 939 2072 996 Resurrectionem

422 1051 557 1090 vero
589 1039 864 1106 operatur
914 1033 1084 1098 Deus,
1119 1033 1381 1102 adeoque
1412 1048 1559 1102 quos
1607 1043 1904 1100 resurgere
1936 1025 2074 1080 facit

425 1124 605 1178 Filius
627 1126 644 1192 (
665 1122 971 1178 resuscitat
991 1137 1124 1176 vero
1158 1121 1427 1176 homines
1457 1135 1680 1187 omnes,
1705 1117 1920 1188 quibus
1952 1130 2075 1170 om-

423 1212 563 1266 nino
615 1212 985 1266 continentur
1029 1214 1084 1266 et
1137 1210 1387 1279 majores
1442 1206 1967 1280 patriarcharum),
2001 1204 2072 1258 iis

423 1303 662 1356 omnino
711 1301 1041 1356 dominatur
1079 1303 1135 1354 et
1173 1315 1329 1353 nunc
1356 1307 1408 1354 et
1440 1300 1566 1370 post
1587 1295 2071 1352 resurrectionem

424 1389 598 1455 Deus,
631 1390 866 1460 quando
899 1389 1074 1443 ﬁctus
1103 1387 1203 1442 ille
1233 1386 1493 1458 corporis
1525 1385 1610 1440 tui
1644 1384 1910 1440 conditor
1938 1383 2072 1453 igne

425 1482 482 1534 et
510 1479 688 1534 vermi
719 1486 929 1533 aeterno
959 1477 1210 1532 traditus
1262 1477 1391 1543 erit,
1425 1491 1534 1531 non
1569 1473 1757 1530 solum
1792 1473 1938 1544 ipse,
1970 1471 2071 1525 sed

424 1575 477 1622 et
511 1568 593 1621 illi
643 1567 855 1637 quibus
886 1567 1094 1638 volupe
1143 1565 1249 1619 fuit
1299 1565 1532 1619 obedire
1579 1568 1636 1618 et
1673 1563 2073 1632 obtemperare

421 1646 710 1702 voluntati
765 1647 914 1714 ejus.
961 1647 1038 1699 Ac
1087 1644 1170 1698 illi
1219 1643 1454 1714 quidem
1509 1658 1638 1698 cum
1694 1643 1819 1712 ipso
1870 1655 2072 1710 pmnas

423 1735 817 1804 sustinebunt,
860 1733 1231 1789 Abrahamus
1281 1749 1414 1788 vero
1465 1738 1522 1786 et
1569 1731 1824 1794 Isaacus,
1868 1735 1927 1783 et
1970 1728 2074 1782 Ja-

2179 583 2238 634 ἂν
2271 603 2354 643 τις
2386 583 2534 656 εὕροι
2564 585 2766 656 ταύτης
2797 593 2899 655 τῆς
2929 591 3186 663 χρήσεως
3225 583 3596 662 βεϐαιότερον,
3630 589 3666 657 ἢ
3697 589 3830 642 καθ-

2179 671 2321 727 ελεῖν
2379 676 2476 743 τὴν
2524 681 2632 731 τῶν
2683 678 2978 752 θεομάχων
3026 676 3237 749 τόλμαν
3300 677 3721 753 κραταιότερον;
3773 683 3827 732 '0

2177 766 2273 816 τοῦ
2333 760 2581 838 Ἀϐραὰμ
2636 767 2723 820 καὶ
2781 767 2808 820 6
2858 770 2952 821 τοῦ
3008 766 3188 822 Ἰσαὰκ
3240 766 3329 819 καὶ
3391 767 3418 819 6
3472 770 3572 820 106
3631 761 3826 823 Ἰακὼῦ

2179 853 2332 922 Θεὸς,
2364 852 2525 918 αὑτός
2553 853 2692 910 ἔστιν
2727 857 2754 910 6
2785 861 2891 910 τῶν
2926 858 3144 925 ζώντων
3177 856 3326 918 Θεός.
3363 855 3463 910 Καὶ
3499 853 3695 926 δῆλον,
3729 857 3828 924 ὡς,

2179 942 2252 995 ὧν
2281 940 2393 998 ἐστι
2417 945 2566 1014 Θεὸς,
2601 945 2751 1000 οὗτοι
2783 950 2916 1015 ζῶσι
2945 945 3035 1000 καὶ
3065 949 3152 999 νῦν
3176 947 3266 1000 καί
3301 945 3436 1016 μετὰ
3464 947 3563 1014 τὴν
3597 946 3831 1000 ἀνάστα-

2181 1052 2261 1085 σιν
2309 1031 2359 1086 ὲν
2405 1033 2571 1105 αὐτῷ.
2621 1036 2728 1102 Τὴν
2784 1033 2840 1089 δὲ
2896 1034 3182 1089 ἀνάστασιν
3243 1035 3540 1109 ἑνήργησεν
3595 1035 3624 1089 6
3673 1036 3828 1107 Θεὸς,

2179 1119 2316 1176 ὥστε
2357 1122 2451 1186 οὓς
2506 1123 2786 1192 ἀνίστησεν
2866 1125 2893 1178 6
2947 1125 3070 1188 Υἱὸς
3126 1123 3334 1196 (ἀνιστᾷ
3383 1120 3441 1177 δὲ
3497 1123 3715 1196 σύμπαν
3767 1124 3829 1178 τὸ

2179 1209 2394 1284 ποίημα
2416 1215 2543 1284 (27),
2580 1212 2634 1267 ἐν
2668 1215 2754 1276 οἷς
2785 1215 2873 1268 καὶ
2907 1215 2958 1268 o't
2989 1211 3252 1289 πρόγονοι
3277 1217 3382 1266 τῶν
3425 1214 3828 1287 πατριαρχῶν),

2177 1301 2382 1356 τούτων
2417 1301 2517 1376 ἄρα
2551 1303 2823 1377 βασιλεύει
2864 1304 2952 1358 καὶ
2997 1301 3088 1356 νῦν
3131 1303 3218 1356 καὶ
3268 1301 3400 1375 μετὰ
3444 1304 3543 1371 τήν
3593 1302 3832 1356 ἀναστα-

2180 1411 2259 1444 σιν
2294 1392 2321 1444 6
2355 1393 2503 1462 Θεὸς,
2536 1393 2625 1447 ὅτε
2665 1394 2751 1447 καὶ
2803 1397 2898 1448 106
2947 1396 3042 1447 σοῦ
3095 1390 3416 1463 πλάσματος
3447 1393 3476 1444 6
3508 1389 3831 1463 πεπλασμέ-

2179 1498 2269 1540 νος
2307 1482 2546 1550 ποιητής
2596 1485 2674 1553 τῷ
2722 1480 3068 1552 ἀτελευτήτῳ
3117 1479 3249 1554 πυρὶ
3307 1479 3396 1534 καὶ
3446 1483 3527 1550 τῷ
3576 1477 3828 1547 σκώλήκι

2182 1567 2568 1643 παραδέδοται,
2603 1569 2759 1632 αὐτός
2790 1589 2846 1624 τε
2874 1571 2963 1624 καὶ
3012 1571 3093 1630 οἷς
3145 1569 3432 1623 ὑπακούειν
3479 1569 3565 1622 καὶ
3618 1570 3827 1642 ὑπηρε-

2179 1663 2289 1713 τεῖν
2321 1658 2485 1713 αὐτοῦ
2516 1659 2708 1733 γνώμη
2738 1659 2929 1736 γέγονε
2967 1663 3046 1730 τῷ
3078 1657 3372 1731 θελήματι.
3417 1656 3574 1714 Ἀλλ’
3623 1656 3827 1712 ἐκεῖνοι

2186 1749 2279 1821 μὲν
2316 1749 2406 1802 σὺν
2438 1747 2623 1821 ἒκείνῳ
2651 1750 2750 1812 τήν
2783 1746 2939 1818 δίκην
2975 1748 3296 1826 ὑπέχουσιν,
3333 1743 3584 1822 Ἀϐραὰμ
3631 1743 3685 1801 δὲ
3731 1745 3830 1800 καὶ

423 1826 625 1893 cobus,
683 1839 1006 1894 omnesque
1072 1823 1168 1893 qui
1233 1829 1350 1878 Deo
1405 1838 1502 1892 per
1573 1820 1760 1892 legem
1819 1819 2066 1890 placent,

2185 1838 2382 1904 Ἰσαὰκ,
2415 1838 2500 1891 καὶ
2532 1834 2748 1908 Ἰακὼϐ,
2780 1839 2869 1893 καὶ
2910 1840 3105 1900 πάντες
3162 1839 3244 1900 οἷς
3275 1840 3308 1906 ἡ
3342 1835 3431 1891 διὰ
3480 1836 3652 1908 νόμου
3694 1839 3834 1890 Θεοῦ

419 1914 634 1984 gaudio
669 1929 970 1983 nunquam
1026 1913 1277 1967 finiendo
1323 1927 1429 1968 nec
1474 1910 1844 1965 edisserendo
1878 1908 2072 1962 fruen-

417 2008 534 2058 tur.
588 2003 735 2067 Quid
795 2002 901 2066 ais,
957 2001 1134 2055 miser
1201 2000 1396 2067 homo,
1449 2005 1606 2066 tuus,
1657 2013 1830 2068 quem
1877 2012 2068 2064 vocas,

420 2091 689 2146 conditor
739 2091 890 2159 ignis
924 2089 984 2142 lit
1032 2087 1272 2155 esca,illi
1306 2104 1461 2154 vero,
1494 2088 1590 2157 qui
1623 2087 1775 2141 circa
1807 2085 2074 2140 Abraha-

420 2195 579 2234 mum
612 2184 772 2243 sunt,
805 2195 839 2233 a
868 2195 1000 2232 vero
1035 2182 1145 2233 Deo
1174 2176 1430 2232 crelestia
1453 2176 1780 2231 sortiuntur
1802 2176 2070 2230 taberna-

417 2267 570 2323 cula.
608 2267 673 2322 Et
704 2273 766 2322 tu
794 2267 878 2322 ais
926 2267 1212 2338 imperare
1245 2266 1315 2321 iis
1347 2282 1504 2330 eum,
1539 2281 1708 2336 quem
1760 2264 2072 2320 exteriores

416 2358 672 2412 tenebra
724 2361 1012 2412 coercent.
1066 2356 1335 2411 Servator
1383 2355 1588 2410 mundi
1639 2355 1865 2410 Patrem
1896 2368 2070 2408 suum

419 2451 581 2502 vocat
631 2450 809 2500 Deum
855 2444 1168 2500 Abrahami
1221 2449 1277 2499 et
1324 2450 1664 2499 ceterorum
1717 2441 2070 2514 patriarcha-

422 2553 573 2592 rum.
606 2539 689 2590 Tu
729 2551 863 2590 vero
894 2551 1028 2590 eum
1061 2537 1133 2590 de
1163 2535 1405 2606 imperio
1444 2533 1744 2601 deturbas,
1777 2533 1906 2602 ejus
1939 2547 2070 2587 vero

421 2625 543 2681 loco
575 2624 899 2680 introducis
929 2639 1085 2685 eum,
1111 2623 1211 2693 qui
1244 2623 1655 2694 ignetabescit,
1681 2637 1747 2676 ac
1780 2628 1831 2675 te
1850 2621 2068 2690 ipsum,

420 2713 534 2768 nisi
592 2715 704 2770 cito
736 2712 1085 2781 resipiscens
1133 2727 1384 2766 errorem
1430 2710 1698 2781 ell'ugias,
1731 2709 1791 2764 in
1836 2709 2068 2764 easdem

420 2819 621 2874 pmnas
669 2801 932 2872 abripit?
962 2801 1030 2855 Et
1075 2800 1262 2856 Judaei
1309 2801 1568 2872 quidem,
1599 2804 1897 2854 Servatore
1948 2798 2069 2854 haec

419 2893 666 2956 dicente,
728 2890 1191 2962 percellebantur
1241 2906 1253 2944 :
1308 2889 1425 2944 imo
1492 2894 1550 2944 et
1616 2888 2067 2943 Sadducaaorum

418 2982 734 3054 impudens
784 2982 957 3037 factio
990 2983 1381 3037 coercebatur.
1412 2981 1499 3037 Tu
1546 2997 1679 3036 vero
1711 2996 1782 3035 ne
1820 2980 1902 3036 sic
1933 2980 2066 3050 qui-

419 3073 549 3126 dem
594 3070 854 3142 linguam
907 3071 1248 3140 compescis,
1281 3087 1383 3126 nec
1426 3071 1637 3143 impias
1684 3070 2064 3141 cogitationes

420 3160 658 3215 deseris.
679 3160 977 3225 Quomodo
1001 3161 1218 3231 itaque,
1238 3169 1333 3214 aut
1357 3161 1529 3226 unde,
1552 3164 1654 3214 aut
1675 3175 1790 3230 quo
1811 3163 2069 3229 tempore

421 3248 508 3305 vel
539 3254 706 3320 gutta
735 3251 917 3304 veniae
947 3249 1052 3304 tibi
1085 3248 1370 3304 stillabit?

495 3454 693 3509 XXVI.
727 3455 832 3509 Sed
887 3471 991 3510 nec
1021 3455 1132 3510 hoc
1172 3456 1611 3525 prmtermittere
1662 3456 1747 3510 l'as
1792 3459 1897 3511 est.
1932 3455 2068 3518 Qui-

424 3543 557 3596 dam
590 3543 1040 3608 Pharisazorum,
1065 3542 1162 3613 qui
1194 3543 1324 3598 aliis
1356 3542 1501 3614 legis
1533 3543 1770 3598 scientia
1801 3551 2070 3615 praestare

428 3630 790 3695 videbantur,
825 3629 1204 3684 tentationem
1247 3630 1388 3685 Jesu
1420 3630 1775 3702 aggreditur,
1808 3638 1860 3686 et
1891 3630 2074 3685 inter-

425 3725 609 3788 rogat,
643 3717 862 3788 dicens,
897 3717 1173 3788 Magister,
1207 3717 1479 3791 quodnam
1504 3725 1839 3790 praeceptum
1871 3721 1928 3774 in
1961 3722 2073 3791 lege

423 3808 604 3878 majus
637 3816 713 3862 est
741 3807 807 3863 εί.
843 3806 980 3863 Vide
1009 3822 1141 3864 vero
1171 3824 1241 3863 ex
1284 3807 1379 3877 iis,
1415 3825 1541 3880 quis
1574 3811 1850 3881 rependet
1878 3810 2068 3878 Jesus,

426 3898 718 3968 quomodo
741 3896 1042 3971 praeceptis
1067 3897 1333 3955 Mosaicis
1357 3903 1414 3954 et
1445 3898 1811 3970 dignitatem,
1828 3904 1883 3955 et
1913 3915 2072 3954 amo-

425 4001 547 4042 rem
597 3988 695 4043 Dei
741 3987 858 4044 illis
909 3994 1282 4060 prazceptum,
1315 3988 1589 4044 vindicet.
1637 3990 1838 4060 Diliges
1889 3988 2070 4056 enim,

424 4077 634 4149 inquit,
678 4079 967 4135 Dominum
1019 4079 1182 4134 Deum
1227 4088 1383 4135 tuum
1430 4095 1499 4135 ex
1529 4084 1634 4136 toto
1677 4080 1832 4135 corde
1877 4082 1989 4146 tuo,
2021 4085 2073 4134 et

423 4169 484 4222 in
517 4175 630 4224 tota
658 4169 848 4225 anima
877 4173 992 4235 tua,
1020 4177 1070 4224 el
1094 4171 1154 4223 in
1181 4173 1288 4225 tota
1310 4175 1488 4224 mente
1517 4178 1612 4223 tua
1636 4169 1700 4224 υ.
1725 4171 1910 4238 Atque
1942 4167 2062 4223 hac

2183 1925 2549 1998 εὐαρέστησις,
2578 1933 2677 1995 τῆς
2727 1925 3090 1996 ἀτελευτήτου
3137 1925 3228 1980 καὶ
3278 1923 3658 1994 ἀνεκλαλήτου
3700 1944 3834 1997 τρυ-

2184 2021 2289 2090 φῆς
2321 2014 2677 2071 ἀπολαύουσι.
2721 2016 2788 2072 Τί
2831 2013 3030 2090 λέγεις,
3077 2013 3255 2082 ἄθλιε,
3291 2016 3318 2068 6
3353 2015 3441 2076 σὸς
3487 2017 3556 2086 τῇ
3605 2013 3834 2088 γλώττῃ

2185 2099 2522 2178 δημιουργὸς
2582 2105 2751 2179 πυρὸς
2809 2106 3016 2179 γίνεται
3077 2105 3277 2183 τροφὴ,
3340 2104 3392 2158 οἱ
3449 2101 3507 2158 δὲ
3553 2103 3677 2173 περὶ
3735 2103 3834 2158 τὸν

2185 2186 2438 2266 Ἀϐρααμ
2471 2194 2616 2267 παρᾶ
2645 2197 2740 2246 τοῦ
2770 2193 3036 2263 ἀληθινοῦ
3068 2197 3200 2248 Θεοῦ
3229 2193 3324 2254 τὰς
3367 2191 3652 2266 οὐρανίους
3683 2190 3836 2262 κλη-

2182 2287 2401 2356 ροῦνται
2434 2284 2653 2352 σκηνάς.
2702 2283 2804 2339 Καὶ
2854 2284 2916 2338 σὺ
2964 2281 3138 2354 λέγεις
3179 2281 3368 2358 ἄρχειν
3411 2282 3610 2350 αὐτῶν,
3657 2283 3716 2336 ὃν
3764 2283 3835 2336 τὸ

2181 2372 2437 2448 ἐξώτερον
2469 2374 2680 2449 συνέχει
2716 2373 2952 2445 σκότος;
2988 2379 3044 2428 '0
3074 2375 3269 2447 Σωτὴρ
3318 2378 3415 2428 106
3469 2374 3681 2448 κόσμου
3728 2373 3827 2428 τὸν

2180 2462 2372 2517 ἑαυτοῦ
2405 2465 2614 2537 Πατέρα
2645 2464 2772 2518 Θεὸν
2806 2462 2950 2537 λέγει
2990 2467 3088 2518 106
3137 2458 3390 2537 Ἀϐρααμ
3441 2463 3530 2517 καὶ
3581 2467 3687 2518 τῶν
3719 2461 3836 2518 ἄλ-

2182 2549 2292 2606 λων
2325 2557 2703 2627 πατριαρχῶν,
2752 2552 2825 2607 Σὺ
2884 2554 2977 2626 μὶν
3022 2558 3214 2608 τοῦτον
3259 2548 3551 2615 ἐκϐάλλεις
3581 2559 3685 2622 τῆς
3735 2552 3839 2627 ἆρ-

2181 2648 2312 2715 χῆς,
2373 2640 2697 2717 ἆντεισέἱγεις
2775 2640 2831 2697 δὲ
2886 2642 2977 2698 τὸν
3034 2642 3476 2716 κατατηκόμενον
3533 2647 3612 2714 τῷ
3671 2643 3835 2716 πυρὶ,

2178 2731 2267 2784 καὶ
2308 2731 2386 2800 σὲ,
2419 2731 2505 2786 ἐὰν
2539 2733 2613 2804 μὴ
2649 2733 2837 2786 θᾶττον
2888 2731 3165 2805 ἀνανήψας
3215 2731 3393 2808 φύγῃς
3441 2733 3537 2800 τήν
3580 2731 3834 2801 πλάνην,

2178 2825 2296 2882 ταῖς
2339 2820 2527 2885 αὐταῖς
2578 2825 2952 2897 συναπαγοντα
3006 2825 3115 2893 (28)
3160 2827 3398 2882 ποιναῖς.
3457 2821 3554 2876 Καὶ
3614 2821 3664 2874 οἱ
3719 2821 3830 2892 μὲν

2180 2909 2455 2981 Ἰουδαῖοι,
2514 2917 2683 2967 ταῦτα
2751 2911 3008 2988 λέγοντος
3058 2917 3154 2967 τοῦ
3214 2919 3496 2986 Σωτῆρος,
3553 2908 3831 2980 ἐξεπλήτ-

2175 3021 2354 3069 τοντο,
2388 3003 2469 3055 ναὶ
2514 2999 2695 3070 δήκαὶ
2726 3002 2786 3056 τὸ
2817 3006 2924 3056 τῶν
2958 2998 3338 3056 Σαδδουκαίων
3381 2997 3587 3062 ἀναιδὲς
3635 2998 3832 3076 ἐπι-,φί-

2185 3111 2355 3163 μωτο.
2393 3091 2466 3145 Σὺ
2508 3089 2552 3146 δ’
2585 3088 2696 3145 οὐδ’
2737 3092 2884 3146 οὕτω
2924 3089 3176 3164 χαλινοῖς
3225 3091 3324 3159 τὴν
3375 3090 3640 3166 γλῶτταν,
3693 3087 3836 3145 οὐδὲ

2179 3184 2286 3234 τῶν
2318 3179 2603 3256 λογισμῶν
2648 3178 2998 3256 ἀπορρίπτεις
3046 3181 3107 3234 τὸ
3160 3175 3495 3252 δυσσέϐημα.
3557 3181 3650 3234 Καὶ
3701 3183 3834 3242 πῶς

2179 3270 2238 3324 ἃν
2277 3267 2464 3334 ἄλλως
2507 3271 2542 3341 ἢ
2592 3270 2752 3326 πόθεν
2800 3271 3130 3344 συγγνώμης
3189 3290 3275 3324 σοι
3327 3270 3556 3344 σταγὼν,
3605 3268 3639 3339 ἢ
3689 3269 3838 3323 κατά

2178 3363 2336 3412 ποῖον
2368 3359 2554 3433 καιρὸν
2589 3358 3046 3433 ἐπισταχθήσεται
3074 3384 3088 3428 ;

2252 3448 2395 3522 ες.
2453 3446 2577 3502 Οὐδ’
2637 3448 2804 3504 ἐκεῖνο
2876 3445 2933 3503 δὲ
2999 3446 3177 3517 δεήσει
3234 3445 3632 3522 παραδραμεῖν.
3697 3449 3831 3504 Τῶν

2180 3537 2492 3610 Φαρισαίων
2534 3559 2638 3606 τις,
2674 3535 2846 3592 δοκῶν
2873 3542 2980 3592 τῶν
3015 3536 3200 3592 ἄλλων
3234 3541 3300 3610 τῇ
3331 3541 3426 3592 106
3455 3537 3627 3606 νόμου
3675 3537 3837 3611 γνώ-

2181 3649 2260 3683 σει
2291 3627 2570 3705 προέχειν,
2603 3627 2678 3691 εἷς
2716 3633 2904 3701 πεῖραν
2956 3626 3113 3681 αὐτὸν
3152 3627 3438 3697 καθίστησι
3483 3631 3580 3682 106
3621 3628 3840 3698 Ἰησοῦ,

2179 3719 2269 3772 καὶ
2329 3716 2591 3789 ἐπερωτᾷ,
2656 3714 2974 3786 Διδάσκαλε,
3044 3713 3239 3790 λέγων,
3298 3716 3432 3770 ποία
3477 3714 3674 3785 ἐντολὴ
3731 3737 3842 3789 με·

2178 3805 2321 3883 γάλη
2380 3804 2434 3862 ἒν
2481 3811 2560 3878 τῷ
2609 3805 2808 3879 νόμῳς
2868 3806 2963 3859 Καὶ
3023 3805 3142 3880 ὅρα,
3201 3802 3270 3859 δι’
3329 3803 3402 3858 ὦν
3462 3800 3749 3878 ἂμείῦεται
3809 3807 3838 3861 ὁ

2181 3899 2411 3967 Ἰησοῦς,
2463 3897 2611 3956 ὅπως
2658 3901 2777 3958 ταῖς
2825 3901 3141 3956 Μωσαϊκαῖς
3193 3893 3441 3956 ἐντολαῖς
3482 3895 3570 3949 καὶ
3616 3895 3680 3948 τὸ
3729 3916 3840 3968 με-

2178 3985 2398 4062 γαλεῖον
2441 3983 2858 4058 ἑπιμαρτύρεται
2915 3983 3002 4038 καὶ
3060 3985 3120 4037 τὸ
3172 3982 3440 4061 θεοφιλές.
3493 3985 3834 4057 ’Δγαπήσεις

2179 4075 2300 4152 γὰρ,
2361 4075 2515 4154 φῃσῐ,
2578 4072 2770 4143 Κύριον
2830 4073 2922 4128 τὸν
2983 4073 3110 4127 Θεόν
3168 4093 3264 4126 σου
3339 4069 3444 4142 ὅλῃ
3499 4074 3567 4144 τῇ
3622 4069 3836 4145 καρδίᾳ

2181 4187 2298 4236 σου,
2358 4169 2444 4220 καὶ
2513 4166 2566 4220 ἐν
2627 4163 2732 4238 ὅλῃ
2800 4167 2867 4237 τῇ
2926 4166 3078 4237 ψυχῇ
3149 4183 3267 4232 σου,
3323 4161 3411 4215 καὶ
3471 4161 3522 4214 ἐν
3580 4163 3684 4235 ὅλῃ
3757 4165 3834 4232 τῆ

423 4257 657 4329 quidem
710 4257 856 4328 legis
888 4273 1051 4313 mens
1083 4267 1166 4312 est
1201 4274 1213 4313 :
1247 4258 1475 4312 attende
1523 4274 1656 4312 vero
1686 4261 1741 4312 et
1790 4258 1859 4312 ad
1902 4256 2066 4325 judi-

2180 4253 2391 4326 διανοίᾳ
2459 4276 2575 4312 σου.
2636 4256 2736 4309 Καὶ
2791 4258 2952 4309 τοῦτο
3015 4254 3106 4326 μὲν
3163 4255 3197 4321 ἡ
3255 4255 3351 4307 τοῦ
3409 4250 3579 4324 νόμου
3639 4253 3829 4329 φωνή·

422 4346 576 4401 cium
618 4345 871 4400 Domini.
905 4345 1220 4415 Subjungit
1251 4345 1404 4400 enim
1441 4362 1452 4397 ε
1489 4349 1602 4398 Hoc
1630 4355 1704 4400 est
1744 4347 1984 4415 primum
2014 4353 2065 4399 et

416 4436 760 4505 praecipuum
801 4439 1139 4504 praeceptum
1171 4433 1216 4467 ³³
1252 4450 1265 4500 ;
1301 4449 1580 4503 magnum
1634 4441 1975 4504 praeceptum
2007 4439 2063 4488 et

419 4525 776 4595 praecipuum
801 4539 956 4588 eum,
983 4521 1080 4591 qui
1105 4520 1216 4592 legi
1237 4521 1551 4575 conformis
1574 4526 1678 4588 est,
1704 4521 1803 4576 Dei
1837 4520 2060 4578 cultum

416 4628 652 4682 vocans,
687 4611 959 4674 Quaenam
993 4613 1185 4664 autem
1214 4610 1457 4679 jubebat
1487 4611 1806 4666 necessitas
1838 4611 1944 4666 hoc
1968 4613 2062 4681 ju-

419 4701 634 4755 dicium
663 4703 831 4768 ferre,
853 4705 907 4755 et
931 4699 1080 4755 hanc
1105 4699 1536 4771 praerogativam
1562 4701 1853 4757 vindicare
1877 4701 2058 4757 cultui

418 4788 612 4845 divino
663 4789 937 4858 Mosaico,
970 4789 1083 4846 nisi
1139 4807 1239 4862 pro
1288 4800 1524 4863 paterno
1575 4793 1846 4849 instituto
1893 4791 2058 4848 illum

416 4877 763 4934 habuisset?
796 4883 899 4934 Sel
954 4881 1149 4953 ipsum
1182 4899 1416 4953 quoque
1461 4892 1806 4953 praeceptum
1845 4900 1947 4955 per
1975 4900 2059 4949 se,

414 4967 462 5024 si
497 4969 629 5039 quis
676 4971 1144 5036 consideraveril,
1181 4990 1372 5027 nonne
1413 4975 1646 5043 plenum
1678 4979 1762 5029 est
1795 4974 2058 5029 beneﬁca:

489 5085 534 5119 ²⁰
568 5085 766 5143 Matth.
801 5104 937 5158 mi,
967 5089 1057 5142 31.
1136 5089 1188 5122 ²¹
1223 5089 1429 5144 Matth.
1464 5106 1604 5157 χχιι,
1634 5091 1722 5145 36.

1800 5091 1846 5125 ²²
1880 5091 2020 5148 ibid.
2051 5092 2141 5147 37.

2176 4340 2414 4418 πρόσχες
2471 4341 2527 4398 δὲ
2583 4343 2671 4397 καὶ
2725 4342 2987 4417 ἐπικρίσει
3034 4345 3102 4416 τῇ
3162 4345 3486 4414 Δεσποτικῇ.
3541 4340 3833 4416 Ἐπιφέρει

2168 4433 2290 4506 γάρ’
2359 4431 2502 4503 Αὕτη
2573 4431 2684 4487 ἐστὶ
2751 4435 2943 4506 πρώτη
3013 4431 3101 4486 καὶ
3171 4430 3379 4504 μεγάλη
3441 4428 3662 4499 ἐντολὴ,
3727 4450 3834 4502 με-

2171 4519 2348 4597 γάλην
2379 4521 2605 4591 ἐντολὴν
2646 4521 2737 4576 καὶ
2799 4523 3022 4595 πρώτην
3070 4521 3170 4589 τὴν
3218 4519 3352 4574 κατᾶ
3407 4518 3577 4591 νόμον
3632 4519 3835 4574 θεοσέ-

2170 4607 2316 4667 ϐειαν
2348 4612 2555 4670 καλῶν.
2589 4612 2771 4668 Καίτοι
2812 4612 2894 4673 τίς
2944 4611 3182 4666 ἐπέκειτο
3233 4609 3394 4689 χρεία
3444 4609 3520 4671 εἷς
3560 4612 3660 4679 τήν
3720 4613 3841 4682 ψῆ-

2170 4723 2267 4779 φον
2297 4701 2493 4773 ταύτην
2529 4701 2721 4769 ἐλθεῖν,
2753 4703 2844 4758 καὶ
2892 4701 2954 4755 τὸ
3006 4698 3300 4776 μεγαλεῖον
3345 4697 3527 4754 δοῦναι
3576 4702 3646 4771 τῇ
3701 4701 3837 4754 θεο-

2168 4788 2346 4865 σεϐείᾳ
2390 4797 2458 4866 τῇ
2509 4783 2796 4866 Μωσαϊκῇ,
2846 4793 2891 4847 εί
2944 4794 3019 4865 μὴ
3073 4795 3327 4868 πατρῴας
3386 4791 3590 4859 ταύτην
3637 4787 3832 4864 ἐπεγί-

2167 4903 2336 4937 νωσκε
2375 4883 2714 4954 νομοθεσίας.
2767 4880 2918 4952 Πλὴν
2965 4882 3055 4936 καὶ
3103 4882 3235 4951 αὐτή
3273 4901 3335 4955 γε
3394 4880 3511 4935 καθ’
3556 4879 3759 4948 ἑαυτὴν
3789 4883 3828 4950 ἡ

2169 4971 2385 5041 ἐντολὴ,
2426 4969 2471 5026 έί
2510 4993 2593 5033 τις
2650 4970 2826 5026 ἐθέλοι
2887 4972 3129 5045 θεωρεῖν,
3188 4973 3306 5033 πῶς
3366 4967 3427 5023 οὐ
3490 4969 3661 5040 μεστή
3728 4968 3830 5042 μὲν

2219 5091 2264 5126 ³³
2289 5091 2428 5146 ibid.

1580 5251 1810 5308 VARI/E
1852 5252 2256 5309 LECTIONES
2295 5252 2385 5307 ET
2422 5251 2654 5308 NOTzE.

485 5378 594 5449 (27)
614 5377 871 5452 Ποίημα.
901 5378 981 5452 _D_e
1013 5377 1350 5435 hominibus
1373 5381 1667 5450 speciatim
1695 5384 2060 5452 interpretor,

412 5450 481 5524 de
503 5449 719 5521 quibus
740 5467 880 5505 sane
901 5449 993 5504 hic
1016 5465 1206 5506 sermo
1231 5449 1458 5519 est,non
1483 5453 1752 5523 ignorans
1775 5449 2060 5524 alioquin,

412 5521 483 5576 de
515 5525 635 5577 tota
665 5526 1061 5577 creaturarum
1089 5525 1459 5579 universitate
1491 5521 1640 5580 hanc
1674 5541 1868 5580 vocem
1903 5521 2062 5579 usur-

413 5593 538 5664 pari
564 5609 750 5668 posse,
773 5595 928 5668 sicut
957 5598 1013 5648 et
1034 5595 1180 5668 Deus
1207 5595 1331 5668 ipse
1353 5596 1422 5649 ab
1445 5601 1661 5668 earum
1681 5597 2060 5668 productione

410 5663 649 5738 ποιητὴς
694 5663 1049 5738 appellatur.
1103 5664 1355 5738 Illustris
1403 5663 1713 5738 Theophili
1756 5673 1846 5738 est
1897 5667 2058 5722 locus

409 5737 514 5796 lib.
536 5733 700 5807 71,7Ad
739 5733 1068 5810 'A'utolycum
1095 5753 1114 5792 :
1141 5735 1272 5798 Θεὸς
1317 5733 1658 5813 δημιουργὸς
1700 5737 1790 5793 καὶ
1821 5738 2057 5810 ποιητὴς

2173 5377 2412 5452 λέγεται,
2472 5375 2558 5433 διὰ
2622 5378 2684 5432 τὸ
2732 5377 2892 5434 αὐτὸν
2953 5378 3088 5434 εἶναι
3147 5378 3393 5450 κτίστην,
3440 5374 3530 5432 καὶ
3581 5375 3828 5448 ποιητὴν

2168 5450 2276 5504 τῶν
2309 5450 2454 5506 ὅλων
2467 5494 2478 5507 .

2241 5525 2352 5598 (28)
2387 5523 2795 5598 Συναπάγοντα.
2822 5524 2918 5598 ita
2973 5523 3352 5598 scribendum
3387 5527 3490 5598 est
3539 5538 3663 5598 pro_
3694 5540 3826 5574 συν-

2168 5594 2463 5668 υίπάγσντα,
2497 5594 2649 5668 quod
2697 5602 2787 5653 est
2817 5597 2874 5651 in
2908 5613 3020 5652 ms.
3059 5595 3260 5667 Neque
3305 5594 3464 5668 enim
3506 5594 3666 5668 aliud
3718 5610 3827 5668 pa:

2169 5663 2310 5721 titur
2333 5663 2649 5742 pronomen
2682 5668 2739 5720 σὲ
2767 5669 3136 5742 antecedens,
3161 5663 3240 5724 ad
3272 5667 3426 5742 quod
3467 5663 3735 5721 refertur'
3759 5663 3829 5719 τὸ

2168 5738 2510 5815 ωναπάγειν,
2538 5739 2596 5796 id
2629 5744 2738 5811 est,
2768 5739 3052 5798 abducere.
