4084 6210
388 370 505 428 239

1544 363 1811 424 PHOTII
1859 360 2138 422 ΡΑΊἮΙΑ
2152 362 2381 423 RGH/E
2423 364 2541 422 ΟΡ.

3663 365 3790 425 246

389 505 474 559 ria
504 507 643 558 sunt
692 519 758 558 ac
807 518 1066 558 amorem
1097 501 1197 557 Dei
1222 503 1446 569 urgent,
1482 498 1540 552 in
1582 501 1810 552 tantum
1829 505 1886 552 et
1937 497 2025 553 lex

2139 494 2228 549 καὶ
2261 495 2288 548 6
2319 494 2488 567 νόμος
2531 494 2662 560 ὅλος
2698 496 2787 550 καὶ
2836 498 2887 551 οἱ
2932 503 3207 574 προφῆται
3255 500 3365 552 τῶν
3416 495 3594 552 αὐτῶν
3641 495 3782 552 εἶσιν

389 597 515 648 tota
567 599 621 648 et
669 593 958 665 propheta:
999 592 1202 647 eodem
1252 589 1472 644 honore
1519 587 1683 658 digni
1723 586 2030 655 judicandi

390 688 546 738 sunt.
577 685 769 737 Mutuo
817 682 968 738 enim
1007 697 1156 735 nexu
1189 695 1254 734 ea
1301 679 1413 733 sibi
1447 677 1691 733 invicem
1718 678 2028 746 conjuncta

388 779 547 840 sunt,
573 778 628 828 et
651 775 720 827 ab
744 773 939 828 eodem
965 770 1290 841 legislatore
1324 767 1602 839 profecta,
1629 771 1684 821 et
1725 765 2030 837 legislator

390 878 456 917 ac
486 864 688 918 doctor
717 877 914 917 eorum
971 859 1230 914 omnium
1271 859 1469 914 eodem
1511 857 1870 927 indiquaque
1920 855 2024 910 ho-

388 969 528 1008 nore
560 951 996 1024 prosequendos
1018 956 1123 1005 est.
1148 948 1238 1004 Sic
1267 953 1324 1004 et
1359 949 1630 1002 Davidem
1661 946 1796 1002 alibi
1818 950 2025 1001 testem

392 1043 579 1108 aﬂert,
611 1041 706 1112 qui
738 1041 930 1110 ipsum
965 1043 1030 1094 ut
1060 1039 1373 1094 Dominum
1405 1041 1464 1093 et
1502 1035 1779 1092 victorem
1812 1049 2026 1090 renun-

385 1132 569 1195 tiavit,
626 1147 739 1184 non
791 1130 944 1184 nude
976 1133 1031 1183 et
1057 1144 1157 1199 per
1186 1144 1268 1193 se,
1317 1128 1416 1182 sed
1449 1126 1508 1180 in
1538 1125 1752 1197 Spiritu
1803 1127 2026 1189 sancto,

386 1219 558 1275 talem
585 1220 725 1274 item
757 1218 915 1290 quia
948 1218 1217 1286 Domino,
1251 1216 1534 1271 Dominus
1566 1215 1854 1271 exsistens
1883 1213 2029 1285 ipse,

385 1310 706 1365 sessionem
760 1325 793 1364 a
836 1308 1055 1363 dextris
1113 1307 1420 1378 acceperit,
1458 1304 1783 1376 videritque
1835 1304 2032 1359 hostes

384 1415 523 1454 suos
543 1397 796 1454 scabello
826 1398 1037 1468 pedum
1071 1412 1310 1452 suorum
1344 1395 1640 1465 subjectos
1669 1400 1726 1450 et
1774 1397 2030 1465 prostra-

382 1494 492 1544 tos.
527 1489 635 1552 Qui
665 1503 800 1542 vero
833 1485 1212 1559 pronuntiare
1243 1485 1364 1539 haec
1395 1489 1450 1540 et
1483 1483 1788 1555 praedicare
1813 1483 2031 1555 potuis-

383 1585 490 1647 set,
516 1576 788 1632 contrarii
818 1575 1086 1646 principii
1113 1575 1342 1631 afﬂactu
1368 1579 1556 1643 actus,
1577 1575 1632 1628 in
1659 1573 2029 1644 primis,cum

382 1670 506 1721 tam
528 1667 681 1722 clare
698 1670 755 1721 et
771 1665 959 1736 palam
983 1666 1182 1720 Jesum
1208 1663 1390 1720 Deum
1407 1663 1763 1734 pronuntiet,
1779 1677 2030 1733 eumque

383 1756 698 1810 Dominum
729 1771 899 1810 suum
932 1754 1296 1824 profiteatur,
1321 1753 1627 1824 Patrisque
1656 1752 2026 1822 dignitatem,

2131 582 2338 652 ἐπάξιοι
2369 588 2563 659 γερῶν.
2608 587 2953 660 Συνήρτηται
3001 585 3104 660 γὰρ
3155 584 3434 656 ἀλλήλοις
3475 589 3645 642 ταῦτα
3691 587 3784 642 καὶ

2131 673 2436 748 συνέχεται,
2485 674 2576 728 καὶ
2624 681 2724 744 τῆς
2784 674 2950 744 αὐτῆς
3004 676 3329 748 νομοθεσίας
3377 675 3626 745 ἐξῆπται.
3680 677 3788 733 Καὶ

2131 762 2288 825 αὐτὸς
2321 763 2591 836 ὁμότιμός
2648 763 2792 820 ἐστιν
2845 765 2871 818 6
2917 764 3129 820 τούτων
3174 766 3420 820 ἁπάντων
3477 765 3568 820 καὶ
3617 787 3786 839 νομο-

2133 853 2293 922 θέτης
2341 854 2426 907 καὶ
2479 852 2800 928 εἰσηγητής.
2857 853 3077 926 ’Δμέλει
3127 854 3217 908 καὶ
3259 855 3350 908 τὸν
3402 851 3564 910 Δαυλίδ
3615 855 3784 910 πάλιν

2134 941 2335 1016 εἰσάγει
2370 942 2636 1017 μάρτυρα,
2685 943 2880 1017 Κύριον
2932 943 3089 998 αὐτὸν
3129 948 3218 998 καὶ
3268 947 3496 1013 νικητὴν
3547 963 3788 1018 προανα-

2132 1031 2494 1104 κηρύττοντα,
2524 1033 2610 1087 καὶ
2645 1031 2753 1110 οὐχ
2783 1031 2992 1099 ἅπλῶς,
3043 1030 3172 1087 ἀλλ’
3220 1033 3273 1088 ἐν
3323 1032 3595 1106 Πνεύματι
3637 1034 3782 1110 ἁγίῳ

2131 1118 2221 1174 καὶ
2279 1121 2425 1196 παρὰ
2481 1121 2678 1196 Κυρίου
2735 1123 2833 1190 τήν
2890 1121 2949 1176 ἐκ
3003 1119 3189 1192 δεξιῶν
3247 1120 3531 1197 καθέδραν.
3581 1123 3780 1198 Κύριον

2133 1209 2223 1263 καὶ
2255 1210 2417 1264 αὐτὸν
2451 1207 2599 1278 ὄντα,
2646 1205 3018 1284 λαμϐάνοντα,
3062 1211 3152 1266 καὶ
3196 1212 3321 1274 τοὺς
3364 1211 3598 1286 ἐχθροὺς
3649 1213 3786 1268 ὑπο-

2133 1295 2327 1354 πόδιον
2376 1305 2485 1355 τῶν
2545 1298 2730 1355 ποδῶν
2791 1298 2956 1356 αὐτοῦ
3010 1301 3352 1373 τιθεμένους,
3409 1302 3500 1356 καὶ
3556 1301 3791 1357 καταπί-

2133 1409 2390 1452 πτοντας.
2453 1389 2551 1444 Καὶ
2592 1394 2696 1444 ποῦ
2753 1394 2920 1445 ταῦτα
2977 1389 3369 1466 προαγορεύειν
3443 1388 3644 1445 ἐκεῖνον
3693 1392 3790 1446 καὶ

2132 1477 2410 1554 θεολογεῖν
2461 1485 2662 1552 παρῆν,
2709 1477 2753 1533 εἷ
2794 1486 2893 1549 τῆς
2925 1477 3162 1541 ἐναντίας
3213 1477 3364 1535 εἷλκε
3414 1477 3636 1554 μερίδος
3682 1482 3788 1550 τήν

2132 1567 2438 1638 ἐπίπνοιαν,
2503 1570 2740 1642 μάλιστά
2794 1591 2853 1645 γε
2914 1568 3189 1645 θεολογεῖν
3247 1569 3393 1626 οὕτω
3451 1575 3636 1648 σαφῶς
3691 1573 3786 1626 καὶ

2137 1657 2590 1731 ἀπερικαλύπτως
2651 1659 2743 1714 τὸν
2787 1661 3019 1728 Ἰησοῦν,
3081 1658 3274 1733 Κύριόν
3325 1680 3384 1714 τε
3432 1656 3573 1714 ἴδιον
3622 1659 3789 1715 αὐτὸν

2138 1746 2527 1822 ἀνομολογεῖν,
2557 1748 2646 1802 καὶ
2675 1749 2738 1803 τὸ
2768 1748 3028 1821 πατρικὸν
3068 1748 3280 1821 ἀξίωμα
3322 1746 3411 1803 διὰ
3456 1755 3556 1819 τῆς
3595 1751 3783 1825 κυριό-

384 1849 834 1901 commemorato
867 1843 1150 1914 dominio,
1175 1843 1286 1914 ipsi
1311 1843 1580 1911 vindicet,
1613 1847 1669 1898 et
1700 1858 1877 1914 quam
1900 1841 2025 1896 illu-

2137 1857 2302 1906 τητος
2357 1837 2762 1912 ἐπιμαρτυρεῖν,
2814 1837 2904 1892 καὶ
2951 1838 3028 1899 ὡς
3085 1835 3355 1913 λαμπρῶς
3412 1840 3499 1893 καὶ
3561 1838 3792 1916 ἀναφαί-

383 1939 562 1990 strem
595 1933 1112 2005 invincibilemque
1142 1932 1458 2004 potentiam
1506 1933 1787 1987 adversus
1827 1930 2026 1986 hostes

383 2024 733 2096 probaturus
817 2023 912 2088 sit,
953 2026 1214 2078 testetur.
1277 2021 1404 2076 Haec
1455 2020 1651 2075 omnia
1694 2021 1865 2090 cujus
1905 2020 2025 2075 fue-

383 2111 457 2166 rit
507 2116 563 2167 et
635 2111 1049 2182 praenuntiare,
1132 2113 1191 2165 et
1250 2110 1310 2164 in
1378 2109 1646 2165 effectum
1689 2109 2024 2181 perducere,

383 2215 560 2273 quam
591 2200 825 2271 quidem
859 2199 1128 2254 benefica
1179 2199 1275 2254 Dei
1321 2197 1641 2270 sapientiae,
1673 2214 1776 2270 per
1849 2213 2024 2268 quam

382 2294 440 2344 et
459 2289 658 2345 omnia
687 2289 1038 2355 consistunt,
1061 2297 1113 2344 et
1139 2303 1226 2357 ea,
1252 2305 1379 2360 quas
1411 2289 1478 2343 ad
1501 2286 1746 2343 salutem
1768 2294 2027 2342 nostram

383 2379 697 2449 pertinent,
730 2379 801 2434 ab
829 2377 1054 2449 origine
1085 2378 1290 2433 mundi
1319 2377 1577 2444 deﬁnita,
1633 2381 2028 2448 eventumque

384 2468 610 2537 sortita,
637 2472 776 2523 sunt
797 2484 884 2537 eo,
917 2466 1014 2536 qui
1040 2465 1401 2535 deﬁniverat,
1423 2483 1537 2522 non
1561 2465 1906 2538 indignum?

453 2556 686 2612 XXVII.
731 2557 1160 2628 Perpendamus
1197 2571 1333 2611 vero
1383 2557 1556 2610 etiam
1590 2555 1696 2610 hoc
1732 2555 1874 2623 loco,
1918 2571 2030 2610 an-

385 2664 500 2703 non
535 2649 718 2702 Moses
749 2651 804 2700 et
835 2645 1007 2710 Elias,
1043 2646 1364 2701 secundum
1390 2648 1575 2717 legem
1599 2645 1873 2712 viventes,
1916 2644 2025 2700 mi-

385 2736 558 2792 nistri
587 2735 800 2792 fuerint
830 2733 969 2790 boni
999 2742 1052 2790 et
1082 2735 1202 2790 veri
1232 2734 1354 2800 Dei,
1397 2735 1625 2807 ipsique
1658 2733 2027 2807 placuerint?

386 2827 684 2890 Quomodo
715 2825 868 2881 enim
903 2824 958 2878 in
995 2829 1210 2891 monte,
1262 2826 1318 2880 in
1353 2841 1468 2896 quo
1501 2825 1768 2880 Servator
1799 2825 2025 2880 transﬂ-

387 2919 624 2984 guratus
645 2913 1120 2985 est,gloriamque
1139 2913 1459 2969 divinitatis
1482 2931 1600 2968 suae
1620 2915 2026 2982 manifestavit,

387 3009 443 3060 et
462 3003 764 3075 praecipuis
785 3005 909 3059 suis
927 3003 1231 3074 discipulis
1251 3003 1502 3075 fulguris
1519 3005 1703 3060 instar
1718 3003 2028 3060 videndam

2140 1945 2288 2000 ρετον
2343 1926 2406 1980 τὸ
2444 1925 2640 2000 κράτος
2696 1923 3023 1995 ἀναδήσεται
3071 1925 3135 1980 τὸ
3191 1927 3328 1981 κατὰ
3381 1930 3488 1981 τῶν
3544 1925 3787 2002 ἐχθρῶν.

2135 2018 2206 2071 "A
2253 2016 2399 2079 τίνος
2447 2018 2511 2084 ἦν
2566 2013 2741 2071 ἄλλου
2790 2014 2878 2070 καί
2927 2018 3302 2090 προθεσπίζειν
3361 2017 3452 2072 καὶ
3491 2017 3566 2079 εἰς
3613 2016 3785 2091 πέρας

2135 2102 2304 2180 ἄγειν,
2329 2107 2374 2160 εὶ
2410 2107 2486 2179 μή
2528 2113 2627 2175 τῆς
2669 2103 3060 2179 ἁγαθοδότιδος
3109 2106 3219 2179 (30)
3267 2111 3402 2162 Θεοῦ
3449 2107 3660 2186 σοφίας,
3713 2103 3789 2162 δι’

2135 2192 2200 2260 ἧς
2239 2195 2301 2249 τό
2333 2215 2391 2250 τε
2423 2193 2638 2268 σύμπαν
2673 2195 2899 2266 ὑπέστη,
2933 2196 3020 2249 καὶ
3049 2195 3116 2250 τὰ
3143 2202 3242 2265 τῆς
3294 2196 3566 2271 σωτηρίας
3619 2198 3786 2270 ἡμῶν

2135 2282 2242 2338 ἀπὸ
2272 2279 2584 2352 καταϐολῆς
2624 2285 2942 2359 προωρίσθη
2982 2285 3216 2359 κόσμου,
3262 2285 3352 2340 καὶ
3400 2283 3564 2359 πέρας
3613 2281 3782 2341 ἔλαϐε

2137 2377 2233 2428 τοῦ
2263 2374 2652 2448 προορίσαντος
2685 2373 2785 2429 οὐκ
2813 2374 3042 2446 ἀνάξιον.

2209 2556 2334 2608 ΚΗ’.
2379 2554 2678 2624 Σκοπῶμεν
2726 2549 2782 2606 δὲ
2829 2551 3136 2625 κάντεῦθεν,
3192 2553 3237 2608 εἰ
3298 2555 3375 2626 μὴ
3434 2557 3639 2623 Minoi:
3698 2555 3792 2609 καί

2137 2639 2332 2703 Ἠλίας
2363 2642 2518 2716 νόμῳ
2554 2636 2880 2716 βεϐιωκότες
2931 2644 3254 2717 θεράποντες
3299 2644 3453 2712 ἦσαν,
3507 2644 3596 2698 καὶ
3641 2644 3783 2718 πρὸς

2137 2728 2412 2804 ἀρέσκειαν
2478 2732 2804 2804 πράττοντες
2879 2735 2975 2786 τοῦ
3059 2733 3261 2807 ἀγαθοῦ
3348 2733 3439 2788 καὶ
3518 2731 3792 2802 ἀληθινοῦ

2139 2825 2292 2875 Θεου.
2329 2825 2452 2881 Πῶς
2500 2818 2552 2874 ἐν
2601 2825 2680 2892 τῷ
2729 2817 2864 2893 ὄρει,
2895 2818 2949 2874 ἐν
2981 2821 3026 2892 ᾧ
3060 2823 3456 2900 μετεμορφώθη
3498 2823 3525 2876 6
3557 2825 3784 2898 Σωτήρ,

2140 2908 2231 2962 καὶ
2287 2911 2386 2976 τήν
2442 2907 2595 2979 δόξαν
2655 2909 2820 2964 αὐτοῦ
2875 2917 2974 2979 τῆς
3033 2912 3296 2982 θεότητος
3369 2911 3777 2987 παρεγύμνωσε,

2141 2999 2230 3052 καὶ
2260 2996 2563 3073 ἐνήστραψε
2610 3005 2726 3060 τοῖς
2774 2999 3096 3073 προκρίταις
3150 3005 3257 3055 τῶν
3322 3005 3598 3075 μαθητῶν,
3648 3023 3791 3076 συμ-

386 3094 564 3160 dedit,
595 3094 834 3149 aderant
857 3091 963 3160 illi,
983 3092 1296 3164 divinoque
1329 3093 1641 3165 splendore
1666 3095 2025 3160 fruebantur,

2140 3095 2386 3164 παρῆσαν
2448 3089 2595 3142 οὗτοι
2655 3088 2744 3143 καὶ
2805 3088 3187 3160 συναπήλαυον
3242 3093 3342 3159 τῆς
3399 3091 3545 3154 θείας
3594 3093 3790 3167 ἄστρα-

385 3182 502 3238 nisi
529 3183 600 3238 ad
627 3183 877 3239 cultores
912 3182 1038 3253 ejus
1061 3186 1117 3238 et
1165 3183 1470 3239 ministros
1498 3183 1920 3256 pertinuissent
1941 3184 1985 3218 ³²
2005 3185 2034 3238 ?

384 3271 506 3328 Imo
536 3273 829 3344 quomodo
861 3287 975 3327 non
1008 3272 1194 3327 solum
1228 3273 1492 3342 aderant,
1523 3274 1710 3329 instar
1741 3274 2030 3328 nudorum

384 3367 795 3433 spectatorum,
829 3362 929 3416 sed
958 3366 1022 3416 ut
1043 3362 1322 3434 tales,qui
1359 3379 1471 3434 prae
1504 3362 1742 3434 reliquis
1773 3363 2029 3434 discipu-

384 3445 459 3500 lis
499 3445 775 3516 primitiis
809 3445 897 3500 his
920 3446 1162 3501 visionis
1188 3446 1288 3500 Dei
1324 3447 1684 3515 fruebantur,
1709 3455 1763 3502 et
1794 3464 1860 3502 ex
1900 3464 2029 3517 gra-

382 3534 461 3588 tia
494 3532 871 3603 praerogativa
900 3533 1154 3602 quadam
1189 3549 1302 3603 prae
1328 3533 1467 3602 illis,
1511 3535 1569 3590 in
1595 3551 1846 3605 quorum
1880 3535 2027 3592 alio-

383 3622 524 3693 quin
555 3621 832 3678 societate
863 3631 1045 3689 erant,
1079 3621 1484 3678 ornabantur?
1513 3623 1831 3693 Splendore
1869 3624 2024 3681 enim

385 3709 723 3766 circumfusi
754 3725 887 3765 cum
935 3709 1076 3766 Jesu
1126 3710 1538 3781 loquebantur,
1571 3728 2026 3785 sermonumque

387 3798 624 3855 illorum
647 3814 880 3854 summa
909 3807 1027 3855 erat
1057 3816 1217 3869 crux,
1279 3804 1335 3856 et
1363 3801 1606 3857 victoria
1634 3807 1690 3857 et
1731 3808 1946 3874 tropaea
1994 3823 2025 3859 a

385 3894 572 3944 morte
604 3891 970 3960 reportanda.
1004 3891 1163 3955 Quod
1187 3889 1365 3961 igitur
1389 3897 1655 3963 respectu
1687 3898 2021 3950 casterorum

380 3977 806 4050 discipulorum
859 3979 1083 4046 Petrus,
1138 3979 1393 4036 Jacobus
1435 3985 1492 4036 et
1537 3983 1790 4038 Joannes
1837 3992 2020 4054 erant,

377 4067 432 4123 id
467 4072 730 4140 respectu
765 4068 993 4125 illorum
1027 4070 1327 4140 (veterum)
1362 4070 1560 4126 Mosen
1593 4079 1647 4127 et
1691 4071 1872 4127 Eliam
1898 4089 2023 4129 esse

381 4158 489 4213 hoc
539 4159 660 4229 ipso
726 4163 995 4215 Servator
1049 4159 1401 4229 declarabat,
1467 4177 1678 4232 eosque
1721 4161 2018 4217 evehebat.

380 4247 541 4310 Quod
565 4263 695 4303 vero
719 4247 987 4304 collocuti
1009 4264 1143 4303 cum
1170 4264 1236 4303 eo
1276 4249 1412 4314 sint,
1438 4249 1812 4320 primumque
1830 4249 2018 4306 locum

377 4336 737 4407 occuparint,
808 4335 886 4391 ita
959 4336 1257 4405 Scriptura
1311 4352 1478 4391 sacra
1548 4339 2022 4409 effert:Cumque

2142 3180 2270 3246 πῆς,
2307 3179 2381 3251 μὴ
2416 3183 2517 3246 τῆς
2561 3175 2725 3232 αὐτοῦ
2772 3175 3025 3253 λατρείας
3081 3177 3224 3252 μηδὲ
3261 3181 3545 3254 θεραπείας
3584 3179 3732 3244 ὄντες
3767 3201 3783 3252 ;

2143 3267 2241 3322 Καὶ
2300 3267 2363 3322 οὗ
2414 3273 2772 3343 συμπαρῆσαν
2822 3266 2984 3341 μόνον
3034 3270 3124 3323 οἷα
3160 3266 3224 3338 δὴ
3274 3270 3531 3345 τυχόντες
3576 3272 3789 3343 θεασαὶ,

2140 3353 2288 3412 ἀλλὰ
2320 3357 2575 3430 μαθητῶν
2613 3356 2705 3431 μὲν
2730 3361 2836 3412 τῶν
2869 3356 3140 3412 πλειόνων
3169 3356 3498 3420 οἷ’κειώσεώς
3544 3379 3603 3415 τε
3645 3380 3788 3433 προ-

2137 3445 2347 3519 νομίοις
2379 3449 2467 3500 καὶ
2519 3445 2794 3509 θεοπτίαις
2845 3445 3236 3520 ἐξαιρούμενον
3279 3449 3368 3502 καὶ
3416 3450 3504 3512 οἷς
3559 3448 3615 3504 δὲ
3655 3470 3788 3506 συν-

2137 3536 2416 3591 ετάττοντο
2446 3534 2704 3590 κάκείνων
2744 3556 2795 3591 τι
2840 3533 3008 3590 πλέον
3051 3534 3198 3610 ἔχειν
3244 3537 3389 3612 παρὰ
3432 3541 3533 3602 τῆς
3581 3538 3788 3613 ἀγαθό-

2135 3645 2300 3695 τητος
2343 3621 2517 3698 δῶρον
2553 3623 2826 3697 φέροντες.
2862 3625 2960 3678 Καὶ
3000 3625 3103 3699 γάρ
3136 3623 3262 3699 δόξῃ
3291 3628 3787 3702 περιαυγαζόμενοι

2137 3711 2469 3768 συνελάλουν
2515 3717 2594 3784 τῷ
2633 3713 2814 3783 Ἰησοῦ
2861 3713 2949 3767 καὶ
2999 3718 3106 3768 τῶν
3157 3712 3337 3787 λόγων
3385 3716 3453 3785 ἦν
3502 3717 3564 3772 τὸ
3611 3718 3791 3794 κεφά-

2135 3803 2291 3859 λαιον
2325 3803 2353 3857 6
2383 3803 2609 3878 σταυρὸς
2649 3803 2736 3856 καὶ
2778 3805 2811 3872 ἡ
2844 3804 2979 3858 κατὰ
3015 3807 3112 3858 τοῦ
3159 3805 3386 3860 θανάτου
3425 3805 3548 3875 νίκη
3598 3807 3788 3861 καὶτὸ

2130 3892 2408 3965 τρόπαιον.
2458 3895 2618 3946 Ὥστε
2675 3892 2806 3968 ὅπερ
2846 3894 2980 3962 ἦσαν
3027 3898 3143 3953 τοῖς
3190 3892 3387 3957 ἀλλοις
3434 3895 3636 3966 Πέτρος
3688 3897 3784 3950 καί

2130 3978 2390 4044 Ἰάκωϐος
2444 3983 2532 4036 καὶ
2596 3981 2872 4050 Ἰωάννης.
2949 3982 3114 4037 τοῦτο
3172 3990 3342 4052 Μωσῆ
3424 3985 3510 4038 καὶ
3591 3984 3786 4040 Ἠλίαν

2129 4071 2344 4132 τούτοις
2377 4071 2515 4126 εἶναι
2553 4067 2828 4144 διεκόσμει
2860 4071 2994 4126 κατά
3024 4092 3084 4144 γε
3120 4075 3280 4126 τοῦτο
3318 4071 3409 4126 καὶ
3458 4072 3784 4146 ἐμεγάλυνεν

2131 4162 2158 4215 6
2190 4163 2407 4236 Σωτήρ.
2441 4163 2559 4216 "Ott
2593 4157 2649 4214 δὲ
2684 4159 3029 4233 συνωμίλουν
3090 4161 3238 4232 αὐτῷ
3266 4162 3358 4216 καὶ
3401 4162 3499 4232 τὴν
3549 4164 3782 4237 πρώτην

2130 4252 2275 4319 τάξιν
2330 4249 2631 4325 ἐπλήρουν,
2692 4247 2793 4304 ὡδὶ
2843 4250 2905 4305 τὸ
2949 4256 3050 4318 τῆς
3100 4248 3408 4325 ἱερολογίας
3467 4253 3623 4326 φησί·
3679 4253 3782 4306 Καὶ

2131 4339 2340 4415 ἐγένετο
2397 4338 2448 4394 ἐν
2506 4343 2584 4412 τῷ
2639 4340 3037 4413 προσεύχεσθαι
3105 4340 3290 4410 αὐτὸν,
3345 4341 3408 4395 τὸ
3486 4341 3632 4404 εἶδος
3683 4345 3784 4396 τοῦ

371 4433 718 4495 precaretur,
769 4424 995 4478 habitus
1043 4425 1222 4479 vultus
1266 4424 1386 4490 eius
1431 4425 1615 4493 factus
1653 4431 1724 4480 est
1773 4428 1938 4496 alius,
1970 4437 2021 4482 et

2137 4431 2436 4500 προσώπου
2507 4428 2672 4484 αὐτοῦ
2764 4425 2968 4502 ἕτερον,
3026 4429 3114 4484 καὶ
3181 4430 3208 4483 6
3259 4431 3557 4504 ἱματισμὸς
3616 4429 3786 4486 αὐτοῦ

383 4519 704 4572 vestimenta
733 4517 847 4582 eius
878 4516 1005 4570 alba
1027 4532 1090 4570 ac
1136 4514 1493 4584 refulgentia.
1532 4521 1592 4571 Et
1615 4532 1732 4572 ecce
1777 4518 1882 4573 duo
1913 4522 2021 4575 viri

374 4606 829 4677 colloquebantur
871 4622 994 4660 cum
1024 4621 1105 4678 ea,
1157 4611 1254 4674 qui
1289 4615 1446 4659 erant
1477 4605 1638 4661 Moses
1668 4615 1721 4662 et
1773 4609 1924 4664 Elia:
1956 4607 2022 4669 ‘3‘.

373 4696 629 4750 Audisne
659 4694 686 4750 ‘I
745 4695 952 4762 Moses,
1002 4695 1211 4765 inquit,
1249 4699 1434 4755 erant.
1491 4699 1549 4750 et
1595 4695 1770 4768 Elias,
1814 4702 1912 4769 qui
1963 4699 2021 4753 in

376 4783 561 4853 gloria
611 4788 956 4855 apparentes
991 4785 1102 4856 ipsi
1149 4785 1364 4840 exitum
1406 4785 1815 4855 praedicabant,
1850 4806 2022 4860 quem

379 4871 696 4928 sortiturus
729 4878 850 4929 erat
903 4874 1337 4948 Hierosolymis.
1389 4874 1481 4930 Vel
1526 4876 1574 4931 si
1608 4877 2022 4934 mavisintelli-

377 4980 509 5033 gere
541 4961 782 5034 gloriam
816 4966 888 5020 de
921 4981 1034 5037 qua
1056 4966 1168 5021 alia
1199 4967 1501 5037 Scriptura
1532 4971 1795 5037 testatur,
1823 4967 2021 5024 Mosen

378 5057 435 5108 et
457 5051 640 5106 Eliam
672 5053 993 5110 divinitatis
1026 5072 1166 5121 suae,
1202 5056 1392 5125 quoad
1441 5055 1539 5111 illa
1568 5057 1640 5111 ab
1671 5057 1906 5112 homine
1935 5058 2020 5111 vi-

381 5143 500 5198 deri
526 5146 736 5213 potest,
763 5149 1116 5215 spectatores
1141 5145 1409 5200 Servator
1429 5147 1878 5217 transfiguratus
1901 5163 2022 5204 esse

451 5240 500 5276 ³⁵
529 5241 731 5298 Matth.
765 5259 903 5311 xvu,
937 5243 990 5312 2,
1023 5244 1076 5297 3.

2131 4516 2324 4580 λευκὸς
2399 4517 2803 4593 ἐξαστράπτων,
2875 4518 2970 4572 καὶ
3051 4515 3169 4572 ἰδοὺ
3244 4515 3433 4594 ἄνδρες
3500 4516 3596 4574 δύο
3659 4541 3788 4575 συν-

2132 4607 2364 4663 ελάλουν
2438 4609 2605 4679 αὐτῷ,
2680 4607 2877 4670 οἵτινες
2940 4610 3074 4676 ἦσαν
3145 4615 3352 4678 Μωσῆς
3423 4607 3509 4664 καί
3567 4608 3783 4673 Ἠλίας.

2133 4701 2425 4766 Ἀκούεις;
2475 4699 2705 4766 Μωσῆς,
2757 4697 2943 4773 φησίν,
2985 4698 3120 4766 ἦσαν
3171 4699 3262 4752 καὶ
3315 4697 3528 4768 Ἠλίας,
3583 4699 3636 4753 οἱ
3685 4700 3784 4777 ὁορ-

2131 4787 2306 4848 θέντες
2337 4785 2388 4842 ἐν
2417 4783 2567 4860 δόξῃ,
2601 4783 2792 4864 ἔλεγον
2839 4788 2938 4856 τήν
2985 4783 3166 4859 ἔξοδον
3228 4786 3415 4856 αὺτοῦ,
3464 4789 3526 4856 ἣν
3577 4785 3784 4861 ἔμελλε

2128 4875 2377 4950 πληροῦν
2441 4874 2493 4929 ἐν
2554 4873 2940 4950 Ἰερουσαλήμ.
2986 4877 3056 4931 ’Ἠ
3107 4877 3151 4930 εί
3217 4875 3405 4951 βούλει
3455 4878 3556 4947 τήν
3601 4875 3781 4949 δόξαν,

2130 4967 2310 5040 ὥσπερ
2341 4965 2486 5036 ἄλλη
2524 4963 2764 5022 διδάσκει
2799 4967 2982 5043 Γραφὴ
3015 4967 3148 5038 (31))
3190 4973 3397 5035 Μωσῆν
3446 4966 3533 5021 καὶ
3586 4966 3780 5022 Ἠλίαν

2127 5065 2227 5125 τῆς
2292 5055 2455 5110 αὐτοῦ
2524 5057 2800 5128 θεότητος,
2868 5055 2942 5118 ὥς
3007 5054 3147 5112 ἐστιν
3213 5055 3487 5130 ἀνθρώπῳ
3557 5053 3784 5112 δυνατὸν

2129 5143 2288 5216 ῗδεῖν,
2345 5143 2650 5219 παρέστησε
2709 5146 2900 5208 θεατὰς
2963 5144 3275 5224 μορφωθεὶς
3325 5146 3353 5201 6
3413 5146 3634 5220 Σωτὴρ,
3694 5148 3784 5201 καὶ

1545 5363 1784 5420 VARle
1824 5365 2208 5425 LECTIONES
2248 5369 2340 5424 ET
2379 5366 2615 5425 ΝΟΤΔΕ.

457 5506 567 5588 (30)
632 5497 1069 5588 Ἀγαθοξότιδος.
1139 5503 1247 5588 bis.
1282 5498 1673 5588 ,ἀγαθότιδοᾳ
1741 5507 2032 5588 Rescripsi

386 5571 571 5707 prius,
593 5647 605 5660 .
629 5571 1070 5659 θίάγαθοᾷότης
1102 5582 1159 5631 et
1189 5577 1248 5630 in
1278 5571 1561 5632 feminino
1601 5595 1805 5658 genere
1832 5571 2033 5650 ἀγαθω-

425 5648 561 5707 ότκ.
589 5650 647 5704 1d
683 5653 791 5707 est.
823 5664 916 5707 aut
947 5650 1032 5704 vel
1063 5663 1184 5707 qua:
1215 5648 1354 5703 bona
1381 5646 1708 5707 suppeditat.
1742 5649 1894 5707 Usus
1927 5654 2030 5707 hac

425 5648 561 5721 ότις,
589 5647 647 5704 id
683 5646 791 5713 est,
823 5649 919 5721 qui
947 5650 1032 5704 vel
1063 5663 1184 5720 qua:
1215 5648 1354 5721 bona
1381 5646 1708 5720 suppeditat.
1742 5646 1894 5708 Usus
1927 5654 2030 5710 hac

388 5739 526 5784 voce
555 5726 645 5778 est
675 5720 987 5794 Dionysius
1024 5720 1392 5792 Areopagita.

2213 5485 2566 5585 (ᾜΜαφή.
2602 5507 2815 5585 Allg_dit
2845 5507 3287 5585 Nosterprocul
3317 5508 3584 5585 dubioad
3615 5509 3788 5585 Joan.

2141 5599 2179 5648 1,
2216 5575 2433 5651 14,'ubi
2481 5575 2597 5636 ita:
2637 5575 2876 5654 ΔΕἷ¹δομεν
2919 5580 3018 5650 τήν
3067 5575 3221 5654 δόξαν
3273 5578 3460 5653 αὐτοῦ,
3503 5577 3665 5651 δόξαν
3714 5584 3793 5649 ὡς

2140 5650 2483 5730 Μονογενοῦς
2514 5651 2658 5728 παρὰ
2691 5650 2924 5727 Πατρός.
