  <div class='ocr_page' id='page_1' title='image "/cluster/home/n/w/nwhite01/storage/ocr_20150623/102/hvd.32044073502155/138.png"; bbox 0 0 4084 6210; ppageno 0'>
   <div class='ocr_carea' id='block_1_1' title="bbox 260 387 362 449">
    <p class='ocr_par' dir='ltr' id='par_1_1' title="bbox 260 387 362 449">
     <span class='ocr_line' id='line_1_1' title="bbox 260 387 362 449; baseline -0.039 1"><span class='ocrx_word' id='word_1_1' title='bbox 260 387 362 449; x_wconf 75' lang='lat' dir='ltr'>2-H</span> 
     </span>
    </p>
   </div>
   <div class='ocr_carea' id='block_1_2' title="bbox 1313 363 2580 454">
    <p class='ocr_par' dir='ltr' id='par_1_2' title="bbox 1313 363 2580 454">
     <span class='ocr_line' id='line_1_2' title="bbox 1313 363 2580 454; baseline 0.004 -8"><span class='ocrx_word' id='word_1_2' title='bbox 1313 387 1624 448; x_wconf 77' lang='lat' dir='ltr'>CONTRA</span> <span class='ocrx_word' id='word_1_3' title='bbox 1669 386 2141 448; x_wconf 64' lang='lat' dir='ltr'>MANl-CHIEOS</span> <span class='ocrx_word' id='word_1_4' title='bbox 2186 363 2429 453; x_wconf 67' lang='lat' dir='ltr'>LIBER</span> <span class='ocrx_word' id='word_1_5' title='bbox 2473 393 2580 454; x_wconf 86' lang='lat' dir='ltr'>IV.</span> 
     </span>
    </p>
   </div>
   <div class='ocr_carea' id='block_1_3' title="bbox 3529 402 3648 460">
    <p class='ocr_par' dir='ltr' id='par_1_3' title="bbox 3529 402 3648 460">
     <span class='ocr_line' id='line_1_3' title="bbox 3529 402 3648 460; baseline 0.008 -1"><span class='ocrx_word' id='word_1_6' title='bbox 3529 402 3648 460; x_wconf 75' lang='grc'>242</span> 
     </span>
    </p>
   </div>
   <div class='ocr_carea' id='block_1_4' title="bbox 257 517 1887 606">
    <p class='ocr_par' dir='ltr' id='par_1_4' title="bbox 257 517 1887 595">
     <span class='ocr_line' id='line_1_4' title="bbox 257 517 1887 595; baseline -0.001 -19"><span class='ocrx_word' id='word_1_7' title='bbox 257 526 368 584; x_wconf 86' lang='grc' dir='ltr'>τοῖς</span> <span class='ocrx_word' id='word_1_8' title='bbox 419 522 693 595; x_wconf 78' lang='grc' dir='ltr'>μαθηταῖς</span> <span class='ocrx_word' id='word_1_9' title='bbox 737 517 1036 592; x_wconf 71' lang='grc' dir='ltr'>συντάττει,</span> <span class='ocrx_word' id='word_1_10' title='bbox 1089 519 1302 593; x_wconf 76' lang='grc' dir='ltr'>μᾶλλον</span> <span class='ocrx_word' id='word_1_11' title='bbox 1355 519 1434 590; x_wconf 75' lang='grc' dir='ltr'>δὲ,</span> <span class='ocrx_word' id='word_1_12' title='bbox 1495 521 1572 583; x_wconf 82' lang='grc' dir='ltr'>ὡς</span> <span class='ocrx_word' id='word_1_13' title='bbox 1611 518 1887 590; x_wconf 52' lang='grc' dir='ltr'>δέδεικται,</span> 
     </span>
    </p>
   </div>
   <div class='ocr_carea' id='block_1_5' title="bbox 1997 517 3646 606">
    <p class='ocr_par' dir='ltr' id='par_1_5' title="bbox 2013 521 3646 606">
     <span class='ocr_line' id='line_1_5' title="bbox 2013 521 3646 606; baseline 0.009 -29"><span class='ocrx_word' id='word_1_14' title='bbox 2013 521 2212 594; x_wconf 91' lang='lat' dir='ltr'>voluit,</span> <span class='ocrx_word' id='word_1_15' title='bbox 2246 539 2462 597; x_wconf 89' lang='lat' dir='ltr'>eosque</span> <span class='ocrx_word' id='word_1_16' title='bbox 2493 544 2625 583; x_wconf 90' lang='lat' dir='ltr'>cum</span> <span class='ocrx_word' id='word_1_17' title='bbox 2651 528 2952 600; x_wconf 85' lang='lat' dir='ltr'>discipulis</span> <span class='ocrx_word' id='word_1_18' title='bbox 2977 533 3404 603; x_wconf 81' lang='lat' dir='ltr'>conjungit,vel</span> <span class='ocrx_word' id='word_1_19' title='bbox 3431 536 3646 606; x_wconf 85' lang='lat' dir='ltr'>potius,</span> 
     </span>
    </p>
   </div>
   <div class='ocr_carea' id='block_1_6' title="bbox 259 605 1897 687">
    <p class='ocr_par' dir='ltr' id='par_1_6' title="bbox 259 605 1897 687">
     <span class='ocr_line' id='line_1_6' title="bbox 259 605 1897 687; baseline -0.002 -21"><span class='ocrx_word' id='word_1_20' title='bbox 259 611 496 687; x_wconf 71' lang='grc' dir='ltr'>προάγει,</span> <span class='ocrx_word' id='word_1_21' title='bbox 530 609 641 687; x_wconf 76' lang='grc' dir='ltr'>οὐχ</span> <span class='ocrx_word' id='word_1_22' title='bbox 670 610 755 666; x_wconf 78' lang='grc' dir='ltr'>ὅτι</span> <span class='ocrx_word' id='word_1_23' title='bbox 788 607 982 666; x_wconf 79' lang='grc' dir='ltr'>διόλου</span> <span class='ocrx_word' id='word_1_24' title='bbox 1009 610 1071 665; x_wconf 88' lang='grc' dir='ltr'>τὸ</span> <span class='ocrx_word' id='word_1_25' title='bbox 1102 605 1326 666; x_wconf 77' lang='grc' dir='ltr'>ἔλαττον</span> <span class='ocrx_word' id='word_1_26' title='bbox 1373 610 1605 683; x_wconf 66' lang='grc' dir='ltr'>ἕξουσιν,</span> <span class='ocrx_word' id='word_1_27' title='bbox 1638 609 1762 665; x_wconf 76' lang='grc' dir='ltr'>ἀλλ’</span> <span class='ocrx_word' id='word_1_28' title='bbox 1816 609 1897 664; x_wconf 79' lang='grc' dir='ltr'>ὅτι</span> 
     </span>
    </p>
   </div>
   <div class='ocr_carea' id='block_1_7' title="bbox 256 696 1899 776">
    <p class='ocr_par' dir='ltr' id='par_1_7' title="bbox 256 696 1899 776">
     <span class='ocr_line' id='line_1_7' title="bbox 256 696 1899 776; baseline -0.002 -20"><span class='ocrx_word' id='word_1_29' title='bbox 256 706 372 760; x_wconf 89' lang='grc' dir='ltr'>τοῖς</span> <span class='ocrx_word' id='word_1_30' title='bbox 411 702 501 773; x_wconf 73' lang='grc' dir='ltr'>μὲν</span> <span class='ocrx_word' id='word_1_31' title='bbox 527 705 608 772; x_wconf 79' lang='grc' dir='ltr'>τῷ</span> <span class='ocrx_word' id='word_1_32' title='bbox 636 705 713 772; x_wconf 80' lang='grc' dir='ltr'>νῷ</span> <span class='ocrx_word' id='word_1_33' title='bbox 753 697 1005 755; x_wconf 78' lang='grc' dir='ltr'>διαπλεῖν</span> <span class='ocrx_word' id='word_1_34' title='bbox 1045 696 1123 754; x_wconf 82' lang='grc' dir='ltr'>ἔτι</span> <span class='ocrx_word' id='word_1_35' title='bbox 1154 700 1245 755; x_wconf 84' lang='grc' dir='ltr'>τὸν</span> <span class='ocrx_word' id='word_1_36' title='bbox 1289 700 1429 776; x_wconf 77' lang='grc' dir='ltr'>βίον,</span> <span class='ocrx_word' id='word_1_37' title='bbox 1453 699 1542 754; x_wconf 82' lang='grc' dir='ltr'>καὶ</span> <span class='ocrx_word' id='word_1_38' title='bbox 1571 704 1689 762; x_wconf 84' lang='grc' dir='ltr'>ταῖς</span> <span class='ocrx_word' id='word_1_39' title='bbox 1714 720 1899 774; x_wconf 85' lang='grc' dir='ltr'>τρικυ-</span> 
     </span>
    </p>
   </div>
   <div class='ocr_carea' id='block_1_8' title="bbox 261 787 1900 865">
    <p class='ocr_par' dir='ltr' id='par_1_8' title="bbox 261 787 1900 865">
     <span class='ocr_line' id='line_1_8' title="bbox 261 787 1900 865; baseline 0 -22"><span class='ocrx_word' id='word_1_40' title='bbox 261 791 428 864; x_wconf 84' lang='grc' dir='ltr'>μίαις,</span> <span class='ocrx_word' id='word_1_41' title='bbox 470 792 562 846; x_wconf 83' lang='grc' dir='ltr'>οἷα</span> <span class='ocrx_word' id='word_1_42' title='bbox 607 787 674 858; x_wconf 80' lang='grc' dir='ltr'>δὴ</span> <span class='ocrx_word' id='word_1_43' title='bbox 719 791 789 845; x_wconf 77' lang='grc' dir='ltr'>τὰ</span> <span class='ocrx_word' id='word_1_44' title='bbox 859 791 1196 865; x_wconf 85' lang='grc' dir='ltr'>ἀνθρώπινα,</span> <span class='ocrx_word' id='word_1_45' title='bbox 1269 788 1561 844; x_wconf 82' lang='grc' dir='ltr'>ὑπελίπετο</span> <span class='ocrx_word' id='word_1_46' title='bbox 1628 787 1900 844; x_wconf 85' lang='grc' dir='ltr'>κλυδωνί-</span> 
     </span>
    </p>
   </div>
   <div class='ocr_carea' id='block_1_9' title="bbox 259 876 1900 958">
    <p class='ocr_par' dir='ltr' id='par_1_9' title="bbox 259 876 1900 958">
     <span class='ocr_line' id='line_1_9' title="bbox 259 876 1900 958; baseline 0 -24"><span class='ocrx_word' id='word_1_47' title='bbox 259 881 450 948; x_wconf 84' lang='grc' dir='ltr'>ζεσθαι·</span> <span class='ocrx_word' id='word_1_48' title='bbox 486 881 541 934; x_wconf 77' lang='lat' dir='ltr'><strong>0i</strong></span> <span class='ocrx_word' id='word_1_49' title='bbox 589 876 648 935; x_wconf 74' lang='grc' dir='ltr'>δὲ</span> <span class='ocrx_word' id='word_1_50' title='bbox 693 879 785 934; x_wconf 89' lang='grc' dir='ltr'>τὸν</span> <span class='ocrx_word' id='word_1_51' title='bbox 837 877 1010 954; x_wconf 79' lang='grc' dir='ltr'>ὅρμον</span> <span class='ocrx_word' id='word_1_52' title='bbox 1059 881 1209 958; x_wconf 79' lang='grc' dir='ltr'>εἶχον</span> <span class='ocrx_word' id='word_1_53' title='bbox 1255 879 1581 952; x_wconf 65' lang='grc' dir='ltr'>ἀκύμαντον.</span> <span class='ocrx_word' id='word_1_54' title='bbox 1626 884 1682 934; x_wconf 81' lang='lat'>&#39;0</span> <span class='ocrx_word' id='word_1_55' title='bbox 1715 876 1772 933; x_wconf 74' lang='grc' dir='ltr'>δὲ</span> <span class='ocrx_word' id='word_1_56' title='bbox 1800 885 1900 947; x_wconf 71' lang='grc' dir='ltr'>τῆς</span> 
     </span>
    </p>
   </div>
   <div class='ocr_carea' id='block_1_10' title="bbox 255 965 1896 1045">
    <p class='ocr_par' dir='ltr' id='par_1_10' title="bbox 255 965 1896 1045">
     <span class='ocr_line' id='line_1_10' title="bbox 255 965 1896 1045; baseline 0 -22"><span class='ocrx_word' id='word_1_57' title='bbox 255 968 545 1045; x_wconf 70' lang='grc' dir='ltr'>ἀσφαλείας</span> <span class='ocrx_word' id='word_1_58' title='bbox 574 969 664 1024; x_wconf 80' lang='grc' dir='ltr'>καὶ</span> <span class='ocrx_word' id='word_1_59' title='bbox 713 972 812 1023; x_wconf 78' lang='grc' dir='ltr'>τοῦ</span> <span class='ocrx_word' id='word_1_60' title='bbox 850 968 1074 1042; x_wconf 70' lang='grc' dir='ltr'>λιμένος</span> <span class='ocrx_word' id='word_1_61' title='bbox 1128 965 1299 1042; x_wconf 70' lang='grc' dir='ltr'>μήπω</span> <span class='ocrx_word' id='word_1_62' title='bbox 1345 969 1552 1044; x_wconf 86' lang='grc' dir='ltr'>τυχὼν,</span> <span class='ocrx_word' id='word_1_63' title='bbox 1581 971 1678 1023; x_wconf 74' lang='grc' dir='ltr'>τοῦ</span> <span class='ocrx_word' id='word_1_64' title='bbox 1726 989 1896 1023; x_wconf 88' lang='grc' dir='ltr'>κατα-</span> 
     </span>
    </p>
   </div>
   <div class='ocr_carea' id='block_1_11' title="bbox 261 1053 1894 1134">
    <p class='ocr_par' dir='ltr' id='par_1_11' title="bbox 261 1053 1894 1134">
     <span class='ocr_line' id='line_1_11' title="bbox 261 1053 1894 1134; baseline -0.002 -20"><span class='ocrx_word' id='word_1_65' title='bbox 261 1053 521 1120; x_wconf 77' lang='grc' dir='ltr'>λαϐόντος</span> <span class='ocrx_word' id='word_1_66' title='bbox 549 1055 684 1130; x_wconf 81' lang='grc' dir='ltr'>ἤδη,</span> <span class='ocrx_word' id='word_1_67' title='bbox 715 1057 808 1113; x_wconf 74' lang='grc' dir='ltr'>καὶ</span> <span class='ocrx_word' id='word_1_68' title='bbox 839 1057 982 1113; x_wconf 81' lang='grc' dir='ltr'>πολὺ</span> <span class='ocrx_word' id='word_1_69' title='bbox 1033 1059 1358 1132; x_wconf 86' lang='grc' dir='ltr'>τιμιώτερον</span> <span class='ocrx_word' id='word_1_70' title='bbox 1391 1059 1453 1112; x_wconf 88' lang='grc' dir='ltr'>τὸ</span> <span class='ocrx_word' id='word_1_71' title='bbox 1485 1057 1708 1134; x_wconf 77' lang='grc' dir='ltr'>φορτίον</span> <span class='ocrx_word' id='word_1_72' title='bbox 1759 1056 1894 1133; x_wconf 74' lang='grc' dir='ltr'>φέρῃ</span> 
     </span>
    </p>
   </div>
   <div class='ocr_carea' id='block_1_12' title="bbox 253 1143 1895 1222">
    <p class='ocr_par' dir='ltr' id='par_1_12' title="bbox 253 1143 1895 1222">
     <span class='ocr_line' id='line_1_12' title="bbox 253 1143 1895 1222; baseline -0.001 -20"><span class='ocrx_word' id='word_1_73' title='bbox 253 1151 317 1221; x_wconf 80' lang='grc' dir='ltr'>τῇ</span> <span class='ocrx_word' id='word_1_74' title='bbox 346 1145 554 1219; x_wconf 77' lang='grc' dir='ltr'>ἀδηλίᾳ</span> <span class='ocrx_word' id='word_1_75' title='bbox 602 1155 706 1217; x_wconf 84' lang='grc' dir='ltr'>τῆς</span> <span class='ocrx_word' id='word_1_76' title='bbox 747 1148 1045 1222; x_wconf 80' lang='grc' dir='ltr'>σωτηρίας,</span> <span class='ocrx_word' id='word_1_77' title='bbox 1095 1150 1192 1202; x_wconf 77' lang='grc' dir='ltr'>τοῦ</span> <span class='ocrx_word' id='word_1_78' title='bbox 1245 1143 1466 1222; x_wconf 79' lang='grc' dir='ltr'>βεϐαίαν</span> <span class='ocrx_word' id='word_1_79' title='bbox 1508 1145 1707 1216; x_wconf 79' lang='grc' dir='ltr'>ταύτην</span> <span class='ocrx_word' id='word_1_80' title='bbox 1744 1145 1895 1220; x_wconf 79' lang='grc' dir='ltr'>εὖρο-</span> 
     </span>
    </p>
   </div>
   <div class='ocr_carea' id='block_1_13' title="bbox 256 1235 1900 1314">
    <p class='ocr_par' dir='ltr' id='par_1_13' title="bbox 256 1235 1900 1314">
     <span class='ocr_line' id='line_1_13' title="bbox 256 1235 1900 1314; baseline -0.003 -21"><span class='ocrx_word' id='word_1_81' title='bbox 256 1240 415 1314; x_wconf 78' lang='grc' dir='ltr'>μὲνου</span> <span class='ocrx_word' id='word_1_82' title='bbox 438 1236 642 1308; x_wconf 85' lang='grc' dir='ltr'>πολλῷ</span> <span class='ocrx_word' id='word_1_83' title='bbox 664 1237 909 1292; x_wconf 85' lang='grc' dir='ltr'>λείπεται</span> <span class='ocrx_word' id='word_1_84' title='bbox 951 1239 1084 1310; x_wconf 86' lang='grc'>(32).</span> <span class='ocrx_word' id='word_1_85' title='bbox 1121 1235 1274 1306; x_wconf 75' lang='grc' dir='ltr'>Πλὴν</span> <span class='ocrx_word' id='word_1_86' title='bbox 1323 1235 1452 1291; x_wconf 78' lang='grc' dir='ltr'>ἀλλ’</span> <span class='ocrx_word' id='word_1_87' title='bbox 1493 1235 1586 1297; x_wconf 71' lang='grc' dir='ltr'>οὕς</span> <span class='ocrx_word' id='word_1_88' title='bbox 1633 1235 1900 1306; x_wconf 81' lang='grc' dir='ltr'>τηλικαύ-</span> 
     </span>
    </p>
   </div>
   <div class='ocr_carea' id='block_1_14' title="bbox 252 1322 1897 1401">
    <p class='ocr_par' dir='ltr' id='par_1_14' title="bbox 252 1322 1897 1401">
     <span class='ocr_line' id='line_1_14' title="bbox 252 1322 1897 1401; baseline -0.002 -20"><span class='ocrx_word' id='word_1_89' title='bbox 252 1349 342 1398; x_wconf 80' lang='grc' dir='ltr'>της</span> <span class='ocrx_word' id='word_1_90' title='bbox 390 1325 558 1397; x_wconf 76' lang='grc' dir='ltr'>δόξης</span> <span class='ocrx_word' id='word_1_91' title='bbox 601 1325 751 1395; x_wconf 71' lang='grc' dir='ltr'>ἀξιοῖ</span> <span class='ocrx_word' id='word_1_92' title='bbox 779 1327 1007 1401; x_wconf 85' lang='grc' dir='ltr'>Χριστὸς</span> <span class='ocrx_word' id='word_1_93' title='bbox 1057 1327 1092 1394; x_wconf 78' lang='grc' dir='ltr'><strong>ἡ</strong></span> <span class='ocrx_word' id='word_1_94' title='bbox 1143 1324 1394 1395; x_wconf 81' lang='grc' dir='ltr'>ἀλήθεια,</span> <span class='ocrx_word' id='word_1_95' title='bbox 1436 1325 1511 1388; x_wconf 89' lang='grc' dir='ltr'>ὡς</span> <span class='ocrx_word' id='word_1_96' title='bbox 1555 1323 1646 1380; x_wconf 82' lang='grc' dir='ltr'>καὶ</span> <span class='ocrx_word' id='word_1_97' title='bbox 1688 1322 1897 1379; x_wconf 83' lang='grc' dir='ltr'>συλλα-</span> 
     </span>
    </p>
   </div>
   <div class='ocr_carea' id='block_1_15' title="bbox 253 1411 1898 1487">
    <p class='ocr_par' dir='ltr' id='par_1_15' title="bbox 253 1411 1898 1487">
     <span class='ocr_line' id='line_1_15' title="bbox 253 1411 1898 1487; baseline -0.003 -15"><span class='ocrx_word' id='word_1_98' title='bbox 253 1418 358 1473; x_wconf 83' lang='grc' dir='ltr'>λεῖν</span> <span class='ocrx_word' id='word_1_99' title='bbox 408 1416 612 1480; x_wconf 76' lang='grc' dir='ltr'>αὐτοὺς</span> <span class='ocrx_word' id='word_1_100' title='bbox 657 1413 804 1487; x_wconf 73' lang='grc' dir='ltr'>αὒτῷ</span> <span class='ocrx_word' id='word_1_101' title='bbox 858 1414 950 1469; x_wconf 66' lang='grc' dir='ltr'>καὶ</span> <span class='ocrx_word' id='word_1_102' title='bbox 1012 1415 1194 1487; x_wconf 83' lang='grc' dir='ltr'>ὑμνεῖν</span> <span class='ocrx_word' id='word_1_103' title='bbox 1249 1414 1414 1470; x_wconf 78' lang='grc' dir='ltr'>αὐτοῦ</span> <span class='ocrx_word' id='word_1_104' title='bbox 1463 1415 1561 1483; x_wconf 75' lang='grc' dir='ltr'>τὴν</span> <span class='ocrx_word' id='word_1_105' title='bbox 1611 1411 1768 1484; x_wconf 79' lang='grc' dir='ltr'>δόξαν</span> <span class='ocrx_word' id='word_1_106' title='bbox 1805 1413 1898 1468; x_wconf 83' lang='grc' dir='ltr'>καὶ</span> 
     </span>
    </p>
   </div>
   <div class='ocr_carea' id='block_1_16' title="bbox 250 1501 1899 1579">
    <p class='ocr_par' dir='ltr' id='par_1_16' title="bbox 250 1501 1899 1579">
     <span class='ocr_line' id='line_1_16' title="bbox 250 1501 1899 1579; baseline -0.002 -17"><span class='ocrx_word' id='word_1_107' title='bbox 250 1508 338 1575; x_wconf 78' lang='grc' dir='ltr'>τήν</span> <span class='ocrx_word' id='word_1_108' title='bbox 377 1502 591 1576; x_wconf 81' lang='grc' dir='ltr'>ἔξοδον,</span> <span class='ocrx_word' id='word_1_109' title='bbox 632 1506 736 1578; x_wconf 79' lang='grc' dir='ltr'>ἄρα</span> <span class='ocrx_word' id='word_1_110' title='bbox 765 1503 994 1565; x_wconf 78' lang='grc' dir='ltr'>τούτους</span> <span class='ocrx_word' id='word_1_111' title='bbox 1027 1505 1091 1560; x_wconf 81' lang='grc' dir='ltr'>οὐ</span> <span class='ocrx_word' id='word_1_112' title='bbox 1141 1503 1379 1579; x_wconf 81' lang='grc' dir='ltr'>φρίττεις</span> <span class='ocrx_word' id='word_1_113' title='bbox 1417 1501 1734 1577; x_wconf 83' lang='grc' dir='ltr'>κωμῳδεῖν,</span> <span class='ocrx_word' id='word_1_114' title='bbox 1765 1501 1899 1558; x_wconf 86' lang='grc' dir='ltr'>ἀλλ’</span> 
     </span>
    </p>
   </div>
   <div class='ocr_carea' id='block_1_17' title="bbox 249 1592 1898 1669">
    <p class='ocr_par' dir='ltr' id='par_1_17' title="bbox 249 1592 1898 1669">
     <span class='ocr_line' id='line_1_17' title="bbox 249 1592 1898 1669; baseline -0.003 -18"><span class='ocrx_word' id='word_1_115' title='bbox 249 1597 318 1659; x_wconf 74' lang='grc' dir='ltr'>εἰς</span> <span class='ocrx_word' id='word_1_116' title='bbox 347 1596 596 1669; x_wconf 78' lang='grc' dir='ltr'>πονηρὰν</span> <span class='ocrx_word' id='word_1_117' title='bbox 627 1593 873 1657; x_wconf 76' lang='grc' dir='ltr'>ἐλαύνεις</span> <span class='ocrx_word' id='word_1_118' title='bbox 904 1595 1084 1669; x_wconf 80' lang='grc' dir='ltr'>ἀρχήν</span> <span class='ocrx_word' id='word_1_119' title='bbox 1113 1593 1242 1664; x_wconf 74' lang='grc' dir='ltr'>ςΤίς</span> <span class='ocrx_word' id='word_1_120' title='bbox 1283 1592 1329 1649; x_wconf 90' lang='grc' dir='ltr'>δ’</span> <span class='ocrx_word' id='word_1_121' title='bbox 1371 1593 1532 1648; x_wconf 78' lang='grc' dir='ltr'>αὐτὸν</span> <span class='ocrx_word' id='word_1_122' title='bbox 1582 1592 1765 1647; x_wconf 82' lang='grc' dir='ltr'>ἐκάλει</span> <span class='ocrx_word' id='word_1_123' title='bbox 1809 1593 1898 1646; x_wconf 74' lang='grc' dir='ltr'>καὶ</span> 
     </span>
    </p>
   </div>
   <div class='ocr_carea' id='block_1_18' title="bbox 249 1683 1895 1762">
    <p class='ocr_par' dir='ltr' id='par_1_18' title="bbox 249 1683 1895 1762">
     <span class='ocr_line' id='line_1_18' title="bbox 249 1683 1895 1762; baseline -0.003 -20"><span class='ocrx_word' id='word_1_124' title='bbox 249 1687 403 1762; x_wconf 75' lang='grc' dir='ltr'>χρείᾳ</span> <span class='ocrx_word' id='word_1_125' title='bbox 452 1686 654 1760; x_wconf 83' lang='grc' dir='ltr'>ἀγαθὸν</span> <span class='ocrx_word' id='word_1_126' title='bbox 701 1683 829 1740; x_wconf 76' lang='grc' dir='ltr'>ὄντα</span> <span class='ocrx_word' id='word_1_127' title='bbox 875 1684 965 1740; x_wconf 84' lang='grc' dir='ltr'>καὶ</span> <span class='ocrx_word' id='word_1_128' title='bbox 1015 1683 1350 1758; x_wconf 82' lang='grc' dir='ltr'>ἀγαθότητος</span> <span class='ocrx_word' id='word_1_129' title='bbox 1399 1685 1604 1760; x_wconf 78' lang='grc' dir='ltr'>πηγὴν,</span> <span class='ocrx_word' id='word_1_130' title='bbox 1637 1685 1764 1746; x_wconf 83' lang='grc' dir='ltr'>τοὺς</span> <span class='ocrx_word' id='word_1_131' title='bbox 1795 1683 1895 1738; x_wconf 78' lang='grc' dir='ltr'>οὐκ</span> 
     </span>
    </p>
   </div>
   <div class='ocr_carea' id='block_1_19' title="bbox 245 1771 1890 1850">
    <p class='ocr_par' dir='ltr' id='par_1_19' title="bbox 245 1771 1890 1850">
     <span class='ocr_line' id='line_1_19' title="bbox 245 1771 1890 1850; baseline 0 -21"><span class='ocrx_word' id='word_1_132' title='bbox 245 1771 402 1837; x_wconf 76' lang='grc' dir='ltr'>ὄντας</span> <span class='ocrx_word' id='word_1_133' title='bbox 435 1775 531 1848; x_wconf 70' lang='grc' dir='ltr'>μὲν</span> <span class='ocrx_word' id='word_1_134' title='bbox 571 1774 761 1844; x_wconf 72' lang='grc' dir='ltr'>αὖτοῦ,</span> <span class='ocrx_word' id='word_1_135' title='bbox 791 1773 953 1845; x_wconf 80' lang='grc' dir='ltr'>κακίᾳ</span> <span class='ocrx_word' id='word_1_136' title='bbox 991 1771 1048 1828; x_wconf 76' lang='grc' dir='ltr'>δὲ</span> <span class='ocrx_word' id='word_1_137' title='bbox 1075 1779 1359 1850; x_wconf 79' lang='grc' dir='ltr'>συμφυεῖς,</span> <span class='ocrx_word' id='word_1_138' title='bbox 1393 1779 1509 1835; x_wconf 83' lang='grc' dir='ltr'>τοῖς</span> <span class='ocrx_word' id='word_1_139' title='bbox 1557 1795 1615 1829; x_wconf 85' lang='grc' dir='ltr'>τε</span> <span class='ocrx_word' id='word_1_140' title='bbox 1671 1773 1890 1844; x_wconf 77' lang='grc' dir='ltr'>ἄλλοις,</span> 
     </span>
    </p>
   </div>
   <div class='ocr_carea' id='block_1_20' title="bbox 2004 617 3650 694">
    <p class='ocr_par' dir='ltr' id='par_1_20' title="bbox 2004 617 3650 694">
     <span class='ocr_line' id='line_1_20' title="bbox 2004 617 3650 694; baseline 0.008 -26"><span class='ocrx_word' id='word_1_141' title='bbox 2004 629 2103 669; x_wconf 86' lang='lat' dir='ltr'>ceu</span> <span class='ocrx_word' id='word_1_142' title='bbox 2127 620 2420 671; x_wconf 84' lang='lat' dir='ltr'>ostensum</span> <span class='ocrx_word' id='word_1_143' title='bbox 2453 623 2562 684; x_wconf 90' lang='lat' dir='ltr'>est,</span> <span class='ocrx_word' id='word_1_144' title='bbox 2593 617 2665 673; x_wconf 91' lang='lat' dir='ltr'>iis</span> <span class='ocrx_word' id='word_1_145' title='bbox 2699 622 2942 688; x_wconf 73' lang='lat' dir='ltr'>prmfert,</span> <span class='ocrx_word' id='word_1_146' title='bbox 2971 638 3084 676; x_wconf 90' lang='lat' dir='ltr'>non</span> <span class='ocrx_word' id='word_1_147' title='bbox 3127 624 3280 694; x_wconf 89' lang='lat' dir='ltr'>quod</span> <span class='ocrx_word' id='word_1_148' title='bbox 3325 641 3426 694; x_wconf 89' lang='lat' dir='ltr'>per</span> <span class='ocrx_word' id='word_1_149' title='bbox 3452 627 3650 682; x_wconf 83' lang='lat' dir='ltr'>omnia</span> 
     </span>
    </p>
   </div>
   <div class='ocr_carea' id='block_1_21' title="bbox 2003 705 3648 784">
    <p class='ocr_par' dir='ltr' id='par_1_21' title="bbox 2003 705 3648 784">
     <span class='ocr_line' id='line_1_21' title="bbox 2003 705 3648 784; baseline 0.007 -27"><span class='ocrx_word' id='word_1_150' title='bbox 2003 705 2294 760; x_wconf 86' lang='lat' dir='ltr'>secundas</span> <span class='ocrx_word' id='word_1_151' title='bbox 2339 714 2533 776; x_wconf 85' lang='lat' dir='ltr'>partes</span> <span class='ocrx_word' id='word_1_152' title='bbox 2571 706 2749 762; x_wconf 88' lang='lat' dir='ltr'>laturi</span> <span class='ocrx_word' id='word_1_153' title='bbox 2780 715 2993 779; x_wconf 79' lang='lat' dir='ltr'>essent,</span> <span class='ocrx_word' id='word_1_154' title='bbox 3017 712 3118 765; x_wconf 91' lang='lat' dir='ltr'>sed</span> <span class='ocrx_word' id='word_1_155' title='bbox 3144 713 3294 784; x_wconf 89' lang='lat' dir='ltr'>quod</span> <span class='ocrx_word' id='word_1_156' title='bbox 3328 713 3388 767; x_wconf 91' lang='lat' dir='ltr'>hi</span> <span class='ocrx_word' id='word_1_157' title='bbox 3411 715 3648 784; x_wconf 85' lang='lat' dir='ltr'>quidem</span> 
     </span>
    </p>
   </div>
   <div class='ocr_carea' id='block_1_22' title="bbox 2003 793 3650 874">
    <p class='ocr_par' dir='ltr' id='par_1_22' title="bbox 2003 793 3650 874">
     <span class='ocr_line' id='line_1_22' title="bbox 2003 793 3650 874; baseline 0.006 -27"><span class='ocrx_word' id='word_1_158' title='bbox 2003 793 2198 848; x_wconf 90' lang='lat' dir='ltr'>animo</span> <span class='ocrx_word' id='word_1_159' title='bbox 2249 793 2439 849; x_wconf 89' lang='lat' dir='ltr'>adhuc</span> <span class='ocrx_word' id='word_1_160' title='bbox 2489 812 2589 865; x_wconf 92' lang='lat' dir='ltr'>per</span> <span class='ocrx_word' id='word_1_161' title='bbox 2615 796 2794 852; x_wconf 89' lang='lat' dir='ltr'>vitam</span> <span class='ocrx_word' id='word_1_162' title='bbox 2847 800 3012 868; x_wconf 88' lang='lat' dir='ltr'>quasi</span> <span class='ocrx_word' id='word_1_163' title='bbox 3058 800 3114 853; x_wconf 91' lang='lat' dir='ltr'>in</span> <span class='ocrx_word' id='word_1_164' title='bbox 3179 801 3326 856; x_wconf 86' lang='lat' dir='ltr'>mari</span> <span class='ocrx_word' id='word_1_165' title='bbox 3368 803 3562 874; x_wconf 83' lang='lat' dir='ltr'>vagari</span> <span class='ocrx_word' id='word_1_166' title='bbox 3593 808 3650 857; x_wconf 91' lang='lat' dir='ltr'>et</span> 
     </span>
    </p>
   </div>
   <div class='ocr_carea' id='block_1_23' title="bbox 2002 882 3650 962">
    <p class='ocr_par' dir='ltr' id='par_1_23' title="bbox 2002 882 3650 962">
     <span class='ocr_line' id='line_1_23' title="bbox 2002 882 3650 962; baseline 0.007 -26"><span class='ocrx_word' id='word_1_167' title='bbox 2002 882 2298 953; x_wconf 83' lang='lat' dir='ltr'>ﬂuctibus,</span> <span class='ocrx_word' id='word_1_168' title='bbox 2333 901 2479 955; x_wconf 90' lang='lat' dir='ltr'>quos</span> <span class='ocrx_word' id='word_1_169' title='bbox 2505 885 2776 941; x_wconf 80' lang='lat' dir='ltr'>humanae</span> <span class='ocrx_word' id='word_1_170' title='bbox 2819 903 2908 942; x_wconf 90' lang='lat' dir='ltr'>res</span> <span class='ocrx_word' id='word_1_171' title='bbox 2951 905 3149 944; x_wconf 89' lang='lat' dir='ltr'>secum</span> <span class='ocrx_word' id='word_1_172' title='bbox 3198 891 3650 962; x_wconf 85' lang='lat' dir='ltr'>ferunt,jactari</span> 
     </span>
    </p>
   </div>
   <div class='ocr_carea' id='block_1_24' title="bbox 2003 972 3646 1050">
    <p class='ocr_par' dir='ltr' id='par_1_24' title="bbox 2003 972 3646 1050">
     <span class='ocr_line' id='line_1_24' title="bbox 2003 972 3646 1050; baseline 0.005 -22"><span class='ocrx_word' id='word_1_173' title='bbox 2003 972 2194 1028; x_wconf 87' lang='lat' dir='ltr'>adhuc</span> <span class='ocrx_word' id='word_1_174' title='bbox 2217 974 2512 1044; x_wconf 76' lang='lat' dir='ltr'>deberent,</span> <span class='ocrx_word' id='word_1_175' title='bbox 2545 975 2662 1031; x_wconf 84' lang='lat' dir='ltr'>illis</span> <span class='ocrx_word' id='word_1_176' title='bbox 2701 977 3078 1047; x_wconf 87' lang='lat' dir='ltr'>tranquillum</span> <span class='ocrx_word' id='word_1_177' title='bbox 3129 984 3364 1050; x_wconf 86' lang='lat' dir='ltr'>portum</span> <span class='ocrx_word' id='word_1_178' title='bbox 3396 982 3646 1037; x_wconf 88' lang='lat' dir='ltr'>tenenti-</span> 
     </span>
    </p>
   </div>
   <div class='ocr_carea' id='block_1_25' title="bbox 2001 1062 3645 1138">
    <p class='ocr_par' dir='ltr' id='par_1_25' title="bbox 2001 1062 3645 1138">
     <span class='ocr_line' id='line_1_25' title="bbox 2001 1062 3645 1138; baseline 0.005 -22"><span class='ocrx_word' id='word_1_179' title='bbox 2001 1062 2130 1117; x_wconf 90' lang='lat' dir='ltr'>bus.</span> <span class='ocrx_word' id='word_1_180' title='bbox 2155 1063 2258 1126; x_wconf 89' lang='lat' dir='ltr'>Qui</span> <span class='ocrx_word' id='word_1_181' title='bbox 2292 1079 2422 1119; x_wconf 89' lang='lat' dir='ltr'>vero</span> <span class='ocrx_word' id='word_1_182' title='bbox 2453 1063 2824 1120; x_wconf 77' lang='lat' dir='ltr'>securitatem</span> <span class='ocrx_word' id='word_1_183' title='bbox 2871 1069 2928 1121; x_wconf 90' lang='lat' dir='ltr'>et</span> <span class='ocrx_word' id='word_1_184' title='bbox 2970 1070 3201 1138; x_wconf 90' lang='lat' dir='ltr'>portum</span> <span class='ocrx_word' id='word_1_185' title='bbox 3255 1069 3514 1125; x_wconf 90' lang='lat' dir='ltr'>nondum</span> <span class='ocrx_word' id='word_1_186' title='bbox 3548 1087 3645 1125; x_wconf 86' lang='lat' dir='ltr'>as-</span> 
     </span>
    </p>
   </div>
   <div class='ocr_carea' id='block_1_26' title="bbox 2002 1151 3642 1229">
    <p class='ocr_par' dir='ltr' id='par_1_26' title="bbox 2002 1151 3642 1229">
     <span class='ocr_line' id='line_1_26' title="bbox 2002 1151 3642 1229; baseline 0.006 -25"><span class='ocrx_word' id='word_1_187' title='bbox 2002 1155 2236 1206; x_wconf 83' lang='lat' dir='ltr'>secutus</span> <span class='ocrx_word' id='word_1_188' title='bbox 2277 1157 2386 1218; x_wconf 90' lang='lat' dir='ltr'>est,</span> <span class='ocrx_word' id='word_1_189' title='bbox 2419 1151 2719 1210; x_wconf 80' lang='lat' dir='ltr'>deterioris</span> <span class='ocrx_word' id='word_1_190' title='bbox 2755 1159 2844 1210; x_wconf 89' lang='lat' dir='ltr'>est</span> <span class='ocrx_word' id='word_1_191' title='bbox 2881 1155 3230 1214; x_wconf 86' lang='lat' dir='ltr'>conditionis</span> <span class='ocrx_word' id='word_1_192' title='bbox 3253 1172 3338 1224; x_wconf 91' lang='lat' dir='ltr'>eo,</span> <span class='ocrx_word' id='word_1_193' title='bbox 3387 1157 3488 1229; x_wconf 89' lang='lat' dir='ltr'>qui</span> <span class='ocrx_word' id='word_1_194' title='bbox 3515 1158 3642 1228; x_wconf 90' lang='lat' dir='ltr'>jam</span> 
     </span>
    </p>
   </div>
   <div class='ocr_carea' id='block_1_27' title="bbox 2002 1243 3644 1314">
    <p class='ocr_par' dir='ltr' id='par_1_27' title="bbox 2002 1243 3644 1314">
     <span class='ocr_line' id='line_1_27' title="bbox 2002 1243 3644 1314; baseline 0.004 -20"><span class='ocrx_word' id='word_1_195' title='bbox 2002 1243 2317 1312; x_wconf 85' lang='lat' dir='ltr'>utrumque</span> <span class='ocrx_word' id='word_1_196' title='bbox 2349 1246 2531 1309; x_wconf 86' lang='lat' dir='ltr'>tenet;</span> <span class='ocrx_word' id='word_1_197' title='bbox 2557 1246 2614 1296; x_wconf 90' lang='lat' dir='ltr'>et</span> <span class='ocrx_word' id='word_1_198' title='bbox 2654 1243 2820 1314; x_wconf 80' lang='lat' dir='ltr'>cujus</span> <span class='ocrx_word' id='word_1_199' title='bbox 2859 1243 3013 1299; x_wconf 89' lang='lat' dir='ltr'>salus</span> <span class='ocrx_word' id='word_1_200' title='bbox 3049 1244 3239 1300; x_wconf 88' lang='lat' dir='ltr'>adhuc</span> <span class='ocrx_word' id='word_1_201' title='bbox 3279 1245 3502 1302; x_wconf 88' lang='lat' dir='ltr'>incerta</span> <span class='ocrx_word' id='word_1_202' title='bbox 3528 1252 3644 1312; x_wconf 88' lang='lat' dir='ltr'>est,</span> 
     </span>
    </p>
   </div>
   <div class='ocr_carea' id='block_1_28' title="bbox 2001 1328 3643 1404">
    <p class='ocr_par' dir='ltr' id='par_1_28' title="bbox 2001 1328 3643 1404">
     <span class='ocr_line' id='line_1_28' title="bbox 2001 1328 3643 1404; baseline 0.006 -21"><span class='ocrx_word' id='word_1_203' title='bbox 2001 1328 2100 1383; x_wconf 89' lang='lat' dir='ltr'>illo</span> <span class='ocrx_word' id='word_1_204' title='bbox 2130 1335 2219 1386; x_wconf 91' lang='lat' dir='ltr'>est</span> <span class='ocrx_word' id='word_1_205' title='bbox 2251 1330 2428 1386; x_wconf 87' lang='lat' dir='ltr'>multo</span> <span class='ocrx_word' id='word_1_206' title='bbox 2459 1332 2717 1400; x_wconf 83' lang='lat' dir='ltr'>inferior,</span> <span class='ocrx_word' id='word_1_207' title='bbox 2754 1332 2851 1404; x_wconf 89' lang='lat' dir='ltr'>qui</span> <span class='ocrx_word' id='word_1_208' title='bbox 2900 1350 3028 1389; x_wconf 90' lang='lat' dir='ltr'>eam</span> <span class='ocrx_word' id='word_1_209' title='bbox 3053 1334 3178 1404; x_wconf 86' lang='lat' dir='ltr'>jam</span> <span class='ocrx_word' id='word_1_210' title='bbox 3221 1334 3457 1392; x_wconf 86' lang='lat' dir='ltr'>invenit.</span> <span class='ocrx_word' id='word_1_211' title='bbox 3487 1337 3643 1401; x_wconf 86' lang='lat' dir='ltr'>Quos</span> 
     </span>
    </p>
   </div>
   <div class='ocr_carea' id='block_1_29' title="bbox 1999 1419 3639 1495">
    <p class='ocr_par' dir='ltr' id='par_1_29' title="bbox 1999 1419 3639 1495">
     <span class='ocr_line' id='line_1_29' title="bbox 1999 1419 3639 1495; baseline 0.004 -23"><span class='ocrx_word' id='word_1_212' title='bbox 1999 1433 2132 1474; x_wconf 85' lang='lat' dir='ltr'>vero</span> <span class='ocrx_word' id='word_1_213' title='bbox 2162 1423 2325 1474; x_wconf 86' lang='lat' dir='ltr'>tanta</span> <span class='ocrx_word' id='word_1_214' title='bbox 2363 1419 2547 1491; x_wconf 81' lang='lat' dir='ltr'>gloria</span> <span class='ocrx_word' id='word_1_215' title='bbox 2589 1421 2864 1492; x_wconf 79' lang='lat' dir='ltr'>dignatur</span> <span class='ocrx_word' id='word_1_216' title='bbox 2912 1421 3194 1493; x_wconf 83' lang='lat' dir='ltr'>Christus,</span> <span class='ocrx_word' id='word_1_217' title='bbox 3235 1424 3361 1495; x_wconf 88' lang='lat' dir='ltr'>ipsa</span> <span class='ocrx_word' id='word_1_218' title='bbox 3411 1425 3639 1492; x_wconf 85' lang='lat' dir='ltr'>veritas,</span> 
     </span>
    </p>
   </div>
   <div class='ocr_carea' id='block_1_30' title="bbox 2000 1507 3644 1582">
    <p class='ocr_par' dir='ltr' id='par_1_30' title="bbox 2000 1507 3644 1582">
     <span class='ocr_line' id='line_1_30' title="bbox 2000 1507 3644 1582; baseline 0.005 -21"><span class='ocrx_word' id='word_1_219' title='bbox 2000 1507 2081 1562; x_wconf 89' lang='lat' dir='ltr'>ita</span> <span class='ocrx_word' id='word_1_220' title='bbox 2112 1513 2171 1563; x_wconf 91' lang='lat' dir='ltr'>ut</span> <span class='ocrx_word' id='word_1_221' title='bbox 2200 1512 2252 1563; x_wconf 91' lang='lat' dir='ltr'>et</span> <span class='ocrx_word' id='word_1_222' title='bbox 2285 1509 2534 1580; x_wconf 87' lang='lat' dir='ltr'>colloqui</span> <span class='ocrx_word' id='word_1_223' title='bbox 2589 1526 2690 1565; x_wconf 88' lang='lat' dir='ltr'>eos</span> <span class='ocrx_word' id='word_1_224' title='bbox 2734 1526 2954 1581; x_wconf 84' lang='lat' dir='ltr'>secum,</span> <span class='ocrx_word' id='word_1_225' title='bbox 2997 1517 3053 1566; x_wconf 82' lang='lat' dir='ltr'>et</span> <span class='ocrx_word' id='word_1_226' title='bbox 3091 1511 3335 1582; x_wconf 80' lang='lat' dir='ltr'>gloriam</span> <span class='ocrx_word' id='word_1_227' title='bbox 3385 1529 3549 1569; x_wconf 90' lang='lat' dir='ltr'>suam</span> <span class='ocrx_word' id='word_1_228' title='bbox 3579 1533 3644 1571; x_wconf 88' lang='lat' dir='ltr'>ac</span> 
     </span>
    </p>
   </div>
   <div class='ocr_carea' id='block_1_31' title="bbox 1999 1598 3640 1670">
    <p class='ocr_par' dir='ltr' id='par_1_31' title="bbox 1999 1598 3640 1670">
     <span class='ocr_line' id='line_1_31' title="bbox 1999 1598 3640 1670; baseline 0.004 -16"><span class='ocrx_word' id='word_1_229' title='bbox 1999 1598 2211 1654; x_wconf 83' lang='lat' dir='ltr'>exitum</span> <span class='ocrx_word' id='word_1_230' title='bbox 2238 1598 2550 1669; x_wconf 71' lang='lat' dir='ltr'>praadicare</span> <span class='ocrx_word' id='word_1_231' title='bbox 2581 1600 2776 1670; x_wconf 83' lang='lat' dir='ltr'>faciat,</span> <span class='ocrx_word' id='word_1_232' title='bbox 2809 1601 2968 1657; x_wconf 87' lang='lat' dir='ltr'>eisne</span> <span class='ocrx_word' id='word_1_233' title='bbox 3017 1606 3078 1656; x_wconf 90' lang='lat' dir='ltr'>tu</span> <span class='ocrx_word' id='word_1_234' title='bbox 3124 1601 3385 1669; x_wconf 89' lang='lat' dir='ltr'>illudere,</span> <span class='ocrx_word' id='word_1_235' title='bbox 3419 1603 3536 1658; x_wconf 91' lang='lat' dir='ltr'>imo</span> <span class='ocrx_word' id='word_1_236' title='bbox 3569 1605 3640 1660; x_wconf 89' lang='lat' dir='ltr'>ad</span> 
     </span>
    </p>
   </div>
   <div class='ocr_carea' id='block_1_32' title="bbox 2004 1688 3642 1762">
    <p class='ocr_par' dir='ltr' id='par_1_32' title="bbox 2004 1688 3642 1762">
     <span class='ocr_line' id='line_1_32' title="bbox 2004 1688 3642 1762; baseline 0.003 -18"><span class='ocrx_word' id='word_1_237' title='bbox 2004 1688 2222 1744; x_wconf 89' lang='lat' dir='ltr'>malum</span> <span class='ocrx_word' id='word_1_238' title='bbox 2259 1690 2609 1762; x_wconf 90' lang='lat' dir='ltr'>principium</span> <span class='ocrx_word' id='word_1_239' title='bbox 2665 1707 2762 1746; x_wconf 89' lang='lat' dir='ltr'>eos</span> <span class='ocrx_word' id='word_1_240' title='bbox 2816 1692 3026 1748; x_wconf 80' lang='lat' dir='ltr'>referre</span> <span class='ocrx_word' id='word_1_241' title='bbox 3058 1709 3173 1748; x_wconf 89' lang='lat' dir='ltr'>non</span> <span class='ocrx_word' id='word_1_242' title='bbox 3221 1693 3642 1757; x_wconf 82' lang='lat' dir='ltr'>vereris?Quis</span> 
     </span>
    </p>
   </div>
   <div class='ocr_carea' id='block_1_33' title="bbox 2001 1779 3642 1838">
    <p class='ocr_par' dir='ltr' id='par_1_33' title="bbox 2001 1779 3642 1838">
     <span class='ocr_line' id='line_1_33' title="bbox 2001 1779 3642 1838; baseline 0.004 -6"><span class='ocrx_word' id='word_1_243' title='bbox 2001 1794 2134 1835; x_wconf 88' lang='lat' dir='ltr'>vero</span> <span class='ocrx_word' id='word_1_244' title='bbox 2165 1795 2298 1834; x_wconf 89' lang='lat' dir='ltr'>eum</span> <span class='ocrx_word' id='word_1_245' title='bbox 2329 1787 2380 1834; x_wconf 89' lang='lat' dir='ltr'>et</span> <span class='ocrx_word' id='word_1_246' title='bbox 2420 1779 2746 1836; x_wconf 89' lang='lat' dir='ltr'>necessario</span> <span class='ocrx_word' id='word_1_247' title='bbox 2780 1780 2992 1837; x_wconf 88' lang='lat' dir='ltr'>bonum</span> <span class='ocrx_word' id='word_1_248' title='bbox 3031 1787 3087 1837; x_wconf 87' lang='lat' dir='ltr'>et</span> <span class='ocrx_word' id='word_1_249' title='bbox 3119 1782 3394 1838; x_wconf 83' lang='lat' dir='ltr'>bonitatis</span> <span class='ocrx_word' id='word_1_250' title='bbox 3425 1783 3642 1838; x_wconf 83' lang='lat' dir='ltr'>fontem</span> 
     </span>
    </p>
   </div>
   <div class='ocr_carea' id='block_1_34' title="bbox 247 1862 1887 1942">
    <p class='ocr_par' dir='ltr' id='par_1_34' title="bbox 247 1862 1887 1940">
     <span class='ocr_line' id='line_1_34' title="bbox 247 1862 1887 1940; baseline -0.001 -20"><span class='ocrx_word' id='word_1_251' title='bbox 247 1865 283 1920; x_wconf 79' lang='grc' dir='ltr'>ἃ</span> <span class='ocrx_word' id='word_1_252' title='bbox 339 1865 680 1940; x_wconf 86' lang='grc' dir='ltr'>προείρηται,</span> <span class='ocrx_word' id='word_1_253' title='bbox 740 1867 930 1934; x_wconf 80' lang='grc' dir='ltr'>τιμᾷν,</span> <span class='ocrx_word' id='word_1_254' title='bbox 997 1863 1084 1916; x_wconf 78' lang='grc' dir='ltr'>καὶ</span> <span class='ocrx_word' id='word_1_255' title='bbox 1165 1862 1300 1937; x_wconf 86' lang='grc' dir='ltr'>πρὸς</span> <span class='ocrx_word' id='word_1_256' title='bbox 1349 1863 1533 1917; x_wconf 69' lang='grc' dir='ltr'>ἑαυτὸν</span> <span class='ocrx_word' id='word_1_257' title='bbox 1612 1862 1887 1934; x_wconf 78' lang='grc' dir='ltr'>μετακλή-</span> 
     </span>
    </p>
   </div>
   <div class='ocr_carea' id='block_1_35' title="bbox 1997 1862 3639 1942">
    <p class='ocr_par' dir='ltr' id='par_1_35' title="bbox 2001 1868 3639 1942">
     <span class='ocr_line' id='line_1_35' title="bbox 2001 1868 3639 1942; baseline 0.002 -19"><span class='ocrx_word' id='word_1_258' title='bbox 2001 1868 2315 1940; x_wconf 86' lang='lat' dir='ltr'>appellabit</span> <span class='ocrx_word' id='word_1_259' title='bbox 2337 1869 2438 1939; x_wconf 90' lang='lat' dir='ltr'>qui</span> <span class='ocrx_word' id='word_1_260' title='bbox 2465 1885 2579 1924; x_wconf 90' lang='lat' dir='ltr'>non</span> <span class='ocrx_word' id='word_1_261' title='bbox 2611 1869 2730 1924; x_wconf 89' lang='lat' dir='ltr'>sint</span> <span class='ocrx_word' id='word_1_262' title='bbox 2752 1871 2857 1938; x_wconf 91' lang='lat' dir='ltr'>sui,</span> <span class='ocrx_word' id='word_1_263' title='bbox 2892 1871 2989 1925; x_wconf 90' lang='lat' dir='ltr'>sed</span> <span class='ocrx_word' id='word_1_264' title='bbox 3018 1871 3211 1942; x_wconf 87' lang='lat' dir='ltr'>potius</span> <span class='ocrx_word' id='word_1_265' title='bbox 3245 1872 3379 1927; x_wconf 88' lang='lat' dir='ltr'>mali</span> <span class='ocrx_word' id='word_1_266' title='bbox 3412 1877 3639 1939; x_wconf 85' lang='lat' dir='ltr'>natura,</span> 
     </span>
    </p>
   </div>
   <div class='ocr_carea' id='block_1_36' title="bbox 245 1950 1891 2028">
    <p class='ocr_par' dir='ltr' id='par_1_36' title="bbox 245 1950 1891 2028">
     <span class='ocr_line' id='line_1_36' title="bbox 245 1950 1891 2028; baseline -0.002 -19"><span class='ocrx_word' id='word_1_267' title='bbox 245 1973 378 2014; x_wconf 81' lang='grc' dir='ltr'>τους</span> <span class='ocrx_word' id='word_1_268' title='bbox 423 1958 609 2012; x_wconf 81' lang='grc' dir='ltr'>ποιεῖν.</span> <span class='ocrx_word' id='word_1_269' title='bbox 660 1951 800 2008; x_wconf 76' lang='grc' dir='ltr'>Οὐδὲ</span> <span class='ocrx_word' id='word_1_270' title='bbox 844 1951 944 2028; x_wconf 82' lang='grc' dir='ltr'>γὰρ</span> <span class='ocrx_word' id='word_1_271' title='bbox 1003 1950 1197 2006; x_wconf 80' lang='grc' dir='ltr'>ἐκεῖνοι</span> <span class='ocrx_word' id='word_1_272' title='bbox 1253 1953 1448 2027; x_wconf 76' lang='grc' dir='ltr'>γνώμῃ</span> <span class='ocrx_word' id='word_1_273' title='bbox 1499 1959 1746 2025; x_wconf 85' lang='grc' dir='ltr'>παρῆσαν</span> <span class='ocrx_word' id='word_1_274' title='bbox 1792 1973 1891 2007; x_wconf 88' lang='grc' dir='ltr'>πο-</span> 
     </span>
    </p>
   </div>
   <div class='ocr_carea' id='block_1_37' title="bbox 248 2036 1892 2118">
    <p class='ocr_par' dir='ltr' id='par_1_37' title="bbox 248 2036 1892 2118">
     <span class='ocr_line' id='line_1_37' title="bbox 248 2036 1892 2118; baseline -0.001 -20"><span class='ocrx_word' id='word_1_275' title='bbox 248 2043 360 2113; x_wconf 66' lang='grc' dir='ltr'>θὲν,</span> <span class='ocrx_word' id='word_1_276' title='bbox 411 2038 530 2096; x_wconf 75' lang='grc' dir='ltr'>οὐδὲ</span> <span class='ocrx_word' id='word_1_277' title='bbox 565 2042 670 2116; x_wconf 81' lang='grc' dir='ltr'>γὰρ</span> <span class='ocrx_word' id='word_1_278' title='bbox 723 2039 935 2118; x_wconf 74' lang='grc' dir='ltr'>ἴσχυον,</span> <span class='ocrx_word' id='word_1_279' title='bbox 983 2039 1127 2095; x_wconf 86' lang='grc' dir='ltr'>ἀλλᾶ</span> <span class='ocrx_word' id='word_1_280' title='bbox 1169 2041 1260 2095; x_wconf 88' lang='grc' dir='ltr'>τὸν</span> <span class='ocrx_word' id='word_1_281' title='bbox 1316 2041 1408 2114; x_wconf 74' lang='grc' dir='ltr'>μὲν</span> <span class='ocrx_word' id='word_1_282' title='bbox 1459 2041 1620 2104; x_wconf 81' lang='grc' dir='ltr'>αὐτὸς</span> <span class='ocrx_word' id='word_1_283' title='bbox 1672 2041 1722 2112; x_wconf 78' lang='grc' dir='ltr'>ἐξ</span> <span class='ocrx_word' id='word_1_284' title='bbox 1759 2036 1892 2110; x_wconf 75' lang='grc' dir='ltr'>ᾅδου</span> 
     </span>
    </p>
   </div>
   <div class='ocr_carea' id='block_1_38' title="bbox 243 2127 1890 2208">
    <p class='ocr_par' dir='ltr' id='par_1_38' title="bbox 243 2127 1890 2208">
     <span class='ocr_line' id='line_1_38' title="bbox 243 2127 1890 2208; baseline -0.001 -22"><span class='ocrx_word' id='word_1_285' title='bbox 243 2129 510 2199; x_wconf 65' lang='grc' dir='ltr'>ἀνασπῶν,</span> <span class='ocrx_word' id='word_1_286' title='bbox 550 2131 642 2186; x_wconf 88' lang='grc' dir='ltr'>τὸν</span> <span class='ocrx_word' id='word_1_287' title='bbox 678 2127 737 2185; x_wconf 77' lang='grc' dir='ltr'>δὲ</span> <span class='ocrx_word' id='word_1_288' title='bbox 783 2129 844 2184; x_wconf 82' lang='grc' dir='ltr'>ἐκ</span> <span class='ocrx_word' id='word_1_289' title='bbox 897 2129 1197 2204; x_wconf 79' lang='grc' dir='ltr'>μεταρσίων</span> <span class='ocrx_word' id='word_1_290' title='bbox 1248 2149 1306 2184; x_wconf 88' lang='grc' dir='ltr'>τε</span> <span class='ocrx_word' id='word_1_291' title='bbox 1342 2129 1432 2184; x_wconf 82' lang='grc' dir='ltr'>καὶ</span> <span class='ocrx_word' id='word_1_292' title='bbox 1481 2132 1682 2208; x_wconf 79' lang='grc' dir='ltr'>φθορᾶς</span> <span class='ocrx_word' id='word_1_293' title='bbox 1733 2129 1890 2186; x_wconf 79' lang='grc' dir='ltr'>ἐλευ-</span> 
     </span>
    </p>
   </div>
   <div class='ocr_carea' id='block_1_39' title="bbox 243 2217 1890 2294">
    <p class='ocr_par' dir='ltr' id='par_1_39' title="bbox 243 2217 1890 2294">
     <span class='ocr_line' id='line_1_39' title="bbox 243 2217 1890 2294; baseline -0.001 -19"><span class='ocrx_word' id='word_1_294' title='bbox 243 2223 413 2294; x_wconf 79' lang='grc' dir='ltr'>θὲρων</span> <span class='ocrx_word' id='word_1_295' title='bbox 475 2221 722 2294; x_wconf 71' lang='grc' dir='ltr'>μετάγων</span> <span class='ocrx_word' id='word_1_296' title='bbox 791 2220 1192 2293; x_wconf 73' lang='grc' dir='ltr'>σκηνωμάτων,</span> <span class='ocrx_word' id='word_1_297' title='bbox 1261 2217 1581 2292; x_wconf 77' lang='grc' dir='ltr'>ἒξῳκειοῦτό</span> <span class='ocrx_word' id='word_1_298' title='bbox 1663 2241 1722 2275; x_wconf 87' lang='grc' dir='ltr'>τε</span> <span class='ocrx_word' id='word_1_299' title='bbox 1799 2221 1890 2275; x_wconf 84' lang='grc' dir='ltr'>καὶ</span> 
     </span>
    </p>
   </div>
   <div class='ocr_carea' id='block_1_40' title="bbox 242 2307 1887 2383">
    <p class='ocr_par' dir='ltr' id='par_1_40' title="bbox 242 2307 1887 2383">
     <span class='ocr_line' id='line_1_40' title="bbox 242 2307 1887 2383; baseline 0 -19"><span class='ocrx_word' id='word_1_300' title='bbox 242 2317 509 2379; x_wconf 79' lang='grc' dir='ltr'>συνῆπτεν</span> <span class='ocrx_word' id='word_1_301' title='bbox 559 2307 756 2370; x_wconf 76' lang='grc' dir='ltr'>αὐτοὺς</span> <span class='ocrx_word' id='word_1_302' title='bbox 815 2307 1009 2380; x_wconf 79' lang='grc' dir='ltr'>ἐαυτῷ.</span> <span class='ocrx_word' id='word_1_303' title='bbox 1071 2307 1169 2363; x_wconf 83' lang='grc' dir='ltr'>Καὶ</span> <span class='ocrx_word' id='word_1_304' title='bbox 1219 2307 1280 2363; x_wconf 81' lang='grc' dir='ltr'>οὐ</span> <span class='ocrx_word' id='word_1_305' title='bbox 1346 2313 1513 2364; x_wconf 76' lang='grc' dir='ltr'>ταῦτα</span> <span class='ocrx_word' id='word_1_306' title='bbox 1573 2307 1759 2383; x_wconf 84' lang='grc' dir='ltr'>μόνον,</span> <span class='ocrx_word' id='word_1_307' title='bbox 1789 2307 1887 2364; x_wconf 84' lang='grc' dir='ltr'>ἆλ-</span> 
     </span>
    </p>
   </div>
   <div class='ocr_carea' id='block_1_41' title="bbox 239 2397 1888 2475">
    <p class='ocr_par' dir='ltr' id='par_1_41' title="bbox 239 2397 1888 2475">
     <span class='ocr_line' id='line_1_41' title="bbox 239 2397 1888 2475; baseline -0.001 -20"><span class='ocrx_word' id='word_1_308' title='bbox 239 2399 307 2455; x_wconf 76' lang='grc' dir='ltr'>λά</span> <span class='ocrx_word' id='word_1_309' title='bbox 340 2420 405 2475; x_wconf 85' lang='grc' dir='ltr'>γε</span> <span class='ocrx_word' id='word_1_310' title='bbox 433 2399 526 2453; x_wconf 82' lang='grc' dir='ltr'>καὶ</span> <span class='ocrx_word' id='word_1_311' title='bbox 561 2399 590 2452; x_wconf 97' lang='lat'>6</span> <span class='ocrx_word' id='word_1_312' title='bbox 623 2399 814 2473; x_wconf 82' lang='grc' dir='ltr'>Πατὴρ</span> <span class='ocrx_word' id='word_1_313' title='bbox 845 2398 1066 2470; x_wconf 81' lang='grc' dir='ltr'>ἄνωθεν,</span> <span class='ocrx_word' id='word_1_314' title='bbox 1093 2400 1376 2473; x_wconf 84' lang='grc' dir='ltr'>παρόντων</span> <span class='ocrx_word' id='word_1_315' title='bbox 1416 2402 1524 2454; x_wconf 81' lang='grc' dir='ltr'>τῶν</span> <span class='ocrx_word' id='word_1_316' title='bbox 1559 2397 1888 2473; x_wconf 83' lang='grc' dir='ltr'>ἀλλοτρίων,</span> 
     </span>
    </p>
   </div>
   <div class='ocr_carea' id='block_1_42' title="bbox 235 2484 1886 2566">
    <p class='ocr_par' dir='ltr' id='par_1_42' title="bbox 235 2484 1886 2566">
     <span class='ocr_line' id='line_1_42' title="bbox 235 2484 1886 2566; baseline 0 -23"><span class='ocrx_word' id='word_1_317' title='bbox 235 2489 311 2552; x_wconf 77' lang='grc' dir='ltr'>ὡς</span> <span class='ocrx_word' id='word_1_318' title='bbox 343 2491 397 2543; x_wconf 75' lang='lat' dir='ltr'>oi</span> <span class='ocrx_word' id='word_1_319' title='bbox 421 2489 523 2544; x_wconf 78' lang='grc' dir='ltr'>τοῦ</span> <span class='ocrx_word' id='word_1_320' title='bbox 552 2486 860 2562; x_wconf 83' lang='grc' dir='ltr'>ἀλλοτρίου</span> <span class='ocrx_word' id='word_1_321' title='bbox 906 2488 1056 2561; x_wconf 78' lang='grc' dir='ltr'>φασὶ,</span> <span class='ocrx_word' id='word_1_322' title='bbox 1088 2484 1320 2566; x_wconf 79' lang='grc' dir='ltr'>νεφέλην</span> <span class='ocrx_word' id='word_1_323' title='bbox 1353 2489 1534 2566; x_wconf 77' lang='grc' dir='ltr'>φωτὸς</span> <span class='ocrx_word' id='word_1_324' title='bbox 1566 2485 1886 2560; x_wconf 83' lang='grc' dir='ltr'>διετάννυεν,</span> 
     </span>
    </p>
   </div>
   <div class='ocr_carea' id='block_1_43' title="bbox 233 2574 1890 2658">
    <p class='ocr_par' dir='ltr' id='par_1_43' title="bbox 233 2574 1890 2658">
     <span class='ocr_line' id='line_1_43' title="bbox 233 2574 1890 2658; baseline -0.001 -24"><span class='ocrx_word' id='word_1_325' title='bbox 233 2576 654 2648; x_wconf 78' lang='grc' dir='ltr'>ἒπισκιάζουσαν</span> <span class='ocrx_word' id='word_1_326' title='bbox 707 2574 928 2640; x_wconf 73' lang='grc' dir='ltr'>αὖτοὺς.</span> <span class='ocrx_word' id='word_1_327' title='bbox 979 2576 1077 2632; x_wconf 67' lang='grc' dir='ltr'>Καὶ</span> <span class='ocrx_word' id='word_1_328' title='bbox 1126 2579 1310 2655; x_wconf 74' lang='grc' dir='ltr'>φωνὴν</span> <span class='ocrx_word' id='word_1_329' title='bbox 1375 2577 1436 2632; x_wconf 84' lang='grc' dir='ltr'>ἐκ</span> <span class='ocrx_word' id='word_1_330' title='bbox 1499 2585 1600 2649; x_wconf 80' lang='grc' dir='ltr'>τῆς</span> <span class='ocrx_word' id='word_1_331' title='bbox 1657 2577 1890 2658; x_wconf 69' lang='grc' dir='ltr'>νεφέλης</span> 
     </span>
    </p>
   </div>
   <div class='ocr_carea' id='block_1_44' title="bbox 233 2666 1885 2748">
    <p class='ocr_par' dir='ltr' id='par_1_44' title="bbox 233 2666 1885 2748">
     <span class='ocr_line' id='line_1_44' title="bbox 233 2666 1885 2748; baseline -0.001 -24"><span class='ocrx_word' id='word_1_332' title='bbox 233 2668 374 2748; x_wconf 59' lang='lat' dir='ltr'>dapis:</span> <span class='ocrx_word' id='word_1_333' title='bbox 431 2667 725 2744; x_wconf 73' lang='grc' dir='ltr'>λέγουσαν·</span> <span class='ocrx_word' id='word_1_334' title='bbox 777 2666 944 2729; x_wconf 76' lang='grc' dir='ltr'>Οὗτός</span> <span class='ocrx_word' id='word_1_335' title='bbox 996 2667 1138 2723; x_wconf 77' lang='grc' dir='ltr'>ἐστιν</span> <span class='ocrx_word' id='word_1_336' title='bbox 1186 2668 1214 2722; x_wconf 93' lang='lat'>6</span> <span class='ocrx_word' id='word_1_337' title='bbox 1263 2668 1389 2730; x_wconf 80' lang='grc' dir='ltr'>Υἱός</span> <span class='ocrx_word' id='word_1_338' title='bbox 1445 2688 1550 2741; x_wconf 77' lang='grc' dir='ltr'>μου</span> <span class='ocrx_word' id='word_1_339' title='bbox 1601 2669 1630 2722; x_wconf 97' lang='lat'>6</span> <span class='ocrx_word' id='word_1_340' title='bbox 1669 2669 1885 2742; x_wconf 80' lang='grc' dir='ltr'>ἀγαπη-</span> 
     </span>
    </p>
   </div>
   <div class='ocr_carea' id='block_1_45' title="bbox 230 2755 1882 2830">
    <p class='ocr_par' dir='ltr' id='par_1_45' title="bbox 230 2755 1882 2830">
     <span class='ocr_line' id='line_1_45' title="bbox 230 2755 1882 2830; baseline 0 -16"><span class='ocrx_word' id='word_1_341' title='bbox 230 2760 350 2830; x_wconf 78' lang='grc' dir='ltr'>τὸς,</span> <span class='ocrx_word' id='word_1_342' title='bbox 399 2757 455 2814; x_wconf 80' lang='grc' dir='ltr'>ἐν</span> <span class='ocrx_word' id='word_1_343' title='bbox 526 2759 573 2830; x_wconf 85' lang='grc' dir='ltr'>ᾧ</span> <span class='ocrx_word' id='word_1_344' title='bbox 641 2755 910 2829; x_wconf 74' lang='grc' dir='ltr'>εὐδόκησα</span> <span class='ocrx_word' id='word_1_345' title='bbox 974 2757 1140 2814; x_wconf 78' lang='grc' dir='ltr'>αὐτοῦ</span> <span class='ocrx_word' id='word_1_346' title='bbox 1223 2759 1464 2813; x_wconf 71' lang='grc' dir='ltr'>ἀκούετε.</span> <span class='ocrx_word' id='word_1_347' title='bbox 1558 2759 1697 2820; x_wconf 80' lang='grc' dir='ltr'>Τοὺς</span> <span class='ocrx_word' id='word_1_348' title='bbox 1792 2757 1882 2814; x_wconf 75' lang='grc' dir='ltr'>οὖν</span> 
     </span>
    </p>
   </div>
   <div class='ocr_carea' id='block_1_46' title="bbox 232 2846 1884 2921">
    <p class='ocr_par' dir='ltr' id='par_1_46' title="bbox 232 2846 1884 2921">
     <span class='ocr_line' id='line_1_46' title="bbox 232 2846 1884 2921; baseline -0.002 -15"><span class='ocrx_word' id='word_1_349' title='bbox 232 2847 573 2918; x_wconf 68' lang='grc' dir='ltr'>τηλικούτου</span> <span class='ocrx_word' id='word_1_350' title='bbox 626 2849 893 2921; x_wconf 80' lang='grc' dir='ltr'>θεάματος</span> <span class='ocrx_word' id='word_1_351' title='bbox 961 2846 1200 2910; x_wconf 79' lang='grc' dir='ltr'>ἐπόπτας</span> <span class='ocrx_word' id='word_1_352' title='bbox 1268 2849 1356 2903; x_wconf 79' lang='grc' dir='ltr'>καὶ</span> <span class='ocrx_word' id='word_1_353' title='bbox 1417 2848 1618 2920; x_wconf 76' lang='grc' dir='ltr'>μύστας</span> <span class='ocrx_word' id='word_1_354' title='bbox 1656 2849 1746 2903; x_wconf 81' lang='grc' dir='ltr'>καὶ</span> <span class='ocrx_word' id='word_1_355' title='bbox 1778 2870 1884 2921; x_wconf 86' lang='grc' dir='ltr'>μυ-</span> 
     </span>
    </p>
   </div>
   <div class='ocr_carea' id='block_1_47' title="bbox 233 2934 1884 3014">
    <p class='ocr_par' dir='ltr' id='par_1_47' title="bbox 233 2934 1884 3014">
     <span class='ocr_line' id='line_1_47' title="bbox 233 2934 1884 3014; baseline -0.002 -21"><span class='ocrx_word' id='word_1_356' title='bbox 233 2939 552 3014; x_wconf 77' lang='grc' dir='ltr'>σταγωγοὺς</span> <span class='ocrx_word' id='word_1_357' title='bbox 588 2936 694 3012; x_wconf 80' lang='grc' dir='ltr'>ἄρα</span> <span class='ocrx_word' id='word_1_358' title='bbox 742 2937 803 2992; x_wconf 79' lang='grc' dir='ltr'>οὐ</span> <span class='ocrx_word' id='word_1_359' title='bbox 855 2934 944 2992; x_wconf 73' lang='grc' dir='ltr'>διὰ</span> <span class='ocrx_word' id='word_1_360' title='bbox 980 2938 1158 3008; x_wconf 79' lang='grc' dir='ltr'>πάσης</span> <span class='ocrx_word' id='word_1_361' title='bbox 1207 2941 1480 3014; x_wconf 81' lang='grc' dir='ltr'>προσῆκεν</span> <span class='ocrx_word' id='word_1_362' title='bbox 1520 2936 1662 3011; x_wconf 72' lang='grc' dir='ltr'>ἄγειν</span> <span class='ocrx_word' id='word_1_363' title='bbox 1690 2945 1884 3012; x_wconf 79' lang='grc' dir='ltr'>τιμῆς,</span> 
     </span>
    </p>
   </div>
   <div class='ocr_carea' id='block_1_48' title="bbox 235 3025 1884 3104">
    <p class='ocr_par' dir='ltr' id='par_1_48' title="bbox 235 3025 1884 3104">
     <span class='ocr_line' id='line_1_48' title="bbox 235 3025 1884 3104; baseline -0.001 -20"><span class='ocrx_word' id='word_1_364' title='bbox 235 3031 317 3092; x_wconf 81' lang='grc' dir='ltr'>οἷς</span> <span class='ocrx_word' id='word_1_365' title='bbox 366 3027 540 3103; x_wconf 82' lang='grc' dir='ltr'>λόγος</span> <span class='ocrx_word' id='word_1_366' title='bbox 587 3025 732 3082; x_wconf 76' lang='grc' dir='ltr'>ἐστὶν</span> <span class='ocrx_word' id='word_1_367' title='bbox 789 3028 1037 3083; x_wconf 80' lang='grc' dir='ltr'>ὁπωσοῦν</span> <span class='ocrx_word' id='word_1_368' title='bbox 1083 3026 1174 3082; x_wconf 80' lang='grc' dir='ltr'>καὶ</span> <span class='ocrx_word' id='word_1_369' title='bbox 1222 3028 1464 3104; x_wconf 82' lang='grc' dir='ltr'>πράξεων</span> <span class='ocrx_word' id='word_1_370' title='bbox 1507 3027 1597 3082; x_wconf 81' lang='grc' dir='ltr'>καὶ</span> <span class='ocrx_word' id='word_1_371' title='bbox 1655 3029 1884 3102; x_wconf 84' lang='grc' dir='ltr'>κρίσεων</span> 
     </span>
    </p>
   </div>
   <div class='ocr_carea' id='block_1_49' title="bbox 228 3115 1883 3192">
    <p class='ocr_par' dir='ltr' id='par_1_49' title="bbox 228 3115 1883 3192">
     <span class='ocr_line' id='line_1_49' title="bbox 228 3115 1883 3192; baseline 0 -19"><span class='ocrx_word' id='word_1_372' title='bbox 228 3123 335 3173; x_wconf 78' lang='grc' dir='ltr'>τῶν</span> <span class='ocrx_word' id='word_1_373' title='bbox 400 3121 798 3185; x_wconf 79' lang='grc' dir='ltr'>Δεσποτικῶν;</span> <span class='ocrx_word' id='word_1_374' title='bbox 857 3115 1033 3173; x_wconf 77' lang='grc' dir='ltr'>Ἀλλὰ</span> <span class='ocrx_word' id='word_1_375' title='bbox 1101 3118 1201 3192; x_wconf 78' lang='grc' dir='ltr'>μὲρ</span> <span class='ocrx_word' id='word_1_376' title='bbox 1261 3118 1290 3172; x_wconf 91' lang='lat'>6</span> <span class='ocrx_word' id='word_1_377' title='bbox 1348 3119 1544 3192; x_wconf 73' lang='grc' dir='ltr'>Σωτὴρ</span> <span class='ocrx_word' id='word_1_378' title='bbox 1593 3119 1678 3172; x_wconf 84' lang='grc' dir='ltr'>καὶ</span> <span class='ocrx_word' id='word_1_379' title='bbox 1714 3119 1883 3173; x_wconf 84' lang='grc' dir='ltr'>πάντα</span> 
     </span>
    </p>
   </div>
   <div class='ocr_carea' id='block_1_50' title="bbox 2003 1957 3642 2030">
    <p class='ocr_par' dir='ltr' id='par_1_50' title="bbox 2003 1957 3642 2030">
     <span class='ocr_line' id='line_1_50' title="bbox 2003 1957 3642 2030; baseline 0.004 -18"><span class='ocrx_word' id='word_1_380' title='bbox 2003 1961 2127 2013; x_wconf 90' lang='lat' dir='ltr'>tum</span> <span class='ocrx_word' id='word_1_381' title='bbox 2159 1957 2310 2027; x_wconf 90' lang='lat' dir='ltr'>aliis,</span> <span class='ocrx_word' id='word_1_382' title='bbox 2345 1974 2491 2029; x_wconf 88' lang='lat' dir='ltr'>quos</span> <span class='ocrx_word' id='word_1_383' title='bbox 2536 1959 2808 2030; x_wconf 81' lang='lat' dir='ltr'>diximus,</span> <span class='ocrx_word' id='word_1_384' title='bbox 2855 1960 3044 2016; x_wconf 90' lang='lat' dir='ltr'>modis</span> <span class='ocrx_word' id='word_1_385' title='bbox 3091 1962 3262 2028; x_wconf 88' lang='lat' dir='ltr'>colat,</span> <span class='ocrx_word' id='word_1_386' title='bbox 3301 1970 3420 2017; x_wconf 88' lang='lat' dir='ltr'>tum</span> <span class='ocrx_word' id='word_1_387' title='bbox 3469 1964 3539 2018; x_wconf 87' lang='lat' dir='ltr'>ad</span> <span class='ocrx_word' id='word_1_388' title='bbox 3580 1979 3642 2018; x_wconf 88' lang='lat' dir='ltr'>se</span> 
     </span>
    </p>
   </div>
   <div class='ocr_carea' id='block_1_51' title="bbox 2001 2046 3640 2122">
    <p class='ocr_par' dir='ltr' id='par_1_51' title="bbox 2001 2046 3640 2122">
     <span class='ocr_line' id='line_1_51' title="bbox 2001 2046 3640 2122; baseline 0.004 -22"><span class='ocrx_word' id='word_1_389' title='bbox 2001 2046 2285 2101; x_wconf 82' lang='lat' dir='ltr'>advocet?</span> <span class='ocrx_word' id='word_1_390' title='bbox 2314 2048 2511 2116; x_wconf 87' lang='lat' dir='ltr'>Neque</span> <span class='ocrx_word' id='word_1_391' title='bbox 2533 2047 2686 2102; x_wconf 87' lang='lat' dir='ltr'>enim</span> <span class='ocrx_word' id='word_1_392' title='bbox 2717 2047 2804 2102; x_wconf 89' lang='lat' dir='ltr'>illi</span> <span class='ocrx_word' id='word_1_393' title='bbox 2856 2052 3062 2119; x_wconf 85' lang='lat' dir='ltr'>sponte</span> <span class='ocrx_word' id='word_1_394' title='bbox 3109 2066 3216 2105; x_wconf 88' lang='lat' dir='ltr'>sua</span> <span class='ocrx_word' id='word_1_395' title='bbox 3265 2051 3378 2121; x_wconf 83' lang='lat' dir='ltr'>ipsi</span> <span class='ocrx_word' id='word_1_396' title='bbox 3432 2056 3640 2122; x_wconf 67' lang='lat' dir='ltr'>praesto</span> 
     </span>
    </p>
   </div>
   <div class='ocr_carea' id='block_1_52' title="bbox 2002 2136 3641 2210">
    <p class='ocr_par' dir='ltr' id='par_1_52' title="bbox 2002 2136 3641 2210">
     <span class='ocr_line' id='line_1_52' title="bbox 2002 2136 3641 2210; baseline 0.002 -20"><span class='ocrx_word' id='word_1_397' title='bbox 2002 2136 2257 2206; x_wconf 85' lang='lat' dir='ltr'>fuerunt,</span> <span class='ocrx_word' id='word_1_398' title='bbox 2291 2152 2396 2190; x_wconf 85' lang='lat' dir='ltr'>nec</span> <span class='ocrx_word' id='word_1_399' title='bbox 2425 2151 2551 2191; x_wconf 89' lang='lat' dir='ltr'>esse</span> <span class='ocrx_word' id='word_1_400' title='bbox 2584 2140 2884 2206; x_wconf 85' lang='lat' dir='ltr'>poterant:</span> <span class='ocrx_word' id='word_1_401' title='bbox 2938 2138 3040 2193; x_wconf 89' lang='lat' dir='ltr'>sed</span> <span class='ocrx_word' id='word_1_402' title='bbox 3091 2137 3270 2194; x_wconf 89' lang='lat' dir='ltr'>alium</span> <span class='ocrx_word' id='word_1_403' title='bbox 3303 2140 3540 2210; x_wconf 87' lang='lat' dir='ltr'>quidem</span> <span class='ocrx_word' id='word_1_404' title='bbox 3571 2155 3641 2194; x_wconf 85' lang='lat' dir='ltr'>ex</span> 
     </span>
    </p>
   </div>
   <div class='ocr_carea' id='block_1_53' title="bbox 1999 2225 3640 2296">
    <p class='ocr_par' dir='ltr' id='par_1_53' title="bbox 1999 2225 3640 2296">
     <span class='ocr_line' id='line_1_53' title="bbox 1999 2225 3640 2296; baseline 0 -15"><span class='ocrx_word' id='word_1_405' title='bbox 1999 2225 2262 2296; x_wconf 91' lang='lat' dir='ltr'>sepulcro</span> <span class='ocrx_word' id='word_1_406' title='bbox 2324 2229 2664 2294; x_wconf 90' lang='lat' dir='ltr'>retractum,</span> <span class='ocrx_word' id='word_1_407' title='bbox 2724 2225 2903 2281; x_wconf 90' lang='lat' dir='ltr'>alium</span> <span class='ocrx_word' id='word_1_408' title='bbox 2983 2242 3117 2282; x_wconf 88' lang='lat' dir='ltr'>vero</span> <span class='ocrx_word' id='word_1_409' title='bbox 3173 2243 3242 2282; x_wconf 85' lang='lat' dir='ltr'>ex</span> <span class='ocrx_word' id='word_1_410' title='bbox 3287 2227 3640 2284; x_wconf 82' lang='lat' dir='ltr'>habitaculis</span> 
     </span>
    </p>
   </div>
   <div class='ocr_carea' id='block_1_54' title="bbox 1999 2314 3633 2386">
    <p class='ocr_par' dir='ltr' id='par_1_54' title="bbox 1999 2314 3633 2386">
     <span class='ocr_line' id='line_1_54' title="bbox 1999 2314 3633 2386; baseline 0.003 -16"><span class='ocrx_word' id='word_1_411' title='bbox 1999 2316 2271 2386; x_wconf 88' lang='lat' dir='ltr'>supernis</span> <span class='ocrx_word' id='word_1_412' title='bbox 2293 2319 2393 2372; x_wconf 85' lang='lat' dir='ltr'>eta</span> <span class='ocrx_word' id='word_1_413' title='bbox 2409 2315 2778 2386; x_wconf 78' lang='lat' dir='ltr'>corruptione</span> <span class='ocrx_word' id='word_1_414' title='bbox 2795 2314 3163 2372; x_wconf 90' lang='lat' dir='ltr'>immunibus</span> <span class='ocrx_word' id='word_1_415' title='bbox 3179 2317 3495 2373; x_wconf 85' lang='lat' dir='ltr'>deductum</span> <span class='ocrx_word' id='word_1_416' title='bbox 3522 2319 3633 2376; x_wconf 86' lang='lat' dir='ltr'>sibi</span> 
     </span>
    </p>
   </div>
   <div class='ocr_carea' id='block_1_55' title="bbox 1996 2405 3637 2477">
    <p class='ocr_par' dir='ltr' id='par_1_55' title="bbox 1996 2405 3637 2477">
     <span class='ocr_line' id='line_1_55' title="bbox 1996 2405 3637 2477; baseline 0.002 -16"><span class='ocrx_word' id='word_1_417' title='bbox 1996 2405 2316 2462; x_wconf 85' lang='lat' dir='ltr'>asciscebat</span> <span class='ocrx_word' id='word_1_418' title='bbox 2346 2405 2467 2476; x_wconf 88' lang='lat' dir='ltr'>ipse</span> <span class='ocrx_word' id='word_1_419' title='bbox 2495 2408 2552 2460; x_wconf 93' lang='lat' dir='ltr'>et</span> <span class='ocrx_word' id='word_1_420' title='bbox 2573 2405 2878 2476; x_wconf 87' lang='lat' dir='ltr'>jungebat.</span> <span class='ocrx_word' id='word_1_421' title='bbox 2909 2405 3110 2477; x_wconf 88' lang='lat' dir='ltr'>Neque</span> <span class='ocrx_word' id='word_1_422' title='bbox 3141 2405 3250 2462; x_wconf 89' lang='lat' dir='ltr'>hoc</span> <span class='ocrx_word' id='word_1_423' title='bbox 3289 2405 3502 2475; x_wconf 90' lang='lat' dir='ltr'>solum,</span> <span class='ocrx_word' id='word_1_424' title='bbox 3535 2409 3637 2464; x_wconf 91' lang='lat' dir='ltr'>sed</span> 
     </span>
    </p>
   </div>
   <div class='ocr_carea' id='block_1_56' title="bbox 1997 2493 3634 2568">
    <p class='ocr_par' dir='ltr' id='par_1_56' title="bbox 1997 2493 3634 2568">
     <span class='ocr_line' id='line_1_56' title="bbox 1997 2493 3634 2568; baseline 0.001 -18"><span class='ocrx_word' id='word_1_425' title='bbox 1997 2499 2054 2550; x_wconf 89' lang='lat' dir='ltr'>et</span> <span class='ocrx_word' id='word_1_426' title='bbox 2092 2494 2253 2550; x_wconf 84' lang='lat' dir='ltr'>Pater</span> <span class='ocrx_word' id='word_1_427' title='bbox 2293 2493 2416 2565; x_wconf 87' lang='lat' dir='ltr'>ipse</span> <span class='ocrx_word' id='word_1_428' title='bbox 2447 2509 2718 2565; x_wconf 90' lang='lat' dir='ltr'>superne,</span> <span class='ocrx_word' id='word_1_429' title='bbox 2755 2494 3141 2565; x_wconf 65' lang='lat' dir='ltr'>praesentibus</span> <span class='ocrx_word' id='word_1_430' title='bbox 3181 2495 3410 2563; x_wconf 88' lang='lat' dir='ltr'>alienis,</span> <span class='ocrx_word' id='word_1_431' title='bbox 3438 2502 3502 2552; x_wconf 84' lang='lat' dir='ltr'>ut</span> <span class='ocrx_word' id='word_1_432' title='bbox 3525 2496 3634 2568; x_wconf 86' lang='lat' dir='ltr'>illi,</span> 
     </span>
    </p>
   </div>
   <div class='ocr_carea' id='block_1_57' title="bbox 1997 2583 3632 2656">
    <p class='ocr_par' dir='ltr' id='par_1_57' title="bbox 1997 2583 3632 2656">
     <span class='ocr_line' id='line_1_57' title="bbox 1997 2583 3632 2656; baseline 0.001 -16"><span class='ocrx_word' id='word_1_433' title='bbox 1997 2583 2093 2656; x_wconf 92' lang='lat' dir='ltr'>qui</span> <span class='ocrx_word' id='word_1_434' title='bbox 2125 2585 2192 2640; x_wconf 92' lang='lat' dir='ltr'>ad</span> <span class='ocrx_word' id='word_1_435' title='bbox 2242 2583 2500 2639; x_wconf 88' lang='lat' dir='ltr'>alienum</span> <span class='ocrx_word' id='word_1_436' title='bbox 2543 2583 2857 2652; x_wconf 85' lang='lat' dir='ltr'>pertinent,</span> <span class='ocrx_word' id='word_1_437' title='bbox 2889 2584 3076 2653; x_wconf 88' lang='lat' dir='ltr'>aiunt,</span> <span class='ocrx_word' id='word_1_438' title='bbox 3110 2584 3257 2640; x_wconf 88' lang='lat' dir='ltr'>lucis</span> <span class='ocrx_word' id='word_1_439' title='bbox 3290 2585 3505 2640; x_wconf 88' lang='lat' dir='ltr'>nubem</span> <span class='ocrx_word' id='word_1_440' title='bbox 3537 2603 3632 2641; x_wconf 84' lang='lat' dir='ltr'>ex-</span> 
     </span>
    </p>
   </div>
   <div class='ocr_carea' id='block_1_58' title="bbox 1998 2673 3635 2745">
    <p class='ocr_par' dir='ltr' id='par_1_58' title="bbox 1998 2673 3635 2745">
     <span class='ocr_line' id='line_1_58' title="bbox 1998 2673 3635 2745; baseline 0.001 -16"><span class='ocrx_word' id='word_1_441' title='bbox 1998 2674 2201 2745; x_wconf 86' lang='lat' dir='ltr'>pandit</span> <span class='ocrx_word' id='word_1_442' title='bbox 2229 2689 2328 2730; x_wconf 90' lang='lat' dir='ltr'>eos</span> <span class='ocrx_word' id='word_1_443' title='bbox 2349 2673 2810 2742; x_wconf 86' lang='lat' dir='ltr'>obumbrantem,</span> <span class='ocrx_word' id='word_1_444' title='bbox 2833 2677 2888 2729; x_wconf 90' lang='lat' dir='ltr'>et</span> <span class='ocrx_word' id='word_1_445' title='bbox 2915 2689 3117 2730; x_wconf 89' lang='lat' dir='ltr'>vocem</span> <span class='ocrx_word' id='word_1_446' title='bbox 3149 2690 3217 2729; x_wconf 88' lang='lat' dir='ltr'>ex</span> <span class='ocrx_word' id='word_1_447' title='bbox 3248 2676 3405 2730; x_wconf 88' lang='lat' dir='ltr'>nube</span> <span class='ocrx_word' id='word_1_448' title='bbox 3445 2675 3635 2731; x_wconf 87' lang='lat' dir='ltr'>emisit</span> 
     </span>
    </p>
   </div>
   <div class='ocr_carea' id='block_1_59' title="bbox 1997 2761 3637 2836">
    <p class='ocr_par' dir='ltr' id='par_1_59' title="bbox 1997 2761 3637 2836">
     <span class='ocr_line' id='line_1_59' title="bbox 1997 2761 3637 2836; baseline -0.001 -17"><span class='ocrx_word' id='word_1_449' title='bbox 1997 2762 2284 2819; x_wconf 87' lang='lat' dir='ltr'>dicentem</span> <span class='ocrx_word' id='word_1_450' title='bbox 2322 2779 2336 2817; x_wconf 88' lang='lat'><strong>:</strong></span> <span class='ocrx_word' id='word_1_451' title='bbox 2375 2761 2474 2818; x_wconf 79' lang='lat' dir='ltr'>[lic</span> <span class='ocrx_word' id='word_1_452' title='bbox 2498 2771 2574 2817; x_wconf 79' lang='lat' dir='ltr'>est</span> <span class='ocrx_word' id='word_1_453' title='bbox 2603 2761 2779 2818; x_wconf 78' lang='lat' dir='ltr'>Filius</span> <span class='ocrx_word' id='word_1_454' title='bbox 2816 2778 2966 2818; x_wconf 81' lang='lat' dir='ltr'>meus</span> <span class='ocrx_word' id='word_1_455' title='bbox 2994 2762 3248 2830; x_wconf 76' lang='lat' dir='ltr'>dilectus,</span> <span class='ocrx_word' id='word_1_456' title='bbox 3279 2762 3340 2817; x_wconf 78' lang='lat' dir='ltr'>in</span> <span class='ocrx_word' id='word_1_457' title='bbox 3370 2779 3474 2836; x_wconf 81' lang='lat' dir='ltr'>quo</span> <span class='ocrx_word' id='word_1_458' title='bbox 3493 2781 3637 2820; x_wconf 83' lang='lat' dir='ltr'>com-</span> 
     </span>
    </p>
   </div>
   <div class='ocr_carea' id='block_1_60' title="bbox 1991 2842 3636 2915">
    <p class='ocr_par' dir='ltr' id='par_1_60' title="bbox 1991 2842 3636 2915">
     <span class='ocr_line' id='line_1_60' title="bbox 1991 2842 3636 2915; baseline 0.001 -17"><span class='ocrx_word' id='word_1_459' title='bbox 1991 2843 2217 2914; x_wconf 81' lang='lat' dir='ltr'>placui:</span> <span class='ocrx_word' id='word_1_460' title='bbox 2267 2857 2392 2898; x_wconf 74' lang='lat' dir='ltr'>eum</span> <span class='ocrx_word' id='word_1_461' title='bbox 2445 2842 2705 2898; x_wconf 61' lang='lat' dir='ltr'>audite”.</span> <span class='ocrx_word' id='word_1_462' title='bbox 2741 2843 2857 2898; x_wconf 89' lang='lat' dir='ltr'>Hos</span> <span class='ocrx_word' id='word_1_463' title='bbox 2887 2843 3067 2915; x_wconf 86' lang='lat' dir='ltr'>igitur</span> <span class='ocrx_word' id='word_1_464' title='bbox 3115 2843 3258 2898; x_wconf 90' lang='lat' dir='ltr'>tanti</span> <span class='ocrx_word' id='word_1_465' title='bbox 3313 2843 3636 2914; x_wconf 85' lang='lat' dir='ltr'>spectaculi</span> 
     </span>
    </p>
   </div>
   <div class='ocr_carea' id='block_1_61' title="bbox 1995 2931 3633 3004">
    <p class='ocr_par' dir='ltr' id='par_1_61' title="bbox 1995 2931 3633 3004">
     <span class='ocr_line' id='line_1_61' title="bbox 1995 2931 3633 3004; baseline -0.001 -16"><span class='ocrx_word' id='word_1_466' title='bbox 1995 2931 2478 3004; x_wconf 84' lang='lat' dir='ltr'>contemplatores</span> <span class='ocrx_word' id='word_1_467' title='bbox 2523 2936 2580 2986; x_wconf 89' lang='lat' dir='ltr'>et</span> <span class='ocrx_word' id='word_1_468' title='bbox 2617 2936 2838 3004; x_wconf 85' lang='lat' dir='ltr'>mystas</span> <span class='ocrx_word' id='word_1_469' title='bbox 2869 2937 2926 2987; x_wconf 90' lang='lat' dir='ltr'>et</span> <span class='ocrx_word' id='word_1_470' title='bbox 2956 2932 3220 2988; x_wconf 84' lang='lat' dir='ltr'>doctores</span> <span class='ocrx_word' id='word_1_471' title='bbox 3253 2948 3444 2988; x_wconf 89' lang='lat' dir='ltr'>nonne</span> <span class='ocrx_word' id='word_1_472' title='bbox 3474 2933 3633 2989; x_wconf 90' lang='lat' dir='ltr'>omni</span> 
     </span>
    </p>
   </div>
   <div class='ocr_carea' id='block_1_62' title="bbox 1995 3021 3632 3094">
    <p class='ocr_par' dir='ltr' id='par_1_62' title="bbox 1995 3021 3632 3094">
     <span class='ocr_line' id='line_1_62' title="bbox 1995 3021 3632 3094; baseline 0.002 -17"><span class='ocrx_word' id='word_1_473' title='bbox 1995 3023 2232 3078; x_wconf 87' lang='lat' dir='ltr'>honoris</span> <span class='ocrx_word' id='word_1_474' title='bbox 2257 3037 2466 3094; x_wconf 82' lang='lat' dir='ltr'>genere</span> <span class='ocrx_word' id='word_1_475' title='bbox 2504 3022 2776 3093; x_wconf 82' lang='lat' dir='ltr'>prosequi</span> <span class='ocrx_word' id='word_1_476' title='bbox 2807 3022 2970 3078; x_wconf 85' lang='lat' dir='ltr'>decet</span> <span class='ocrx_word' id='word_1_477' title='bbox 2997 3021 3152 3087; x_wconf 88' lang='lat' dir='ltr'>illos,</span> <span class='ocrx_word' id='word_1_478' title='bbox 3185 3022 3284 3093; x_wconf 90' lang='lat' dir='ltr'>qui</span> <span class='ocrx_word' id='word_1_479' title='bbox 3315 3021 3404 3078; x_wconf 89' lang='lat' dir='ltr'>vel</span> <span class='ocrx_word' id='word_1_480' title='bbox 3444 3023 3632 3080; x_wconf 88' lang='lat' dir='ltr'>actio-</span> 
     </span>
    </p>
   </div>
   <div class='ocr_carea' id='block_1_63' title="bbox 1994 3110 3636 3181">
    <p class='ocr_par' dir='ltr' id='par_1_63' title="bbox 1994 3110 3636 3181">
     <span class='ocr_line' id='line_1_63' title="bbox 1994 3110 3636 3181; baseline 0 -15"><span class='ocrx_word' id='word_1_481' title='bbox 1994 3127 2135 3166; x_wconf 87' lang='lat' dir='ltr'>num</span> <span class='ocrx_word' id='word_1_482' title='bbox 2155 3110 2610 3181; x_wconf 87' lang='lat' dir='ltr'>veljudiciorum</span> <span class='ocrx_word' id='word_1_483' title='bbox 2627 3110 2858 3166; x_wconf 90' lang='lat' dir='ltr'>Domini</span> <span class='ocrx_word' id='word_1_484' title='bbox 2875 3110 3055 3166; x_wconf 88' lang='lat' dir='ltr'>ullam</span> <span class='ocrx_word' id='word_1_485' title='bbox 3076 3111 3292 3166; x_wconf 86' lang='lat' dir='ltr'>habent</span> <span class='ocrx_word' id='word_1_486' title='bbox 3310 3112 3636 3166; x_wconf 84' lang='lat' dir='ltr'>rationem?</span> 
     </span>
    </p>
   </div>
   <div class='ocr_carea' id='block_1_64' title="bbox 227 3196 1887 3288">
    <p class='ocr_par' dir='ltr' id='par_1_64' title="bbox 227 3203 1878 3288">
     <span class='ocr_line' id='line_1_64' title="bbox 227 3203 1878 3288; baseline -0.001 -26"><span class='ocrx_word' id='word_1_487' title='bbox 227 3209 420 3288; x_wconf 57' lang='lat' dir='ltr'>turpia:</span> <span class='ocrx_word' id='word_1_488' title='bbox 458 3203 688 3279; x_wconf 75' lang='grc' dir='ltr'>πλούτῳ</span> <span class='ocrx_word' id='word_1_489' title='bbox 735 3206 824 3260; x_wconf 81' lang='grc' dir='ltr'>καὶ</span> <span class='ocrx_word' id='word_1_490' title='bbox 889 3205 1303 3282; x_wconf 78' lang='grc' dir='ltr'>φιλανθρωπίας</span> <span class='ocrx_word' id='word_1_491' title='bbox 1349 3208 1439 3262; x_wconf 78' lang='grc' dir='ltr'>καὶ</span> <span class='ocrx_word' id='word_1_492' title='bbox 1488 3208 1738 3280; x_wconf 74' lang='grc' dir='ltr'>πράττων</span> <span class='ocrx_word' id='word_1_493' title='bbox 1789 3205 1878 3262; x_wconf 76' lang='grc' dir='ltr'>καὶ</span> 
     </span>
    </p>
   </div>
   <div class='ocr_carea' id='block_1_65' title="bbox 1997 3196 3632 3288">
    <p class='ocr_par' dir='ltr' id='par_1_65' title="bbox 1997 3199 3632 3270">
     <span class='ocr_line' id='line_1_65' title="bbox 1997 3199 3632 3270; baseline -0.001 -14"><span class='ocrx_word' id='word_1_494' title='bbox 1997 3201 2116 3256; x_wconf 91' lang='lat' dir='ltr'>Imo</span> <span class='ocrx_word' id='word_1_495' title='bbox 2173 3205 2230 3255; x_wconf 89' lang='lat' dir='ltr'>et</span> <span class='ocrx_word' id='word_1_496' title='bbox 2284 3204 2570 3269; x_wconf 86' lang='lat' dir='ltr'>Servator,</span> <span class='ocrx_word' id='word_1_497' title='bbox 2631 3199 2730 3270; x_wconf 90' lang='lat' dir='ltr'>qui</span> <span class='ocrx_word' id='word_1_498' title='bbox 2782 3199 2978 3254; x_wconf 88' lang='lat' dir='ltr'>omnia</span> <span class='ocrx_word' id='word_1_499' title='bbox 3037 3216 3139 3270; x_wconf 91' lang='lat' dir='ltr'>pro</span> <span class='ocrx_word' id='word_1_500' title='bbox 3171 3199 3466 3270; x_wconf 64' lang='lat' dir='ltr'>sapientiai</span> <span class='ocrx_word' id='word_1_501' title='bbox 3514 3216 3632 3255; x_wconf 67' lang='lat' dir='ltr'>suae</span> 
     </span>
    </p>
   </div>
   <div class='ocr_carea' id='block_1_66' title="bbox 222 3291 1879 3370">
    <p class='ocr_par' dir='ltr' id='par_1_66' title="bbox 222 3291 1879 3370">
     <span class='ocr_line' id='line_1_66' title="bbox 222 3291 1879 3370; baseline 0 -20"><span class='ocrx_word' id='word_1_502' title='bbox 222 3294 680 3370; x_wconf 70' lang='grc' dir='ltr'>προσδεχόμενος</span> <span class='ocrx_word' id='word_1_503' title='bbox 735 3297 846 3349; x_wconf 84' lang='grc' dir='ltr'>τῶν</span> <span class='ocrx_word' id='word_1_504' title='bbox 913 3291 1123 3349; x_wconf 86' lang='grc' dir='ltr'>παίδων</span> <span class='ocrx_word' id='word_1_505' title='bbox 1185 3299 1302 3356; x_wconf 87' lang='grc' dir='ltr'>τοῖς</span> <span class='ocrx_word' id='word_1_506' title='bbox 1380 3293 1591 3369; x_wconf 79' lang='grc' dir='ltr'>ὕμνοις,</span> <span class='ocrx_word' id='word_1_507' title='bbox 1657 3295 1750 3357; x_wconf 74' lang='grc' dir='ltr'>οὓς</span> <span class='ocrx_word' id='word_1_508' title='bbox 1812 3294 1879 3350; x_wconf 68' lang='grc' dir='ltr'>τὰ</span> 
     </span>
    </p>
   </div>
   <div class='ocr_carea' id='block_1_67' title="bbox 219 3379 1881 3463">
    <p class='ocr_par' dir='ltr' id='par_1_67' title="bbox 219 3379 1881 3463">
     <span class='ocr_line' id='line_1_67' title="bbox 219 3379 1881 3463; baseline -0.001 -23"><span class='ocrx_word' id='word_1_509' title='bbox 219 3384 504 3461; x_wconf 71' lang='grc' dir='ltr'>παράδοξα</span> <span class='ocrx_word' id='word_1_510' title='bbox 541 3390 649 3440; x_wconf 80' lang='grc' dir='ltr'>τῶν</span> <span class='ocrx_word' id='word_1_511' title='bbox 680 3379 849 3459; x_wconf 85' lang='grc' dir='ltr'>ἔργων</span> <span class='ocrx_word' id='word_1_512' title='bbox 877 3383 954 3448; x_wconf 77' lang='grc' dir='ltr'>είς</span> <span class='ocrx_word' id='word_1_513' title='bbox 998 3383 1272 3462; x_wconf 75' lang='grc' dir='ltr'>εὐφημίαν</span> <span class='ocrx_word' id='word_1_514' title='bbox 1326 3384 1487 3440; x_wconf 76' lang='grc' dir='ltr'>ἐκίνει</span> <span class='ocrx_word' id='word_1_515' title='bbox 1549 3382 1881 3463; x_wconf 74' lang='grc' dir='ltr'>δορυφορού-</span> 
     </span>
    </p>
   </div>
   <div class='ocr_carea' id='block_1_68' title="bbox 225 3471 1882 3549">
    <p class='ocr_par' dir='ltr' id='par_1_68' title="bbox 225 3471 1882 3549">
     <span class='ocr_line' id='line_1_68' title="bbox 225 3471 1882 3549; baseline 0.001 -20"><span class='ocrx_word' id='word_1_516' title='bbox 225 3497 408 3548; x_wconf 82' lang='grc' dir='ltr'>μενος,</span> <span class='ocrx_word' id='word_1_517' title='bbox 459 3473 576 3529; x_wconf 79' lang='grc' dir='ltr'>ἐπεὶ</span> <span class='ocrx_word' id='word_1_518' title='bbox 622 3477 733 3529; x_wconf 81' lang='grc' dir='ltr'>τῶν</span> <span class='ocrx_word' id='word_1_519' title='bbox 793 3471 1072 3529; x_wconf 85' lang='grc' dir='ltr'>Ἰουδαίων</span> <span class='ocrx_word' id='word_1_520' title='bbox 1102 3476 1136 3543; x_wconf 74' lang='grc' dir='ltr'>ἡ</span> <span class='ocrx_word' id='word_1_521' title='bbox 1177 3475 1439 3549; x_wconf 86' lang='grc' dir='ltr'>πώρωσις</span> <span class='ocrx_word' id='word_1_522' title='bbox 1491 3475 1580 3530; x_wconf 83' lang='grc' dir='ltr'>καὶ</span> <span class='ocrx_word' id='word_1_523' title='bbox 1639 3474 1882 3549; x_wconf 88' lang='grc' dir='ltr'>σκληρο-</span> 
     </span>
    </p>
   </div>
   <div class='ocr_carea' id='block_1_69' title="bbox 220 3561 1878 3640">
    <p class='ocr_par' dir='ltr' id='par_1_69' title="bbox 220 3561 1878 3640">
     <span class='ocr_line' id='line_1_69' title="bbox 220 3561 1878 3640; baseline 0.001 -22"><span class='ocrx_word' id='word_1_524' title='bbox 220 3562 422 3637; x_wconf 75' lang='grc' dir='ltr'>καρδία</span> <span class='ocrx_word' id='word_1_525' title='bbox 477 3565 559 3626; x_wconf 80' lang='grc' dir='ltr'>εἰς</span> <span class='ocrx_word' id='word_1_526' title='bbox 623 3561 1062 3640; x_wconf 81' lang='grc' dir='ltr'>διαγογγυσμοὺς</span> <span class='ocrx_word' id='word_1_527' title='bbox 1121 3563 1505 3639; x_wconf 67' lang='grc' dir='ltr'>ἐξερριπίζετο,</span> <span class='ocrx_word' id='word_1_528' title='bbox 1553 3564 1653 3619; x_wconf 80' lang='grc' dir='ltr'>οὐκ</span> <span class='ocrx_word' id='word_1_529' title='bbox 1704 3562 1878 3619; x_wconf 83' lang='grc' dir='ltr'>ἀλλα-</span> 
     </span>
    </p>
   </div>
   <div class='ocr_carea' id='block_1_70' title="bbox 226 3651 1880 3728">
    <p class='ocr_par' dir='ltr' id='par_1_70' title="bbox 226 3651 1880 3728">
     <span class='ocr_line' id='line_1_70' title="bbox 226 3651 1880 3728; baseline 0 -20"><span class='ocrx_word' id='word_1_530' title='bbox 226 3655 390 3728; x_wconf 75' lang='grc' dir='ltr'>χόθεν</span> <span class='ocrx_word' id='word_1_531' title='bbox 446 3651 650 3715; x_wconf 73' lang='grc' dir='ltr'>αὖτοὺς</span> <span class='ocrx_word' id='word_1_532' title='bbox 698 3651 1052 3723; x_wconf 77' lang='grc' dir='ltr'>ἐπιπλήττων</span> <span class='ocrx_word' id='word_1_533' title='bbox 1112 3652 1446 3724; x_wconf 64' lang='grc' dir='ltr'>πηλιτενόει,</span> <span class='ocrx_word' id='word_1_534' title='bbox 1477 3654 1643 3710; x_wconf 84' lang='grc' dir='ltr'>πάλιν</span> <span class='ocrx_word' id='word_1_535' title='bbox 1689 3651 1747 3709; x_wconf 71' lang='grc' dir='ltr'>δὲ</span> <span class='ocrx_word' id='word_1_536' title='bbox 1789 3653 1880 3710; x_wconf 88' lang='grc' dir='ltr'>τὸν</span> 
     </span>
    </p>
   </div>
   <div class='ocr_carea' id='block_1_71' title="bbox 229 3740 1878 3820">
    <p class='ocr_par' dir='ltr' id='par_1_71' title="bbox 229 3740 1878 3820">
     <span class='ocr_line' id='line_1_71' title="bbox 229 3740 1878 3820; baseline 0 -23"><span class='ocrx_word' id='word_1_537' title='bbox 229 3744 522 3798; x_wconf 77' lang='grc' dir='ltr'>Δαυϊτικὸν</span> <span class='ocrx_word' id='word_1_538' title='bbox 564 3742 819 3817; x_wconf 80' lang='grc' dir='ltr'>χρησμὸν</span> <span class='ocrx_word' id='word_1_539' title='bbox 852 3740 1090 3820; x_wconf 74' lang='grc' dir='ltr'>ἄφυκτον</span> <span class='ocrx_word' id='word_1_540' title='bbox 1132 3741 1376 3818; x_wconf 74' lang='grc' dir='ltr'>ἐλέγχων</span> <span class='ocrx_word' id='word_1_541' title='bbox 1425 3745 1542 3817; x_wconf 90' lang='grc'>(33)</span> <span class='ocrx_word' id='word_1_542' title='bbox 1599 3742 1878 3798; x_wconf 74' lang='grc' dir='ltr'>ἀνατείνει⁹</span> 
     </span>
    </p>
   </div>
   <div class='ocr_carea' id='block_1_72' title="bbox 224 3828 1884 3906">
    <p class='ocr_par' dir='ltr' id='par_1_72' title="bbox 224 3828 1884 3906">
     <span class='ocr_line' id='line_1_72' title="bbox 224 3828 1884 3906; baseline -0.002 -19"><span class='ocrx_word' id='word_1_543' title='bbox 224 3833 317 3888; x_wconf 77' lang='grc' dir='ltr'>καὶ</span> <span class='ocrx_word' id='word_1_544' title='bbox 377 3830 454 3887; x_wconf 83' lang='grc' dir='ltr'>δι’</span> <span class='ocrx_word' id='word_1_545' title='bbox 513 3831 718 3887; x_wconf 74' lang='grc' dir='ltr'>ἐκείνου</span> <span class='ocrx_word' id='word_1_546' title='bbox 765 3829 893 3894; x_wconf 80' lang='grc' dir='ltr'>τοὺς</span> <span class='ocrx_word' id='word_1_547' title='bbox 957 3832 1053 3905; x_wconf 73' lang='grc' dir='ltr'>μὲν</span> <span class='ocrx_word' id='word_1_548' title='bbox 1131 3832 1502 3906; x_wconf 78' lang='grc' dir='ltr'>καταισχύνει,</span> <span class='ocrx_word' id='word_1_549' title='bbox 1580 3833 1753 3904; x_wconf 74' lang='grc' dir='ltr'>ἑαυτῷ</span> <span class='ocrx_word' id='word_1_550' title='bbox 1825 3828 1884 3885; x_wconf 72' lang='grc' dir='ltr'>δὲ</span> 
     </span>
    </p>
   </div>
   <div class='ocr_carea' id='block_1_73' title="bbox 223 3916 1882 3995">
    <p class='ocr_par' dir='ltr' id='par_1_73' title="bbox 223 3916 1882 3995">
     <span class='ocr_line' id='line_1_73' title="bbox 223 3916 1882 3995; baseline -0.001 -20"><span class='ocrx_word' id='word_1_551' title='bbox 223 3923 348 3984; x_wconf 76' lang='grc' dir='ltr'>τοὺς</span> <span class='ocrx_word' id='word_1_552' title='bbox 402 3921 616 3995; x_wconf 73' lang='grc' dir='ltr'>ὕμνους</span> <span class='ocrx_word' id='word_1_553' title='bbox 673 3916 991 3976; x_wconf 74' lang='grc' dir='ltr'>ἐπιϐάλλειν</span> <span class='ocrx_word' id='word_1_554' title='bbox 1053 3917 1315 3978; x_wconf 74' lang='grc' dir='ltr'>διδάσκει.</span> <span class='ocrx_word' id='word_1_555' title='bbox 1383 3921 1485 3977; x_wconf 85' lang='grc' dir='ltr'>Καὶ</span> <span class='ocrx_word' id='word_1_556' title='bbox 1541 3923 1647 3975; x_wconf 81' lang='grc' dir='ltr'>ποῦ</span> <span class='ocrx_word' id='word_1_557' title='bbox 1720 3923 1882 3974; x_wconf 77' lang='grc' dir='ltr'>τοῦτο</span> 
     </span>
    </p>
   </div>
   <div class='ocr_carea' id='block_1_74' title="bbox 224 4009 1880 4085">
    <p class='ocr_par' dir='ltr' id='par_1_74' title="bbox 224 4009 1880 4085">
     <span class='ocr_line' id='line_1_74' title="bbox 224 4009 1880 4085; baseline -0.001 -17"><span class='ocrx_word' id='word_1_558' title='bbox 224 4015 396 4071; x_wconf 79' lang='grc' dir='ltr'>καλόν</span> <span class='ocrx_word' id='word_1_559' title='bbox 423 4037 440 4085; x_wconf 87' lang='lat'><strong>;</strong></span> <span class='ocrx_word' id='word_1_560' title='bbox 471 4012 582 4070; x_wconf 78' lang='grc' dir='ltr'>ποῦ</span> <span class='ocrx_word' id='word_1_561' title='bbox 613 4011 670 4069; x_wconf 79' lang='grc' dir='ltr'>δὶ</span> <span class='ocrx_word' id='word_1_562' title='bbox 700 4013 1010 4069; x_wconf 84' lang='grc' dir='ltr'>ἀκόλουθον</span> <span class='ocrx_word' id='word_1_563' title='bbox 1034 4059 1050 4084; x_wconf 90' lang='grc'>,</span> <span class='ocrx_word' id='word_1_564' title='bbox 1093 4011 1301 4068; x_wconf 82' lang='grc' dir='ltr'>δίκαιον</span> <span class='ocrx_word' id='word_1_565' title='bbox 1344 4009 1401 4068; x_wconf 75' lang='grc' dir='ltr'>δὲ</span> <span class='ocrx_word' id='word_1_566' title='bbox 1430 4017 1547 4074; x_wconf 81' lang='grc' dir='ltr'>πῶς</span> <span class='ocrx_word' id='word_1_567' title='bbox 1577 4011 1638 4066; x_wconf 80' lang='grc' dir='ltr'>ἂν</span> <span class='ocrx_word' id='word_1_568' title='bbox 1673 4009 1756 4081; x_wconf 70' lang='grc' dir='ltr'>ε’ίη</span> <span class='ocrx_word' id='word_1_569' title='bbox 1789 4012 1880 4066; x_wconf 86' lang='grc' dir='ltr'>τὸν</span> 
     </span>
    </p>
   </div>
   <div class='ocr_carea' id='block_1_75' title="bbox 223 4097 1884 4181">
    <p class='ocr_par' dir='ltr' id='par_1_75' title="bbox 223 4097 1884 4181">
     <span class='ocr_line' id='line_1_75' title="bbox 223 4097 1884 4181; baseline -0.003 -22"><span class='ocrx_word' id='word_1_570' title='bbox 223 4102 644 4181; x_wconf 77' lang='grc' dir='ltr'>παρα-γεγονότα</span> <span class='ocrx_word' id='word_1_571' title='bbox 671 4100 970 4158; x_wconf 78' lang='grc' dir='ltr'>καταλῦσαι</span> <span class='ocrx_word' id='word_1_572' title='bbox 1008 4103 1070 4158; x_wconf 85' lang='grc' dir='ltr'>τὸ</span> <span class='ocrx_word' id='word_1_573' title='bbox 1104 4107 1202 4159; x_wconf 83' lang='grc' dir='ltr'>τοῦ</span> <span class='ocrx_word' id='word_1_574' title='bbox 1251 4097 1516 4158; x_wconf 77' lang='grc' dir='ltr'>διαϐόλου</span> <span class='ocrx_word' id='word_1_575' title='bbox 1562 4102 1780 4177; x_wconf 81' lang='grc' dir='ltr'>κράτος,</span> <span class='ocrx_word' id='word_1_576' title='bbox 1813 4097 1884 4154; x_wconf 87' lang='grc' dir='ltr'>δι’</span> 
     </span>
    </p>
   </div>
   <div class='ocr_carea' id='block_1_76' title="bbox 224 4190 1883 4268">
    <p class='ocr_par' dir='ltr' id='par_1_76' title="bbox 224 4190 1883 4268">
     <span class='ocr_line' id='line_1_76' title="bbox 224 4190 1883 4268; baseline -0.001 -20"><span class='ocrx_word' id='word_1_577' title='bbox 224 4192 436 4249; x_wconf 76' lang='grc' dir='ltr'>ἐκείνου</span> <span class='ocrx_word' id='word_1_578' title='bbox 493 4193 560 4248; x_wconf 78' lang='grc' dir='ltr'>τὸ</span> <span class='ocrx_word' id='word_1_579' title='bbox 617 4199 717 4262; x_wconf 82' lang='grc' dir='ltr'>τῆς</span> <span class='ocrx_word' id='word_1_580' title='bbox 779 4190 940 4264; x_wconf 80' lang='grc' dir='ltr'>δόξης</span> <span class='ocrx_word' id='word_1_581' title='bbox 1007 4194 1236 4268; x_wconf 74' lang='grc' dir='ltr'>πρέπον,</span> <span class='ocrx_word' id='word_1_582' title='bbox 1294 4193 1386 4247; x_wconf 79' lang='grc' dir='ltr'>καὶ</span> <span class='ocrx_word' id='word_1_583' title='bbox 1453 4193 1552 4262; x_wconf 78' lang='grc' dir='ltr'>τὴν</span> <span class='ocrx_word' id='word_1_584' title='bbox 1627 4191 1883 4246; x_wconf 83' lang='grc' dir='ltr'>σύστασιν</span> 
     </span>
    </p>
   </div>
   <div class='ocr_carea' id='block_1_77' title="bbox 223 4281 1884 4358">
    <p class='ocr_par' dir='ltr' id='par_1_77' title="bbox 223 4281 1884 4358">
     <span class='ocr_line' id='line_1_77' title="bbox 223 4281 1884 4358; baseline -0.001 -21"><span class='ocrx_word' id='word_1_585' title='bbox 223 4283 401 4356; x_wconf 64' lang='grc' dir='ltr'>ἑαυτῷ</span> <span class='ocrx_word' id='word_1_586' title='bbox 459 4283 708 4357; x_wconf 84' lang='grc' dir='ltr'>πορίζειν</span> <span class='ocrx_word' id='word_1_587' title='bbox 766 4283 924 4356; x_wconf 74' lang='grc'>(34);</span> <span class='ocrx_word' id='word_1_588' title='bbox 981 4287 1144 4337; x_wconf 77' lang='grc' dir='ltr'>τοῦτο</span> <span class='ocrx_word' id='word_1_589' title='bbox 1199 4283 1302 4358; x_wconf 79' lang='grc' dir='ltr'>γὰρ</span> <span class='ocrx_word' id='word_1_590' title='bbox 1357 4288 1457 4352; x_wconf 82' lang='grc' dir='ltr'>τῆς</span> <span class='ocrx_word' id='word_1_591' title='bbox 1514 4281 1884 4351; x_wconf 82' lang='grc' dir='ltr'>ἂποστατικῆς</span> 
     </span>
    </p>
   </div>
   <div class='ocr_carea' id='block_1_78' title="bbox 225 4369 1885 4449">
    <p class='ocr_par' dir='ltr' id='par_1_78' title="bbox 225 4369 1885 4449">
     <span class='ocr_line' id='line_1_78' title="bbox 225 4369 1885 4449; baseline -0.001 -21"><span class='ocrx_word' id='word_1_592' title='bbox 225 4379 434 4448; x_wconf 73' lang='grc' dir='ltr'>σπορᾶς</span> <span class='ocrx_word' id='word_1_593' title='bbox 494 4375 526 4428; x_wconf 91' lang='lat'>6</span> <span class='ocrx_word' id='word_1_594' title='bbox 583 4372 811 4449; x_wconf 87' lang='grc' dir='ltr'>γαρπός.</span> <span class='ocrx_word' id='word_1_595' title='bbox 847 4372 948 4428; x_wconf 80' lang='grc' dir='ltr'>Καὶ</span> <span class='ocrx_word' id='word_1_596' title='bbox 1011 4373 1122 4446; x_wconf 75' lang='grc' dir='ltr'>ἅμα</span> <span class='ocrx_word' id='word_1_597' title='bbox 1167 4373 1264 4446; x_wconf 70' lang='grc' dir='ltr'>μὲν</span> <span class='ocrx_word' id='word_1_598' title='bbox 1317 4369 1660 4445; x_wconf 77' lang='grc' dir='ltr'>ἐπιδημῆσαι</span> <span class='ocrx_word' id='word_1_599' title='bbox 1708 4373 1885 4442; x_wconf 77' lang='grc' dir='ltr'>πάσης</span> 
     </span>
    </p>
   </div>
   <div class='ocr_carea' id='block_1_79' title="bbox 223 4459 1883 4539">
    <p class='ocr_par' dir='ltr' id='par_1_79' title="bbox 223 4459 1883 4539">
     <span class='ocr_line' id='line_1_79' title="bbox 223 4459 1883 4539; baseline 0 -23"><span class='ocrx_word' id='word_1_600' title='bbox 223 4463 461 4525; x_wconf 73' lang='grc' dir='ltr'>πίστεως</span> <span class='ocrx_word' id='word_1_601' title='bbox 494 4461 701 4539; x_wconf 74' lang='grc' dir='ltr'>ἄπορον</span> <span class='ocrx_word' id='word_1_602' title='bbox 750 4462 841 4518; x_wconf 83' lang='grc' dir='ltr'>τὸν</span> <span class='ocrx_word' id='word_1_603' title='bbox 888 4461 1088 4536; x_wconf 73' lang='grc' dir='ltr'>ἐχθρὸν</span> <span class='ocrx_word' id='word_1_604' title='bbox 1147 4466 1348 4533; x_wconf 84' lang='grc' dir='ltr'>ποιεῖν,</span> <span class='ocrx_word' id='word_1_605' title='bbox 1381 4461 1495 4536; x_wconf 74' lang='grc' dir='ltr'>ἅμα</span> <span class='ocrx_word' id='word_1_606' title='bbox 1546 4459 1602 4516; x_wconf 83' lang='grc' dir='ltr'>δὲ</span> <span class='ocrx_word' id='word_1_607' title='bbox 1639 4460 1733 4524; x_wconf 79' lang='grc' dir='ltr'>τὰς</span> <span class='ocrx_word' id='word_1_608' title='bbox 1790 4481 1883 4534; x_wconf 88' lang='grc' dir='ltr'>με-</span> 
     </span>
    </p>
   </div>
   <div class='ocr_carea' id='block_1_80' title="bbox 1988 3287 3632 3360">
    <p class='ocr_par' dir='ltr' id='par_1_80' title="bbox 1988 3287 3632 3360">
     <span class='ocr_line' id='line_1_80' title="bbox 1988 3287 3632 3360; baseline -0.001 -14"><span class='ocrx_word' id='word_1_609' title='bbox 1988 3291 2322 3360; x_wconf 87' lang='lat' dir='ltr'>amorisque</span> <span class='ocrx_word' id='word_1_610' title='bbox 2350 3289 2410 3344; x_wconf 92' lang='lat' dir='ltr'>in</span> <span class='ocrx_word' id='word_1_611' title='bbox 2442 3287 2710 3345; x_wconf 86' lang='lat' dir='ltr'>homines</span> <span class='ocrx_word' id='word_1_612' title='bbox 2741 3288 2955 3344; x_wconf 82' lang='lat' dir='ltr'>divitiis</span> <span class='ocrx_word' id='word_1_613' title='bbox 2989 3290 3125 3360; x_wconf 88' lang='lat' dir='ltr'>agit,</span> <span class='ocrx_word' id='word_1_614' title='bbox 3159 3293 3213 3344; x_wconf 86' lang='lat' dir='ltr'>et</span> <span class='ocrx_word' id='word_1_615' title='bbox 3245 3289 3467 3360; x_wconf 88' lang='lat' dir='ltr'>recipit,</span> <span class='ocrx_word' id='word_1_616' title='bbox 3500 3305 3632 3345; x_wconf 91' lang='lat' dir='ltr'>cum</span> 
     </span>
    </p>
   </div>
   <div class='ocr_carea' id='block_1_81' title="bbox 1987 3378 3632 3451">
    <p class='ocr_par' dir='ltr' id='par_1_81' title="bbox 1987 3378 3632 3451">
     <span class='ocr_line' id='line_1_81' title="bbox 1987 3378 3632 3451; baseline 0 -17"><span class='ocrx_word' id='word_1_617' title='bbox 1987 3380 2275 3435; x_wconf 79' lang='lat' dir='ltr'>infantum</span> <span class='ocrx_word' id='word_1_618' title='bbox 2309 3379 2563 3451; x_wconf 81' lang='lat' dir='ltr'>hymnis,</span> <span class='ocrx_word' id='word_1_619' title='bbox 2597 3394 2738 3449; x_wconf 84' lang='lat' dir='ltr'>quos</span> <span class='ocrx_word' id='word_1_620' title='bbox 2769 3378 3036 3434; x_wconf 85' lang='lat' dir='ltr'>miranda</span> <span class='ocrx_word' id='word_1_621' title='bbox 3057 3395 3165 3434; x_wconf 87' lang='lat' dir='ltr'>sua</span> <span class='ocrx_word' id='word_1_622' title='bbox 3195 3394 3370 3451; x_wconf 87' lang='lat' dir='ltr'>opera</span> <span class='ocrx_word' id='word_1_623' title='bbox 3400 3381 3470 3434; x_wconf 89' lang='lat' dir='ltr'>ad</span> <span class='ocrx_word' id='word_1_624' title='bbox 3501 3379 3632 3434; x_wconf 87' lang='lat' dir='ltr'>lau-</span> 
     </span>
    </p>
   </div>
   <div class='ocr_carea' id='block_1_82' title="bbox 1989 3469 3632 3542">
    <p class='ocr_par' dir='ltr' id='par_1_82' title="bbox 1989 3469 3632 3542">
     <span class='ocr_line' id='line_1_82' title="bbox 1989 3469 3632 3542; baseline -0.001 -15"><span class='ocrx_word' id='word_1_625' title='bbox 1989 3473 2120 3528; x_wconf 92' lang='lat' dir='ltr'>dem</span> <span class='ocrx_word' id='word_1_626' title='bbox 2141 3470 2902 3542; x_wconf 78' lang='lat' dir='ltr'>permoverant,etferretur,</span> <span class='ocrx_word' id='word_1_627' title='bbox 2925 3473 3095 3541; x_wconf 88' lang='lat' dir='ltr'>atque</span> <span class='ocrx_word' id='word_1_628' title='bbox 3119 3469 3228 3525; x_wconf 89' lang='lat' dir='ltr'>hoc</span> <span class='ocrx_word' id='word_1_629' title='bbox 3267 3470 3394 3541; x_wconf 89' lang='lat' dir='ltr'>ipso</span> <span class='ocrx_word' id='word_1_630' title='bbox 3411 3471 3632 3526; x_wconf 74' lang='lat' dir='ltr'>Judteis</span> 
     </span>
    </p>
   </div>
   <div class='ocr_carea' id='block_1_83' title="bbox 1991 3558 3626 3631">
    <p class='ocr_par' dir='ltr' id='par_1_83' title="bbox 1991 3558 3626 3631">
     <span class='ocr_line' id='line_1_83' title="bbox 1991 3558 3626 3631; baseline -0.001 -15"><span class='ocrx_word' id='word_1_631' title='bbox 1991 3560 2247 3617; x_wconf 89' lang='lat' dir='ltr'>indurati</span> <span class='ocrx_word' id='word_1_632' title='bbox 2270 3559 2655 3631; x_wconf 83' lang='lat' dir='ltr'>difﬁcilesque</span> <span class='ocrx_word' id='word_1_633' title='bbox 2684 3559 2857 3614; x_wconf 89' lang='lat' dir='ltr'>corde</span> <span class='ocrx_word' id='word_1_634' title='bbox 2879 3558 2951 3613; x_wconf 91' lang='lat' dir='ltr'>ad</span> <span class='ocrx_word' id='word_1_635' title='bbox 2985 3575 3286 3614; x_wconf 88' lang='lat' dir='ltr'>murmura</span> <span class='ocrx_word' id='word_1_636' title='bbox 3315 3558 3626 3629; x_wconf 88' lang='lat' dir='ltr'>compelle-</span> 
     </span>
    </p>
   </div>
   <div class='ocr_carea' id='block_1_84' title="bbox 1991 3648 3632 3721">
    <p class='ocr_par' dir='ltr' id='par_1_84' title="bbox 1991 3648 3632 3721">
     <span class='ocr_line' id='line_1_84' title="bbox 1991 3648 3632 3721; baseline -0.002 -15"><span class='ocrx_word' id='word_1_637' title='bbox 1991 3654 2212 3719; x_wconf 86' lang='lat' dir='ltr'>rentur,</span> <span class='ocrx_word' id='word_1_638' title='bbox 2239 3666 2354 3705; x_wconf 91' lang='lat' dir='ltr'>non</span> <span class='ocrx_word' id='word_1_639' title='bbox 2378 3649 2613 3705; x_wconf 86' lang='lat' dir='ltr'>aliunde</span> <span class='ocrx_word' id='word_1_640' title='bbox 2645 3665 2745 3706; x_wconf 89' lang='lat' dir='ltr'>eos</span> <span class='ocrx_word' id='word_1_641' title='bbox 2772 3649 3112 3721; x_wconf 88' lang='lat' dir='ltr'>objurgatos</span> <span class='ocrx_word' id='word_1_642' title='bbox 3162 3649 3504 3719; x_wconf 86' lang='lat' dir='ltr'>compescit,</span> <span class='ocrx_word' id='word_1_643' title='bbox 3531 3648 3632 3704; x_wconf 88' lang='lat' dir='ltr'>sed</span> 
     </span>
    </p>
   </div>
   <div class='ocr_carea' id='block_1_85' title="bbox 1990 3737 3626 3808">
    <p class='ocr_par' dir='ltr' id='par_1_85' title="bbox 1990 3737 3626 3808">
     <span class='ocr_line' id='line_1_85' title="bbox 1990 3737 3626 3808; baseline -0.002 -12"><span class='ocrx_word' id='word_1_644' title='bbox 1990 3741 2202 3796; x_wconf 84' lang='lat' dir='ltr'>iterum</span> <span class='ocrx_word' id='word_1_645' title='bbox 2235 3739 2532 3794; x_wconf 82' lang='lat' dir='ltr'>oraculum</span> <span class='ocrx_word' id='word_1_646' title='bbox 2567 3739 2904 3794; x_wconf 82' lang='lat' dir='ltr'>Davidicum</span> <span class='ocrx_word' id='word_1_647' title='bbox 2936 3737 3122 3793; x_wconf 88' lang='lat' dir='ltr'>instar</span> <span class='ocrx_word' id='word_1_648' title='bbox 3152 3739 3474 3808; x_wconf 81' lang='lat' dir='ltr'>argumenti</span> <span class='ocrx_word' id='word_1_649' title='bbox 3510 3753 3626 3792; x_wconf 91' lang='lat' dir='ltr'>non</span> 
     </span>
    </p>
   </div>
   <div class='ocr_carea' id='block_1_86' title="bbox 1990 3827 3631 3899">
    <p class='ocr_par' dir='ltr' id='par_1_86' title="bbox 1990 3827 3631 3899">
     <span class='ocr_line' id='line_1_86' title="bbox 1990 3827 3631 3899; baseline -0.002 -14"><span class='ocrx_word' id='word_1_650' title='bbox 1990 3829 2261 3886; x_wconf 89' lang='lat' dir='ltr'>eludendi</span> <span class='ocrx_word' id='word_1_651' title='bbox 2298 3829 2582 3898; x_wconf 87' lang='lat' dir='ltr'>immittit,</span> <span class='ocrx_word' id='word_1_652' title='bbox 2614 3844 2797 3898; x_wconf 90' lang='lat' dir='ltr'>eoque</span> <span class='ocrx_word' id='word_1_653' title='bbox 2839 3827 2972 3883; x_wconf 91' lang='lat' dir='ltr'>illos</span> <span class='ocrx_word' id='word_1_654' title='bbox 3021 3827 3258 3899; x_wconf 88' lang='lat' dir='ltr'>quidem</span> <span class='ocrx_word' id='word_1_655' title='bbox 3307 3827 3631 3895; x_wconf 79' lang='lat' dir='ltr'>confundit,</span> 
     </span>
    </p>
   </div>
   <div class='ocr_carea' id='block_1_87' title="bbox 1991 3916 3625 3990">
    <p class='ocr_par' dir='ltr' id='par_1_87' title="bbox 1991 3916 3625 3990">
     <span class='ocr_line' id='line_1_87' title="bbox 1991 3916 3625 3990; baseline -0.001 -16"><span class='ocrx_word' id='word_1_656' title='bbox 1991 3919 2248 3990; x_wconf 86' lang='lat' dir='ltr'>seipsum</span> <span class='ocrx_word' id='word_1_657' title='bbox 2281 3932 2415 3972; x_wconf 92' lang='lat' dir='ltr'>vero</span> <span class='ocrx_word' id='word_1_658' title='bbox 2457 3916 2730 3972; x_wconf 84' lang='lat' dir='ltr'>laudibus</span> <span class='ocrx_word' id='word_1_659' title='bbox 2759 3916 3028 3988; x_wconf 87' lang='lat' dir='ltr'>prosequi</span> <span class='ocrx_word' id='word_1_660' title='bbox 3063 3917 3246 3973; x_wconf 90' lang='lat' dir='ltr'>docet.</span> <span class='ocrx_word' id='word_1_661' title='bbox 3280 3916 3444 3972; x_wconf 88' lang='lat' dir='ltr'>Unde</span> <span class='ocrx_word' id='word_1_662' title='bbox 3491 3932 3625 3972; x_wconf 91' lang='lat' dir='ltr'>vero</span> 
     </span>
    </p>
   </div>
   <div class='ocr_carea' id='block_1_88' title="bbox 1992 4003 3631 4075">
    <p class='ocr_par' dir='ltr' id='par_1_88' title="bbox 1992 4003 3631 4075">
     <span class='ocr_line' id='line_1_88' title="bbox 1992 4003 3631 4075; baseline -0.002 -13"><span class='ocrx_word' id='word_1_663' title='bbox 1992 4007 2102 4062; x_wconf 86' lang='lat' dir='ltr'>hoc</span> <span class='ocrx_word' id='word_1_664' title='bbox 2133 4006 2350 4062; x_wconf 91' lang='lat' dir='ltr'>bonum</span> <span class='ocrx_word' id='word_1_665' title='bbox 2384 4005 2684 4060; x_wconf 80' lang='lat' dir='ltr'>nascitur?</span> <span class='ocrx_word' id='word_1_666' title='bbox 2705 4003 2805 4075; x_wconf 90' lang='lat' dir='ltr'>qui</span> <span class='ocrx_word' id='word_1_667' title='bbox 2836 4005 2972 4059; x_wconf 89' lang='lat' dir='ltr'>item</span> <span class='ocrx_word' id='word_1_668' title='bbox 3005 4005 3354 4060; x_wconf 90' lang='lat' dir='ltr'>conveniens</span> <span class='ocrx_word' id='word_1_669' title='bbox 3383 4008 3488 4073; x_wconf 90' lang='lat' dir='ltr'>est,</span> <span class='ocrx_word' id='word_1_670' title='bbox 3514 4005 3631 4059; x_wconf 92' lang='lat' dir='ltr'>imo</span> 
     </span>
    </p>
   </div>
   <div class='ocr_carea' id='block_1_89' title="bbox 1993 4091 3636 4170">
    <p class='ocr_par' dir='ltr' id='par_1_89' title="bbox 1993 4091 3636 4170">
     <span class='ocr_line' id='line_1_89' title="bbox 1993 4091 3636 4170; baseline -0.002 -18"><span class='ocrx_word' id='word_1_671' title='bbox 1993 4096 2280 4170; x_wconf 80' lang='lat' dir='ltr'>quomodo</span> <span class='ocrx_word' id='word_1_672' title='bbox 2302 4095 2529 4164; x_wconf 89' lang='lat' dir='ltr'>justum</span> <span class='ocrx_word' id='word_1_673' title='bbox 2561 4109 2910 4165; x_wconf 70' lang='lat' dir='ltr'>aequumque</span> <span class='ocrx_word' id='word_1_674' title='bbox 2933 4100 3076 4160; x_wconf 88' lang='lat' dir='ltr'>erat,</span> <span class='ocrx_word' id='word_1_675' title='bbox 3101 4098 3164 4148; x_wconf 92' lang='lat' dir='ltr'>ut</span> <span class='ocrx_word' id='word_1_676' title='bbox 3181 4091 3232 4148; x_wconf 89' lang='lat' dir='ltr'>is</span> <span class='ocrx_word' id='word_1_677' title='bbox 3263 4094 3362 4163; x_wconf 88' lang='lat' dir='ltr'>qui</span> <span class='ocrx_word' id='word_1_678' title='bbox 3393 4093 3636 4149; x_wconf 88' lang='lat' dir='ltr'>venitut</span> 
     </span>
    </p>
   </div>
   <div class='ocr_carea' id='block_1_90' title="bbox 1993 4179 3634 4255">
    <p class='ocr_par' dir='ltr' id='par_1_90' title="bbox 1993 4179 3634 4255">
     <span class='ocr_line' id='line_1_90' title="bbox 1993 4179 3634 4255; baseline -0.004 -13"><span class='ocrx_word' id='word_1_679' title='bbox 1993 4186 2237 4243; x_wconf 80' lang='lat' dir='ltr'>solveret</span> <span class='ocrx_word' id='word_1_680' title='bbox 2265 4187 2608 4255; x_wconf 85' lang='lat' dir='ltr'>potestatem</span> <span class='ocrx_word' id='word_1_681' title='bbox 2641 4181 3000 4254; x_wconf 85' lang='lat' dir='ltr'>diaboli,per</span> <span class='ocrx_word' id='word_1_682' title='bbox 3020 4181 3213 4252; x_wconf 89' lang='lat' dir='ltr'>ipsum</span> <span class='ocrx_word' id='word_1_683' title='bbox 3245 4179 3413 4237; x_wconf 89' lang='lat' dir='ltr'>illum</span> <span class='ocrx_word' id='word_1_684' title='bbox 3436 4181 3634 4254; x_wconf 83' lang='lat' dir='ltr'>gloriae</span> 
     </span>
    </p>
   </div>
   <div class='ocr_carea' id='block_1_91' title="bbox 1994 4270 3636 4349">
    <p class='ocr_par' dir='ltr' id='par_1_91' title="bbox 1994 4270 3636 4349">
     <span class='ocr_line' id='line_1_91' title="bbox 1994 4270 3636 4349; baseline -0.003 -17"><span class='ocrx_word' id='word_1_685' title='bbox 1994 4279 2217 4349; x_wconf 90' lang='lat' dir='ltr'>partem</span> <span class='ocrx_word' id='word_1_686' title='bbox 2267 4277 2324 4330; x_wconf 85' lang='lat' dir='ltr'>et</span> <span class='ocrx_word' id='word_1_687' title='bbox 2354 4272 2657 4328; x_wconf 87' lang='lat' dir='ltr'>materiam</span> <span class='ocrx_word' id='word_1_688' title='bbox 2707 4271 2819 4328; x_wconf 89' lang='lat' dir='ltr'>sibi</span> <span class='ocrx_word' id='word_1_689' title='bbox 2872 4275 3106 4343; x_wconf 87' lang='lat' dir='ltr'>pararet</span> <span class='ocrx_word' id='word_1_690' title='bbox 3133 4270 3253 4342; x_wconf 86' lang='lat' dir='ltr'>(hic</span> <span class='ocrx_word' id='word_1_691' title='bbox 3283 4271 3440 4327; x_wconf 91' lang='lat' dir='ltr'>enim</span> <span class='ocrx_word' id='word_1_692' title='bbox 3471 4287 3636 4342; x_wconf 87' lang='lat' dir='ltr'>apos-</span> 
     </span>
    </p>
   </div>
   <div class='ocr_carea' id='block_1_92' title="bbox 1991 4362 3633 4436">
    <p class='ocr_par' dir='ltr' id='par_1_92' title="bbox 1991 4362 3633 4436">
     <span class='ocr_line' id='line_1_92' title="bbox 1991 4362 3633 4436; baseline -0.003 -13"><span class='ocrx_word' id='word_1_693' title='bbox 1991 4367 2178 4423; x_wconf 72' lang='lat' dir='ltr'>taticaa</span> <span class='ocrx_word' id='word_1_694' title='bbox 2209 4364 2452 4422; x_wconf 87' lang='lat' dir='ltr'>sationis</span> <span class='ocrx_word' id='word_1_695' title='bbox 2497 4365 2716 4419; x_wconf 86' lang='lat' dir='ltr'>fructus</span> <span class='ocrx_word' id='word_1_696' title='bbox 2747 4362 2878 4436; x_wconf 86' lang='lat' dir='ltr'>est),</span> <span class='ocrx_word' id='word_1_697' title='bbox 2917 4366 2974 4418; x_wconf 92' lang='lat' dir='ltr'>et</span> <span class='ocrx_word' id='word_1_698' title='bbox 3003 4363 3201 4418; x_wconf 88' lang='lat' dir='ltr'>eadem</span> <span class='ocrx_word' id='word_1_699' title='bbox 3235 4378 3410 4435; x_wconf 88' lang='lat' dir='ltr'>opera</span> <span class='ocrx_word' id='word_1_700' title='bbox 3440 4363 3633 4418; x_wconf 82' lang='lat' dir='ltr'>efﬁce-</span> 
     </span>
    </p>
   </div>
   <div class='ocr_carea' id='block_1_93' title="bbox 1994 4451 3636 4525">
    <p class='ocr_par' dir='ltr' id='par_1_93' title="bbox 1994 4451 3636 4525">
     <span class='ocr_line' id='line_1_93' title="bbox 1994 4451 3636 4525; baseline -0.003 -14"><span class='ocrx_word' id='word_1_701' title='bbox 1994 4461 2100 4525; x_wconf 90' lang='lat' dir='ltr'>ret,</span> <span class='ocrx_word' id='word_1_702' title='bbox 2133 4460 2274 4511; x_wconf 88' lang='lat' dir='ltr'>utet</span> <span class='ocrx_word' id='word_1_703' title='bbox 2311 4453 2520 4522; x_wconf 87' lang='lat' dir='ltr'>hostis,</span> <span class='ocrx_word' id='word_1_704' title='bbox 2551 4454 2743 4510; x_wconf 89' lang='lat' dir='ltr'>omnis</span> <span class='ocrx_word' id='word_1_705' title='bbox 2792 4453 2925 4508; x_wconf 83' lang='lat' dir='ltr'>fidei</span> <span class='ocrx_word' id='word_1_706' title='bbox 2974 4469 3214 4520; x_wconf 90' lang='lat' dir='ltr'>vacuus,</span> <span class='ocrx_word' id='word_1_707' title='bbox 3257 4451 3547 4520; x_wconf 89' lang='lat' dir='ltr'>adveniat,</span> <span class='ocrx_word' id='word_1_708' title='bbox 3579 4455 3636 4507; x_wconf 90' lang='lat' dir='ltr'>et</span> 
     </span>
    </p>
   </div>
   <div class='ocr_carea' id='block_1_94' title="bbox 223 4520 1887 4626">
    <p class='ocr_par' dir='ltr' id='par_1_94' title="bbox 223 4520 1883 4626">
     <span class='ocr_line' id='line_1_94' title="bbox 447 4520 1801 4539; baseline 0.001 -6"><span class='ocrx_word' id='word_1_709' title='bbox 447 4520 459 4525; x_wconf 82' lang='grc'><strong><em>-</em></strong></span> <span class='ocrx_word' id='word_1_710' title='bbox 609 4520 620 4539; x_wconf 91' lang='grc'><strong><em>.</em></strong></span> <span class='ocrx_word' id='word_1_711' title='bbox 921 4520 1006 4536; x_wconf 68' lang='grc' dir='ltr'>η.</span> <span class='ocrx_word' id='word_1_712' title='bbox 1335 4520 1347 4533; x_wconf 89' lang='lat'>.</span> <span class='ocrx_word' id='word_1_713' title='bbox 1420 4520 1431 4536; x_wconf 87' lang='lat'>.</span> <span class='ocrx_word' id='word_1_714' title='bbox 1721 4520 1730 4524; x_wconf 56' lang='grc' dir='ltr'>ν</span> <span class='ocrx_word' id='word_1_715' title='bbox 1790 4520 1801 4534; x_wconf 89' lang='grc'><strong>.</strong></span> 
     </span>
     <span class='ocr_line' id='line_1_95' title="bbox 223 4550 1883 4626; baseline 0 -21"><span class='ocrx_word' id='word_1_716' title='bbox 223 4552 414 4626; x_wconf 77' lang='grc' dir='ltr'>γίπας</span> <span class='ocrx_word' id='word_1_717' title='bbox 445 4553 596 4625; x_wconf 75' lang='grc' dir='ltr'>αὐτῷ</span> <span class='ocrx_word' id='word_1_718' title='bbox 634 4553 908 4626; x_wconf 80' lang='grc' dir='ltr'>προξενεῖν</span> <span class='ocrx_word' id='word_1_719' title='bbox 939 4550 1029 4606; x_wconf 78' lang='grc' dir='ltr'>καὶ</span> <span class='ocrx_word' id='word_1_720' title='bbox 1076 4552 1355 4607; x_wconf 76' lang='grc' dir='ltr'>λανθάνειν</span> <span class='ocrx_word' id='word_1_721' title='bbox 1397 4550 1586 4606; x_wconf 68' lang='grc' dir='ltr'>ἑαυτὸν</span> <span class='ocrx_word' id='word_1_722' title='bbox 1637 4550 1883 4605; x_wconf 83' lang='grc' dir='ltr'>ἀντισυν-</span> 
     </span>
    </p>
   </div>
   <div class='ocr_carea' id='block_1_95' title="bbox 1997 4520 3634 4626">
    <p class='ocr_par' dir='ltr' id='par_1_95' title="bbox 1997 4520 3634 4618">
     <span class='ocr_line' id='line_1_96' title="bbox 1997 4520 3634 4618; baseline -0.003 -16"><span class='ocrx_word' id='word_1_723' title='bbox 1997 4520 2245 4618; x_wconf 79' lang='lat' dir='ltr'>potiores</span> <span class='ocrx_word' id='word_1_724' title='bbox 2275 4544 2389 4618; x_wconf 89' lang='lat' dir='ltr'>ipsi</span> <span class='ocrx_word' id='word_1_725' title='bbox 2420 4520 2615 4618; x_wconf 89' lang='lat' dir='ltr'>partes</span> <span class='ocrx_word' id='word_1_726' title='bbox 2647 4543 2959 4616; x_wconf 87' lang='lat' dir='ltr'>relinquat,</span> <span class='ocrx_word' id='word_1_727' title='bbox 2981 4543 3340 4614; x_wconf 87' lang='lat' dir='ltr'>nesciatque,</span> <span class='ocrx_word' id='word_1_728' title='bbox 3371 4541 3634 4614; x_wconf 89' lang='lat' dir='ltr'>seipsum</span> 
     </span>
    </p>
   </div>
   <div class='ocr_carea' id='block_1_96' title="bbox 229 4639 1882 4719">
    <p class='ocr_par' dir='ltr' id='par_1_96' title="bbox 229 4639 1882 4719">
     <span class='ocr_line' id='line_1_97' title="bbox 229 4639 1882 4719; baseline 0.002 -26"><span class='ocrx_word' id='word_1_729' title='bbox 229 4647 464 4698; x_wconf 76' lang='grc' dir='ltr'>ιστῶντα</span> <span class='ocrx_word' id='word_1_730' title='bbox 511 4641 606 4697; x_wconf 77' lang='grc' dir='ltr'>καὶ</span> <span class='ocrx_word' id='word_1_731' title='bbox 636 4641 986 4718; x_wconf 79' lang='grc' dir='ltr'>κρατόνοντα,</span> <span class='ocrx_word' id='word_1_732' title='bbox 1029 4641 1092 4696; x_wconf 78' lang='grc' dir='ltr'>οὗ</span> <span class='ocrx_word' id='word_1_733' title='bbox 1125 4641 1190 4696; x_wconf 79' lang='grc' dir='ltr'>τὸ</span> <span class='ocrx_word' id='word_1_734' title='bbox 1218 4641 1416 4715; x_wconf 85' lang='grc' dir='ltr'>κράτος</span> <span class='ocrx_word' id='word_1_735' title='bbox 1459 4643 1587 4710; x_wconf 75' lang='grc' dir='ltr'>ἧκεν</span> <span class='ocrx_word' id='word_1_736' title='bbox 1639 4639 1882 4719; x_wconf 81' lang='grc' dir='ltr'>ἀφελεῖν.</span> 
     </span>
    </p>
   </div>
   <div class='ocr_carea' id='block_1_97' title="bbox 228 4726 1884 4806">
    <p class='ocr_par' dir='ltr' id='par_1_97' title="bbox 228 4726 1884 4806">
     <span class='ocr_line' id='line_1_98' title="bbox 228 4726 1884 4806; baseline -0.001 -23"><span class='ocrx_word' id='word_1_737' title='bbox 228 4730 318 4791; x_wconf 79' lang='grc' dir='ltr'>οἷς</span> <span class='ocrx_word' id='word_1_738' title='bbox 357 4729 465 4806; x_wconf 76' lang='grc' dir='ltr'>γὰρ</span> <span class='ocrx_word' id='word_1_739' title='bbox 516 4726 612 4784; x_wconf 70' lang='grc' dir='ltr'>τίν</span> <span class='ocrx_word' id='word_1_740' title='bbox 665 4727 748 4792; x_wconf 88' lang='grc' dir='ltr'>δις</span> <span class='ocrx_word' id='word_1_741' title='bbox 800 4729 854 4784; x_wconf 66' lang='lat' dir='ltr'>id</span> <span class='ocrx_word' id='word_1_742' title='bbox 897 4733 1008 4786; x_wconf 81' lang='grc' dir='ltr'>τῶν</span> <span class='ocrx_word' id='word_1_743' title='bbox 1041 4733 1141 4784; x_wconf 72' lang='grc' dir='ltr'>τοῦ</span> <span class='ocrx_word' id='word_1_744' title='bbox 1199 4729 1432 4804; x_wconf 77' lang='grc' dir='ltr'>ψεύστου</span> <span class='ocrx_word' id='word_1_745' title='bbox 1491 4728 1755 4804; x_wconf 72' lang='grc' dir='ltr'>ῥημάτων</span> <span class='ocrx_word' id='word_1_746' title='bbox 1785 4730 1884 4796; x_wconf 79' lang='grc' dir='ltr'>τὴν</span> 
     </span>
    </p>
   </div>
   <div class='ocr_carea' id='block_1_98' title="bbox 232 4815 1882 4894">
    <p class='ocr_par' dir='ltr' id='par_1_98' title="bbox 232 4815 1882 4894">
     <span class='ocr_line' id='line_1_99' title="bbox 232 4815 1882 4894; baseline 0 -23"><span class='ocrx_word' id='word_1_747' title='bbox 232 4816 489 4890; x_wconf 71' lang='grc' dir='ltr'>ἀλήθειαν</span> <span class='ocrx_word' id='word_1_748' title='bbox 543 4815 832 4889; x_wconf 73' lang='grc' dir='ltr'>σπουδάζει</span> <span class='ocrx_word' id='word_1_749' title='bbox 885 4815 1056 4892; x_wconf 78' lang='grc' dir='ltr'>δεῖξαι</span> <span class='ocrx_word' id='word_1_750' title='bbox 1104 4817 1378 4894; x_wconf 75' lang='grc' dir='ltr'>παροῦσαν</span> <span class='ocrx_word' id='word_1_751' title='bbox 1431 4820 1608 4891; x_wconf 76' lang='grc' dir='ltr'>ἑαυτῷ</span> <span class='ocrx_word' id='word_1_752' title='bbox 1665 4818 1756 4873; x_wconf 85' lang='grc' dir='ltr'>καὶ</span> <span class='ocrx_word' id='word_1_753' title='bbox 1818 4816 1882 4871; x_wconf 86' lang='grc' dir='ltr'>τὸ</span> 
     </span>
    </p>
   </div>
   <div class='ocr_carea' id='block_1_99' title="bbox 302 4963 837 5036">
    <p class='ocr_par' dir='ltr' id='par_1_99' title="bbox 302 4963 837 5036">
     <span class='ocr_line' id='line_1_100' title="bbox 302 4963 837 5036; baseline -0.002 -14"><span class='ocrx_word' id='word_1_754' title='bbox 302 4963 349 4998; x_wconf 80' lang='grc'>³⁸</span> <span class='ocrx_word' id='word_1_755' title='bbox 377 4963 581 5022; x_wconf 84' lang='lat' dir='ltr'>Matth.</span> <span class='ocrx_word' id='word_1_756' title='bbox 614 4980 750 5036; x_wconf 81' lang='lat' dir='ltr'>xvn,</span> <span class='ocrx_word' id='word_1_757' title='bbox 781 4965 837 5022; x_wconf 88' lang='lat'>5.</span> 
     </span>
    </p>
   </div>
   <div class='ocr_carea' id='block_1_100' title="bbox 1993 4633 3636 4708">
    <p class='ocr_par' dir='ltr' id='par_1_100' title="bbox 1993 4633 3636 4708">
     <span class='ocr_line' id='line_1_101' title="bbox 1993 4633 3636 4708; baseline -0.004 -14"><span class='ocrx_word' id='word_1_758' title='bbox 1993 4652 2125 4694; x_wconf 89' lang='lat' dir='ltr'>eum</span> <span class='ocrx_word' id='word_1_759' title='bbox 2166 4637 2362 4708; x_wconf 80' lang='lat' dir='ltr'>iuvare</span> <span class='ocrx_word' id='word_1_760' title='bbox 2391 4643 2450 4691; x_wconf 81' lang='lat' dir='ltr'>et</span> <span class='ocrx_word' id='word_1_761' title='bbox 2487 4635 2878 4703; x_wconf 86' lang='lat' dir='ltr'>corroborare,</span> <span class='ocrx_word' id='word_1_762' title='bbox 2909 4633 3002 4690; x_wconf 90' lang='lat' dir='ltr'>cui</span> <span class='ocrx_word' id='word_1_763' title='bbox 3043 4633 3219 4690; x_wconf 86' lang='lat' dir='ltr'>robur</span> <span class='ocrx_word' id='word_1_764' title='bbox 3259 4633 3636 4704; x_wconf 87' lang='lat' dir='ltr'>adempturus</span> 
     </span>
    </p>
   </div>
   <div class='ocr_carea' id='block_1_101' title="bbox 1992 4721 3637 4796">
    <p class='ocr_par' dir='ltr' id='par_1_101' title="bbox 1992 4721 3637 4796">
     <span class='ocr_line' id='line_1_102' title="bbox 1992 4721 3637 4796; baseline -0.003 -13"><span class='ocrx_word' id='word_1_765' title='bbox 1992 4724 2267 4783; x_wconf 84' lang='lat' dir='ltr'>venerat?</span> <span class='ocrx_word' id='word_1_766' title='bbox 2288 4723 2563 4796; x_wconf 87' lang='lat' dir='ltr'>Quisquis</span> <span class='ocrx_word' id='word_1_767' title='bbox 2593 4722 2748 4778; x_wconf 91' lang='lat' dir='ltr'>enim</span> <span class='ocrx_word' id='word_1_768' title='bbox 2800 4736 2900 4794; x_wconf 91' lang='lat' dir='ltr'>per</span> <span class='ocrx_word' id='word_1_769' title='bbox 2945 4721 3120 4779; x_wconf 88' lang='lat' dir='ltr'>verba</span> <span class='ocrx_word' id='word_1_770' title='bbox 3155 4721 3452 4778; x_wconf 85' lang='lat' dir='ltr'>mendacis</span> <span class='ocrx_word' id='word_1_771' title='bbox 3482 4721 3637 4778; x_wconf 89' lang='lat' dir='ltr'>veri-</span> 
     </span>
    </p>
   </div>
   <div class='ocr_carea' id='block_1_102' title="bbox 1993 4810 3631 4884">
    <p class='ocr_par' dir='ltr' id='par_1_102' title="bbox 1993 4810 3631 4884">
     <span class='ocr_line' id='line_1_103' title="bbox 1993 4810 3631 4884; baseline -0.001 -12"><span class='ocrx_word' id='word_1_772' title='bbox 1993 4819 2174 4872; x_wconf 90' lang='lat' dir='ltr'>tatem</span> <span class='ocrx_word' id='word_1_773' title='bbox 2205 4815 2606 4870; x_wconf 86' lang='lat' dir='ltr'>demonstrare</span> <span class='ocrx_word' id='word_1_774' title='bbox 2639 4815 2900 4878; x_wconf 83' lang='lat' dir='ltr'>conatur,</span> <span class='ocrx_word' id='word_1_775' title='bbox 2915 4827 3086 4882; x_wconf 89' lang='lat' dir='ltr'>quam</span> <span class='ocrx_word' id='word_1_776' title='bbox 3122 4810 3248 4884; x_wconf 88' lang='lat' dir='ltr'>ipse</span> <span class='ocrx_word' id='word_1_777' title='bbox 3276 4810 3470 4881; x_wconf 83' lang='lat' dir='ltr'>habet,</span> <span class='ocrx_word' id='word_1_778' title='bbox 3503 4811 3631 4870; x_wconf 88' lang='lat' dir='ltr'>etid</span> 
     </span>
    </p>
   </div>
   <div class='ocr_carea' id='block_1_103' title="bbox 1424 5113 2446 5179">
    <p class='ocr_par' dir='ltr' id='par_1_103' title="bbox 1424 5113 2446 5179">
     <span class='ocr_line' id='line_1_104' title="bbox 1424 5113 2446 5179; baseline -0.007 -2"><span class='ocrx_word' id='word_1_779' title='bbox 1424 5122 1664 5179; x_wconf 66' lang='lat' dir='ltr'>VARIIE</span> <span class='ocrx_word' id='word_1_780' title='bbox 1695 5118 2087 5178; x_wconf 86' lang='lat' dir='ltr'>LECTIONES</span> <span class='ocrx_word' id='word_1_781' title='bbox 2114 5117 2206 5174; x_wconf 87' lang='lat' dir='ltr'>ET</span> <span class='ocrx_word' id='word_1_782' title='bbox 2232 5113 2446 5172; x_wconf 64' lang='lat' dir='ltr'><strong>NOTIE</strong></span> 
     </span>
    </p>
   </div>
   <div class='ocr_carea' id='block_1_104' title="bbox 313 5256 1882 5331">
    <p class='ocr_par' dir='ltr' id='par_1_104' title="bbox 313 5256 1882 5331">
     <span class='ocr_line' id='line_1_105' title="bbox 313 5256 1882 5331; baseline -0.002 -17"><span class='ocrx_word' id='word_1_783' title='bbox 313 5257 724 5331; x_wconf 58' lang='grc' dir='ltr'>(Ὡ)Λείπεται.</span> <span class='ocrx_word' id='word_1_784' title='bbox 782 5258 997 5331; x_wconf 83' lang='lat' dir='ltr'>Deesse</span> <span class='ocrx_word' id='word_1_785' title='bbox 1046 5258 1142 5314; x_wconf 93' lang='lat' dir='ltr'>hic</span> <span class='ocrx_word' id='word_1_786' title='bbox 1201 5256 1882 5331; x_wconf 24' lang='lat' dir='ltr'>quaedamnon‘prteter</span> 
     </span>
    </p>
   </div>
   <div class='ocr_carea' id='block_1_105' title="bbox 246 5327 1879 5403">
    <p class='ocr_par' dir='ltr' id='par_1_105' title="bbox 246 5327 1879 5403">
     <span class='ocr_line' id='line_1_106' title="bbox 246 5327 1879 5403; baseline -0.001 -18"><span class='ocrx_word' id='word_1_787' title='bbox 246 5327 683 5403; x_wconf 10' lang='lat' dir='ltr'>remgsnspicari</span> <span class='ocrx_word' id='word_1_788' title='bbox 717 5330 864 5388; x_wconf 90' lang='lat' dir='ltr'>mihi</span> <span class='ocrx_word' id='word_1_789' title='bbox 893 5330 1114 5386; x_wconf 87' lang='lat' dir='ltr'>videor.</span> <span class='ocrx_word' id='word_1_790' title='bbox 1147 5327 1408 5403; x_wconf 77' lang='lat' dir='ltr'>Duobus,</span> <span class='ocrx_word' id='word_1_791' title='bbox 1440 5329 1490 5384; x_wconf 90' lang='lat' dir='ltr'>si</span> <span class='ocrx_word' id='word_1_792' title='bbox 1518 5328 1658 5400; x_wconf 92' lang='lat' dir='ltr'>quid</span> <span class='ocrx_word' id='word_1_793' title='bbox 1691 5327 1879 5403; x_wconf 68' lang='lat' dir='ltr'>video,</span> 
     </span>
    </p>
   </div>
   <div class='ocr_carea' id='block_1_106' title="bbox 250 5400 1880 5471">
    <p class='ocr_par' dir='ltr' id='par_1_106' title="bbox 250 5400 1880 5471">
     <span class='ocr_line' id='line_1_107' title="bbox 250 5400 1880 5471; baseline 0.001 -19"><span class='ocrx_word' id='word_1_794' title='bbox 250 5400 526 5471; x_wconf 73' lang='lat' dir='ltr'>similibus</span> <span class='ocrx_word' id='word_1_795' title='bbox 567 5419 714 5459; x_wconf 82' lang='lat' dir='ltr'>usus</span> <span class='ocrx_word' id='word_1_796' title='bbox 759 5403 857 5460; x_wconf 88' lang='lat' dir='ltr'>hic</span> <span class='ocrx_word' id='word_1_797' title='bbox 887 5407 976 5459; x_wconf 89' lang='lat' dir='ltr'>est</span> <span class='ocrx_word' id='word_1_798' title='bbox 1015 5403 1294 5459; x_wconf 84' lang='lat' dir='ltr'>Photius:</span> <span class='ocrx_word' id='word_1_799' title='bbox 1328 5400 1509 5458; x_wconf 89' lang='lat' dir='ltr'>altero</span> <span class='ocrx_word' id='word_1_800' title='bbox 1541 5417 1574 5454; x_wconf 89' lang='lat' dir='ltr'>a</span> <span class='ocrx_word' id='word_1_801' title='bbox 1604 5400 1880 5471; x_wconf 87' lang='lat' dir='ltr'>navigan-</span> 
     </span>
    </p>
   </div>
   <div class='ocr_carea' id='block_1_107' title="bbox 251 5470 1880 5546">
    <p class='ocr_par' dir='ltr' id='par_1_107' title="bbox 251 5470 1880 5546">
     <span class='ocr_line' id='line_1_108' title="bbox 251 5470 1880 5546; baseline 0 -22"><span class='ocrx_word' id='word_1_802' title='bbox 251 5470 416 5539; x_wconf 79' lang='lat' dir='ltr'>tibus,</span> <span class='ocrx_word' id='word_1_803' title='bbox 443 5475 622 5531; x_wconf 87' lang='lat' dir='ltr'>altero</span> <span class='ocrx_word' id='word_1_804' title='bbox 669 5491 704 5530; x_wconf 80' lang='grc' dir='ltr'>ο</span> <span class='ocrx_word' id='word_1_805' title='bbox 742 5474 1129 5546; x_wconf 86' lang='lat' dir='ltr'>portitoribus</span> <span class='ocrx_word' id='word_1_806' title='bbox 1183 5473 1381 5546; x_wconf 88' lang='lat' dir='ltr'>petito.</span> <span class='ocrx_word' id='word_1_807' title='bbox 1444 5472 1694 5546; x_wconf 82' lang='lat' dir='ltr'>Utraque</span> <span class='ocrx_word' id='word_1_808' title='bbox 1747 5470 1880 5546; x_wconf 83' lang='lat' dir='ltr'>vero</span> 
     </span>
    </p>
   </div>
   <div class='ocr_carea' id='block_1_108' title="bbox 252 5543 1883 5617">
    <p class='ocr_par' dir='ltr' id='par_1_108' title="bbox 252 5543 1883 5617">
     <span class='ocr_line' id='line_1_109' title="bbox 252 5543 1883 5617; baseline 0.001 -20"><span class='ocrx_word' id='word_1_809' title='bbox 252 5550 532 5615; x_wconf 81' lang='lat' dir='ltr'>comparat</span> <span class='ocrx_word' id='word_1_810' title='bbox 562 5563 698 5602; x_wconf 86' lang='lat' dir='ltr'>cum</span> <span class='ocrx_word' id='word_1_811' title='bbox 729 5543 802 5603; x_wconf 80' lang='lat' dir='ltr'>iis</span> <span class='ocrx_word' id='word_1_812' title='bbox 845 5545 944 5616; x_wconf 89' lang='lat' dir='ltr'>qui</span> <span class='ocrx_word' id='word_1_813' title='bbox 1003 5551 1060 5602; x_wconf 92' lang='lat' dir='ltr'>et</span> <span class='ocrx_word' id='word_1_814' title='bbox 1113 5543 1480 5617; x_wconf 71' lang='lat' dir='ltr'>navigatione</span> <span class='ocrx_word' id='word_1_815' title='bbox 1513 5543 1883 5617; x_wconf 65' lang='lat' dir='ltr'>defunctiet</span> 
     </span>
    </p>
   </div>
   <div class='ocr_carea' id='block_1_109' title="bbox 253 5613 1883 5688">
    <p class='ocr_par' dir='ltr' id='par_1_109' title="bbox 253 5613 1883 5688">
     <span class='ocr_line' id='line_1_110' title="bbox 253 5613 1883 5688; baseline 0.002 -21"><span class='ocrx_word' id='word_1_816' title='bbox 253 5613 414 5671; x_wconf 76' lang='lat' dir='ltr'>onere</span> <span class='ocrx_word' id='word_1_817' title='bbox 433 5617 657 5674; x_wconf 85' lang='lat' dir='ltr'>liberati</span> <span class='ocrx_word' id='word_1_818' title='bbox 685 5626 843 5674; x_wconf 90' lang='lat' dir='ltr'>sunt.</span> <span class='ocrx_word' id='word_1_819' title='bbox 860 5613 933 5673; x_wconf 73' lang='grc' dir='ltr'>Ἀι</span> <span class='ocrx_word' id='word_1_820' title='bbox 956 5613 1469 5688; x_wconf 58' lang='grc' dir='ltr'>ροειειεὶυῐείωίιε</span> <span class='ocrx_word' id='word_1_821' title='bbox 1491 5615 1668 5670; x_wconf 87' lang='lat' dir='ltr'>dictio</span> <span class='ocrx_word' id='word_1_822' title='bbox 1690 5613 1883 5670; x_wconf 88' lang='lat' dir='ltr'>hiulca</span> 
     </span>
    </p>
   </div>
   <div class='ocr_carea' id='block_1_110' title="bbox 251 5686 1884 5760">
    <p class='ocr_par' dir='ltr' id='par_1_110' title="bbox 251 5686 1884 5760">
     <span class='ocr_line' id='line_1_111' title="bbox 251 5686 1884 5760; baseline 0.001 -20"><span class='ocrx_word' id='word_1_823' title='bbox 251 5699 360 5741; x_wconf 86' lang='lat' dir='ltr'>non</span> <span class='ocrx_word' id='word_1_824' title='bbox 392 5689 525 5746; x_wconf 84' lang='lat' dir='ltr'>satis</span> <span class='ocrx_word' id='word_1_825' title='bbox 549 5691 844 5759; x_wconf 82' lang='lat' dir='ltr'>exprimit.</span> <span class='ocrx_word' id='word_1_826' title='bbox 883 5686 1117 5745; x_wconf 81' lang='lat' dir='ltr'>interim</span> <span class='ocrx_word' id='word_1_827' title='bbox 1169 5686 1465 5760; x_wconf 87' lang='lat' dir='ltr'>scriptoris</span> <span class='ocrx_word' id='word_1_828' title='bbox 1510 5690 1760 5743; x_wconf 88' lang='lat' dir='ltr'>mentem</span> <span class='ocrx_word' id='word_1_829' title='bbox 1793 5701 1884 5742; x_wconf 90' lang='lat' dir='ltr'>me</span> 
     </span>
    </p>
   </div>
   <div class='ocr_carea' id='block_1_111' title="bbox 253 5760 781 5826">
    <p class='ocr_par' dir='ltr' id='par_1_111' title="bbox 253 5760 781 5826">
     <span class='ocr_line' id='line_1_112' title="bbox 253 5760 781 5826; baseline 0.011 -13"><span class='ocrx_word' id='word_1_830' title='bbox 253 5760 389 5826; x_wconf 86' lang='lat' dir='ltr'>puto</span> <span class='ocrx_word' id='word_1_831' title='bbox 424 5765 781 5820; x_wconf 72' lang='lat' dir='ltr'>assecutum.</span> 
     </span>
    </p>
   </div>
   <div class='ocr_carea' id='block_1_112' title="bbox 2061 5246 3637 5328">
    <p class='ocr_par' dir='ltr' id='par_1_112' title="bbox 2061 5246 3637 5328">
     <span class='ocr_line' id='line_1_113' title="bbox 2061 5246 3637 5328; baseline 0 -20"><span class='ocrx_word' id='word_1_832' title='bbox 2202 5251 2475 5328; x_wconf 67' lang='grc' dir='ltr'>’Ἃιρυκτον</span> <span class='ocrx_word' id='word_1_833' title='bbox 2543 5246 2813 5328; x_wconf 76' lang='grc' dir='ltr'>ἐλέγχων.</span> <span class='ocrx_word' id='word_1_834' title='bbox 2872 5253 3205 5328; x_wconf 65' lang='lat' dir='ltr'>Legendum</span> <span class='ocrx_word' id='word_1_835' title='bbox 3264 5254 3424 5328; x_wconf 74' lang='lat' dir='ltr'>puto,</span> <span class='ocrx_word' id='word_1_836' title='bbox 3481 5253 3637 5328; x_wconf 80' lang='lat' dir='ltr'>quod</span> 
     </span>
    </p>
   </div>
   <div class='ocr_carea' id='block_1_113' title="bbox 1991 5317 3638 5399">
    <p class='ocr_par' dir='ltr' id='par_1_113' title="bbox 1991 5317 3638 5399">
     <span class='ocr_line' id='line_1_114' title="bbox 1991 5317 3638 5399; baseline -0.001 -19"><span class='ocrx_word' id='word_1_837' title='bbox 1991 5329 2050 5381; x_wconf 90' lang='lat' dir='ltr'>et</span> <span class='ocrx_word' id='word_1_838' title='bbox 2069 5317 2996 5399; x_wconf 54' lang='lat' dir='ltr'>in’v_ers_&#39;_ipne_express&#39;i,dpuxtdv</span> <span class='ocrx_word' id='word_1_839' title='bbox 3031 5317 3286 5398; x_wconf 60' lang='grc' dir='ltr'>ἔλεγχον,</span> <span class='ocrx_word' id='word_1_840' title='bbox 3320 5327 3385 5399; x_wconf 81' lang='lat' dir='ltr'>ut</span> <span class='ocrx_word' id='word_1_841' title='bbox 3415 5317 3638 5399; x_wconf 73' lang='lat' dir='ltr'>scilicet</span> 
     </span>
    </p>
   </div>
   <div class='ocr_carea' id='block_1_114' title="bbox 1990 5394 3633 5524">
    <p class='ocr_par' dir='ltr' id='par_1_114' title="bbox 1990 5394 3633 5524">
     <span class='ocr_line' id='line_1_115' title="bbox 1990 5394 3633 5470; baseline 0.002 -23"><span class='ocrx_word' id='word_1_842' title='bbox 1990 5395 2246 5470; x_wconf 85' lang='grc' dir='ltr'>χρησμὸς</span> <span class='ocrx_word' id='word_1_843' title='bbox 2278 5395 2376 5450; x_wconf 88' lang='lat' dir='ltr'>ille</span> <span class='ocrx_word' id='word_1_844' title='bbox 2423 5394 2736 5452; x_wconf 87' lang='lat' dir='ltr'>Davidicus</span> <span class='ocrx_word' id='word_1_845' title='bbox 2786 5394 2886 5468; x_wconf 85' lang='lat' dir='ltr'>pro</span> <span class='ocrx_word' id='word_1_846' title='bbox 2937 5394 3282 5468; x_wconf 82' lang='lat' dir='ltr'>argumento</span> <span class='ocrx_word' id='word_1_847' title='bbox 3318 5394 3533 5451; x_wconf 89' lang='lat' dir='ltr'>invicto</span> <span class='ocrx_word' id='word_1_848' title='bbox 3565 5395 3633 5450; x_wconf 87' lang='lat' dir='ltr'>ad</span> 
     </span>
     <span class='ocr_line' id='line_1_116' title="bbox 1991 5468 3052 5524; baseline -0.003 0"><span class='ocrx_word' id='word_1_849' title='bbox 1991 5472 2254 5524; x_wconf 87' lang='lat' dir='ltr'>errantes</span> <span class='ocrx_word' id='word_1_850' title='bbox 2275 5468 2705 5524; x_wconf 86' lang='lat' dir='ltr'>convincendos</span> <span class='ocrx_word' id='word_1_851' title='bbox 2746 5468 3052 5524; x_wconf 87' lang='lat' dir='ltr'>habeatur.</span> 
     </span>
    </p>
   </div>
   <div class='ocr_carea' id='block_1_115' title="bbox 1991 5483 3636 5612">
    <p class='ocr_par' dir='ltr' id='par_1_115' title="bbox 1991 5483 3636 5612">
     <span class='ocr_line' id='line_1_117' title="bbox 1991 5483 3052 5525; baseline -0.004 0"><span class='ocrx_word' id='word_1_852' title='bbox 1991 5483 2254 5525; x_wconf 81' lang='lat' dir='ltr'>errantes</span> <span class='ocrx_word' id='word_1_853' title='bbox 2275 5483 2705 5524; x_wconf 86' lang='lat' dir='ltr'>convmcenuos</span> <span class='ocrx_word' id='word_1_854' title='bbox 2746 5483 3052 5524; x_wconf 79' lang='lat' dir='ltr'>habeatur.</span> 
     </span>
     <span class='ocr_line' id='line_1_118' title="bbox 2063 5533 3636 5612; baseline -0.001 -20"><span class='ocrx_word' id='word_1_855' title='bbox 2063 5540 2177 5610; x_wconf 81' lang='grc'>(34)</span> <span class='ocrx_word' id='word_1_856' title='bbox 2213 5537 2482 5612; x_wconf 79' lang='grc' dir='ltr'>Πορίζειν.</span> <span class='ocrx_word' id='word_1_857' title='bbox 2508 5611 2517 5612; x_wconf 16' lang='lat'><em>7</em></span> <span class='ocrx_word' id='word_1_858' title='bbox 2547 5541 2660 5595; x_wconf 85' lang='lat' dir='ltr'>Hoc</span> <span class='ocrx_word' id='word_1_859' title='bbox 2713 5540 2992 5596; x_wconf 89' lang='lat' dir='ltr'>substitui</span> <span class='ocrx_word' id='word_1_860' title='bbox 3045 5553 3159 5612; x_wconf 85' lang='lat' dir='ltr'>pro</span> <span class='ocrx_word' id='word_1_861' title='bbox 3178 5533 3387 5609; x_wconf 83' lang='grc' dir='ltr'>πορίζει</span> <span class='ocrx_word' id='word_1_862' title='bbox 3420 5536 3636 5592; x_wconf 89' lang='lat' dir='ltr'>codicis</span> 
     </span>
    </p>
   </div>
   <div class='ocr_carea' id='block_1_116' title="bbox 1993 5608 3632 5683">
    <p class='ocr_par' dir='ltr' id='par_1_116' title="bbox 1993 5608 3632 5683">
     <span class='ocr_line' id='line_1_119' title="bbox 1993 5608 3632 5683; baseline -0.002 -18"><span class='ocrx_word' id='word_1_863' title='bbox 1993 5608 2168 5667; x_wconf 85' lang='lat' dir='ltr'>manu</span> <span class='ocrx_word' id='word_1_864' title='bbox 2205 5608 2445 5683; x_wconf 79' lang='lat' dir='ltr'>exarati.</span> <span class='ocrx_word' id='word_1_865' title='bbox 2475 5611 2675 5683; x_wconf 87' lang='lat' dir='ltr'>Neque</span> <span class='ocrx_word' id='word_1_866' title='bbox 2705 5613 2859 5669; x_wconf 89' lang='lat' dir='ltr'>enim</span> <span class='ocrx_word' id='word_1_867' title='bbox 2905 5613 2961 5668; x_wconf 89' lang='lat' dir='ltr'>id</span> <span class='ocrx_word' id='word_1_868' title='bbox 2989 5608 3162 5682; x_wconf 79' lang='lat' dir='ltr'>jungi</span> <span class='ocrx_word' id='word_1_869' title='bbox 3195 5608 3380 5680; x_wconf 81' lang='lat' dir='ltr'>potest</span> <span class='ocrx_word' id='word_1_870' title='bbox 3412 5616 3632 5665; x_wconf 88' lang='lat' dir='ltr'>antece-</span> 
     </span>
    </p>
   </div>
   <div class='ocr_carea' id='block_1_117' title="bbox 1991 5680 2504 5738">
    <p class='ocr_par' dir='ltr' id='par_1_117' title="bbox 1991 5680 2504 5738">
     <span class='ocr_line' id='line_1_120' title="bbox 1991 5680 2504 5738; baseline -0.004 0"><span class='ocrx_word' id='word_1_871' title='bbox 1991 5683 2153 5738; x_wconf 86' lang='lat' dir='ltr'>denti</span> <span class='ocrx_word' id='word_1_872' title='bbox 2185 5680 2504 5736; x_wconf 79' lang='grc' dir='ltr'>καταλῦσαι.</span> 
     </span>
    </p>
   </div>
   <div class='ocr_carea' id='block_1_118' title="bbox 4055 1487 4059 2532">
    <p class='ocr_par' dir='ltr' id='par_1_118' title="bbox 4055 1611 4057 2300">
     <span class='ocr_line' id='line_1_121' title="bbox 4055 1611 4057 1746; baseline 0 0"><span class='ocrx_word' id='word_1_873' title='bbox 4055 1627 4057 1746; x_wconf 63' lang='grc' dir='ltr'>ι</span> 
     </span>
     <span class='ocr_line' id='line_1_122' title="bbox 4055 2231 4057 2300; baseline 0 0"><span class='ocrx_word' id='word_1_874' title='bbox 4055 2231 4057 2300; x_wconf 64' lang='grc' dir='ltr'>ι</span> 
     </span>
    </p>
   </div>
  </div>
