4084 6210
375 396 490 456 243

1583 383 1843 444 ΡΗΟΤΙΙ
1865 380 2410 468 ,ΡΑΤΒῙΑΒΟΗΑΞ
2454 379 2570 441 CP.

3652 375 3776 438 244

377 529 531 602 quod
566 526 874 584 deﬁnitum
905 528 1048 594 erat,
1069 523 1204 579 inde
1233 521 1570 593 producere,
1591 520 1640 575 is
1667 535 1826 585 eum,
1851 533 2024 588 quem

2141 515 2348 588 ὁρισθὲν
2393 512 2698 588 προελθεῖν·
2733 513 2916 581 οὗτος,
2949 512 3007 566 ὅν
3046 511 3108 567 τὸ
3160 509 3355 586 ψεῦδος
3395 506 3552 587 ἔσχεν
3595 511 3786 587 ἀρχη-

379 617 755 675 mendacium
806 618 1015 670 ducem
1074 613 1344 679 habebat,
1400 609 1662 665 veritatis
1728 611 2027 662 auctorem

381 709 600 764 faciens
652 726 686 763 a
742 707 989 762 crimine
1045 703 1205 760 omni
1259 701 1526 758 absolvit.
1576 700 1776 770 Neque
1819 695 2026 766 magis,

383 799 536 870 quod
559 802 756 852 tamen
789 797 941 852 Deus
973 792 1306 866 prohibeat!
1337 807 1395 846 se
1419 791 1614 860 ipsum
1646 793 1972 844 immunem
1998 801 2030 838 a

385 886 895 945 criminationibus
951 884 1288 938 Judaeorum
1348 896 1473 936 esse
1531 878 1801 945 ostendit,
1854 891 2028 947 quam

383 977 575 1042 illum,
605 977 773 1046 cujus
823 988 927 1044 ope
973 974 1086 1028 ista
1131 969 1431 1038 emolitur,
1462 988 1492 1024 a
1525 967 1828 1032 mendacii,
1861 967 2029 1036 cujus

383 1071 586 1122 auctor
613 1069 721 1128 est,
755 1062 923 1132 culpa
953 1061 1183 1116 liberat.
1220 1059 1426 1130 Itaque
1473 1055 1816 1114 defectionis
1866 1070 2028 1110 amor

382 1154 543 1210 vobis
573 1157 727 1208 certe
757 1167 874 1207 non
907 1151 1092 1221 vergit
1121 1150 1181 1203 in
1205 1148 1600 1214 commodum,
1621 1145 1856 1217 quando
1886 1142 2031 1198 veri-

379 1243 517 1298 tatis
547 1242 775 1296 Patrem
829 1239 1156 1310 praedicatis
1208 1253 1337 1293 esse
1387 1235 1676 1292 mendacii
1708 1238 2027 1300 auctorem,

381 1332 451 1385 ab
518 1331 622 1385 hoc
685 1337 880 1385 autem
954 1327 1260 1382 veritatem
1321 1324 1768 1381 substantialem
1829 1337 2028 1377 verum

380 1424 586 1476 mutuo
610 1418 964 1489 sumpsisse,
995 1423 1052 1471 et
1080 1414 1311 1486 aequali,
1345 1430 1417 1469 ne
1459 1413 1649 1468 dicam
1683 1410 1908 1481 majori,
1943 1425 2031 1474 ea,

382 1525 508 1581 quea
539 1511 835 1562 mutuatus
867 1509 972 1572 est,
1007 1503 1203 1559 studio
1233 1500 1569 1572 excipienda
1601 1499 1814 1554 dicitis.

457 1595 718 1651 XXVIII.
754 1598 873 1665 Age
903 1607 1059 1654 vero,
1090 1591 1262 1646 etiam
1314 1606 1412 1660 per
1444 1587 1746 1658 parabolas
1777 1602 1894 1641 non
1928 1601 2032 1656 pa-

389 1684 662 1750 rabolice,
711 1683 810 1738 sed
862 1680 1034 1750 clare,
1097 1680 1308 1749 dogma
1361 1677 1675 1748 impiorum
1723 1675 2031 1744 disjectum

386 1773 703 1828 videamus.
786 1771 944 1837 Quod
1021 1770 1176 1824 enim
1252 1768 1526 1824 Servator
1591 1764 1912 1830 advenerit,
1971 1767 2036 1817 ut

2133 605 2248 678 γὸν,
2307 603 2563 674 ἀληθείας
2633 599 2841 664 δεικνὺς
2896 603 3142 676 χορηγὸν
3188 608 3286 670 τῆς
3341 598 3569 671 ἔνούσης
3608 601 3784 663 αἰτίας

2137 692 2386 748 ἂπολύει.
2458 691 2556 746 Καὶ
2603 688 2756 746 οὐδὲν
2814 689 3048 764 μᾶλλον,
3111 689 3236 746 ἀλλ’
3279 688 3452 753 ’ίλεως
3481 689 3569 761 εἴη
3612 689 3787 753 Θεόςί

2137 783 2421 837 ἀνεύθυνον
2482 779 2835 836 ἐπιδείκνυσιν
2913 781 3101 836 ἑαυτὸν
3151 784 3257 835 τῶν
3311 780 3650 854 αἷτιαμάτων
3679 784 3786 835 τῶν

2140 867 2474 936 Ἰουδαϊκῶν,
2509 870 2544 937 ἢ
2597 869 2711 935 τὸν,
2747 865 2816 922 δι’
2863 868 2924 923 οὗ
2973 871 3142 923 ταῦτα
3191 866 3637 937 ἀποσκευάζεται,
3688 875 3792 936 τῆς

2137 963 2233 1015 τοῦ
2254 956 2506 1032 ψεύδους,
2549 959 2611 1012 οὗ
2654 957 2898 1033 χορηγός
2936 956 3100 1028 ἐστὶν,
3130 957 3354 1031 ένοχῆς.
3388 961 3524 1031 ’Ἄρα
3555 955 3654 1011 οὒκ
3712 957 3791 1018 εἷς

2138 1047 2306 1103 καλὸν
2344 1050 2471 1120 ὑμῖν
2505 1048 2532 1102 ὁ
2562 1049 2660 1116 τῆς
2694 1045 3022 1109 ἀποστασίας
3061 1040 3199 1120 ἔρως
3235 1043 3482 1115 τελευτᾷ,
3529 1045 3790 1116 ἀληθειας

2142 1137 2236 1210 μὲν
2268 1137 2552 1212 κηρύττειν
2600 1136 2694 1192 τὸν
2746 1135 2955 1210 Πατέρα
2997 1139 3094 1190 τοῦ
3151 1132 3380 1208 ψεύδους
3429 1131 3786 1209 δημιουργὸν,

2138 1225 2188 1295 ἐξ
2221 1227 2388 1280 αὐτοῦ
2435 1221 2491 1279 δὲ
2540 1223 2949 1292 κατασκευάζειν
2979 1223 3079 1291 τὴν
3130 1219 3483 1276 ἔνυπόστατον
3525 1219 3789 1291 ἀλήθειαν

2140 1312 2467 1383 δανείζεσθαι
2517 1315 2580 1369 τὸ
2636 1311 2859 1382 ἀληθὲς,
2911 1311 3001 1366 καὶ
3059 1312 3141 1372 οἷς
3199 1308 3527 1380 δανείζεταυ,
3569 1309 3660 1364 ’ἱνα
3704 1313 3780 1383 μὴ

2139 1403 2287 1477 λέγω
2350 1404 2581 1475 μείζοσι,
2638 1407 2758 1463 ταῖς
2831 1399 2980 1462 ’ίσαις
3052 1397 3290 1476 ὀφείλειν
3364 1397 3789 1469 ἀ-ιτιδεξιοῦσθαι

2135 1512 2343 1564 τιμαις.

2214 1590 2331 1639 ΚΘ¹.
2374 1583 2512 1638 Φέθε
2543 1579 2609 1651 δή
2643 1583 2731 1636 καὶ
2775 1579 2864 1636 διὰ
2902 1585 3011 1636 τῶν
3061 1575 3392 1654 παραϐολῶν
3435 1578 3532 1634 οὐκ
3578 1578 3631 1634 ἐν
3680 1600 3790 1634 πα-

2145 1671 2431 1748 ραϐολαῖς,
2480 1672 2606 1727 ἀλλ’
2651 1672 2902 1746 ἐμφανῶς
2954 1667 3163 1743 ’ίδωμεν
3214 1670 3274 1724 τὸ
3309 1666 3486 1744 δόγμα
3523 1665 3790 1724 καταλυό-

2148 1783 2304 1836 μενον
2373 1767 2480 1817 τῶν
2556 1756 2784 1816 ἀσεϐῶν.
2846 1761 2962 1814 Ὀτι
3036 1759 3130 1831 μὲν
3189 1758 3292 1834 γὰρ
3343 1759 3700 1832 καταγέγονεν
3761 1757 3790 1811 ὁ

385 1864 606 1932 quaerat
634 1864 690 1915 et
720 1836 911 1914 servet
931 1859 986 1912 id
1021 1857 1175 1927 quod
1199 1855 1484 1926 perditum
1517 1857 1641 1909 erat
1670 1853 1734 1917 ³⁷,
1757 1851 2025 1906 anemine

2149 1854 2346 1926 Σωτήρ
2417 1858 2652 1921 ζητῆσαι
2718 1851 2806 1904 καὶ
2868 1853 3037 1904 σῶσαι
3102 1849 3164 1904 τὸ
3221 1846 3541 1918 ἀπολωλὸς,
3611 1845 3792 1902 οὐδενὶ

384 1951 500 2005 huc
561 1950 699 2004 dum
757 1948 815 2002 in
877 1947 1121 2002 dubium
1176 1950 1446 2000 vocatum
1474 1949 1584 1997 est.
1615 1941 1674 1996 Si
1710 1957 1839 1996 vero
1872 1957 2034 1996 ovem

385 2055 516 2094 vere
549 2037 836 2108 perditam
883 2035 954 2090 ab
987 2034 1226 2090 interitu
1271 2032 1454 2087 voluit
1482 2032 1750 2096 liberare,
1783 2034 1841 2086 et
1872 2031 1942 2085 ad
1975 2043 2036 2084 se

387 2128 684 2194 reducere,
718 2129 775 2180 et
803 2125 874 2180 ad
902 2123 1148 2178 salutem
1178 2137 1466 2189 revocare,
1499 2137 1614 2176 non
1645 2119 1882 2174 difﬁcile
1913 2119 2033 2174 fue-

390 2215 464 2270 rit
497 2214 824 2286 perspicere
855 2213 1008 2283 quod
1044 2211 1320 2283 parabola
1350 2211 1516 2265 docet
1549 2209 1866 2264 humanam
1901 2209 2036 2264 sub-

391 2305 668 2360 stantiam
701 2319 911 2358 manus
942 2301 1212 2357 benefica;
1257 2315 1404 2370 opus
1453 2298 1750 2354 exsistere.
1785 2298 2036 2353 Omnino

390 2394 549 2447 enim
588 2392 714 2447 ovis
744 2390 1049 2461 deperdita
1080 2390 1338 2460 primum
1385 2403 1415 2442 ο
1455 2386 1623 2442 caula
1665 2403 1864 2441 earum
1900 2387 2036 2454 fuit,

391 2499 516 2554 quae
550 2486 786 2536 servatae
809 2484 970 2545 sunt,
1005 2479 1212 2532 deinde
1261 2493 1394 2531 vero
1425 2493 1458 2530 a
1487 2491 1658 2546 grege
1688 2475 1954 2530 resiliens
1976 2475 2034 2530 in

391 2572 546 2626 viam
579 2569 654 2625 ad
684 2569 920 2624 exitium
945 2567 1279 2622 declinavit.
1302 2567 1460 2632 Quod
1502 2566 1660 2621 enim
1692 2566 1763 2620 ab
1794 2564 1958 2620 initio
1979 2567 2036 2620 in

391 2660 646 2731 pernicie
678 2662 882 2712 natum
917 2657 1045 2726 fuit,
1082 2673 1152 2711 ne
1204 2661 1474 2710 naturam
1505 2655 1744 2725 quidem
1775 2655 1846 2709 ad
1879 2655 2036 2708 salu-

389 2753 506 2804 tem
535 2747 859 2804 revertendi
891 2745 1082 2813 habet,
1108 2745 1194 2800 vel
1229 2744 1422 2816 potius
1443 2743 1651 2798 reverti
1685 2759 1794 2798 non
1825 2747 2032 2814 potest,

391 2842 495 2894 aut
534 2835 771 2892 servari.
805 2836 928 2891 Imo
960 2851 1066 2891 nec
1098 2851 1208 2890 usu
1240 2834 1354 2906 ipsi
1382 2834 1575 2888 venire
1608 2834 1792 2904 potuit
1824 2831 2034 2903 perire,

386 2925 680 2997 siquidem
705 2941 836 2980 cum
886 2924 1014 2996 ipso
1061 2927 1191 2978 ortu
1242 2938 1309 2977 ex
1342 2921 1494 2978 malo
1527 2923 1786 2993 provenit
1816 2920 2029 2992 princi-

389 3017 508 3087 pio,
527 3031 634 3072 nec
657 3031 919 3086 unquam
945 3015 1075 3069 boni
1091 3018 1150 3070 et
1171 3014 1378 3068 salutis
1400 3012 1686 3083 particeps
1708 3012 1896 3066 visum
1919 3016 2028 3066 est.

391 3105 569 3175 Cujus
627 3105 782 3159 enim
833 3102 1043 3172 aliquis
1074 3117 1375 3172 nunquam
1411 3101 1538 3166 fuit,
1571 3101 1863 3172 quomodo
1894 3099 2028 3154 inde

385 3194 496 3250 dici
522 3199 714 3266 potest
746 3193 1043 3263 delapsus,
1068 3200 1121 3248 et
1144 3192 1242 3263 qui
1266 3191 1474 3247 salutis
1504 3192 1562 3246 in
1593 3195 1722 3246 ortu
1754 3189 1878 3260 ipso
1913 3206 2026 3245 non

381 3284 488 3338 fuit
529 3283 836 3355 particeps,
887 3281 1178 3354 quomodo
1220 3281 1293 3336 ad
1325 3280 1564 3335 exitium
1597 3279 1896 3350 pervenire
1927 3282 2027 3333 aut

381 3372 625 3442 periisse
655 3372 770 3426 dici
804 3372 1043 3442 potest?
1071 3371 1178 3425 Sed
1204 3374 1260 3424 et
1288 3370 1572 3426 Dominus
1613 3373 1806 3423 noster
1846 3367 2027 3422 homi-

382 3476 525 3515 num
557 3459 1018 3526 amantissimus,
1037 3458 1291 3512 veritatis
1323 3457 1526 3512 doctor
1555 3462 1612 3512 et
1643 3460 1863 3517 auctor,
1896 3470 2027 3510 cum

383 3547 670 3618 deperditi
702 3547 1060 3603 mentionem
1113 3545 1437 3616 saepissime
1468 3546 1695 3613 faceret,
1721 3560 2024 3616 nunquam

380 3640 575 3691 tamen
607 3636 949 3707 pravitatem
979 3640 1260 3706 tanquam
1290 3651 1426 3692 cum
1467 3635 1670 3690 eodem
1703 3635 2022 3702 conditam,

381 3729 484 3779 aut
514 3725 824 3796 perniciem
868 3725 958 3780 vel
1007 3725 1238 3780 eminus
1290 3729 1758 3780 commemorat:
1795 3741 2024 3794 semper

373 3830 506 3871 vero
529 3814 892 3871 occasionem
924 3813 1062 3871 facit
1110 3815 1422 3882 cogitandi,
1455 3815 1610 3886 quod
1641 3814 1785 3869 illud
1821 3815 2021 3884 postli-

375 3903 555 3960 minio
588 3905 661 3960 ab
693 3905 894 3959 ordine
928 3903 1167 3974 pristino
1201 3919 1468 3975 nexuque
1513 3913 1565 3959 et
1610 3904 2023 3960 communione

377 4009 511 4049 cum
571 3995 789 4049 caeteris
841 3992 1198 4064 disjunctum
1248 3993 1307 4048 in
1342 3993 1657 4064 perniciem
1699 3993 2013 4050 devenerit.

371 4084 467 4139 Ait
497 4085 679 4139 enim:
712 4083 857 4155 Quid
878 4084 1027 4140 vobis
1055 4083 1291 4150 videtur,
1319 4084 1370 4138 si
1399 4082 1491 4138 cui
1528 4082 1743 4139 homini
1771 4084 2008 4155 fuerint,

371 4179 592 4229 centum
621 4191 741 4231 oves
773 4175 835 4227 2'.
871 4176 1015 4228 Ecce
1048 4190 1180 4228 oves
1241 4173 1350 4227 illae
1405 4179 1637 4228 centum
1697 4179 1837 4228 sunt
1867 4179 2021 4229 totus

371 4280 512 4334 grex
543 4264 805 4318 nondum
823 4277 1052 4317 errans:
1073 4261 1233 4316 nulla
1256 4276 1460 4316 earum
1481 4266 1622 4316 tunc
1640 4261 1728 4316 vel
1760 4263 2009 4332 errabat,

369 4350 459 4407 vel
499 4351 727 4420 perdita
757 4354 899 4403 erat.
933 4349 990 4403 Si
1026 4353 1227 4417 postea
1258 4347 1342 4403 vel
1380 4365 1497 4402 una
1527 4364 1595 4403 ex
1634 4349 1748 4403 illis
1781 4367 1814 4404 a
1845 4366 2018 4422 grege

2149 1941 2317 2015 μέχρι
2376 1945 2466 1995 νῦν
2519 1940 2595 2005 εἷς
2661 1937 2957 2014 δισταγμὸν
3018 1938 3388 2014 περιέστηκεν*
3437 1937 3483 1992 εί
3529 1933 3586 1992 δὲ
3626 1937 3688 1992 τὸ
3719 1937 3793 1999 ὡς

2145 2030 2368 2101 ἀληθῶς
2415 2028 2712 2091 ἀπολωλὸς
2761 2024 3035 2104 πρόϐατον
3062 2034 3163 2097 τῆς
3192 2025 3470 2088 ἀπωλείας
3520 2023 3790 2096 ἠθέλησεν

2145 2120 2544 2188 ἀνασώσασθαι,
2605 2119 2692 2172 καὶ
2756 2119 2832 2179 εἷς
2888 2117 3074 2172 ἑαυτὸν
3133 2115 3470 2191 ἐπιστρέψαι,
3519 2114 3609 2170 καὶ
3654 2115 3794 2188 πρὸς

2147 2209 2420 2284 σωτηρίαν
2481 2205 2929 2276 ἀνακαλέσασθαι,
2989 2203 3140 2262 οὐδὲν
3219 2204 3457 2283 ἐργῶδες
3536 2203 3794 2276 συνιδεῖν,

2146 2301 2221 2363 ὡς
2249 2301 2428 2373 ἀρχῆς
2469 2299 2531 2353 τὸ
2591 2299 2923 2372 ἀνθρώπινον
2987 2297 3258 2373 σύγκριμα
3303 2303 3403 2366 τῆς
3448 2297 3795 2372 ἀγαθουργοῦ

2144 2387 2413 2458 παλάμης
2482 2383 2637 2461 ἔργον
2695 2383 2994 2442 ἐκδιδάσκει
3079 2389 3114 2455 ἡ
3199 2381 3513 2459 παραϐολή.
3575 2393 3800 2450 Παντως

2146 2480 2252 2554 γὰρ
2270 2480 2332 2533 τὸ
2358 2475 2656 2539 ἀπολωλὸς
2677 2472 2950 2552 πρόϐατον
2979 2485 3080 2546 τῆς
3114 2475 3351 2551 μάνδρας
3393 2478 3654 2552 πρότερον
3685 2482 3797 2532 τῶν

2147 2569 2502 2640 σεσωσμένων
2549 2569 2796 2644 γεγονὸς,
2857 2568 3080 2642 ὓστερον
3141 2565 3198 2622 δὲ
3262 2573 3361 2635 τῆς
3405 2567 3613 2644 ἀγέλης
3661 2569 3800 2623 ἀπο-

2146 2665 2478 2731 σκριρτῆσαν
2535 2659 2646 2730 (35)
2698 2657 2774 2719 εἷς
2811 2659 2909 2725 τήν
2961 2664 3057 2726 τῆς
3102 2656 3381 2717 ἀπωλείας
3436 2655 3802 2727 ἀπεπλανήθη

2147 2744 2290 2801 ὁδόν·
2322 2747 2394 2800 Τὸ
2445 2746 2538 2818 μὲν
2579 2747 2680 2820 γάρ
2729 2747 2823 2801 ἀπ’
2880 2746 3061 2824 ἀρχῆς
3094 2743 3162 2800 δι’
3211 2744 3487 2808 ἀπωλείας
3520 2746 3644 2821 φυὲν
3679 2743 3802 2800 οὐδ’

2146 2831 2266 2913 ἔχει
2323 2836 2480 2908 φύσιν
2531 2836 2669 2910 πρὸς
2716 2837 2815 2902 τὴν
2873 2835 3144 2905 σωτηρίαν
3196 2832 3522 2901 ἐπανελθεῖν,
3572 2833 3797 2905 μᾶλλον

2147 2922 2202 2978 δὲ
2238 2920 2352 2978 οὐδ’
2383 2924 2529 2986 ὃλως
2561 2927 2676 2998 (36)
2727 2924 2868 2978 ἐστὶν
2911 2924 3059 2994 αὐτῷ
3099 2926 3162 2978 τὸ
3209 2921 3534 2990 έπανελθεὶν,
3566 2919 3694 2976 οὐδὲ
3733 2922 3806 2976 τὸ

2143 3012 2506 3082 ἀνασωθῆναι.
2561 3011 2714 3068 Ἀλλ’
2762 3010 2875 3067 οὐδ’
2933 3011 3163 3082 ἐπῆλθεν
3211 3012 3358 3085 αὐτῷ
3401 3014 3462 3067 τὸ
3511 3009 3808 3066 ἀπολωλέ-

2142 3123 2248 3170 ναι,
2276 3102 2431 3176 ε⁹ίπερ
2465 3101 2526 3158 ἐκ
2563 3103 2818 3176 χείρονος
2871 3103 2966 3175 μὲν
3013 3100 3126 3174 ἅμα
3169 3107 3248 3174 τῷ
3297 3105 3457 3179 φῦναι
3511 3102 3795 3172 προῆλθεν

2138 3193 2343 3267 ἀρχῆς,
2404 3190 2663 3247 οὐδέποτε
2719 3191 2776 3246 δὲ
2830 3198 2930 3260 τῆς
2985 3192 3322 3266 ἁγαθότητος
3381 3192 3472 3246 καὶ
3516 3189 3800 3263 σωτηρίας

2140 3277 2296 3355 ὤφθη
2362 3281 2678 3354 μετασχών.
2739 3279 2814 3338 Οὐ
2872 3281 2978 3357 γὰρ
3027 3301 3112 3342 τις
3169 3280 3384 3354 γέγονεν
3433 3277 3716 3352 οὐδαμῶς,
3761 3280 3804 3349 ἢ

2136 3375 2254 3430 πῶς
2297 3367 2356 3424 ἂν
2409 3370 2606 3425 ἐκεῖθεν
2655 3371 2845 3443 ῥηθείη
2915 3370 3252 3440 καταπεσὼν,
3281 3369 3373 3424 καὶ
3433 3371 3461 3424 ὁ
3513 3370 3798 3444 σωτηρίας

2137 3459 2410 3536 ἀμέτοχος
2477 3456 2785 3534 προελθὼν,
2845 3462 2961 3520 πῶς
3011 3455 3070 3512 ἂν
3150 3458 3224 3518 εἷς
3302 3455 3579 3513 ἀπώλειαν
3663 3478 3796 3512 κατ-

2136 3551 2408 3623 ενεχθείη,
2466 3548 2501 3617 ἢ
2561 3548 2765 3623 λέγοιτ’
2818 3547 2876 3602 ἂν
2909 3547 3243 3609 ἀπολωλώς.
3281 3546 3451 3602 Ἀλλὰ
3491 3549 3598 3621 μήν
3631 3547 3724 3601 καὶ
3759 3549 3793 3601 ὸ

2134 3638 2521 3717 φιλάνθρωπος
2571 3642 2731 3712 ἡμῶν
2782 3638 3081 3708 Δεσπότης,
3113 3639 3141 3691 ὁ
3188 3644 3286 3706 τῆς
3329 3638 3595 3708 ἀληθείας
3627 3634 3797 3691 διδά-

2135 3727 2334 3791 σκαλος
2366 3730 2456 3783 καὶ
2486 3729 2758 3805 χορηγὸς,
2788 3731 2886 3783 τοῦ
2918 3725 3286 3787 ἀπολωλότος
3321 3729 3550 3800 μνήμην
3586 3727 3801 3781 ποιού-

2139 3839 2305 3892 μενος
2353 3816 2672 3892 πολλαχοῦ,
2705 3813 2949 3889 οὐδαμοῦ
2997 3816 3602 3891 συγκατεσκευασμένην
3636 3814 3798 3887 αὐτῷ

2131 3913 2231 3976 την
2279 3907 2468 3962 κακίαν
2527 3906 2563 3974 ἢ
2629 3907 2728 3974 τὴν
2794 3903 3072 3960 ἀπὼλειαν
3132 3903 3396 3976 οὐμενοῦν
3444 3901 3568 3958 οὐδὲ
3617 3902 3802 3978 μέχρι

2130 3995 2300 4072 ψιλῆς
2357 3995 2593 4058 ἐπινοίας
2647 3992 2982 4068 παραδηλοῖ*
3033 3993 3111 4048 ἀεὶ
3165 3991 3221 4048 δὲ
3268 3994 3344 4055 ὡς
3403 3993 3626 4068 ὕστερον
3683 3999 3800 4062 τῆς

2129 4088 2329 4160 τάξεως
2389 4087 2478 4141 καὶ
2525 4093 2626 4154 τῆς
2677 4091 2784 4140 τῶν
2837 4083 3024 4139 ἄλλων
3083 4086 3365 4160 συναφείας
3411 4104 3470 4138 τε
3519 4084 3612 4139 καὶ
3660 4104 3806 4137 συν-

2131 4170 2418 4248 διατριϐἧς
2469 4173 2766 4248 ἆποῤῥαγὶν
2818 4171 2990 4235 οὕτως
3039 4173 3409 4250 ἀπενεχθῆναι
3467 4169 3602 4247 πρὸς
3679 4172 3802 4240 τὴν

2128 4263 2405 4319 ἀπώλειαν
2465 4258 2694 4336 παρέχει
2761 4267 2924 4318 νοεῖν.
2987 4261 3084 4318 Καὶ
3149 4264 3249 4337 γὰρ
3310 4282 3491 4337 φησιν,
3541 4263 3606 4319 Τί
3644 4261 3790 4334 ὑμῖν

2129 4351 2299 4423 δοκεῖ,
2359 4351 2446 4407 ἐὰν
2514 4351 2734 4427 γένηταί
2815 4372 2922 4406 τινι
3003 4351 3268 4426 ἀνθρώπῳ
3351 4348 3537 4405 ἑκατὸν
3632 4351 3790 4425 πρό-

370 4439 678 4501 aberravit,
714 4455 746 4492 a
778 4436 956 4491 salvis
1005 4436 1105 4490 illa
1154 4453 1216 4491 se
1268 4442 1518 4506 separat,
1550 4456 1584 4494 a
1620 4454 1734 4492 non
1775 4441 2018 4495 erranti-

2141 4438 2283 4496 ιΞατα.
2322 4439 2462 4497 Ἰδοὺ
2488 4442 2555 4497 τὰ
2595 4441 2781 4495 ἑκατὸν
2820 4435 3067 4515 πρόϐατα
3119 4446 3262 4494 πᾶσα
3305 4440 3340 4508 ἠ
3381 4439 3555 4514 ἀγέλη
3608 4437 3800 4494 ἀνλα-

369 4529 476 4582 bus
503 4528 752 4591 aberrat,
777 4542 846 4580 ex
869 4525 999 4580 ovili
1035 4525 1267 4580 recedit.
1293 4526 1604 4596 Propterea
1624 4532 1682 4581 et
1714 4526 2017 4584 hominum

369 4615 818 4672 amantissimus
840 4613 1000 4670 illam
1033 4614 1207 4670 citius
1239 4617 1462 4686 quaerit,
1487 4621 1543 4670 et
1575 4623 1864 4688 repertam
1885 4620 2019 4676 reli-

367 4703 500 4773 quis
524 4720 638 4760 non
671 4705 856 4760 deviis
887 4709 1252 4772 annumerat,
1282 4710 1339 4760 et
1365 4705 1436 4760 de
1484 4711 1755 4777 reparata
1789 4709 2020 4778 jactura

364 4791 601 4861 gaudet,
631 4797 686 4848 et
716 4793 934 4850 amicos
955 4792 1069 4849 sibi
1095 4793 1332 4865 angelos
1362 4792 1420 4848 in
1452 4795 1789 4851 societatem
1819 4798 2019 4866 gaudii

365 4878 575 4934 excitat
605 4880 672 4948 ³9,
706 4882 842 4952 quia
897 4897 1062 4938 ovem
1095 4883 1168 4938 ab
1198 4881 1402 4938 ordine
1443 4888 1500 4939 et
1547 4882 1728 4954 gloria
1764 4885 2017 4956 ipsarum

365 4973 504 5024 ante
530 4974 860 5040 separatam
893 4973 960 5026 ad
993 4987 1180 5041 suam,
1211 4989 1326 5042 qua
1358 4973 1466 5043 ipsi
1501 4974 1857 5043 gaudebant,
1892 4976 2017 5031 feli-

2126 4534 2248 4602 νής·
2311 4528 2462 4586 οὐδὲν
2522 4529 2695 4584 αὐτῶν
2757 4530 2892 4590 τέως
2959 4529 3081 4583 οὔτε
3146 4527 3586 4600 πεπλανημένον,
3647 4525 3796 4584 οὔτε

2130 4619 2426 4681 ἀπολωλός
2453 4623 2590 4690 (37).
2629 4621 2756 4674 Εἶτα
2803 4620 2900 4674 κᾶν
2948 4616 3205 4691 πλανηθῇ
3237 4615 3290 4672 ἓν
3343 4615 3392 4686 ἐξ
3434 4617 3638 4686 αὐτῶν,
3683 4625 3808 4686 τῆς

2128 4708 2334 4784 ἀγέλης
2380 4715 2490 4764 τῶν
2540 4708 2871 4781 σωζομένων
2933 4705 3139 4778 διέστη,
3178 4713 3286 4762 τῶν
3361 4710 3435 4780 μῆ
3497 4705 3802 4778 πεπλανη-

2132 4799 2306 4871 μένων
2375 4796 2760 4868 ἀπεπλανήθη,
2818 4799 2916 4866 τῆς
2990 4794 3225 4870 μάνδρας
3287 4791 3466 4867 ἐξέϐη.
3530 4799 3621 4852 Διὸ
3681 4799 3806 4852 καὶ

2128 4889 2318 4942 θᾶττον
2376 4887 2511 4940 αὐτὸ
2542 4888 2656 4958 (38)
2709 4887 2737 4940 ὁ
2785 4882 3167 4960 φιλάνθρωπος
3209 4883 3474 4955 ἐπιζητεῖ,
3524 4885 3614 4938 καὶ
3659 4889 3808 4948 τοῖς

2131 4977 2206 5047 μή
2257 4972 2700 5046 πεπλανημένοις
2759 4973 2990 5046 ἀνευρὼν
3041 4973 3434 5048 συγκαταλέγει
3500 4975 3641 5046 (39),
3689 4977 3802 5030 καὶ

435 5096 479 5132 ²⁷
512 5095 714 5153 Matth.
744 5113 901 5164 xvnI,
937 5098 1023 5153 11.
1100 5095 1147 5132 ³⁸
1177 5097 1383 5152 Matth.
1418 5114 1574 5166 xvm,
1610 5100 1695 5155 12.
1773 5101 1817 5136 ²⁹
1849 5102 1960 5158 Luc
1990 5120 2080 5172 xv,
2119 5104 2171 5158 4.

1555 5244 1794 5302 νΛΒΙΕ
1823 5247 2215 5304 LECTIONES
2248 5248 2336 5305 ET
2367 5247 2581 5305 NOTIE

433 5368 550 5440 (35)
593 5368 1048 5440 ’Λποσκιρτῆσαι
1086 5368 1167 5422 Ila
1198 5367 1410 5440 scripsi
1444 5385 1547 5440 pro
1578 5367 2008 5440 ἀποσκιρτήσας,

362 5438 659 5510 ᾳυοᾶωε.
686 5438 1013 5495 exhibebat.
1049 5439 1408 5495 Antecedens
1439 5438 1594 5496 enim
1627 5438 1925 5503 ἀπολωλὸς
1958 5449 2016 5498 et

359 5510 583 5584 γεγονὸς
616 5511 1037 5584 hancuformam
1071 5511 1333 5584 requirit.

434 5579 550 5656 (36)
604 5580 732 5636 Οὐδ’
761 5579 930 5643 ὅλως.
981 5582 1076 5638 Sic
1117 5579 1492 5638 scribendum
1543 5599 1646 5654 pro
1690 5583 1751 5638 οὐ
1811 5581 2012 5655 δόλως,

365 5655 519 5726 quod
547 5659 673 5726 erat
701 5655 761 5726 in
793 5671 901 5726 ms.

436 5728 547 5801 (37)
577 5722 925 5789 Ἀπολωλός.
958 5724 1076 5782 Hoc
1123 5724 1376 5782 rationes
1398 5726 1791 5798 grammaticae
1822 5731 2018 5798 postu-

2123 5370 2246 5429 lant
2275 5389 2374 5441 pro
2393 5368 2739 5444 ἀπολωλὼς,
2769 5371 2923 5444 quod
2953 5371 3013 5427 in
3057 5368 3684 5444 codice_inveniebam.

2194 5439 2305 5515 (38)
2333 5442 2498 5500 Αὐτό.
2555 5447 2636 5500 Ita
2689 5439 3004 5515 legendum
3064 5439 3378 5515 pro‘m’m‘p
3426 5442 3643 5499 codicis
3673 5460 3809 5502 ms.

2123 5507 2385 5572 Refertur
2405 5516 2561 5572 enim
2582 5515 2667 5588 ad
2699 5507 3382 5588 αόιεοεάεῐιείπρόϐατον.

2196 5589 2306 5660 (30)
2331 5584 2746 5661 Συγκαταλέγετ,
2780 5587 2898 5644 Hoc
2958 5583 3201 5644 verbum
3257 5583 3506 5656 requirit
3563 5599 3812 5647 sensus

2126 5673 2230 5729 pro
2259 5656 2572 5734 συγκαταλή
2582 5656 2668 5735 γιί
2700 5674 2812 5716 ms.
