4084 6210
259 372 380 430 245

1352 363 1660 427 CONTRA
1702 365 2178 428 MANICIUEOS
2221 369 2458 431 LIBER
2499 372 2600 433 IV.

3563 381 3680 440 246

260 502 451 578 χαίρει
490 498 579 555 ἐπὶ
622 504 692 573 τῇ
734 499 1026 569 ἂνευρέσει,
1057 499 1145 553 καὶ
1177 498 1273 560 τὰς
1305 496 1466 575 φίλας
1507 497 1762 569 δυνάμεις
1805 499 1917 571 (40)

2033 499 2266 558 citatem
2300 512 2352 558 et
2382 505 2632 562 salutem
2653 510 2857 564 reverti
2891 509 3182 567 viderunt.
3213 511 3278 566 Et
3309 512 3411 568 illa
3442 528 3676 585 quoque

265 592 588 666 συγχαίρειν
651 590 1074 664 παρασκευάζει,
1115 587 1200 642 ὅτι
1255 588 1317 642 τὸ
1374 585 1758 655 ἁποπλανηθὶν
1817 594 1920 655 τῆς

263 683 466 752 τάξεως
494 680 585 734 καί
629 675 794 748 δόξης
825 678 1024 746 αὐτῶν,
1056 673 1220 730 πάλιν
1275 676 1349 737 εἰς
1387 676 1486 742 τήν
1530 674 1725 741 αὐτῶν,
1768 675 1923 730 ἐθεά-

267 791 432 825 σαντο
482 765 866 841 ἐπαναδραμὸν
911 765 1204 840 εὐκληρίαν
1255 786 1312 820 τε
1351 765 1439 819 καὶ
1492 764 1783 838 σωτηρίαν.
1818 765 1917 819 Καὶ

263 865 373 916 τῶν
427 856 557 913 δέκα
614 855 672 912 δὲ
728 856 995 931 δραχμῶν
1046 857 1080 925 ἡ
1140 851 1459 929 παραϐολὴ,
1492 852 1540 922 ἐξ
1601 855 1674 906 ὧν
1722 856 1756 922 ἡ
1820 855 1920 926 μία

266 947 550 1015 ἀπώλετο,
602 947 702 1014 τὴν
762 945 930 1014 αὐτὴν
1003 938 1400 1019 ἀναμφιϐόλως
1455 942 1778 1016 παρίστησιν
1838 938 1916 997 ἔν-

265 1057 438 1092 νοιαν.
489 1035 628 1094 Τότε
676 1035 778 1109 γὰρ
807 1035 902 1095 τὰς
954 1030 1081 1087 δέκα
1129 1030 1382 1107 δραχμὰς
1430 1033 1521 1086 τὸν
1566 1031 1722 1086 αὐτὸν
1775 1031 1908 1087 ἐντε-

261 1126 591 1199 τυπωμένον
623 1123 800 1202 φέρειν
833 1130 1161 1202 χαρακτῆρα
1183 1123 1275 1178 καὶ
1308 1125 1404 1193 τήν
1441 1123 1560 1195 ἴσην
1607 1125 1782 1199 ῥοπὴν
1813 1121 1915 1180 ἕλ-

259 1236 396 1284 κειν,
429 1214 477 1271 εί
531 1214 727 1289 βούλει
760 1211 816 1268 δὲ
863 1211 952 1266 καὶ
981 1213 1082 1281 τὴν
1135 1211 1274 1283 ὕλην
1329 1212 1453 1286 μίαν
1496 1219 1654 1268 πᾶσιν
1705 1215 1919 1269 ὑποκεῖ-

261 1307 380 1360 σθαι
410 1310 517 1372 τῆς
549 1303 794 1380 ἐμφύτου
827 1301 1168 1376 ἀγαθὸτητος
1201 1302 1289 1356 καὶ
1323 1303 1596 1376 σωτηρίας
1631 1304 1694 1358 τὸ
1737 1303 1915 1378 ἀπαρ-

259 1392 537 1449 άλλακτον
595 1392 856 1446 πάντοθεν
915 1387 1240 1447 ἐκδιδάσκει.
1299 1391 1399 1445 Καὶ
1440 1390 1485 1445 εί
1546 1389 1716 1464 μῆδέν
1776 1394 1911 1447 τού-

254 1503 362 1538 των
395 1480 774 1556 παρείληπτο,
806 1479 952 1536 ἀλλᾶ
979 1479 1040 1534 τό
1067 1499 1128 1554 γε
1158 1479 1262 1534 ὑπὸ
1291 1480 1390 1548 τήν
1419 1479 1586 1549 αὐτὴν
1615 1481 1913 1554 κυριότητα

256 1577 430 1638 πᾷσαν
465 1570 647 1626 τελεῖν
693 1569 757 1625 τὸ
785 1577 886 1640 τῆς
931 1568 1173 1642 ἐξουσίας
1203 1567 1448 1642 ἄτμητον
1477 1569 1568 1623 καὶ
1607 1567 1909 1645 ἀδιαίρετον

259 1661 641 1734 ἂνακηρύττει,
697 1659 786 1714 καὶ
849 1658 902 1729 ἐξ
969 1659 1042 1712 ὢν
1104 1656 1370 1727 ἐσώζοντο
1430 1662 1618 1727 πᾶσαι,
1671 1658 1756 1712 ὅτι
1812 1665 1912 1727 τῆς

261 1752 616 1824 ἀγαθουργοῦ
679 1749 771 1821 μὲν
835 1745 1117 1820 δυνάμεως
1167 1745 1458 1822 ἐτύγχανεν
1497 1742 1644 1821 ἔργα.
1710 1749 1804 1819 Τῷ
1855 1745 1912 1802 δὲ

262 1845 370 1907 τῆς
418 1837 895 1910 αὖτεξουσιότητος
946 1836 1212 1908 ἀξιώματι
1265 1835 1320 1889 οἱ
1375 1836 1468 1908 μὲν
1507 1834 1588 1912 ἐφ’
1634 1836 1733 1904 ἦτε
1779 1857 1916 1910 προ-

267 1929 527 2005 ήχθησαν
581 1927 882 1999 ἆγαθότητι
938 1923 1027 1978 καὶ
1087 1923 1328 1996 σωτηρίᾳ
1389 1921 1658 1996 διέμειναν
1695 1944 1706 1958 ·
1770 1926 1798 1980 ὁ
1857 1923 1914 1981 δὲ

263 2016 654 2092 παρακινηθεὶς
698 2014 905 2070 ἐκεῖθεν
953 2013 1214 2089 ἐξετράπη
1275 2015 1411 2087 πρὸς
1462 2015 1762 2074 ἀπώλειαν,
1815 2015 1913 2068 Καὶ

258 2107 456 2182 γέγονε
505 2104 568 2158 τὸ
624 2111 728 2173 τῆς
773 2104 999 2180 γνώμης
1058 2099 1482 2168 αύτοδέσποτον,
1533 2100 1715 2178 ὥσπερ
1773 2108 1911 2171 τοῖς,

253 2195 361 2249 καθ
393 2195 453 2248 ὃν
485 2191 598 2248 ἔδει
625 2191 854 2267 τρόπον,
906 2191 1278 2266 χρησαμένοις
1329 2191 1501 2262 αὐτῷ,
1532 2198 1631 2260 τῆς
1675 2212 1732 2246 τε
1761 2190 1912 2247 ἑνούι

254 2303 356 2354 σης
435 2283 717 2356 σωτηρίας
790 2279 882 2335 καὶ
958 2279 1297 2354 ἆγαθότητος
1356 2277 1754 2354 φυλακτήριον,
1824 2279 1914 2334 καὶ

250 2374 547 2443 προσθήκη
602 2371 852 2444 μείζονος
900 2368 1248 2439 τελείοτητος
1297 2369 1388 2442 (Τὸ
1438 2368 1542 2444 γὰρ
1591 2368 1766 2445 χωρὶς
1805 2373 1912 2424 τῶν

253 2463 501 2537 πράξεων
556 2460 994 2533 θαυμαζόμενον,
1043 2460 1131 2513 καὶ
1162 2460 1261 2529 τήν
1309 2458 1415 2515 ἀπὸ
1455 2463 1562 2514 τῶν
1615 2458 1789 2534 ἔργων
1823 2456 1917 2513 δό-

253 2556 347 2623 ξαν
387 2545 736 2627 προσλαϐὸν,
783 2547 929 2604 πολὺ
979 2549 1422 2622 θαυμασιώτερόν
1471 2569 1530 2603 τε
1571 2549 1659 2604 καὶ
1712 2549 1916 2621 τιμιώ-

257 2645 458 2717 τερον),
516 2639 667 2695 οὕτω
722 2643 840 2700 τοῖς
895 2636 1418 2713 παραχρησαμένοις
1477 2641 1557 2709 τῷ
1619 2637 1918 2711 χαρίσματι

260 2731 338 2792 εἷς
364 2728 651 2785 ἀπώλειάν
683 2749 742 2783 τε
769 2731 1085 2782 καταπεσεῖν
1124 2748 1135 2760 ο
1167 2733 1268 2796 τῆς
1311 2725 1592 2803 ὁμοφυοῦς
1639 2725 1920 2796 καλλονῆς

266 2817 644 2896 προελήλυθε,
679 2819 767 2873 καὶ
807 2819 909 2887 τήν
957 2815 1044 2872 ἐπὶ
1073 2817 1140 2872 τὰ
1172 2815 1346 2890 χείρω
1397 2812 1582 2871 λαϐεῖν
1618 2813 1916 2870 ἀλλοίωσιν

260 2914 372 2964 τῶν
401 2907 739 2984 κρειττόνων
768 2905 1164 2980 ἀλλαξάμενοι,
1197 2904 1243 2960 εί
1279 2907 1356 2978 μή
1389 2925 1471 2967 τις
1500 2911 1600 2974 τῆς
1645 2903 1730 2960 ἐπὶ
1785 2904 1920 2984 φθό-

263 3019 360 3073 ρον
409 2998 660 3076 ἀγούσης
713 2991 1026 3071 μεταϐολῆς
1059 2995 1193 3068 μετά
1244 2991 1464 3064 πολλῆς
1511 2991 1753 3063 σπουδῆς
1786 2995 1920 3049 ἀνα-

264 3089 484 3157 σώσειε,
555 3081 936 3160 προδεδώκασι
993 3085 1094 3153 τὴν
1155 3083 1310 3160 φύσιν
1365 3084 1786 3138 Μταπεπῶσθαι
1844 3086 1923 3155 τῷ

261 3175 702 3248 παραπτώματι.

333 3271 462 3322 ΚΘ“.
501 3265 903 3340 Ἐπιστράφηθι
943 3260 1010 3332 δὴ
1043 3263 1132 3316 καὶ
1182 3261 1320 3336 πρὸς
1361 3260 1488 3323 τοὺς
1529 3260 1590 3316 ἐκ
1618 3264 1715 3315 τοῦ
1758 3260 1922 3316 αὐτοῦ

261 3355 474 3428 πατρὸς
525 3350 624 3408 δύο
681 3353 986 3429 πεφυκότας
1037 3349 1258 3421 παῖδας,
1303 3353 1377 3405 ὧν
1429 3352 1457 3406 ὁ
1511 3352 1774 3424 νεώτερος
1829 3351 1920 3405 τὸν

263 3444 534 3519 πατρικὸν
593 3439 698 3496 οὒκ
737 3440 948 3498 ἐλάττω
993 3441 1091 3496 τοῦ
1129 3435 1497 3516 πρεσϐυτέρου
1547 3436 1731 3496 λαϐὼν
1776 3439 1926 3510 κλῆ-

265 3547 382 3612 ρον,
415 3533 494 3595 εἰς
526 3533 716 3610 χώραν
753 3530 848 3605 μὶν
889 3529 1069 3586 ἄπεισι
1105 3531 1337 3604 μακρὰν,
1387 3529 1476 3585 καὶ
1516 3532 1614 3601 τὴν
1655 3530 1925 3602 τοσαύτην

265 3623 456 3679 οὐσίαν
511 3620 858 3684 κατασπάσας
905 3623 1019 3693 (41)
1049 3640 1106 3675 τε
1153 3620 1244 3675 καὶ
1302 3619 1796 3690 κατασπαταλήσας
1853 3623 1922 3694 τῇ

267 3709 581 3785 ἀποδημίᾳ,
639 3709 726 3766 ἐπ’
761 3707 936 3782 ἐνδείᾳ
974 3713 1042 3783 τῇ
1095 3705 1491 3783 ἀνυπερϐλήτῳ
1543 3708 1750 3783 χοίρων
1793 3727 1923 3782 τρο-

264 3803 370 3880 φήν
413 3798 785 3876 προσεφέρετο
836 3797 905 3853 τὰ
958 3797 1200 3874 κεράτια.
1233 3796 1321 3860 Τίς
1382 3798 1444 3852 ού
1501 3801 1570 3870 τῇ
1624 3795 1802 3871 πλάνῃ
1853 3799 1923 3869 τῇ

266 3891 512 3964 τοσαύτῃ
544 3887 826 3957 σταλεὶξειε
869 3884 1099 3958 δάκρυον
1150 3889 1304 3961 (42);
1338 3890 1395 3941 Ὀ
1448 3884 1788 3956 τηλικαύτης
1829 3884 1924 3939 κύ-

272 4000 389 4055 ριος
451 3977 792 4053 περιουσίας,
862 3975 1178 4051 μισθαρνίας
1255 3971 1498 4043 ἔκδοτος,
1564 3975 1654 4028 καὶ
1715 3975 1920 4049 χοίρων

267 4072 448 4146 τροφῇ
475 4070 580 4136 τὴν
630 4067 871 4142 ἀνάγκην
913 4063 1164 4121 κλέπτων
1223 4066 1324 4134 τῆς
1372 4064 1602 4142 φύσεως,
1645 4064 1758 4119 εἶτα
1805 4068 1924 4127 τοῖς

269 4160 462 4214 πάθεσι
521 4157 611 4211 καὶ
673 4160 752 4228 τῷ
808 4154 962 4228 λιμῷ
1029 4151 1446 4230 μεταδιδαχθεὶς
1501 4154 1564 4209 τὸ
1623 4151 1924 4227 ὀλίσθημα,

269 4248 625 4323 ἐπανέρχεται
677 4245 815 4320 πρὸς
859 4246 951 4300 τὸν
998 4244 1222 4320 πατέρα,
1271 4245 1361 4299 καὶ
1420 4247 1747 4320 συντριμμῷ
1798 4263 1924 4318 καρ-

270 4337 384 4402 δίας
434 4344 538 4408 τήν
602 4337 888 4410 μετάνοιαν
938 4336 1341 4410 προχεάμενος,
1381 4332 1426 4389 ὢ
1483 4342 1582 4404 τῆς
1643 4333 1768 4409 περὶ
1825 4333 1924 4408 ἐμὲ

271 4427 492 4498 πολλῆς
551 4429 650 4482 τοῦ
707 4425 918 4500 Πατρὸς
975 4423 1066 4478 καὶ
1122 4424 1395 4480 Δεσπότου
1461 4423 1919 4502 φιλανθρωπίαςί

2033 590 2100 645 de
2127 593 2322 646 decem
2347 594 2642 650 drachmis
2665 597 2965 667 parabola,
2992 615 3059 654 ex
3078 600 3291 671 quibus
3316 617 3434 655 una
3455 604 3679 671 perdita

2033 684 2173 748 erat,
2217 684 2480 738 eamdem
2539 684 2662 738 sine
2722 689 3053 757 exceptione
3107 689 3457 744 sententiam
3510 691 3677 747 nobis

2033 773 2405 828 commendat
2461 771 2526 826 3°.
2589 775 2750 839 Quod
2784 777 2939 831 enim
2973 778 3168 832 decem
3229 777 3340 832 illa}
3389 778 3675 834 drachma:

2030 865 2291 916 eamdem
2318 861 2430 916 sibi
2454 863 3011 934 notamimpressam
3047 866 3287 930 habent,
3321 871 3379 922 et
3408 868 3672 937 ejusdem

2029 958 2167 1007 sunt
2197 953 2425 1018 valoris,
2459 953 2576 1008 imo
2608 955 2807 1021 etiam,
2835 954 2880 1008 si
2915 953 3124 1025 placet,
3157 971 3224 1009 ex
3253 957 3458 1011 eadem
3491 961 3676 1012 mate-

2028 1043 2114 1097 ria
2171 1047 2308 1098 sunt
2368 1048 2701 1114 compactae,
2745 1043 2881 1099 boni
2939 1043 3675 1116 insitiincolumitatisque

2027 1135 2472 1203 perpetuitatem
2536 1133 2913 1203 undiqueque
2970 1132 3165 1188 infert.
3201 1134 3344 1200 Imo,
3378 1134 3427 1188 si
3460 1135 3672 1190 horum

2028 1221 2174 1276 nihil
2207 1220 2341 1276 inde
2381 1221 2826 1291 relinqueretur,
2861 1221 2916 1275 id
2977 1224 3131 1276 certe
3175 1220 3482 1291 evincitur,
3517 1224 3672 1293 quod

2026 1310 2134 1365 sub
2169 1311 2371 1366 eodem
2411 1310 2652 1366 Domino
2679 1310 2839 1365 omni
2872 1313 3122 1380 potestas
3155 1310 3400 1366 indivisa
3429 1314 3486 1365 et
3515 1310 3674 1366 indi-

2023 1400 2192 1455 vulsa
2249 1399 2619 1454 contineatur
2662 1415 2674 1452 :
2729 1397 3004 1469 quoniam
3056 1413 3188 1452 vero
3231 1398 3402 1453 etiam
3463 1412 3666 1454 omnes

2024 1497 2261 1544 servatae
2311 1492 2470 1556 sunt,
2503 1489 2560 1542 id
2610 1486 2825 1542 indicio
2885 1486 3120 1556 quidem
3161 1490 3270 1551 est,
3305 1502 3509 1542 omnes
3542 1502 3670 1543 esse

2023 1576 2292 1647 potentiae
2326 1576 2596 1632 beneﬁcae
2622 1591 2817 1647 opera.
2849 1577 2914 1628 Et
2944 1572 3211 1630 nonnulli
3232 1573 3462 1644 quidem
3488 1571 3668 1629 libero
3755 1612 3757 1614 -

2024 1685 2132 1724 suo
2163 1667 2402 1723 arbitrio
2445 1670 2597 1722 recte
2636 1665 2728 1720 usi
2760 1664 2821 1718 in
2844 1681 2930 1730 ea,
2972 1679 3089 1734 qua
3113 1661 3311 1718 donati
3343 1667 3528 1728 erant,
3563 1662 3664 1717 bo-

2025 1758 2204 1813 nitate
2232 1761 2290 1812 et
2320 1754 2720 1811 incolumitate
2753 1755 3229 1825 permanserunt:
3255 1751 3354 1822 qui
3379 1766 3510 1807 vero
3532 1751 3669 1806 inde

2024 1851 2257 1903 amotus
2285 1850 2393 1912 est,
2425 1845 2488 1901 in
2513 1844 2824 1916 perniciem
2849 1859 2910 1899 se
2939 1843 3062 1913 ipse
3081 1842 3348 1898 detrusit.
3373 1845 3440 1897 Et
3468 1859 3666 1912 quem-

2025 1937 2337 1993 admodum
2387 1935 2634 1991 liberum
2695 1933 3022 2000 arbitrium,
3071 1931 3209 1998 illis,
3243 1931 3344 2002 qui
3396 1947 3463 1988 eo
3513 1937 3667 1989 recte

2024 2027 2362 2091 utebantur,
2397 2023 2794 2094 prosperitatis
2837 2021 3232 2091 bonitatisque
3267 2019 3410 2091 ipsis
3441 2019 3664 2076 collatas

2023 2113 2514 2171 conservatorium
2546 2120 2688 2179 erat,
2712 2115 2769 2167 et
2799 2110 3038 2180 majoris
3074 2109 3441 2178 perfectionis
3467 2125 3665 2164 acces-

2024 2205 2110 2260 sio
2141 2204 2317 2275 (quod
2367 2201 2522 2257 enim
2554 2201 2728 2256 etiam
2765 2199 2889 2254 sine
2919 2197 3248 2252 actionibus
3287 2196 3664 2252 admirationi

2023 2297 2130 2360 est,
2164 2293 2242 2362 id,
2279 2291 2372 2347 ubi
2403 2290 2585 2362 gloria
2605 2304 2674 2344 ex
2702 2287 2973 2359 operibus
3002 2285 3245 2348 accedit,
3274 2285 3458 2340 multo
3483 2285 3665 2353 magis

2027 2385 2311 2439 miramur
2341 2391 2394 2438 et
2415 2381 2612 2452 magni
2643 2377 2915 2448 facimus)
2950 2393 2964 2430 :
2997 2378 3074 2431 ita
3105 2375 3222 2430 illis
3251 2375 3347 2446 qui
3381 2375 3534 2430 dono
3556 2374 3666 2430 hoc

2026 2475 2439 2540 abutebantur,
2481 2469 2705 2526 occasio
2750 2466 2970 2524 exstitit
3001 2483 3034 2521 a
3065 2464 3257 2520 nativa
3305 2464 3559 2520 bonitate
3607 2463 3666 2518 in

2027 2561 2342 2636 perniciem
2369 2559 2687 2627 incidendi,
2711 2563 2768 2612 et
2785 2555 3163 2612 mutationem
3182 2555 3241 2608 in
3269 2553 3432 2625 pejus
3461 2551 3669 2608 admit-

2027 2653 2210 2721 tendi,
2241 2653 2341 2723 qui
2377 2649 2635 2722 proinde,
2661 2649 2810 2702 facta
2840 2646 2946 2701 hac
2977 2660 3110 2700 cum
3146 2641 3481 2699 melioribus
3531 2658 3670 2713 per-

2028 2743 2366 2808 mutatione,
2427 2737 2538 2794 nisi
2597 2736 2730 2808 quis
2786 2751 2854 2791 ex
2943 2732 3370 2790 transversione
3425 2730 3554 2798 hac,
3613 2731 3671 2784 in

2029 2835 2266 2892 exitium
2307 2833 2576 2898 ducente,
2611 2844 2742 2884 cum
2797 2843 2936 2882 cura
2967 2841 3028 2881 se
3079 2823 3378 2895 receperit,
3412 2823 3674 2893 produnt

2031 2929 2301 2981 naturam
2332 2937 2502 2978 suam
2525 2919 2692 2991 lapsu
2724 2917 2836 2972 isto
2867 2917 3204 2985 absorptam
3237 2912 3438 2968 fuisse.

2103 3260 2293 3321 XXIX.
2342 3259 2414 3314 At
2451 3258 2714 3312 converte
2741 3254 2796 3306 te
2842 3263 2998 3305 nunc
3039 3247 3213 3303 etiam
3245 3245 3315 3300 ad
3348 3245 3495 3300 duos
3527 3242 3680 3299 filios

2032 3371 2102 3412 ex
2148 3353 2350 3409 eodem
2397 3351 2554 3418 patre
2611 3345 2801 3409 natos,
2832 3353 3078 3410 quorum
3113 3338 3252 3391 natu
3312 3333 3500 3390 minor
3555 3349 3679 3388 non

2034 3442 2343 3504 minorem,
2365 3448 2542 3507 quam
2569 3428 2776 3498 major,
2800 3430 3013 3483 sortem
3030 3423 3344 3494 accipiens.
3359 3421 3417 3476 in
3435 3420 3679 3477 dissitas

2035 3531 2154 3590 abit
2203 3526 2488 3600 regiones,
2531 3523 2843 3590 tantasque
2903 3513 3204 3570 facultates
3259 3510 3682 3600 dilapidanset

2034 3599 2393 3692 profundens
2449 3612 2508 3667 in
2569 3609 2798 3676 itinere,
2836 3605 3069 3660 tandem
3127 3600 3325 3674 inOpia
3373 3599 3684 3656 immodica

2035 3688 2348 3772 adductus,
2371 3700 2628 3772 siliquis,
2654 3711 2964 3770 porcorum
2989 3693 3140 3760 cibo,
3167 3707 3312 3748 usus
3334 3695 3424 3746 est
3453 3688 3520 3746 3‘.
3545 3689 3684 3754 Quis

2034 3815 2148 3855 non
2172 3810 2422 3852 errorem
2454 3791 2613 3846 hunc
2651 3785 2924 3856 lacrymis
2957 3791 3343 3856 prosequatur
3375 3780 3400 3835 Ἰ
3429 3779 3537 3846 Qui
3567 3783 3683 3834 tar-

2035 3896 2219 3945 tarum
2253 3899 2430 3954 0pum
2491 3877 2765 3935 dominus
2818 3877 2961 3939 erat,
3005 3873 3053 3926 is
3113 3871 3476 3926 mercenaria
3503 3885 3685 3940 opera

2035 3978 2290 4043 functus,
2344 3980 2768 4043 porcorumque
2815 3978 3007 4019 escam
3054 3961 3125 4017 ad
3157 3959 3546 4014 sublevandas
3577 3974 3682 4012 na-

2033 4071 2176 4123 turae
2235 4059 2606 4118 necessitates
2680 4053 3015 4118 sulfuratus,
3080 4052 3281 4118 postea
3356 4046 3527 4102 malis
3586 4045 3680 4100 his

2034 4156 2273 4228 ipsaque
2295 4151 2444 4206 tame
2467 4144 2706 4202 meliora
2727 4143 2992 4208 edoctus,
3020 4137 3328 4193 revertitur
3345 4134 3415 4189 ad
3436 4138 3682 4205 patrem,

2037 4227 2088 4304 et
2145 4260 2214 4300 ex
2271 4237 2516 4297 contrito
2547 4234 2718 4291 corde
2761 4227 3161 4304 paenitentiam
3195 4227 3460 4291 testatus,
3494 4238 3526 4277 o
3558 4237 3684 4276 ma-

2035 4348 2211 4406 gnam
2233 4328 2413 4401 patris
2443 4328 2499 4382 et
2516 4320 2740 4380 domini
2762 4317 3185 4375 humanitatem
3211 4312 3224 4368 l
3251 4311 3482 4381 majori,
3507 4325 3684 4382 quam

2036 4401 2342 4494 impetrata
2364 4414 2535 4472 venia
2563 4425 2798 4485 sperare
2824 4406 3088 4480 jubebat,
3113 4402 3439 4494 receptione
3467 4401 3685 4471 dignus

273 4516 523 4577 πλείονες
572 4515 608 4584 ἢ
648 4515 784 4570 κατὰ
829 4513 1151 4590 συγγνώμην
1204 4512 1446 4584 ἀξιοῦται
1504 4510 1822 4584 δεξιώσεως.
1865 4513 1920 4567 '0

2034 4491 2303 4569 habetur.
2336 4507 2504 4562 Pater
2550 4501 2708 4559 enim
2740 4496 3066 4572 juvenilem
3116 4493 3350 4566 culpam
3396 4507 3514 4548 non
3547 4505 3686 4561 per-

275 4606 374 4682 γᾶρ
405 4606 593 4676 πατῆρ
641 4604 733 4659 τὸν
783 4602 1147 4677 νεωτερισμὸν
1195 4604 1296 4658 οὐκ
1337 4599 1607 4673 ὀνειδίζει,
1650 4599 1775 4657 οὐδὲ
1820 4602 1920 4671 τὴν

277 4695 484 4768 πλάνην
524 4693 780 4770 αἰσχύναι
829 4693 1056 4769 προάγει
1092 4711 1106 4726 ·
1161 4689 1278 4747 οὐδ’
1310 4693 1394 4747 ὅτι
1423 4699 1524 4762 τῆς
1573 4691 1743 4765 λιμοῦ
1786 4691 1922 4764 μᾶλ-

282 4784 372 4841 λον
403 4785 439 4854 ἢ
469 4791 576 4854 τῆς
615 4783 843 4860 γνώμης
885 4782 1025 4838 ἐστὶν
1059 4783 1094 4852 ἡ
1146 4781 1469 4859 ἐπιστροφή.
1515 4778 1679 4837 Οὐδὲν
1710 4780 1918 4836 τούτων

349 4927 396 4964 ³ο
422 4930 562 4986 Luc.
594 4944 688 4998 xv,
719 4927 773 4982 8.
848 4927 888 4962 ⁸¹
924 4927 1060 4984 Luc.
1091 4942 1185 4998 xv,
1219 4927 1306 4984 11.

2033 4599 2288 4672 stringit,
2321 4612 2425 4654 nec
2472 4607 2724 4651 errorem
2787 4587 2989 4661 pudori
3020 4583 3278 4658 exponit,
3321 4595 3510 4652 neque
3540 4595 3683 4635 con-

2029 4669 2350 4747 versionem
2383 4684 2543 4740 illam
2580 4680 2713 4737 fami
2748 4677 2940 4750 potius
2965 4689 3139 4748 quam
3171 4671 3353 4730 animi
3383 4669 3684 4744 proposito

2030 4787 2329 4850 acceptam
2364 4775 2522 4832 fert:
2583 4769 2811 4827 nullum
2869 4766 3082 4822 horum
3129 4763 3189 4819 in
3245 4759 3686 4833 delinquentem

1444 5087 1686 5145 VARIIE
1727 5083 2114 5145 LECTIONES
2153 5082 2246 5141 ET
2281 5080 2515 5138 ΝΟΤᾸΒ.

354 5237 460 5309 (40)
491 5234 782 5309 Δυνάμεις,
807 5233 889 5309 D_e
918 5231 1144 5306 angelis
1164 5233 1535 5309 interpretor,
1560 5249 1717 5309 quos
1748 5231 1808 5287 in
1831 5248 1932 5302 ap-

298 5304 592 5377 plicatione
621 5304 909 5378 parabolae
933 5304 1365 5378 commemorat
1378 5304 1644 5378 Siervator
1676 5305 1810 5378 Luc.
1839 5320 1934 5378 xv,

300 5374 374 5449 ιο.
404 5380 473 5435 Et
520 5374 666 5435 sane
705 5378 1021 5449 scriptores
1050 5375 1426 5449 ecclesiastici
1458 5391 1610 5447 saepe
1659 5374 1787 5449 voci
1837 5374 1933 5449 isti

299 5448 437 5523 hunc
451 5446 852 5523 signiﬁcatum
866 5448 1205 5523 subjiciunt.
1222 5446 1596 5523 Chrysostqm
1605 5463 1692 5523 us,
1714 5446 1858 5504 hom.
1875 5447 1930 5501 6.

299 5520 352 5577 in
377 5515 560 5596 Ερίεἶ.
602 5522 676 5577 ad
732 5515 1052 5596 Hebreos,_
1085 5515 1462 5596 λειτουργὶκᾲς
1524 5515 1780 5596 δυνάμεις
1831 5533 1932 5596 νο-

300 5597 385 5648 cat
409 5587 438 5648 ε’
457 5592 974 5666 quasApostolus,
1009 5591 1180 5666 ilebr.
1213 5587 1368 5666 alii,
1397 5588 1747 5666 λειτουργικὰ
1773 5587 1929 5666 πνεύ-

305 5684 434 5734 ματα
459 5662 742 5738 appellat.
776 5664 983 5738 Confer
1007 5663 1225 5738 Sgiceri
1251 5662 1584 5738 Tligsqurum
1603 5662 1930 5738 ecclesiasti-

301 5733 415 5793 eum
440 5733 584 5797 toni.
617 5737 663 5804 Ι,
695 5752 752 5807 p.
782 5735 926 5805 969;
958 5739 1017 5792 et
1045 5733 1274 5794 Henric.
1304 5733 1629 5805 Valesium,
1659 5733 1735 5790 ad
1763 5737 1932 5790 Euse-

2045 5229 2228 5292 bium,
2271 5244 2326 5298 p.
2357 5227 2490 5298 282_
2519 5225 2575 5292 b,
2610 5221 2707 5298 ubi
2738 5220 2994 5298 ostendit
3025 5219 3256 5298 Graecos
3303 5213 3399 5298 τὰ,
3431 5212 3688 5290 δαιμόνια

2046 5293 2338 5374 appellare
2370 5293 2646 5374 δυνάμεις,
2680 5293 2916 5374 Latinos
2946 5299 3134 5374 autem
3161 5293 3481 5374 potestates.

2113 5363 2228 5443 (Ἠ)
2289 5363 2666 5443 Κατασπάσαξ.
2727 5365 2844 5443 _Hoc
2904 5363 3380 5443 rescripsinpro.
3414 5377 3686 5439 κατασπατ

2043 5429 2243 5513 σθῆσας
2277 5459 2386 5498 ms.
2427 5439 2608 5513 Graeci
2649 5438 2806 5513 enim
2858 5429 3130 5513 κατασπᾷν
3183 5429 3390 5513 dicunt
3435 5447 3534 5513 eos
3570 5429 3687 5513 _qui

2040 5503 2192 5571 bona
2213 5532 2317 5570 sua
2337 5512 2725 5582 abliguriunt.
2743 5511 2975 5565 Testem
2995 5507 3279 5562 habemus
3311 5503 3681 5559 seholiastem

2039 5585 2454 5658 Aristophanis
2470 5581 2827 5658 'ad_Equites.

2112 5641 2515 5729 ⁸Δοὶκρυον.
2557 5641 2824 5710 Fortasse
2863 5651 3168 5722 legendum
3202 5641 3469 5715 δακρύων.
