4084 6210
365 370 482 434 247

1565 374 1828 434 PHOTII
1875 374 2399 436 PATRIARCHZE
2439 375 2557 436 GP.

3603 11 4078 94 ’⁵-

3648 375 3772 437 248

370 507 623 580 conjicit.
685 509 934 564 Noverat
991 509 1167 578 enim,
1230 525 1364 564 eum
1419 509 1521 580 qui
1573 525 1836 566 reversus
1867 514 2008 580 erat,

2127 508 2202 571 είς
2242 509 2333 563 τὸν
2395 507 2814 583 έξημαρτηκοτα
2867 507 3235 584 ἀπορῥίπτει·
3291 505 3414 582 ᾔδει
3442 507 3546 583 γὰρ
3603 507 3772 564 αὑτοῦ

371 613 539 654 suam
571 614 699 654 esse
723 598 1059 670 progeniem
1087 600 1376 669 (quamvis
1397 614 1500 669 per
1527 597 1784 654 alienum
1815 615 2012 655 semen

373 687 736 744 adulteratus
787 687 1014 760 esset);
1075 692 1368 742 noverata
1424 703 1486 742 se
1538 701 1606 743 ex
1663 704 1860 744 amore
1889 704 2016 744 esse

373 776 745 846 productum,
788 792 903 832 non
938 780 1127 830 autem
1165 775 1400 830 aliunde
1430 792 1634 832 recens
1664 786 1874 832 satum.
1911 779 2020 832 lta-

377 881 488 936 que
516 865 661 920 nihil
704 866 910 920 borum
947 881 1061 935 quo
1093 864 1424 920 contristari
1455 865 1505 920 is
1535 871 1780 937 poterat,
1813 867 2015 922 altere-

375 954 516 1022 bat;
551 969 738 1025 neque
765 953 1057 1008 diuturnis
1083 953 1188 1007 filii
1219 954 1496 1010 aerumnis
1512 955 1823 1025 adjiciebat
1842 956 2018 1027 quid-

376 1059 569 1116 quam.
607 1042 841 1098 Utinam
875 1047 940 1096 ut
997 1044 1206 1098 erroris
1236 1043 1344 1112 tui,
1377 1044 1456 1098 ita
1513 1048 1570 1099 et
1599 1045 2012 1112 conversionis,

374 1148 438 1187 ac
487 1131 854 1202 receptionis,
885 1131 946 1186 in
1005 1133 1250 1202 gratiam
1310 1134 1493 1199 factae,
1545 1135 1800 1190 fructum
1833 1135 2014 1205 perci-

371 1222 526 1291 piam
555 1221 566 1274 Ι
592 1219 826 1276 Scilicet
856 1221 1322 1277 humanissimus
1343 1228 1399 1278 et
1421 1223 1675 1294 optimus
1697 1227 1858 1296 pater
1879 1240 2012 1281 eum

369 1309 603 1365 eminus
662 1309 854 1365 adhuc
911 1318 964 1364 et
1021 1311 1142 1366 sola
1173 1311 1514 1381 pmnitentia
1570 1315 1639 1368 ad
1699 1329 1762 1369 se
1801 1315 2015 1370 adven-

367 1404 612 1468 tantem,
646 1400 876 1455 nullum
899 1416 1033 1456 vero
1075 1401 1327 1456 fructum
1360 1402 1474 1457 huc
1520 1403 1661 1458 dum
1713 1405 2012 1473 ferentem,

369 1491 766 1560 conspicatus,
823 1504 894 1544 ne
945 1490 1165 1545 ferebat
1222 1491 1454 1561 quidem
1513 1491 1659 1548 istos
1725 1495 2012 1565 paeniten-

369 1579 462 1633 tia:
491 1577 740 1645 labores,
787 1579 887 1633 sed
923 1578 1122 1634 videns
1169 1579 1360 1649 ipsum
1393 1580 1535 1636 adeo
1567 1582 1923 1653 squalidum,
1957 1587 2015 1637 et

371 1668 494 1723 sola
518 1667 859 1738 poenitentia
888 1684 949 1723 se
992 1668 1420 1740 respicientem,
1455 1671 1853 1728 misericordia
1884 1689 2013 1744 per-

373 1761 568 1811 motus
607 1761 716 1824 est,
753 1761 816 1811 ut
854 1773 1095 1813 currens
1127 1758 1462 1830 collumque
1494 1761 1622 1829 ejus
1653 1761 2013 1832 amplexatus

2127 598 2368 674 γέννημα
2443 599 2580 653 εἶναι
2647 599 2736 654 τὸν
2817 597 3209 672 προσελθόντα,
3285 597 3381 652 κᾶν
3450 594 3775 672 ἀλλοτρίαις

2129 687 2449 762 ἐπισποραῖς
2507 686 2807 755 ἐνοθεύετο,
2851 685 2941 740 καὶ
2999 693 3099 755 τῆς
3159 684 3321 740 αὐτοῦ
3379 685 3776 761 φιλανθρώπου

2127 784 2484 850 προαγωγῆς,
2543 775 2670 832 ἀλλ’
2726 775 2833 850 οὐχ
2889 775 3072 850 ἑτέρας
3131 775 3288 829 ποθὲν
3345 773 3778 848 νεωτεριζούσης

2126 860 2457 935 καταϐολῆς.
2491 863 2697 935 Μηδενὶ
2729 868 2841 939 (43)
2872 862 2930 919 δέ
2969 868 3076 920 τῶν
3119 861 3439 918 λυπούντων
3479 860 3777 938 προδιαθέ-

2132 974 2313 1027 μενος,
2350 953 2478 1029 μηδ’
2511 951 2788 1011 ἐπιϐαλὼν
2830 953 3053 1030 ἄλγημα
3090 959 3206 1016 τοῖς
3247 953 3642 1029 πολυχρὸνίοις
3674 958 3776 1008 τοῦ

2126 1043 2322 1106 παιδὸς
2380 1045 2716 1123 ἀλγήμασιν.
2783 1043 2905 1102 Αἷ¹θ’
2963 1043 3145 1118 ὥσπερ
3202 1064 3298 1099 σου
3374 1050 3478 1114 τῆς
3534 1042 3776 1114 πλάνης,

2127 1128 2268 1185 οὕτω
2319 1133 2404 1187 καὶ
2448 1141 2547 1203 τῆς
2598 1133 2929 1208 ἐπιστροφῆς
2960 1133 3050 1187 καὶ
3098 1139 3200 1201 τῆς
3239 1130 3530 1210 ἀποδοχῆς
3578 1141 3780 1187 κοινῶς

2124 1221 2394 1294 νήσαιμιί
2448 1221 2602 1278 Ἀλλ’
2633 1220 2723 1276 οὗν
2768 1223 2796 1277 ὁ
2850 1221 3236 1299 φιλάνθρωπος
3285 1221 3376 1275 καὶ
3423 1220 3619 1296 ἀγαθὸς
3666 1242 3776 1276 πα-

2123 1309 2228 1383 τὴρ
2277 1305 2355 1364 ἔτι
2399 1310 2591 1386 πόρῥω
2639 1311 2732 1366 καὶ
2782 1309 2872 1365 διᾶ
2921 1312 3091 1384 μόνης
3137 1317 3238 1380 τῆς
3291 1311 3580 1383 μετανοίας
3627 1311 3775 1384 ὁρῶ-δ

2124 1399 2593 1474 προσερχόμενον,
2634 1401 2839 1475 καρπὸν
2871 1397 2928 1455 δὲ
2976 1397 3090 1454 οὐδ’
3121 1401 3402 1455 ὁντιναοῦν
3453 1395 3777 1475 προϐαλλό-

2127 1509 2309 1562 μενον,
2342 1491 2441 1545 οὐκ
2499 1489 2738 1563 ἀνέμεινε
2785 1491 2875 1545 καὶ
2917 1490 3044 1551 τοὺς
3095 1488 3182 1544 ἐπὶ
3239 1495 3307 1563 τῇ
3370 1488 3625 1561 μετανοίᾳ
3671 1489 3780 1544 πό-

2122 1599 2266 1648 νους,
2300 1579 2427 1634 ἀλλ’
2468 1577 2595 1634 ἰδὼν
2624 1580 2784 1634 αὐτὸν
2827 1579 2968 1634 οὕτω
2997 1581 3239 1655 κατηφῆ,
3270 1578 3361 1633 καὶ
3407 1581 3475 1651 τῇ
3511 1577 3774 1651 μετανοίᾳ

2127 1666 2265 1740 μόνῃ
2296 1662 2680 1723 ἀποϐλέποντα
2711 1666 3122 1743 ἐσπλαγχνίσθη
3151 1683 3165 1698 ⁸
3195 1667 3286 1721 καὶ
3319 1664 3541 1741 δραμὼν
3573 1665 3773 1722 insue-

2124 1775 2207 1810 σεν
2239 1755 2325 1810 ἐπὶ
2362 1757 2455 1812 τὸν
2484 1755 2768 1832 τράχηλον
2818 1758 3005 1828 αὐτοῦ,
3035 1755 3124 1811 καὶ
3172 1755 3531 1830 κατεφίλησεν
3577 1755 3770 1814 αὐτόν.

371 1861 504 1899 eum
539 1844 1000 1901 deoscularetur.
1035 1847 1180 1910 Quid
1214 1862 1343 1903 vero
1377 1847 1530 1903 ﬁlius
1554 1849 1733 1920 ‘Iquis
1764 1866 1860 1906 eos
1887 1851 2008 1920 qui-

2121 1845 2180 1899 Τί
2229 1842 2286 1900 δὲ
2332 1845 2488 1915 υἱός;
2545 1846 2626 1908 τίς
2684 1845 2768 1916 ἂν,
2819 1848 2852 1901 ἃ
2906 1845 3027 1902 τότε
3067 1844 3366 1920 διεμέριζεν
3422 1845 3604 1914 αὑτὸν,
3644 1845 3775 1900 ἀνα·-

369 1933 476 1989 bus
508 1933 955 2004 distrahebatur,
989 1936 1228 1991 atrocius
1258 1940 1726 1993 enumeraverit?
1755 1940 2012 1996 Aderant

367 2025 572 2094 pudor,
618 2023 878 2088 tristitia,
914 2030 1122 2093 metus,
1167 2027 1438 2097 angustia
1466 2026 1668 2095 animi,
1703 2028 2008 2099 timiditas,

364 2127 494 2180 spes
517 2111 575 2165 in
598 2110 722 2166 solo
753 2111 1041 2168 desiderio
1060 2113 1364 2182 ﬂuctuans,
1393 2116 1673 2172 memoria
1693 2133 1883 2173 rerum
1907 2135 2009 2174 su-

366 2200 682 2270 periorum,
715 2201 1035 2257 recordatio
1058 2203 1457 2273 infandorum,
1481 2207 1750 2276 cogitatio
1784 2207 2007 2265 futuro-

364 2304 518 2342 rum.
556 2289 618 2343 Et
649 2288 767 2344 illis
786 2294 979 2345 tamen
1011 2291 1284 2347 omnibus
1304 2308 1406 2363 per
1423 2294 1819 2364 paenitentiam
1840 2313 2008 2370 supe-

365 2376 482 2432 rior
511 2381 616 2432 est.
650 2378 742 2432 Ait
793 2379 949 2434 enim
985 2395 998 2432 :
1031 2384 1216 2446 Pater,
1273 2384 1489 2451 peccavi
1517 2384 1577 2436 in
1614 2384 1804 2438 caelum
1837 2395 1892 2441 et
1919 2403 2006 2443 co-

362 2483 485 2521 ram
517 2476 586 2533 le,
611 2482 786 2538 neque
821 2468 1022 2534 dignus
1071 2471 1310 2541 amplius
1339 2488 1477 2538 sum,
1524 2477 1620 2543 qui
1667 2490 1821 2531 vocer
1856 2476 2008 2546 ﬁlius

359 2561 488 2610 tum
520 2556 587 2608 ³³.
621 2559 807 2626 Atque
837 2557 949 2612 ista
971 2560 1262 2614 confessio
1284 2561 1472 2616 verbis
1504 2563 1671 2631 facta,
1705 2565 1776 2619 ab
1798 2565 2007 2620 anima;

364 2643 567 2697 habitu
585 2660 700 2698 non
715 2644 1071 2716 discrepans,
1091 2647 1228 2702 facit
1248 2649 1686 2720 utpateripsum
1702 2659 1855 2708 veste
1874 2670 2009 2724 pre-

365 2731 537 2802 cipua
560 2731 787 2799 induat,
812 2733 1034 2788 annulo
1064 2750 1272 2792 manus
1303 2754 1422 2792 suae
1444 2741 1701 2797 actiones
1720 2742 2006 2815 obsignet,

362 2819 658 2890 pedesque
670 2819 1104 2888 calceamentis,
1121 2841 1191 2880 ne
1207 2842 1240 2880 a
1255 2833 1518 2897 serpente
1531 2829 1717 2886 calces
1736 2831 1864 2886 laedi
1881 2850 2010 2904 pos-

358 2912 509 2976 sent,
541 2909 788 2964 muniat.
822 2912 1026 2968 Postea
1054 2917 1111 2968 et
1141 2915 1382 2971 vitulum
1414 2919 1746 2990 saginatum
1769 2928 2000 2991 mactat,

2121 1935 2385 2009 ριθμήσαι
2426 1935 2602 2005 πάθης
2659 1936 2920 2010 αἰσχύνη,
2964 1933 3137 2005 λύπη,
3180 1929 3374 2009 φόϐος,
3425 1931 3626 2004 δειλία,
3667 1956 3772 1990 κα-

2117 2028 2336 2102 τήφεια,
2380 2024 2620 2097 ἐλπίδες,
2677 2027 2824 2100 μόνῳ
2873 2032 2951 2100 τῷ
3008 2025 3182 2082 θέλεὶν
3244 2025 3587 2095 σαλεύουσαι,
3629 2026 3769 2081 ἀνά-

2123 2136 2320 2188 μνησις
2365 2120 2471 2170 τῶν
2517 2115 2788 2190 ἀρχαίων,
2843 2118 3034 2190 μνήμη
3075 2120 3184 2171 τῶν
3235 2115 3565 2190 ὑπερορίων,
3611 2113 3776 2191 λογι-

2119 2204 2254 2276 σμὸς
2306 2209 2413 2258 τῶν
2478 2202 2822 2278 μελλόντων.
2875 2209 2932 2260 '0
3008 2201 3065 2259 δὲ
3124 2209 3312 2280 κρατεῖ
3376 2209 3446 2278 τῇ
3508 2205 3772 2278 μετανοίᾳ

2116 2293 2350 2348 πάντων.
2395 2294 2496 2348 Καί
2554 2315 2686 2373 φησι
2721 2311 2735 2325 °
2795 2294 2987 2368 Πάτερ.
3029 2292 3274 2367 ἥμαρτον
3327 2293 3401 2354 εἰς
3450 2293 3542 2348 τὸν
3600 2291 3770 2367 οὖρα-

2117 2383 2206 2436 νὸν
2261 2383 2350 2436 καὶ
2409 2381 2640 2438 ἔνώπιόν
2694 2404 2811 2453 σου,
2862 2384 2952 2438 καὶ
3012 2384 3193 2438 οὐκέτι
3254 2383 3368 2456 εἰμί
3425 2380 3572 2452 ἄξιος
3631 2381 3774 2452 κλη-

2119 2472 2273 2536 θῆναι
2323 2472 2440 2536 υἱός
2483 2493 2598 2528 σου.
2646 2473 2744 2529 Καὶ
2797 2475 2832 2542 ἡ
2882 2477 2988 2527 τῶι
3047 2472 3308 2546 ῥημάτιον
3366 2470 3772 2548 ἐξομολόγησις

2114 2567 2214 2629 τῆς
2273 2563 2460 2635 ψυχῆς
2517 2561 2578 2615 οὐ
2629 2559 2936 2635 ψευδομένη
2992 2563 3092 2631 τήν
3159 2558 3416 2628 διάθεσιν,
3457 2562 3770 2635 παραυτίκα

2120 2651 2216 2724 μὲν
2248 2651 2411 2706 αὑτὸν
2460 2653 2560 2721 τῆν
2615 2650 2815 2720 στολὴν
2864 2649 3032 2707 ἐνδύει
3079 2653 3176 2722 τὴν
3225 2653 3470 2729 πρώτην.
3523 2653 3621 2707 Καὶ
3673 2649 3766 2707 δα-

2115 2740 2326 2813 κτυλίῳ
2382 2744 2481 2810 τῆς
2568 2743 2756 2817 χειρὸς
2823 2743 2920 2804 τάς
2991 2743 3211 2816 πράξεις
3278 2741 3578 2821 σφραγίζει,
3666 2743 3761 2796 καὶ

2120 2828 2436 2903 ὑποδήμασι
2467 2830 2594 2895 τοὺς
2639 2829 2830 2900 πόδας,
2866 2830 3059 2904 μηκέτι
3113 2829 3323 2886 δάκνειν
3369 2832 3456 2886 τὸν
3500 2827 3618 2907 ὅφιν
3650 2833 3758 2899 τήν

2115 2921 2365 2995 πτέρναν,
2426 2919 2799 2996 ἀσφαλίζεται.
2869 2921 2999 2975 Εἶτα
3058 2920 3146 2975 καὶ
3203 2921 3296 2974 τὸν
3373 2920 3575 2994 μόσχον
3633 2919 3754 2976 θύει

359 3013 688 3069 magnoque
709 3013 841 3054 cum
865 2999 1177 3071 splendore
1190 3009 1246 3058 et
1264 3013 1501 3079 sumptu
1523 3009 1866 3066 convivatur
1879 3028 2004 3068 cum

2121 3010 2206 3065 τὸν
2246 3012 2506 3077 σιτευτὸν,
2560 3009 2651 3066 καὶ
2701 3009 3040 3089 εὐφραίνεται
3092 3009 3362 3086 λαμπρῶς
3412 3031 3468 3066 τε
3505 3008 3592 3064 καὶ
3638 3028 3754 3063 πο-

356 3085 498 3155 filio,
512 3103 545 3140 a
560 3087 806 3143 mortuis
824 3104 1070 3158 reverso,
1085 3095 1280 3163 etpost
1293 3093 1527 3167 longam
1543 3097 2002 3169 illamjacturam

2116 3096 2362 3162 λυτελῶς
2394 3101 2421 3155 ὁ
2466 3102 2648 3175 πατὴρ
2701 3101 2838 3173 μετὰ
2883 3103 2978 3154 τοῦ
3029 3098 3087 3154 ἐκ
3141 3103 3341 3174 νεκρῶν
3388 3097 3762 3162 ἀναλύσαντος

357 3174 572 3230 iterum
591 3180 837 3265 reperto.
854 3177 1053 3250 Vides,
1070 3184 1362 3252 quomodo
1378 3165 1646 3256 parabola
1665 3165 1782 3244 haec
1797 3191 1850 3243 in
1869 3191 2003 3245 aani-

2121 3190 2234 3244 υίοῦ
2287 3190 2377 3244 καὶ
2454 3189 2825 3265 ἀνευρεθέντος
2895 3189 3028 3262 μετὰ
3101 3190 3199 3257 την
3283 3191 3493 3262 μακρὰν
3550 3188 3761 3259 ἐκείνην

357 3268 550 3333 gmate
579 3264 848 3320 omnium
877 3271 934 3322 et
965 3269 1420 3340 exquisitissimo
1454 3279 1511 3329 et
1538 3274 2002 3336 luculentissimo

2121 3279 2409 3336 ὶπώλειαν.
2441 3264 2595 3355 Ὁρᾷς
2655 3281 2806 3342 ὅπως
2863 3279 3200 3352 αἰνιγμάτων
3257 3280 3476 3334 πάντων
3533 3275 3761 3353 ἀκριϐέο

359 3352 550 3406 tradat
578 3352 725 3408 ista:
759 3371 789 3408 a
823 3355 972 3411 bono
1004 3361 1059 3412 et
1088 3357 1396 3416 Conditore
1427 3367 1482 3417 et
1513 3364 1778 3422 Creatore
1803 3375 2001 3424 natum

357 3445 416 3495 et
442 3447 633 3496 ortum
660 3459 790 3499 esse
820 3449 876 3499 et
906 3445 1215 3518 prodigum
1245 3448 1409 3506 illum
1443 3453 1653 3522 filium,
1683 3464 1734 3511 et
1763 3457 2002 3513 alterum

361 3527 529 3583 illum
563 3532 828 3600 ejusdem
863 3538 1048 3601 ortus,
1081 3552 1144 3591 ac
1169 3544 1287 3592 tum
1320 3543 1488 3596 astate
1520 3547 1642 3598 tum
1676 3545 1843 3601 factis
1876 3547 2002 3619 ipso

367 3619 670 3688 majorem,
724 3620 820 3690 qui
872 3627 928 3676 et
958 3621 1017 3677 in
1072 3624 1260 3695 patria
1290 3627 1461 3684 domo
1493 3636 1899 3706 permanserit,
1949 3642 2006 3694 et

361 3707 679 3778 pristinum
713 3709 892 3766 decus
922 3727 989 3767 ac
1013 3713 1310 3772 facultates
1330 3734 1466 3774 suae
1488 3736 1620 3776 cum
1652 3727 1834 3780 letalis
1864 3743 2003 3796 prm-

361 3799 620 3869 rogativa
651 3799 949 3856 retinuerit
975 3819 987 3857 :
1013 3819 1128 3860 non
1148 3811 1339 3864 autem
1364 3811 1642 3880 majorem
1676 3813 1842 3870 illum
1867 3821 2003 3873 natu

361 3903 430 3943 ex
458 3887 591 3955 alia,
616 3889 904 3947 minorem
936 3908 1067 3950 vero
1099 3894 1298 3954 itidem
1330 3915 1398 3954 ex
1429 3901 1543 3958 alia
1572 3904 1754 3977 stirpe
1776 3911 1877 3963 aut
1906 3923 2002 3980 ge-

363 3979 658 4069 neratione
681 3979 923 4050 derivat,
955 3984 1052 4038 sed
1079 3993 1394 4058 utrumque
1427 3991 1497 4047 ab
1527 3992 1735 4050 iisdem
1770 3979 2005 4069 origini-

358 4067 472 4124 bus
499 4075 552 4123 et
583 4071 962 4141 productione
1010 4078 1066 4129 et
1121 4077 1468 4135 educatione
1527 4082 1785 4140 deducit.
1820 4067 2005 4144 Simul

360 4172 492 4213 vero
515 4161 571 4214 et
603 4158 711 4215 hoc
743 4161 1109 4219 considerare
1142 4165 1226 4221 fas
1256 4171 1364 4235 est,
1392 4171 1566 4242 quod,
1609 4172 1658 4228 si
1691 4175 1823 4244 quis
1855 4177 2006 4233 ﬁlios

359 4245 416 4300 in
443 4245 716 4316 parabole
733 4247 832 4304 illa
854 4256 1205 4307 memoratos
1229 4253 1546 4313 humanam
1570 4266 1839 4317 naturam
1857 4265 2008 4320 indi-

363 4349 493 4424 care
525 4340 778 4402 censeat,
804 4343 861 4392 et
893 4353 994 4407 per
1043 4342 1323 4410 majorem
1368 4348 1508 4399 natu
1563 4347 1716 4416 illos,
1752 4352 1848 4420 qui
1881 4369 2010 4424 gra-

2111 3369 2296 3443 στερόν
2327 3390 2384 3424 τε
2423 3370 2512 3423 καὶ
2554 3367 2877 3447 σαφέστερον
2926 3371 2960 3438 ἡ
3011 3362 3303 3442 παραϐολή
3357 3364 3760 3442 παραδίδωσιν.

2112 3459 2348 3533 Ἀγαθοῦ
2402 3458 2496 3530 μὲν
2543 3459 2631 3513 καὶ
2676 3458 2920 3512 πλάστου
2959 3457 3048 3512 καὶ
3095 3457 3417 3530 πλάσματος
3465 3455 3766 3528 προελθεῖν

2114 3547 2172 3610 ὅς
2220 3548 2308 3602 καὶ
2361 3553 2519 3625 φῦναι
2566 3547 2658 3602 τόν
2703 3568 2762 3602 τε
2819 3546 3027 3602 ἄσωτον
3080 3548 3194 3601 υἱὸν
3249 3546 3339 3602 καὶ
3391 3547 3486 3601 τὸν
3537 3547 3762 3624 ὁμοφυῆ

2113 3639 2202 3693 καὶ
2242 3633 2603 3713 πρεσϐύτερον
2638 3639 2827 3707 αὐτοῦ,
2871 3638 2960 3692 καὶ
2992 3637 3179 3712 χρόνῳ
3224 3637 3314 3691 καὶ
3355 3637 3767 3710 ἀνορθώμσσιν,

2114 3727 2172 3791 ὅς
2222 3728 2311 3782 καὶ
2369 3732 2436 3802 τῇ
2493 3732 2592 3783 τοῦ
2639 3733 2905 3803 πατρικοῦ
2963 3725 3339 3802 οἷ’διαίτῃζάἇ)
3397 3724 3770 3800 διαμεμένηκέ

2113 3839 2190 3887 τε,
2244 3819 2333 3874 καὶ
2379 3819 2482 3887 τὴν
2531 3820 2802 3894 προτέραν
2852 3814 3031 3888 δόξαν,
3082 3818 3168 3872 καὶ
3231 3815 3415 3871 οὐσίαν
3474 3816 3606 3890 μετὰ
3664 3820 3768 3871 τοῦ

2115 3903 2398 3983 πρισϐείου
2450 3909 2814 3982 συνετήρησε,
2854 3906 2943 3962 καὶ
2994 3907 3124 3982 οὐχὶ
3173 3907 3264 3962 τὸν
3320 3907 3416 3979 μὶν
3467 3900 3767 3980 πρεσϐύτε-

2118 4017 2208 4072 ρον
2241 3996 2291 4070 ἐξ
2342 3995 2542 4068 ἄλλης,
2571 3998 2661 4052 τὸν
2715 3994 2772 4051 δὲ
2829 3997 3088 4071 νεώτερον
3119 3995 3166 4069 ἐξ
3212 3995 3590 4068 ἀντικειμένης
3637 4015 3772 4050 σποι

2117 4093 2214 4162 ρᾶς
2263 4087 2298 4157 ἢ
2343 4088 2600 4163 γενέσεως
2654 4086 2910 4162 προάγει,
2943 4087 3070 4142 ἀλλ’
3129 4085 3296 4165 ἄμφω
3352 4081 3668 4155 καταϐολῆς
3707 4105 3772 4140 τε

2115 4183 2214 4246 τῆς
2255 4176 2426 4242 αὐτῆς
2472 4175 2562 4231 καὶ
2623 4175 2834 4251 φύσεως
2875 4177 2966 4232 καὶ
3023 4182 3362 4251 προαγωγῆς
3414 4176 3504 4229 καὶ
3555 4172 3775 4245 διαίτης

2121 4267 2438 4343 ἀναγράφει.
2475 4267 2573 4322 Καὶ
2632 4264 2946 4337 ἐπιθεωρεῖν
2985 4267 3272 4338 προσήκει,
3306 4265 3379 4326 ὡς
3429 4262 3484 4318 εἷ’
3505 4284 3590 4325 τις
3639 4262 3774 4326 τοὺς

2120 4360 2220 4416 τῆς
2268 4350 2590 4430 παραϐολῆς
2638 4353 2789 4417 υἱοὺς
2820 4355 2920 4423 τὴν
2967 4354 3306 4428 ἀνθρωπίνην
3359 4351 3566 4420 δηλοῦν
3609 4352 3774 4429 φύσιν

362 4422 504 4478 tiam
539 4424 845 4494 pristinam
892 4429 1310 4499 conservarint,
1359 4448 1463 4488 nec
1495 4435 1715 4492 donum
1748 4422 2008 4496 illud'in-

2125 4439 2422 4513 ὑπολάϐοι,
2453 4445 2543 4498 καὶ
2575 4441 2665 4498 διὰ
2700 4445 2792 4518 μὲν
2823 4447 2921 4498 τοῦ
2964 4439 3332 4519 πρεσϐυτέρου
3373 4441 3520 4510 τοὺς,
3564 4442 3616 4496 οἳ
3667 4443 3773 4510 τὴν

359 4513 750 4582 temperantia
806 4529 912 4569 sua
961 4518 1376 4588 corruperint;
1431 4539 1532 4593 per
1561 4525 1852 4594 juniorem
1880 4547 2013 4589 vero

363 4615 482 4669 eos,
507 4601 606 4670 qui
631 4600 786 4655 mala
808 4619 922 4673 pra
947 4603 1119 4660 bonis
1151 4606 1446 4679 elegerint,
1471 4615 1855 4683 etifacultates
1878 4637 2014 4679 suas

365 4690 607 4782 luxuria
631 4691 1010 4782 dissiparint;
1045 4697 1162 4752 sive
1192 4697 1357 4754 illum
1393 4703 1627 4773 quidem
1651 4709 2012 4782 angelorum,

366 4777 522 4833 hunc
538 4796 671 4836 vero
685 4780 991 4840 hominum
1026 4799 1440 4860 repraesentare
1462 4792 1598 4851 hinc
1622 4777 1858 4871 statum,
1880 4777 2014 4859 hinc

365 4869 767 4960 mutationem,
800 4883 1067 4946 censeat;
1104 4877 1226 4934 sive
1258 4880 1508 4953 denique
1541 4885 1765 4956 placeat
1795 4869 2017 4960 (licebit

361 4956 515 5012 enim
547 4959 834 5051 quidquid
870 4963 1160 5051 libuerit)
1219 4985 1322 5039 per
1350 4987 1450 5028 eos
1501 4956 1824 5046 intelligere
1854 4981 2012 5051 illos,

362 5059 605 5116 quorum
640 5047 736 5136 alii
790 5049 900 5104 sub
951 5050 1078 5123 lege
1129 5055 1227 5109 alii
1260 5057 1368 5113 sub
1400 5060 1588 5130 gratia
1643 5063 1808 5136 sint;
1859 5047 2013 5126 certe

361 5138 612 5207 utraque
641 5134 763 5192 haec
795 5139 1095 5198 meditatio
1125 5143 1280 5201 clare
1310 5150 1368 5202 et
1397 5147 1524 5205 sine
1555 5134 1890 5223 exceptione
1920 5158 2012 5214 de-

429 5235 479 5272 ³⁸
507 5237 640 5293 Luc.
672 5256 762 5308 xv,
794 5242 884 5298 21.

2125 4529 2216 4585 ἀπ’
2248 4532 2425 4608 ἀρχῆς
2459 4532 2783 4588 διεσώσαντο
2814 4532 2994 4608 χάριν,
3027 4533 3115 4586 καί
3146 4533 3208 4586 τὸ
3251 4529 3424 4607 δῶρον
3476 4531 3582 4606 οὐχ
3621 4524 3778 4605 ὕϐρι-

2128 4643 2219 4676 σαν
2264 4622 2490 4694 ἀσωτίᾳ,
2523 4622 2611 4678 ’διά
2643 4622 2701 4678 δὲ
2748 4627 2844 4678 τοῦ
2891 4624 3155 4696 νεωτέρου
3198 4621 3324 4684 τοὺς
3373 4617 3775 4693 ἀνθελομένους

2123 4711 2189 4766 τά
2237 4711 2417 4789 φαῦλα
2465 4714 2570 4787 πρὸ
2618 4718 2725 4767 τῶν
2779 4712 3106 4786 ἀμεινόνων,
3164 4711 3249 4765 καὶ
3285 4711 3384 4778 τὴν
3442 4709 3628 4764 οὐσίαν
3689 4708 3778 4770 εἷς

2123 4802 2356 4857 ἀσωτίαν
2403 4802 2834 4876 ἀμειψαμένους,
2865 4801 2973 4858 εἴτε
3021 4802 3111 4856 τὸν
3159 4801 3253 4874 μὲν
3305 4801 3402 4867 τήν
3443 4797 3772 4876 ἀγγελικὴν,

2121 4891 2211 4946 τὸν
2255 4887 2311 4945 δὲ
2350 4891 2447 4958 τήν
2496 4889 2840 4964 ἀνθρωπίνην
2895 4887 3408 4966 παραδειγματίζειν
3444 4887 3774 4944 κατάστασιν

2121 4979 2209 5034 καὶ
2245 4977 2423 5051 λῆξιν.
2457 4980 2519 5036 El
2557 4979 2748 5053 βούλει
2805 4975 2862 5034 δὲ
2893 4981 3031 5051 (πῶς
3093 4976 3139 5033 δ’
3197 4979 3256 5032 ἂν
3310 4977 3372 5032 σὺ
3436 4975 3772 5052 βουλητῆς),

2122 5069 2246 5129 τοὺς
2276 5067 2378 5122 ὑπὸ
2416 5067 2507 5122 τὸν
2541 5070 2710 5140 νόμον
2743 5089 2800 5123 τε
2838 5069 2930 5122 καὶ
2972 5067 3074 5123 ὑπὸ
3103 5068 3202 5135 τήν
3254 5066 3416 5142 χάριν
3450 5069 3578 5139 (45),
3611 5063 3772 5120 οὐδὲν

2123 5151 2346 5212 ἔλαττον
2382 5152 2452 5210 δι’
2490 5157 2740 5231 ἑκατέρας
2791 5157 3020 5232 θεωρίας
3061 5156 3331 5231 λαμπρῶς
3364 5176 3424 5210 τε
3467 5155 3552 5210 καὶ
3604 5154 3774 5228 ἀναμ-

1519 5343 1758 5401 VARL’E
1800 5348 2186 5410 LECTIONES
2229 5354 2316 5409 ET
2356 5353 2588 5412 ΝΟΤᾹΞ.

429 5428 545 5511 ςῤ3)
571 5425 839 5511 μηδενί-.-
880 5431 1079 5511 Malim
1138 5435 1326 5511 legere
1360 5435 1551 5511 μηδέν.
1608 5444 1670 5499 Id
1702 5445 1856 5502 enim
1888 5449 2000 5506 sibi

356 5499 501 5579 velle
525 5499 763 5579 videtur
792 5503 1022 5579 Noster,
1057 5499 1227 5577 quod"
1246 5499 1392 5566 nihil
1421 5499 1623 5570 eorum
1645 5499 1993 5579 inmedium

357 5571 658 5664 attulerit,
677 5588 802 5664 quis
845 5571 1109 5664 animum
1147 5582 1484 5650 pcenitentis
1511 5571 1998 5664 tristitiaimajore

357 5643 600 5711 implere
630 5650 918 5711 poterant.

455 5715 544 5790 44)
574 5713 848 5789 Οἵδιαίτη.
899 5721 984 5778 Ita
1014 5738 1125 5779 ms.
1168 5725 1390 5782 Sensus
1418 5743 1549 5784 vero
1579 5744 1682 5800 per
1709 5747 1772 5790 se
1800 5739 1994 5792 osten-

2112 5453 2197 5507 dit
2225 5451 2539 5524 legendum
2560 5467 2696 5509 esse
2733 5449 2888 5506 οἷ’κου
2921 5447 3128 5576 aut?

2182 5525 2295 5576 (45ὶ
2329 5523 2426 5576 Καὶ
2487 5524 2590 5576 ὑπὸ
2648 5523 2748 5576 τῆν
2807 5522 2990 5576 γάοιν.
3104 5539 3128 5576 a

2182 5517 2426 5598 (45ῩΚαὶ
2487 5524 2613 5598 ὑπὸ,
2648 5523 2748 5598 τήν
2807 5522 2990 5598 χάριν.
3051 5517 3260 5598 Varias
3288 5525 3549 5598 veterum
3582 5517 3767 5598 hujus

2109 5591 2391 5678 parabolae
2422 5591 3148 5678 eaposit‘io;nes"memorat
3177 5593 3248 5675 cl_.
3297 5592 3383 5678 lo.
3429 5591 3761 5678 d’Outrein.

2107 5663 2168 5722 in
2193 5663 2591 5741 Explicatione
2623 5667 3064 5741 Belgicaghujus
3096 5669 3153 5724 et
3173 5663 3480 5741 similium
3501 5663 3762 5741 aliarum

2107 5734 2536 5810 parabolarum,
2567 5756 2694 5812 qua
2729 5734 3316 5812 prodiit'Amstelod.,
3352 5735 3512 5806 1692,
3552 5734 3604 5792 4.
3641 5819 3646 5822 _
