4084 6210
357 374 469 436 251

1599 363 1865 428 PHOTlI
1907 363 2438 425 PATBIARCH/E
2479 366 2599 426 ΟΡ.

3645 364 3774 425 252

363 507 556 565 omnis
589 503 1051 562 abominationis
1073 502 1295 560 auctori
1327 505 1592 570 acceptas
1609 500 1800 558 ferre?
1819 501 2004 572 Atque

2137 495 2332 569 εόλμης
2363 496 2697 572 ποῤῥῶτέρω
2738 518 2795 552 σε
2843 493 2932 552 καὶ
2969 498 3158 571 μωροῦ
3205 498 3297 551 καὶ
3333 497 3546 574 τυφλοῦ
3593 516 3776 572 παρα-

365 597 462 653 ille
482 593 720 667 quidem
745 599 902 650 tanto
924 594 1144 650 honore
1174 598 1232 648 et
1257 591 1441 664 gloria
1473 608 1636 647 sacra
1656 589 1862 662 legalis
1879 589 2010 646 cin-

369 687 472 759 git,
507 688 562 740 et
582 684 833 752 Judaeos,
859 699 924 739 eo
946 684 1126 754 quod,
1159 682 1420 752 quamvis
1443 696 1511 736 ea
1539 680 1811 746 colerent,
1835 678 2011 751 digno

369 779 566 830 tamen
600 772 762 828 cultu
796 789 909 827 non
941 773 1450 843 prosequerentur,
1484 771 1660 825 tantis
1691 768 2011 824 commina-

370 864 627 920 tionibus
657 867 714 918 et
745 877 922 932 poenae
956 861 1236 916 obnoxios
1259 859 1516 926 facit,ita
1536 859 1873 930 quidem,ut
1898 856 2010 913 illa)

379 971 492 1009 non
529 961 643 1008 tam
676 952 824 1023 ipsis
866 966 1042 1022 quam
1073 950 1180 1004 tibi
1229 950 1663 1006 immittantur:
1706 957 1764 1002 tu
1814 952 2011 1004 autem

376 1061 448 1100 ne
480 1045 565 1100 sic
595 1041 830 1113 quidem
855 1042 1070 1097 sentire
1097 1041 1206 1108 vis,
1231 1045 1451 1112 quanta
1470 1040 1539 1096 sit
1568 1045 1669 1095 tua
1699 1038 2011 1095 calumnia.

375 1133 438 1190 Et
488 1129 885 1188 substantialis
945 1131 1180 1202 quidem
1214 1130 1315 1186 Dei
1373 1129 1658 1202 sapientia
1709 1128 1922 1185 Scribis
1961 1132 2018 1184 et

373 1221 682 1276 Pbarisaeis
726 1221 814 1277 Vw
843 1220 1148 1287 occlamat,
1181 1220 1336 1291 quod
1377 1236 1490 1277 non
1524 1237 1623 1291 per
1653 1218 1851 1275 omnia
1901 1217 2016 1290 legi

373 1310 632 1367 debitum
645 1309 868 1365 cultum
884 1309 1382 1378 praestiterint,sed
1398 1310 1453 1364 in
1469 1308 1780 1364 levioribus
1793 1309 2018 1378 quidem

372 1403 559 1472 legem
574 1399 960 1468 observarint,
974 1397 1033 1452 in
1047 1399 1414 1470 gravioribus
1435 1407 1625 1456 autem
1641 1399 2018 1472 neglexerint.

373 1494 458 1545 Tu
490 1505 642 1552 vero,
679 1487 774 1562 qui
797 1491 993 1542 contra
1013 1504 1212 1544 omnes
1235 1487 1466 1561 etleges
1497 1497 1734 1546 etsacra
1755 1490 2017 1560 linguam

378 1580 562 1646 acuis,
619 1581 734 1636 imo
784 1582 840 1634 et
877 1592 975 1632 eos
1034 1577 1133 1649 qui
1185 1581 1510 1636 secundum
1561 1579 1747 1652 legem
1809 1581 2020 1635 versati

381 1675 542 1741 sunt,
600 1671 659 1725 in
709 1675 1025 1726 extremam
1100 1669 1458 1741 impietatem
1532 1669 1842 1742 pertrahis,
1903 1687 2017 1726 non

2122 587 2348 659 πέμπει,
2380 586 2444 640 οὐ
2469 585 2708 663 φρίττεις
2737 591 2816 658 τῷ
2847 585 3137 661 ἀρχεκάκῳ
3170 582 3511 659 βδελύγματι
3541 587 3609 641 τὰ
3639 587 3770 663 ἅγια

2121 673 2445 752 ἀναφέρειν;
2485 674 2576 730 καὶ
2621 676 2648 730 6
2701 675 2794 749 μὲν
2827 674 3066 748 τοσαύτῃ
3115 677 3252 748 τιμῇ
3304 675 3393 728 καὶ
3443 673 3569 748 δόξῃ
3619 695 3778 749 περι-

2122 762 2352 838 τειχίζει
2410 763 2478 819 τὰ
2531 766 2732 838 νομικὰ
2789 763 2927 838 ἱερὰ,
2985 763 3076 818 καὶ
3131 762 3259 824 τοὺς
3320 761 3637 832 Ἰουδαίους,
3683 763 3772 819 δτι

2125 857 2393 926 τιμῶντες
2447 855 2522 925 μὴ
2562 855 2700 910 κατά
2728 855 2790 908 τὸ
2839 859 3117 928 προσῆκον
3159 852 3378 926 ἐτίμων,
3426 851 3773 924 τηλικαύτης

2127 941 2260 1015 ἀρᾶς
2291 943 2380 997 καὶ
2431 940 2584 1013 δίκης
2618 943 2847 1019 ἐνόχους
2895 948 3062 1012 ποιεῖ,
3097 941 3158 997 οὐ
3205 943 3324 998 κατ’
3363 941 3574 998 ἐκείνων
3619 941 3774 1018 μᾶλ-

2130 1027 2228 1084 λον
2260 1031 2294 1099 ἢ
2349 1030 2484 1086 κατὰ
2523 1035 2619 1086 σοῦ
2664 1035 2861 1092 ταύτας
2909 1031 3104 1107 ἀφιείς.
3142 1029 3217 1084 Σὺ
3267 1027 3326 1084 δὲ
3362 1035 3457 1085 τοῦ
3510 1032 3773 1104 μεγέθους

2129 1128 2228 1191 τῆς
2251 1128 2352 1190 σῆς
2376 1119 2725 1198 βλασφημίας
2739 1119 2851 1176 οὐδ’
2875 1122 3049 1183 οὕτως
3070 1119 3318 1188 α’ίσθησιν
3347 1119 3535 1196 βούλει
3555 1116 3773 1176 λαϐεῖν.

2129 1212 2231 1267 Καὶ
2266 1213 2301 1281 ἡ
2338 1211 2432 1283 μὲν
2473 1210 2873 1273 αὐθυπόστατος
2916 1214 3014 1266 τοῦ
3053 1212 3188 1265 Θεοῦ
3219 1209 3381 1285 σοφία
3416 1208 3542 1271 τοὺς
3585 1215 3775 1282 Γραμ-

2131 1309 2317 1374 ματεῖς
2347 1302 2438 1355 καὶ
2471 1300 2804 1376 Φαρισαίους
2848 1295 2927 1354 ἔτι
2953 1293 3368 1354 καθυποϐάλλει
3394 1303 3473 1371 τῷ
3506 1299 3654 1368 οὐαὶ,
3686 1298 3776 1353 ὅτι

2133 1394 2206 1467 μή
2243 1390 2331 1446 διὰ
2367 1391 2581 1446 πάντων
2623 1395 2702 1463 τῷ
2729 1391 2883 1463 νόμῳ
2932 1391 2995 1446 τὸ
3039 1384 3333 1468 σεϐάσμιον
3385 1383 3591 1462 ἔνεμον,
3644 1387 3778 1443 ἄλλ’

2131 1481 2185 1537 ἐν
2221 1481 2314 1553 μὲν
2369 1485 2485 1541 τοῖς
2539 1480 2882 1554 μικροτέροις
2925 1477 3394 1552 ἐνομοφυλάκουν,
3444 1477 3496 1531 ἐν
3550 1475 3608 1531 δὲ
3653 1481 3778 1538 τοῖς

2134 1572 2345 1644 μείζοσι
2373 1571 2753 1643 παρηνόμουν.
2790 1569 2864 1624 Σὺ
2895 1567 2951 1623 δὲ
2989 1569 3126 1624 κατά
3153 1568 3370 1622 πάντων
3402 1569 3500 1636 τὴν
3518 1565 3780 1642 γλῶσσαν

2129 1662 2326 1732 ὀξύνων
2359 1662 2449 1716 καὶ
2471 1661 2652 1734 νόμων
2683 1661 2770 1714 καὶ
2803 1660 2985 1734 ἱερῶν,
3013 1658 3158 1714 ἀλλὰ
3186 1659 3276 1713 καὶ
3306 1657 3454 1731 τοὺς,
3486 1659 3604 1712 ὅσοι
3633 1658 3774 1712 ποτὲ

382 1760 679 1817 existimas
711 1776 911 1831 poenas
952 1759 1304 1830 multiplices
1332 1765 1389 1815 te
1430 1741 1666 1816 manere
1694 1761 1721 1815 ‘I
1757 1760 2022 1831 Namque

2137 1753 2268 1808 κατὰ
2313 1753 2404 1806 τόν
2462 1751 2628 1823 νόμον
2658 1748 3043 1805 ἐπολιτεύοντο
3095 1747 3173 1810 εἷς
3225 1747 3464 1822 ἐσχάτην
3520 1741 3770 1802 ἂσέϐειαν

385 1851 653 1906 Servator
685 1823 822 1905 {Vae
858 1849 1031 1915 vobis,
1067 1823 1165 1916 ait,
1200 1865 1229 1904 ο
1257 1850 1462 1906 Scriba
1518 1859 1568 1906 et
1615 1849 1888 1906 Phariszi
1916 1823 2019 1920 liy-

2137 1838 2328 1910 έλκων,
2363 1839 2460 1894 οὐκ
2512 1837 2612 1894 οῖει
2658 1837 3077 1899 πολυπλασίους
3115 1837 3209 1900 τὰς
3265 1838 3459 1900 ποινὰς
3523 1835 3774 1911 ὑφέξεινς

381 1940 631 2011 pocritac,
655 1937 793 2010 quia
814 1937 1096 1993 decimam
1110 1939 1393 1994 menlham
1423 1944 1474 1994 et
1502 1943 1783 2010 cyminum
1805 1945 1854 1996 et
1875 1941 2020 1998 dese-

386 2029 584 2084 ruistis
609 2029 866 2097 graviora
901 2026 1055 2096 legis,
1077 2026 1365 2096 judicium
1405 2033 1455 2082 et
1481 2027 1941 2099 misericordiam,
1973 2038 2024 2086 et

385 2118 548 2187 ﬁdem
577 2114 642 2170 ³⁸.
677 2115 748 2169 Αι
785 2115 1107 2170 secundum
1154 2118 1549 2186 apostatarum
1581 2133 1874 2174 sermones
1909 2135 2023 2176 non

379 2203 530 2269 ideo,
563 2200 721 2272 quod
769 2199 1143 2272 neglexerant
1181 2210 1466 2274 praecepta
1513 2203 1676 2274 legis,
1727 2204 1829 2261 sed
1869 2208 2022 2277 quod

381 2305 584 2348 eorum
617 2290 1078 2346 observationem
1109 2291 1310 2347 sectati
1356 2295 1544 2360 erant,
1575 2292 1649 2348 ad
1689 2310 1886 2364 pmnas
1923 2311 2021 2350 νου

381 2377 498 2434 cari
526 2376 886 2432 debuissent.
907 2379 1040 2442 Quae
1059 2377 1211 2432 enim
1245 2379 1394 2434 bono
1413 2396 1525 2435 non
1550 2381 1799 2451 placent,
1823 2397 2025 2437 eorum

385 2474 447 2521 ut
480 2465 673 2537 praxis
706 2465 782 2520 ud
815 2481 1056 2521 examen
1096 2473 1149 2522 et
1195 2482 1393 2538 poenas
1422 2477 1581 2524 vocat
1634 2469 2022 2539 facinorosos;

387 2553 468 2609 ita
491 2553 772 2609 aversatio
802 2559 963 2609 extra
1001 2570 1172 2610 omne
1201 2556 1419 2611 crimen
1455 2557 1717 2615 collocat.
1748 2560 1855 2615 Sed
1889 2560 2028 2614 Ser-

384 2650 547 2698 vator
576 2646 774 2698 noster
805 2649 868 2697 ut
897 2643 1142 2713 Veteris,
1173 2645 1251 2700 ita
1281 2649 1337 2700 et
1363 2647 1502 2702 Novi
1533 2647 1890 2703 Testamenti
1921 2649 2026 2705 do-

389 2731 582 2788 minus
622 2736 678 2788 et
735 2739 934 2788 auctor
963 2733 1271 2800 exsistens,
1304 2739 1505 2791 contra
1545 2740 1833 2792 recentem
1867 2736 2026 2792 illam

386 2821 738 2892 impietatem
763 2821 971 2894 magis,
993 2838 1166 2893 quam
1186 2828 1390 2880 contra
1405 2824 1712 2881 Judaicam
1735 2825 2031 2898 negligen-

387 2911 554 2978 tiam,
588 2910 940 2967 sententiam
973 2911 1131 2968 dicit.
1193 2915 1320 2970 Haec
1364 2916 1534 2984 enim,
1566 2915 1775 2986 inquit,
1811 2914 2029 2972 decebat

389 3000 596 3074 facere,
637 3003 687 3055 et
735 2999 836 3054 illa
863 3015 975 3054 non
1004 3002 1250 3056 omittere
1297 3000 1366 3068 3°,
1419 3002 1605 3074 legem
1635 3007 1889 3059 veterem
1921 3003 2030 3060 hoc

391 3088 567 3144 modo
598 3104 700 3158 per
733 3104 939 3144 novam
981 3089 1232 3160 graviter
1257 3094 1314 3145 et
1344 3106 1580 3147 summa
1609 3108 1742 3148 cum
1773 3093 2028 3149 auctori-

389 3141 944 3233 assensere
962 3141 1223 3246 terra;
1251 3141 1324 3233 iis
1345 3141 2023 3251 {aenigma
2058 3141 2100 3210 C

391 3265 583 3337 legum
619 3272 839 3337 partem
890 3265 1280 3338 neglexerant,
1311 3271 1531 3324 tantam
1573 3286 1798 3340 poenam
1823 3271 2026 3340 justus

387 3354 564 3426 judex
627 3353 822 3425 exigit,
856 3359 1134 3427 quantam
1181 3372 1283 3412 vos
1350 3357 1484 3414 dare
1543 3358 1848 3427 debebitis,
1907 3365 2027 3415 tam

389 3443 763 3514 impudenter
793 3460 909 3499 non
950 3461 1014 3500 ex
1044 3445 1412 3516 negligentia,
1447 3447 1546 3502 sed
1587 3464 1654 3502 ex
1711 3448 1844 3504 odio
1875 3448 2028 3519 inju-

389 3531 536 3586 riam
569 3535 785 3585 tantam
820 3531 877 3585 in
936 3547 1138 3588 omnes
1194 3533 1353 3603 leges
1410 3535 1771 3592 eﬂ‘undentes
1799 3537 1828 3591 Ἰ
1882 3537 1952 3592 Et
1981 3537 2030 3592 si

391 3619 546 3684 illos,
574 3620 673 3690 qui
706 3618 1122 3690 prophetarum
1155 3621 1420 3691 sepulcra
1446 3622 1830 3692 aediﬁcabant,
1863 3627 2030 3696 etju-

393 3715 609 3764 storum
645 3717 1024 3765 monumenta
1054 3711 1361 3781 ornabant,
1397 3713 1745 3784 pietatisque
1776 3715 2032 3784 speciem

393 3813 462 3855 ex
493 3801 650 3868 parte
681 3797 1084 3870 assumebant,
1117 3814 1185 3854 ex
1215 3801 1626 3872 prOpheticidis
1657 3803 1872 3875 quippe
1901 3805 2031 3874 orti,

395 3903 510 3943 non
535 3886 826 3958 judicavit
852 3905 883 3942 a
915 3888 1086 3961 culpa
1125 3889 1440 3956 immunes,
1472 3893 1572 3947 sed
1606 3892 1745 3963 quia
1775 3897 2031 3950 mentem

395 3993 428 4034 ιι
459 3977 836 4050 sanguinario
892 3983 1125 4050 patrum
1158 3978 1388 4050 ingenio
1429 3997 1546 4037 non
1595 3982 1879 4039 diversam
1913 3983 2032 4040 cir-

395 4067 817 4137 cumferebant,
838 4068 1270 4127 inevitabilibus
1293 4070 1598 4143 suppliciis
1620 4072 2032 4146 subjecit,quaa

395 4158 628 4214 tandem
680 4176 847 4231 poena
877 4159 1228 4228 invenietur,
1260 4177 1386 4232 qua
1414 4177 1529 4215 non
1564 4161 1736 4233 longe
1767 4163 2033 4218 subsidat

395 4247 547 4303 infra
578 4246 770 4304 scelus
800 4254 1078 4315 vestrum,
1113 4249 1210 4318 qui
1251 4255 1453 4304 contra
1484 4251 1792 4320 prophetas
1824 4251 2033 4322 magis,

2133 1931 2232 1986 Καὶ
2291 1930 2392 2004 γὰρ
2427 1929 2454 1983 ὁ
2516 1929 2734 2002 Σωτὴρ,
2775 1927 2912 1983 Οὐαὶ
2972 1926 3124 2000 ὓμῖν,
3181 1926 3444 2000 ἐπιφέρει,
3503 1931 3779 1998 Γραμμα-

2133 2022 2244 2077 τεῖς
2324 2017 2416 2070 καὶ
2489 2019 2782 2088 Φαρισαῖοι
2859 2014 3170 2088 ὑποκριταὶ,
3229 2013 3312 2068 ὅτι
3379 2009 3785 2067 ἂποδεκατοῦτε

2131 2107 2194 2161 τὸ
2254 2103 2532 2177 ἡδύοσμον
2590 2105 2679 2158 καὶ
2729 2105 2794 2158 τὸ
2848 2102 3066 2173 ἄνηθον,
3123 2104 3213 2157 καὶ
3267 2103 3330 2157 τὸ
3383 2101 3630 2174 κύμινον,
3686 2100 3784 2155 καὶ

2135 2196 2380 2275 ἀφήκατε
2437 2194 2504 2250 τὰ
2559 2194 2828 2269 βαρύτερα
2876 2197 2974 2248 τοῦ
3031 2191 3224 2266 νόμου,
3281 2193 3380 2260 τήν
3434 2191 3611 2267 κρίσιν
3687 2191 3784 2244 καὶ

2132 2285 2196 2339 τὸ
2244 2283 2419 2352 ἔλεος,
2479 2283 2570 2340 καὶ
2627 2283 2726 2351 τήν
2780 2283 2980 2338 πίστιν.
3040 2281 3294 2358 Καίτοιγε
3348 2281 3484 2336 κατᾶ
3527 2280 3622 2334 τὸν
3675 2285 3782 2348 τῆς

2135 2369 2467 2434 ἂποστασίας
2505 2369 2672 2446 λόγον
2719 2368 2817 2424 οὐκ
2848 2369 2928 2448 ἐφ’
2973 2371 3054 2431 οἷς
3086 2371 3403 2444 παρεώρουν
3443 2368 3510 2423 τὰ
3556 2367 3655 2423 τοῦ
3685 2368 3786 2421 νό-

2139 2482 2264 2535 μου,
2297 2458 2427 2515 ἀλλ²
2466 2460 2518 2514 ἐν
2569 2463 2651 2521 οἷς
2683 2456 2932 2534 ἔστεργον
2983 2459 3080 2521 τὰς
3120 2458 3445 2532 εἶσπράξεις,
3496 2451 3603 2511 ἔδει
3650 2456 3784 2512 τού-

2133 2571 2260 2612 τους
2300 2549 2665 2604 ἀπαιτεῖσθαι.
2697 2550 2761 2604 Ἃ
2813 2549 2918 2624 γὰρ
2969 2547 3070 2602 οὐκ
3113 2542 3224 2602 ἔστι
3261 2546 3340 2617 τῷ
3386 2547 3611 2620 Ἀγαθῷ
3662 2545 3788 2618 ἁρε-

2137 2639 2255 2710 στὰ,
2285 2637 2493 2694 τούτων
2541 2636 2721 2711 ὥσπερ
2779 2639 2814 2706 ἡ
2846 2637 3038 2712 πρᾶξις
3080 2636 3130 2690 ἐν
3181 2634 3431 2696 εὐθύναις
3475 2634 3601 2695 τοὺς
3650 2633 3783 2689 ἑλο-

2141 2727 2334 2802 μένους
2374 2725 2566 2802 ἀπάγει
2597 2729 2732 2798 (49),
2791 2723 2962 2787 οὕτως
3012 2728 3047 2794 ἡ
3089 2726 3234 2802 φυγή
3287 2723 3463 2793 πάσης
3523 2724 3780 2798 ἀνωτέρω

2134 2820 2349 2889 τίθησιν
2380 2816 2572 2878 αῗτίας.
2603 2815 2757 2872 Ἀλλ’
2788 2817 2816 2870 ὁ
2859 2816 3056 2890 Σωτὴρ
3096 2817 3278 2887 ἡμῶν,
3320 2815 3348 2869 6
3383 2819 3482 2882 τῆς
3525 2810 3780 2874 Παλαιᾶς

2138 2907 2318 2984 ὥσπερ
2349 2907 2439 2962 καὶ
2469 2913 2570 2976 τῆς
2604 2912 2807 2975 Καινῆς
2837 2904 3024 2979 κύριος
3056 2904 3321 2982 ὑπάρχων
3366 2903 3453 2958 καὶ
3485 2898 3774 2970 δεσπότης,

2135 3002 2274 3057 κατὰ
2326 3006 2428 3068 τῆς
2482 2999 2910 3073 νεωτεριζούσης
2979 2991 3225 3058 ἀσεϐείας
3297 2993 3509 3068 μᾶλλον
3567 2992 3602 3063 ἢ
3675 2999 3784 3063 τῆς

2139 3087 2445 3158 Ἰουδαϊκῆς
2500 3086 2799 3163 ὀλιγωρίας
2861 3087 2958 3156 τὴν
3033 3089 3215 3162 ψῆφον
3273 3083 3535 3162 ἐκφέρει·
3601 3085 3787 3138 Ταῦτα

2137 3179 2239 3255 γὰρ
2278 3173 2407 3244 ἔδει,
2459 3175 2613 3254 φησὶ,
2663 3181 2912 3245 ποιῆσαι,
2951 3175 3170 3230 κάκεῖνα
3219 3174 3296 3247 μὴ
3345 3173 3581 3248 ἀφιέναι,
3629 3173 3790 3244 νόμῳ

2136 3269 2228 3324 τὸν
2256 3267 2425 3338 νόμον
2455 3267 2544 3320 τὸν
2577 3265 2810 3321 παλαιὸν
2836 3268 2916 3336 τῷ
2944 3265 3052 3337 νέῳ
3095 3260 3306 3342 σφόδρα
3334 3263 3425 3317 καὶ
3461 3262 3597 3334 μετὰ
3638 3258 3788 3315 πολ-

2140 3356 2246 3427 λῆς
2303 3354 2742 3432 ἀσφαλισάμενος
2800 3361 2902 3424 τῆς
2971 3352 3319 3428 κυριότητος.
3381 3351 3443 3406 Ei
3505 3348 3595 3406 οῦν
3654 3350 3789 3424 παρ’

2139 3443 2383 3514 ἐκείνων,
2417 3443 2500 3498 ὅτι
2549 3442 2614 3498 τὰ
2642 3442 2820 3516 ἡμίση
2870 3444 3168 3518 παρεώρων
3211 3445 3318 3496 τῶν
3370 3439 3650 3514 νομίμων,
3679 3460 3787 3509 τη-

2140 3533 2408 3604 λικαύτην
2439 3531 2594 3603 δίκην
2628 3534 2656 3588 6
2705 3529 2914 3594 δίκαιος
2959 3533 3152 3606 κριτής
3201 3525 3493 3603 λαμϐάνει,
3538 3529 3663 3602 ὑμῖν
3699 3529 3788 3590 τίς

2140 3624 2202 3679 ἂν
2233 3623 2489 3698 ἐξαρκέσῃ
2541 3619 2726 3677 δοῦναι
2775 3622 2864 3676 καὶ
2912 3625 3079 3676 ταῦτα
3119 3618 3290 3681 οὕτως
3335 3615 3530 3689 ἀνέδην
3581 3619 3684 3673 οὐκ
3737 3615 3787 3689 ἐξ

2141 3712 2466 3788 ὀλιγωρίας,
2498 3709 2624 3767 ἄλλ’
2665 3711 2714 3782 ἐξ
2764 3709 3080 3786 ἀπεχθείας,
3113 3709 3390 3784 θεομάχον
3439 3706 3785 3778 τηλικαύτην

2141 3798 2297 3877 ὕϐριν
2348 3803 2485 3857 κατά
2532 3802 2745 3856 πάντων
2785 3798 3257 3877 ἀπορῥίπτιουσιη
3311 3799 3410 3853 Καὶ
3452 3797 3498 3851 εἰ
3545 3795 3785 3857 ἐκείνους

2139 3891 2269 3955 τοὺς
2320 3896 2428 3946 τῶν
2480 3895 2776 3967 προφητῶν
2836 3886 3264 3961 οἰκοδομοῦντας
3315 3887 3544 3961 τάφους,
3583 3883 3675 3940 καὶ
3723 3885 3791 3938 τὰ

2140 3985 2248 4037 τῶν
2295 3977 2518 4035 δικαίων
2563 3985 2805 4053 μνημεῖα
2855 3982 3216 4050 κοσμοῦντας,
3255 3977 3345 4030 καὶ
3398 3973 3547 4050 μέρει
3590 3974 3699 4029 τινὶ
3729 3973 3792 4029 τὸ

2141 4073 2238 4138 τῆς
2271 4067 2554 4131 εὐλαϐείας
2599 4073 2794 4143 σχῆμα
2836 4063 3358 4142 περιϐαλλομένους,
3418 4071 3518 4133 τῆς
3569 4082 3793 4142 προφηυ

2140 4159 2400 4214 τοκτόνου
2453 4163 2655 4234 σπορᾶς
2705 4158 3020 4218 ἀνευθύνους
3070 4155 3169 4210 οὐκ
3226 4154 3470 4232 ἀφίησιν,
3521 4150 3650 4208 ἀλλ’
3707 4152 3792 4205 ὅτι

2143 4250 2238 4311 τὰς
2297 4249 2520 4323 γνώμας
2579 4247 2715 4320 πρὸς
2771 4247 2870 4314 τήν
2935 4250 3188 4320 πατρῷαν
3249 4242 3562 4322 μιαιφονίαν
3630 4237 3789 4296 οὐδὲν

397 4353 574 4408 quam
607 4335 713 4402 illi,
746 4336 928 4390 credes
972 4335 1230 4406 spiratis,
1262 4342 1319 4391 et
1349 4352 1462 4392 non
1497 4338 1686 4393 solum
1747 4340 1816 4394 ad
1876 4348 2026 4394 stru-

2145 4338 2378 4413 έχούσας
2441 4333 2826 4410 εὐλαϐέστερον
2887 4329 3099 4412 ἔφερον,
3156 4335 3245 4388 καὶ
3303 4331 3598 4406 τιμωρίαις
3657 4331 3794 4385 ἀπα-

396 4433 488 4481 ctu
498 4441 614 4480 ram
627 4422 1029 4494 sepulcrorum
1045 4439 1220 4478 monu
1231 4429 1494 4480 mentoru
1504 4442 1677 4497 mque
1693 4443 1792 4483 vos
1809 4443 2039 4485 conver-

397 4514 544 4582 titis,
565 4513 670 4568 sed
703 4510 1131 4583 implacabilem
1163 4520 1362 4568 contra
1391 4528 1490 4569 eos
1511 4513 1682 4570 etiam
1717 4520 1848 4584 post
1877 4533 2036 4573 mor-

396 4606 513 4659 tem
537 4600 904 4657 inimicitiam
925 4603 984 4655 et
1013 4600 1285 4670 injuriam
1320 4618 1624 4674 nunquam
1657 4607 2036 4676 superandam

397 4690 674 4747 exercetis
703 4689 731 4744 ‘I
787 4690 950 4754 Quod
980 4691 1029 4747 si
1073 4706 1206 4748 vero
1265 4692 1407 4748 mali
1457 4693 1728 4768 principii
1785 4694 2038 4754 cultores

395 4779 647 4835 fuissent
677 4779 968 4851 propheta!
1027 4781 1232 4852 divini,
1266 4799 1381 4840 non
1438 4783 1622 4840 solum
1655 4801 1768 4840 non
1801 4784 2040 4842 decebat

396 4867 788 4926 maledictioni
843 4870 1132 4943 subjicere
1190 4872 1277 4929 vel
1329 4874 1615 4930 occisores
1671 4892 1893 4945 eorum,
1951 4877 2037 4934 vel

397 4959 720 5016 occisorum
753 4966 1034 5033 posteros,
1065 4979 1282 5037 eosque
1310 4964 1380 5019 ad
1413 4981 1642 5037 pinnam
1681 4980 1903 5038 rapere,
1935 4967 2036 5022 sed

397 5047 592 5122 potius
649 5050 878 5107 eximiis
926 5056 1177 5110 mactare
1236 5052 1577 5110 honoribus.
1627 5057 1698 5110 At
1747 5055 2038 5110 enimvero

397 5141 591 5194 bonus
650 5139 1071 5214 hominumque
1103 5159 1308 5198 amans
1361 5143 1626 5199 Servator
1655 5148 1872 5212 noster,
1905 5160 2040 5200 suo-

394 5244 642 5301 rumque
660 5228 814 5286 ultor
845 5244 1165 5302 servorum,
1186 5249 1298 5288 non
1319 5233 1508 5289 solum
1531 5233 1588 5290 in
1623 5233 1841 5306 primos
1863 5233 2040 5290 caedis

465 5345 508 5380 ⁸⁸
539 5345 746 5403 Matth.
776 5362 937 5419 χχιιι,
956 5347 1046 5404 23.
1124 5346 1172 5384 3'
1199 5347 1342 5405 ibid.
1371 5348 1461 5404 24.

2147 4426 2446 4502 ρακλῆτοις
2511 4421 2838 4497 ῦποϐάλλει,
2901 4425 3040 4497 ὑμᾶς
3119 4423 3254 4478 κατὰ
3325 4425 3431 4476 τῶν
3485 4423 3788 4498 προφητῶν

2146 4515 2290 4571 πολὺ
2350 4513 2517 4572 πλέον
2573 4513 2788 4570 ἐκείνων
2851 4516 3292 4590 μιαιφονοῦντας,
3346 4511 3436 4564 καὶ
3503 4509 3566 4564 οὐ
3630 4508 3798 4582 μόνον

2145 4605 2283 4679 πρὸς
2344 4601 2650 4677 οἰκοδομὴν
2715 4601 2898 4681 τάφων
2956 4599 3046 4656 καὶ
3109 4599 3390 4673 μνημείων
3459 4597 3796 4673 ἐπιστροφήν

2145 4714 2266 4748 τινα
2319 4691 2678 4768 δεχομένους,
2736 4690 2864 4748 ἀλλ’
2931 4685 3198 4745 ἄσπονδον
3266 4689 3364 4756 τὴν
3419 4686 3535 4740 κατ’
3605 4685 3802 4768 ,αὐτῶν

2147 4781 2350 4858 ἔχθραν
2385 4767 2494 4836 ἐκαὶ
2553 4781 2690 4854 μετὰ
2746 4779 2992 4852 θάνατον,
3058 4778 3149 4833 καὶ
3204 4777 3303 4846 τὴν
3380 4767 3794 4850 ἀνυπέρϐλητον

2147 4871 2496 4948 κρατύνοντες
2544 4866 2724 4946 ὕϐριν,
2773 4870 2858 4931 τίς
2899 4869 2958 4924 ἂν
3003 4867 3250 4943 τιμωρία
3285 4867 3386 4936 τὴν
3433 4860 3590 4934 δίκην
3643 4861 3800 4935 εὐρε-

2149 4964 2264 5032 θείη
2304 4963 2381 5036 μὴ
2430 4960 2573 5017 πολὺ
2619 4958 2832 5016 ἐλάττω
2889 4962 2985 5016 τοῦ
3024 4957 3388 5031 τολμήματος
3437 4953 3745 5009 ἀπαιτοῦσα
3778 4967 3792 4982 ⁸

2153 5051 2359 5127 Καίπερ
2391 5051 2439 5106 εἲ
2465 5057 2568 5121 τῆς
2615 5047 2998 5128 κακιργέτιδος
3049 5050 3186 5118 ἦσαν
3221 5049 3274 5103 οἱ
3304 5044 3559 5124 θεοφόροι
3587 5049 3810 5120 προφῆ-

2149 5162 2239 5198 ται
2288 5141 2632 5218 θεραπευταὶ,
2665 5142 2727 5198 οὐ
2781 5143 2948 5216 μόνον
2993 5139 3092 5195 οὐκ
3137 5137 3308 5214 ἐχρῆν
3355 5138 3508 5211 ἀραῖς
3556 5130 3805 5190 ὑποϐάλ-

2157 5231 2346 5288 λεσθαι
2387 5229 2511 5288 οὔτε
2559 5229 2690 5294 τοὺς
2751 5229 3036 5292 ἀνελόντας
3091 5227 3310 5298 αὐτοὺς,
3344 5223 3469 5281 οὔτε
3521 5224 3620 5298 μὶν
3677 5222 3808 5286 τοὺς

1557 5501 1794 5560 VABIE
1834 5501 2222 5561 LECTIONES
2262 5503 2354 5559 ET
2393 5502 2628 5558 NOTAE.

469 5628 584 5704 (49)
613 5627 868 5703 Ἀπάγιι.
931 5627 1017 5684 Ita
1079 5628 1286 5700 scripsi
1307 5644 1411 5701 pro
1443 5627 1656 5702 ὑπάγει,
1688 5632 1839 5702 quod
1871 5646 1984 5686 ms.
2017 5646 2026 5686 ι

2137 5630 2296 5687 ιᾶοιιο
2326 5628 2682 5701 praeferebat.
2713 5625 2834 5685 Hoc
2863 5626 3023 5686 enim
3049 5625 3291 5685 verbum
3339 5641 3472 5685 eum
3519 5629 3808 5700 sequente

404 5718 702 5795 ἱλομένοος
733 5717 1010 5791 conjungi
1041 5719 1263 5789 nequit.
