4084 6210
290 385 414 445 253

1369 383 1680 446 CONTRA
1725 386 2192 450 MANICHEOS
2234 387 2468 448 LIBER
2508 386 2608 448 ιν.

3583 394 3700 452 251

283 517 343 573 ἐκ
365 522 482 573 τῶν
513 514 981 594 προφητοκτόνῶν
1011 516 1234 594 φύντας,
1267 513 1382 571 οὐδ’
1413 516 1490 580 εἷς
1540 519 1731 582 ποινὰς
1781 519 1940 596 ἄγειν,

2063 527 2328 578 auctores
2356 520 2654 577 homicidii
2697 537 2896 592 pmnas
2939 524 3238 594 transfert,
3281 526 3376 582 sed
3411 530 3469 583 et
3501 544 3699 599 proge-

281 607 428 663 ἀλλά
485 611 607 668 ταῖς
655 607 902 681 πρώταις
953 604 1252 676 δεξιοῦσθαι
1302 611 1510 679 τιμαῖς·
1544 608 1602 662 ’0
1651 605 1708 663 δὲ
1738 609 1943 684 ἀγαθὸς

279 698 372 752 καί
404 696 800 774 φιλάνθρωπος
829 696 990 768 ἡμῶν
1026 697 1244 770 Σωτὴρ,
1277 696 1367 750 καὶ
1413 701 1522 750 τῶν
1573 697 1738 752 αὐτοῦ
1789 700 1943 772 θερα·

281 787 500 842 πόντων
561 782 861 855 ἐκδικητὴς
913 783 1012 839 οὐκ
1067 783 1142 846 εἰς
1200 785 1327 846 τοὺς
1379 785 1720 862 αὐτουργοὺς
1779 788 1940 858 μόνον

279 882 388 932 τῶν
434 874 858 948 μιαιφόνωνκαί
888 874 985 938 τὰς
1011 881 1114 943 τῆς
1164 875 1472 951 μιαιφονίας
1523 873 1742 938 εὐθύνας
1791 895 1945 947 περι-

286 967 508 1043 γράφει,
571 961 722 1019 ἀλλά
780 963 871 1018 καὶ
925 963 1052 1024 τοὺς
1109 962 1324 1018 ἐκείνῶν
1390 960 1588 1025 παῖδας
1645 965 1795 1041 ὅφεις
1853 966 1944 1019 καὶ

286 1056 607 1130 γεννήματα
667 1049 901 1127 ἐχιδνῶν
952 1053 1266 1128 ἀποφαίνων
1323 1050 1557 1127 ἄφυκτον
1603 1052 1786 1116 αὐτοῖς
1819 1075 1944 1109 ανα-

289 1144 467 1217 μένειν
500 1145 604 1212 τὴν
633 1143 846 1217 γέενναν
887 1145 985 1197 τοῦ
1033 1141 1205 1213 πυρὸς
1245 1141 1638 1218 προαγγέλλει.
1689 1144 1942 1222 Συνέχων

280 1232 325 1289 δ’
360 1232 440 1289 ἔτι
496 1231 720 1306 μᾶλλον
770 1231 838 1288 τὰ
885 1231 978 1286 νέα
1025 1236 1142 1293 τοῖς
1191 1230 1448 1294 παλαιοῖς
1486 1232 1574 1286 καὶ
1622 1231 1690 1286 τὰ
1739 1231 1948 1287 παλαιᾶ

291 1326 578 1378 συνάπτων
612 1327 727 1382 τοῖς
755 1319 917 1390 νέοις,
948 1321 1036 1376 καὶ
1077 1321 1141 1375 τὸ
1195 1319 1251 1375 ἐν
1292 1320 1502 1400 ἀμφοῖν
1551 1320 1949 1394 πλημμέλημα

287 1410 512 1467 δι”ἱσου
547 1408 758 1472 δεικνὺς
803 1409 879 1471 εἰς
925 1405 1218 1480 καταδίκην
1276 1408 1437 1483 ἄγον,
1497 1408 1567 1464 δι’
1617 1412 1684 1479 ἧς
1736 1411 1824 1465 καὶ
1881 1411 1947 1465 τὰ

280 1509 380 1572 τῆς
411 1505 615 1570 τιμῆς,
649 1499 832 1562 αὐτοῖς
884 1499 1248 1572 συνεισάγεται
1305 1506 1405 1569 τῆς
1453 1497 1585 1571 ’ίσης
1630 1500 1720 1555 καὶ
1752 1499 1946 1573 ὁμοίας

279 1589 634 1664 κληρουχίας
707 1588 1131 1661 μετεσχηκότα’
1197 1589 1296 1643 Διά
1350 1592 1515 1644 τοῦτο
1575 1587 1703 1664 ἐγὼ,
1758 1590 1944 1665 φησὶν,

277 1679 576 1734 ἀποστελῶ
633 1679 768 1753 πρὸς
832 1678 974 1750 ὑμᾶς
1043 1679 1329 1754 προφήτας
1415 1677 1503 1732 καὶ
1581 1679 1785 1756 σοφοὺς
1848 1678 1938 1734 καὶ

282 1773 657 1845 γραμματεῖς,
715 1768 804 1821 καὶ
867 1765 916 1836 ἐξ
977 1766 1153 1821 αὐτῶν
1223 1769 1600 1842 μαστιγώσετε
1697 1766 1748 1822 ἐν
1822 1773 1942 1832 ταῖς

2053 612 2207 668 niem
2240 627 2439 668 eorum
2485 618 2785 682 serpentes
2826 620 2880 668 et
2921 617 3261 684 serpentum
3307 614 3459 671 fetus
3508 617 3701 687 appel-

2051 701 2200 770 lans,
2253 700 2646 756 inevitabilem
2704 701 2856 769 ignis
2921 701 3246 774 gehennam
3306 720 3406 759 eos
3467 721 3701 762 manere

2052 792 2424 862 praenuntiat.
2458 789 2665 845 Adhuc
2687 805 2816 844 vero
2841 792 3027 862 magis
3052 809 3198 846 nova
3235 808 3368 848 cum
3412 794 3703 850 veteribus

2054 881 2435 950 conjungens,
2485 883 2542 934 et
2588 884 2784 934 vetera
2831 880 2997 934 novis
3046 880 3356 951 adaptans,
3399 887 3573 953 atque
3622 883 3702 952 id,

2054 969 2207 1040 quod
2241 968 2516 1039 utrinque
2563 973 2859 1040 peccatur,
2891 968 3177 1040 aequalem
3213 987 3444 1041 poenam
3473 987 3706 1042 prome-

2055 1056 2168 1111 reri
2201 1061 2565 1124 ostensurus,
2598 1071 2712 1127 quo
2744 1057 2868 1127 ipso
2899 1057 3076 1112 simul
3101 1057 3506 1129 subinnuitur,
3533 1059 3706 1116 utris-

2056 1162 2167 1217 que
2191 1147 2460 1202 eumdem
2494 1144 2714 1200 cultum
2750 1147 3139 1216 eumdemque
3171 1147 3472 1219 dignitatis
3507 1150 3702 1205 locum

2057 1236 2456 1306 adiudicatum
2507 1251 2673 1291 esse:
2721 1236 3014 1306 PrOpterea
3067 1252 3185 1305 ego,
3237 1238 3447 1308 inquit,
3483 1240 3704 1294 mittam

2056 1325 2129 1380 ad
2156 1341 2247 1380 vos
2274 1323 2566 1396 praplietas
2614 1328 2663 1378 et
2709 1326 3001 1394 sapientes,
3048 1331 3100 1380 et
3146 1327 3373 1393 scribas,
3406 1335 3457 1383 et
3485 1343 3554 1383 ex
3583 1327 3704 1384 illis

2056 1414 2356 1469 nonnullos
2395 1412 2621 1469 caedetis
2659 1411 2719 1466 in
2750 1416 3043 1482 synagogis
3072 1414 3292 1479 vestris,
3322 1419 3373 1470 et
3408 1431 3700 1488 perseque-

2057 1502 2200 1558 ηιἰηὶ
2247 1519 2316 1558 ex
2359 1518 2473 1557 una
2513 1500 2648 1556 urbe
2695 1499 2758 1555 in
2804 1501 2977 1556 aliam
2997 1501 3081 1570 ‘0;
3133 1503 3367 1557 attende
3415 1504 3606 1559 nunc!
3641 1506 3702 1562 Ut

2055 1591 2243 1648 veniat
2271 1606 2440 1662 super
2468 1606 2558 1646 vos
2582 1590 2763 1645 omnis
2791 1593 3017 1661 sanguis
3037 1591 3246 1660 justus,
3277 1593 3372 1661 qui
3403 1594 3605 1663 eﬂusus
3625 1597 3704 1649 est

2049 1697 2216 1752 super
2246 1691 2450 1735 terram
2483 1678 2612 1733 inde
2639 1697 2672 1733 a
2701 1682 2969 1749 sanguine
3016 1679 3197 1734 Abelis
3235 1681 3371 1748 justi
3421 1697 3592 1752 usque
3631 1681 3707 1736 ad

2048 1769 2375 1841 sanguinem
2404 1768 2712 1836 Zacharize,
2743 1768 2853 1838 ﬁlii
2882 1768 3189 1838 Barachiae,
3233 1785 3392 1840 quem
3423 1769 3707 1824 occidistis

285 1834 621 1930 συναγωγαῖς
701 1855 878 1928 ὑμῶν,
937 1856 1027 1909 καὶ
1110 1834 1329 1926 διώξετε
1390 1834 1497 1912 ἀπὸ
1572 1853 1788 1918 πόλεως
1864 1857 1940 1918 εἰς

2056 1834 2204 1915 intra
2235 1859 2501 1930 templum
2527 1862 2579 1914 et
2607 1834 2865 1913 altare“.
2898 1834 3487 1929 Videsne,vquomodo
3517 1859 3704 1915 eidem

290 1945 482 2000 πόλιν.
539 1942 808 2018 Πρόσχες·
869 1943 1058 2005 ’Ὀπως
1106 1943 1168 1997 ἂν
1227 1942 1359 2017 ἔλθῃ
1443 1943 1525 2018 ἐφ’
1599 1943 1764 2016 ὑμᾶς,
1840 1947 1942 1997 πᾶν

291 2037 434 2107 αἷμα
493 2031 694 2087 δίκαιον
751 2031 1113 2107 έκχυνόμενον
1173 2031 1258 2087 ἐπὶ
1316 2039 1416 2101 τῆς
1478 2039 1607 2106 γῆς,
1684 2032 1791 2086 ἀπὸ
1848 2037 1944 2086 τοῦ

288 2122 526 2196 αἳματος
559 2117 733 2178 ’Ὰϐελ
765 2125 860 2175 τοῦ
903 2118 1113 2177 δικαίου
1171 2120 1273 2183 ἔως
1339 2127 1441 2176 τοῦ
1481 2120 1714 2195 α’ίματος
1761 2124 1940 2198 Ζαχα-

291 2212 416 2289 ρίου
475 2212 599 2265 υίοῦ
659 2210 956 2286 Βαραχίου,
1038 2213 1095 2266 δν
1174 2210 1495 2289 ἐφονεύσασε
1574 2211 1770 2284 μεταξὺ
1843 2216 1944 2266 τοῦ

284 2307 420 2372 ναοῦ
469 2303 562 2356 καὶ
591 2303 714 2374 [τοῦ
763 2301 1168 2376 θυσιαστηρίου.
1221 2307 1400 2376 Ὁρᾷς,
1474 2303 1624 2364 ὅπως
1673 2308 1772 2372 τῆς
1842 2302 1944 2357 αύ-

284 2396 382 2462 τῆς
435 2392 668 2468 ἐνόχους
725 2394 815 2447 καὶ
879 2392 1187 2468 μιαιφονίας
1236 2393 1326 2448 καὶ
1383 2393 1654 2468 τιμωρίας
1713 2391 1943 2469 ἀποφαί-

281 2503 384 2550 νει,
419 2483 544 2536 ὅσοι
592 2502 650 2536 τε
704 2480 798 2544 τὰς
840 2481 1218 2555 παλαμναίους
1265 2487 1456 2560 χεῖρας
1503 2482 1638 2536 κατὰ
1684 2485 1791 2536 τῶν
1835 2481 1940 2555 πρὸ

285 2578 384 2640 τῆς
455 2570 689 2646 χάριτος
763 2574 876 2642 Θεῷ
967 2571 1443 2646 εὖαρεστησάντων
1521 2570 1939 2640 ἐπανετείναντο,

281 2664 370 2717 καὶ
403 2663 526 2717 ὅσοι
559 2663 681 2716 κατ’
711 2658 950 2732 ἐκείνων,
981 2658 1054 2716 ὥν
1087 2663 1122 2731 ἡ
1171 2662 1337 2737 χάρις
1385 2662 1447 2716 τὸ
1479 2659 1808 2733 πολίτευμα,
1850 2661 1940 2714 καὶ

284 2752 378 2812 οὓς
421 2751 591 2814 αὐτὸς
638 2750 716 2811 εἷς
745 2750 841 2812 τὰς
892 2754 998 2806 τῶν
1031 2747 1310 2806 Ἰουδαίων
1345 2751 1654 2827 συναγωγὰς
1700 2749 1788 2804 καὶ
1839 2748 1942 2804 πό-

291 2838 405 2902 λεις
464 2841 568 2908 τὴν
604 2837 886 2914 βασιλείαν
939 2839 1106 2894 αὐτοῦ
1162 2838 1450 2916 κηρύσσειν
1503 2838 1808 2905 ἀπέστειλε,
1838 2840 1938 2909 τήν

2053 1954 2112 2006 et
2141 1949 2281 2004 caedi
2314 1956 2368 2004 et
2399 1963 2579 2018 paenae
2612 1946 2893 2002 obnoxios
2927 1947 3287 2018 pronuntiet,
3312 1952 3438 2003 tum
3458 1962 3578 2018 eos,
3603 1948 3705 2020 qui

2055 2037 2268 2109 impias
2301 2053 2512 2092 manus
2559 2034 2885 2090 intulerunt
2914 2035 2987 2090 iis
3019 2037 3117 2106 qui
3157 2041 3293 2092 ante
3322 2036 3520 2108 gratia:
3552 2040 3709 2093 tem—

2058 2143 2166 2198 pus
2199 2125 2314 2182 Deo
2347 2125 2715 2196 placuerunt,
2747 2127 2872 2178 tum
2907 2123 3038 2179 illos
3078 2124 3263 2194 quiin
3295 2123 3560 2180 homines
3591 2126 3701 2180 sub

2053 2215 2240 2288 gratia
2288 2214 2549 2269 viventes
2579 2228 2798 2284 eosque
2835 2228 3060 2278 omnes,
3092 2229 3242 2284 quos
3286 2213 3412 2284 ipse
3453 2229 3701 2286 regnum

2054 2320 2228 2360 suum
2253 2302 2713 2358 annuntiaturos
2736 2302 2794 2357 in
2820 2301 2994 2357 nrbes
3017 2307 3075 2356 et
3095 2311 3414 2373 synagogas
3437 2303 3700 2373 miserat,

2053 2391 2500 2464 sanguinarium
2552 2391 2801 2446 furorem
2851 2389 3201 2444 effuderunt.
3251 2391 3342 2446 Ita
3383 2395 3438 2446 et
3471 2398 3701 2462 tempus

2051 2481 2275 2554 gratiis,
2307 2484 2364 2536 et
2392 2497 2460 2536 ea
2490 2495 2616 2550 quae
2649 2479 2790 2534 illud
2837 2483 3299 2547 antecesserunt,
3331 2480 3627 2536 aestimans
3649 2488 3706 2536 et

2053 2568 2252 2640 magni
2285 2569 2502 2623 faciens
2527 2567 2724 2634 Jesus,
2759 2565 3067 2636 utriusque
3095 2569 3297 2620 auctor
3325 2570 3384 2621 et
3413 2565 3698 2635 conditor,

2051 2667 2109 2715 et
2159 2659 2371 2730 ubique
2421 2657 2730 2728 utriusque
2777 2655 3220 2712 consensionem
3270 2653 3595 2720 stabiliens,
3635 2669 3702 2710 ac

2051 2749 2253 2805 eodem
2277 2747 2438 2804 cultu
2467 2747 2872 2818 prosequenda
2890 2746 3225 2809 ostendens,
3242 2759 3474 2800 omnem
3494 2743 3571 2800 im
3584 2743 3703 2816 pie-

2052 2840 2193 2894 tatis
2225 2841 2569 2910 prietextum
2602 2835 2958 2908 praescindit.

280 2929 594 3004 αἱμοόὁρον
653 2929 850 2984 λύσσαν
899 2928 1278 3005 ἐναπεχέαντο.
1339 2927 1523 2990 Οὕτως
1587 2931 1686 2997 τὴν
1748 2928 1910 3004 χάριν
1937 2927 2028 2982 καὶ
2078 2927 2144 2981 τὰ
2199 2925 2303 3000 πρὸ
2362 2931 2464 2994 τῆς
2523 2925 2753 2999 χάριτος
2812 2927 2989 2996 τιμῶν
3038 2942 3097 2978 τε
3139 2921 3230 2978 καὶ
3288 2919 3700 2997 ἀποδεχόμενος

282 3024 308 3075 ὁ
378 3022 641 3096 ἑκατέρας
708 3021 800 3076 καὶ
867 3017 1207 3097 δημιουργὸς
1273 3019 1363 3075 καὶ
1431 3019 1728 3094 νομοθέτης
1789 3020 1877 3074 καὶ
1939 3016 2028 3073 διὰ
2095 3015 2310 3072 πάντων
2372 3016 2470 3085 τὴν
2537 3014 2711 3069 αὐτῶν
2749 3018 3024 3087 παριστῶν
3077 3012 3412 3090 συμφωνίαν,
3449 3012 3694 3086 μετέχειν

277 3131 334 3166 τε
366 3109 584 3173 δεικνὺς
619 3109 779 3184 ὁμοτί
790 3131 898 3184 μου
928 3105 1382 3184 σεϐασμιότητος,
1414 3111 1750 3186 πανταχόθεν
1777 3116 1877 3178 τῆς
1908 3103 2126 3169 ἁσεϐίας
2151 3099 2357 3161 ἅπασαν
2381 3104 2648 3182 πρόφασιν
2679 3104 3054 3178 προεκτέμνει.
3147 3105 3150 3108 ’

357 3202 487 3259 AA'.
522 3199 672 3256 Ἔδει
733 3197 780 3254 δ’
831 3200 924 3254 οὖν
967 3201 1095 3260 τοὺς
1143 3199 1471 3269 ἀποστάτας,
1503 3199 1549 3254 εί
1597 3199 1685 3254 καὶ
1737 3201 1812 3272 μή
1843 3198 1940 3266 τήν

291 3290 418 3364 μίαν
450 3289 638 3366 ἀρχὴν
669 3286 745 3349 εἷς
777 3285 874 3342 δύο
908 3285 1256 3362 διχάζοντας,
1303 3285 1454 3362 μηδ’,
1487 3285 1698 3343 ἐπειδᾶν
1731 3287 1798 3343 τὰ
1845 3290 1940 3341 τοῦ

2122 3196 2323 3253 XXXI.
2356 3196 2604 3252 Decebat
2652 3195 2834 3264 igitur
2881 3196 3192 3263 apostatas,
3239 3191 3472 3246 etiamsi
3505 3205 3690 3245 unum

2051 3285 2407 3360 principium
2436 3285 2493 3338 in
2527 3285 2642 3338 duo
2675 3299 2790 3337 non
2838 3281 3288 3352 distinguerent,
3335 3279 3443 3334 hoc
3483 3277 3690 3334 saltem

287 3379 468 3451 νόμου
545 3376 838 3452 διαγελῶσι
898 3379 1170 3450 μυστήρια
1228 3378 1426 3451 (καίτοι
1483 3382 1603 3442 πῶς
1661 3375 1937 3450 ἀνειμένος

2054 3373 2310 3439 nomine,
2333 3373 2571 3444 quando
2594 3372 2734 3442 legis
2758 3369 3027 3441 mysteria
3043 3368 3236 3424 rident
3260 3367 3382 3438 (sed
3405 3367 3697 3438 quomodo

291 3468 448 3523 εἶπον
485 3464 618 3539 μηδ’
649 3465 811 3535 ἡνίκα
839 3467 938 3535 τὴν
965 3466 1137 3522 κτίσιν
1173 3469 1338 3538 συλᾷν
1399 3467 1796 3544 ἐπιχειροῦντες
1846 3470 1941 3522 τοῦ

292 3559 540 3624 κτίστου,
573 3557 731 3610 κακοὶ
762 3556 924 3611 κακὸν
963 3555 1200 3629 κακίστῳ
1249 3554 1424 3632 δῶρον
1476 3556 1852 3636 προσφὲῥωσιν
1877 3560 1938 3629 ;)’

293 3644 400 3702 ἔδει
439 3651 578 3722 γοῦν
611 3645 815 3706 αὐτοὺς
857 3645 1022 3701 εἶκαὶ
1058 3647 1132 3720 μή
1184 3646 1267 3700 ἐπ’
1308 3644 1486 3702 οὐδενὶ
1531 3647 1762 3713 τούτων,
1813 3643 1941 3720 μηδ’

289 3735 372 3809 ἐφ’
401 3737 447 3808 ᾧ
486 3740 589 3790 τοῦ
621 3737 910 3812 προφήτου
945 3731 1244 3809 ὑϐρίζουσι,
1276 3735 1815 3807 καίτοιτηλικούτων
1843 3737 1942 3805 τὴν

287 3825 514 3880 ἀτοπίαν
548 3819 740 3893 ὄντων,
773 3823 900 3880 ἀλλ’
931 3823 1044 3893 οὖν,
1086 3822 1300 3880 ἐπειδάν
1341 3846 1405 3899 γε
1449 3825 1512 3880 τὸ
1551 3826 1752 3880 ἑαυτῶν
1783 3829 1941 3897 σῶμα

288 3917 529 3988 πονηρὸν
585 3914 676 3967 καὶ
726 3920 969 3990 πονηρᾶς
1020 3915 1271 3977 πλάσεως
1313 3913 1571 3989 λέγωσιν,
1623 3913 1812 3968 αὐτίκα
1852 3933 1942 3968 κα-

288 4001 607 4059 ταδύεσθαι.
639 4001 814 4058 Ἀλλὰ
853 4007 958 4058 ποῦ
987 4010 1090 4079 γῆς
1120 4008 1344 4075 ,Ζητεῖν
1393 4001 1451 4059 δὲ
1507 4002 1594 4058 καὶ
1641 4007 1750 4057 τῶν
1813 4003 1942 4056 ὑπο-

287 4092 528 4167 χθονίων
582 4089 683 4145 ε⁴ίνι
720 4092 1034 4168 βαθύτερον,
1078 4093 1188 4168 οὐχ
1224 4093 1310 4149 ὅτι
1354 4091 1570 4148 ἐκείνων
1602 4093 1738 4167 πρὸς
1783 4089 1943 4146 ἀθεό-

283 4201 421 4250 τητα
438 4183 610 4235 τοῦτο
643 4180 958 4254 βαρύτερον,
986 4180 1115 4237 ἀλλ’
1145 4182 1228 4238 ὅτι
1260 4182 1370 4253 καὶ,
1405 4179 1474 4237 δι’
1515 4183 1577 4236 οὗ
1624 4183 1723 4251 τὴν
1778 4180 1944 4256 βλάσ-

287 4291 474 4348 φημον
512 4270 703 4346 φωνὴν
733 4271 990 4348 ἀφιεῖσιν,
1046 4271 1096 4344 ἐξ
1145 4271 1304 4327 ἀθέου
1352 4270 1679 4345 πλάσματος
1729 4270 1941 4344 ὁμολο-

285 4364 508 4436 γοῦντες
541 4354 844 4432 λαμϐάνειν
903 4361 965 4415 τὸ
1021 4357 1270 4437 ὄργανον,
1300 4362 1401 4417 οὐκ
1459 4363 1647 4417 αὐτίκα
1691 4361 1938 4435 ῥίπτουσι

282 4450 483 4519 πάντα,
531 4449 624 4502 καὶ
674 4448 933 4526 φεύγουσι
975 4451 1074 4518 τήν
1116 4446 1383 4520 ἀσέϐειαν,
1420 4452 1632 4526 ὀργάνῳ
1671 4451 1936 4524 πονηρίας

282 4538 523 4613 βοῶντες
587 4536 684 4604 ὦς,
745 4537 797 4592 ἐν
857 4541 940 4600 οἷς
994 4543 1162 4594 ταῦτα
1229 4539 1574 4615 φθέγγονται,
1615 4539 1935 4615 κέχρηνται.

277 4625 433 4682 Ἀλλ’
469 4624 551 4681 ἔτι
608 4626 860 4701 τολμῶσι
919 4628 1055 4702 πρὸς
1113 4629 1179 4684 τὰ
1228 4633 1334 4683 τῶν
1381 4628 1680 4702 ἀνθρώπων
1715 4627 1935 4703 βλέπειν

277 4716 573 4788 πρόσωπα.
606 4718 912 4791 Ἄνθρωπε,
944 4717 994 4772 τί
1041 4716 1256 4793 λέγεις;
1300 4716 1403 4773 Δύο
1422 4717 1630 4794 ἀρχαί;
1664 4717 1809 4774 ἀλλά
1849 4715 1938 4773 διὰ

271 4810 370 4862 τοῦ
423 4809 678 4876 πονηροῦ
731 4810 901 4860 ταῦτα
950 4805 1152 4883 φθέγγῃ
1195 4808 1486 4881 στόματος.
1519 4809 1581 4866 Ὁ
1625 4809 1796 4880 νόμος
1842 4828 1936 4862 πο-

276 4894 483 4969 λεμίας
512 4893 722 4968 ἀρχῆς,
761 4895 851 4949 καὶ
905 4897 1231 4970 μαχομένης
1269 4900 1338 4970 τῇ
1392 4897 1582 4972 χάριτι
1612 4916 1626 4966 ;
1657 4895 1806 4952 ἀλλα
1842 4897 1931 4952 καὶ

272 4989 439 5040 τοῦτο
499 4984 566 5039 τὸ
617 4991 719 5053 τῆς
778 4985 1048 5062 πονηρίας
1095 4986 1383 5061 ἁτε-ἤχησεν
1413 4982 1658 5062 ὄργανον·
1709 4986 1760 5041 οἱ
1804 5006 1936 5059 προ-

277 5080 451 5146 φῆται
485 5071 684 5148 μοίρας
705 5072 960 5150 χείρονος
981 5091 997 5144 ;
1022 5073 1080 5129 ἐκ
1095 5078 1193 5129 τοῦ
1224 5075 1391 5130 αὑτοῦ
1425 5074 1589 5130 αὐτοῦ
1613 5081 1713 5146 τῆς
1742 5074 1932 5138 κακίας

275 5164 504 5225 σκεύους
551 5163 645 5217 καὶ
692 5166 855 5218 τοῦτο
899 5168 1213 5240 προχεῖται.
1266 5163 1339 5221 Τὸ
1389 5165 1548 5240 σώμα
1577 5168 1815 5239 πονηρὸν
1845 5164 1934 5220 καὶ

273 5256 525 5326 πονηρᾶς
561 5249 924 5326 δημιουργίας
960 5295 974 5320 ,
1006 5253 1097 5308 καὶ
1127 5252 1181 5308 τί
1225 5254 1300 5325 μή
1349 5257 1501 5329 σιγᾷς
1548 5253 1648 5321 τὴν
1694 5252 1932 5332 ἐσχάτην

275 5343 472 5415 σιγήν,
503 5338 635 5395 ἀλλ’
683 5335 764 5396 ἔτι
808 5342 1015 5420 φθέγγῃ
1065 5343 1153 5398 καὶ
1188 5341 1390 5417 χαρίζῃ
1439 5346 1521 5415 τῷ
1562 5340 1704 5397 οὕτω
1754 5363 1810 5398 σε
1839 5363 1934 5398 πο-

277 5435 458 5503 νηρῶς
509 5429 602 5483 καὶ
678 5423 1093 5504 ἐϐδελυγμένως
1160 5432 1548 5502 ὑποστήσαντι,
1606 5431 1744 5486 ὥστε
1795 5429 1936 5505 μηδὲ

273 5519 600 5596 φθέγγεσθαι
662 5514 917 5573 δύνασθαι
980 5515 1149 5593 μηδὲν
1203 5520 1349 5584 ὅλως
1427 5518 1723 5595 σωτήριον,
1793 5517 1935 5592 μηδὲ

340 5745 390 5781 ⁴⁰
416 5743 625 5803 Matth.
656 5758 818 5814 χχιιι,
847 5744 936 5801 34.
970 5743 1018 5784 ⁴¹
1054 5743 1198 5803 ibid.
1227 5745 1318 5805 35.

2054 3464 2172 3520 hinc
2223 3462 2444 3518 facilior
2474 3467 2532 3517 et
2562 3460 2861 3516 remissior
2909 3458 3036 3513 dico
3085 3457 3156 3512 de
3203 3455 3564 3524 hominibus,
3596 3455 3700 3526 qui

2051 3560 2373 3609 creaturam
2406 3549 2700 3608 Conditori
2733 3549 3035 3620 subripere
3065 3545 3190 3602 ausi
3240 3543 3480 3616 pessimi
3516 3543 3700 3614 pessi-

2051 3659 2147 3698 mo
2170 3643 2497 3714 pessimum
2521 3641 2744 3696 donum
2767 3638 3020 3694 offerunt
3036 3637 3084 3706 ?)
3111 3653 3125 3704 ;
3147 3634 3406 3702 decebat,
3431 3634 3699 3704 inquam,

2050 3749 2170 3800 eos,
2204 3733 2254 3788 si
2284 3731 2371 3788 vel
2405 3730 2648 3786 maxime
2680 3727 2843 3784 nullo
2873 3728 3082 3783 horum
3129 3728 3186 3780 et
3228 3738 3298 3778 ne
3337 3738 3404 3778 eo
3435 3721 3700 3793 quidem,

2050 3821 2202 3890 quod
2237 3819 2547 3891 prophetas
2577 3816 3035 3881 calumniantur,
3069 3813 3313 3870 crimine
3333 3815 3697 3881 tenerentur,

2050 3911 2110 3964 in
2142 3908 2302 3964 omni
2352 3907 2466 3962 ista
2514 3923 2622 3962 sua
2665 3904 2992 3970 insolentia,
3039 3901 3243 3959 saltem
3283 3901 3392 3957 hoc
3436 3902 3692 3969 nomine,

2051 3998 2201 4070 quod
2235 4013 2450 4068 corpus
2497 4011 2672 4050 suum
2716 3993 2933 4050 malum
2987 3996 3045 4047 et
3075 4008 3109 4046 a
3133 3990 3291 4046 mala
3341 4006 3518 4046 manu
3552 4006 3694 4061 pro-

2049 4087 2265 4142 fectum
2300 4084 2528 4153 dicunt,
2579 4083 2884 4139 confestim
2925 4097 2986 4136 se
3031 4096 3146 4153 praa
3197 4079 3418 4151 pudore
3447 4079 3694 4134 abscon-

2051 4175 2208 4230 dere.
2243 4176 2313 4229 At
2346 4173 2447 4230 ubi
2479 4172 2811 4228 terrarum?
2841 4174 2963 4228 Imo
3008 4186 3141 4225 vero
3192 4168 3591 4236 subterranea,
3641 4169 3700 4222 et

2051 4265 2098 4321 si
2130 4265 2270 4336 quid
2305 4264 2398 4321 his
2438 4263 2786 4337 profundius
2834 4267 2941 4326 est,
2987 4274 3250 4332 quaarere
3297 4257 3422 4313 loca
3465 4256 3695 4324 debent,

2050 4371 2165 4412 non
2197 4355 2353 4426 quod
2381 4354 2491 4411 hoc
2523 4354 2672 4425 quod
2705 4353 2776 4408 ad
2822 4352 3180 4422 impietatem
3232 4347 3523 4419 prioribus
3552 4363 3692 4414 gra-

2048 4443 2178 4500 vius
2213 4443 2306 4508 sit,
2339 4444 2441 4499 sed
2473 4443 2626 4514 quod
2661 4440 2992 4497 membrum
3025 4438 3192 4506 illud,
3218 4453 3318 4509 per
3339 4435 3491 4507 quod
3524 4449 3692 4490 voces

2048 4535 2425 4606 blasphemas
2456 4534 2758 4600 emittunt,
2787 4532 2856 4587 ab
2875 4529 3056 4602 impia
3077 4527 3300 4600 origine
3323 4542 3386 4582 se
3407 4523 3694 4595 accepisse

2048 4625 2406 4697 profitentes,
2441 4640 2556 4679 non
2588 4621 2785 4678 statim
2817 4619 3104 4692 abjiciunt
3151 4615 3347 4672 omnia
3396 4619 3452 4669 et
3481 4612 3692 4682 impie-

2049 4720 2221 4769 tatem
2256 4713 2504 4786 fugiuut,
2536 4712 2860 4769 clamantes
2889 4725 2972 4775 se,
3005 4707 3147 4763 dum
3180 4705 3290 4761 ista
3338 4703 3572 4775 quidem
3603 4702 3693 4759 lo-

2044 4806 2382 4873 querentur,
2434 4801 2663 4858 maliliis
2711 4800 3099 4856 instrumento
3148 4809 3288 4850 usos
3317 4808 3462 4850 esse.
3496 4792 3563 4848 Et
3599 4790 3691 4847 vel

2043 4896 2129 4952 sic
2160 4901 2352 4951 tamen
2383 4891 2654 4947 homines
2683 4887 2780 4945 isti
2811 4887 2871 4944 in
2911 4886 3160 4942 aliorum
3192 4886 3567 4954 conspectum
3589 4897 3688 4938 ve-

2043 4984 2167 5040 nire
2194 4979 2456 5038 audent?
2486 4977 2633 5046 Quid
2665 4978 2770 5046 ais,
2805 4978 2980 5034 homo
3000 4975 3028 5030 ?
3059 4979 3258 5030 Duone
3301 4976 3442 5029 sunt
3471 4970 3688 5045 princi-

2044 5073 2178 5145 pia?
2216 5072 2318 5129 sed
2363 5074 2428 5126 tu
2479 5068 2712 5141 quidem
2753 5081 2850 5123 ore
2899 5065 3080 5137 impio
3120 5063 3226 5119 ista
3274 5061 3520 5135 profers.
3553 5060 3686 5128 Lex,

2043 5161 2260 5234 inquis,
2292 5163 2382 5218 est
2411 5177 2446 5216 a
2478 5156 2758 5229 principio
2786 5153 3006 5224 hostili,
3054 5156 3112 5209 et
3157 5150 3357 5224 gratiis
3398 5148 3682 5222 opposito,

2045 5251 2148 5308 sed
2197 5257 2251 5306 et
2299 5250 2456 5304 hunc
2486 5261 2698 5304 sonum
2748 5243 2982 5300 malitia
3026 5241 3485 5298 instrumentum
3528 5237 3686 5306 edit;

2045 5341 2340 5415 prephetze
2364 5338 2582 5395 malum
2604 5341 2919 5407 agnoscunt
2936 5335 3231 5389 auctorem
3250 5329 3280 5386 ?
3301 5333 3374 5385 At
3392 5344 3461 5385 ex
3483 5327 3686 5384 eodem

2045 5430 2281 5488 malitias
2325 5443 2458 5483 vase
2501 5431 2559 5483 et
2605 5424 2749 5481 illud
2788 5421 3043 5496 proﬂuit.
3075 5421 3298 5492 Corpus
3329 5421 3418 5474 est
3459 5416 3680 5472 malum

2043 5526 2100 5578 et
2153 5518 2291 5576 mali
2341 5513 2709 5574 conditoris?
2740 5517 2804 5569 Et
2835 5511 2937 5586 qui
2977 5526 3093 5568 non
3134 5510 3205 5566 ad
3252 5510 3579 5566 extremum
3625 5507 3682 5559 te
