4084 6210
347 387 468 449 255

1545 387 1814 451 PHOTII
1855 387 2385 451 PATRIARCILE
2427 391 2544 453 GP.

3625 389 3754 449 256

344 525 644 582 silentium
677 527 1002 598 componis,
1043 531 1140 587 sed
1173 530 1364 601 pergis
1395 527 1554 599 loqui
1585 531 1642 582 et
1673 525 1985 597 gratiﬁcari

2097 529 2197 592 τῆς
2251 523 2466 599 βαθείας
2524 525 2694 597 μέθης
2741 525 2830 580 καὶ
2892 519 3260 599 ψευδολογίας
3327 521 3634 595 ἐλεύθερον.
3691 524 3758 576 '0

347 615 456 680 illi,
486 617 589 688 qui
619 617 762 674 adeo
792 618 1014 674 malum
1047 623 1106 675 te
1135 624 1193 675 et
1222 617 1682 674 abominandum
1714 616 1990 682 reddidit,

348 708 411 758 ut
434 704 582 759 nihil
606 705 844 763 omnino
867 707 994 762 sani
1019 708 1274 779 proferre
1297 706 1506 778 possis,
1523 706 1676 777 quod
1707 721 1740 760 a
1760 719 1994 760 summa

351 794 576 850 feritate
607 800 663 852 et
686 797 982 852 mendacio
1006 801 1288 852 remotum
1325 796 1453 852 sit?
1473 796 1736 867 Namque
1760 793 1992 850 malitia;

345 883 654 939 thesaurus
703 901 818 940 non
865 889 1053 957 potest
1084 885 1198 941 nisi
1241 885 1522 941 malitiam
1555 890 1612 941 et
1643 899 1896 941 errorem
1928 888 1996 938 ut

343 972 620 1044 recipere,
674 974 751 1029 ita
801 979 857 1030 et
908 975 1202 1046 proferre:
1235 975 1528 1046 quomodo
1581 975 1736 1030 enim
1792 973 1994 1046 lingua

344 1063 638 1117 mendacis
669 1077 801 1118 vera
832 1063 1063 1133 dixerit,
1098 1069 1196 1119 aut
1219 1064 1514 1136 quomodo
1545 1063 1776 1118 malitia
1804 1062 1992 1119 medi-

345 1153 504 1204 tetur
532 1150 848 1220 quidquam
872 1151 1012 1208 boni
1034 1152 1062 1207 ?
1084 1152 1447 1208 Mendacium
1474 1152 1775 1208 veritatem
1797 1151 1991 1207 dicere

350 1239 582 1307 refugit.
649 1241 720 1295 Et
780 1243 1070 1312 quomodo
1118 1246 1180 1298 tu
1233 1241 1462 1298 tibimet
1509 1241 1621 1311 ipsi
1665 1242 1854 1298 credis
1902 1241 1991 1296 lo-

349 1327 570 1398 quenti,
603 1343 732 1384 cum
777 1330 1064 1386 mendacii
1096 1332 1179 1386 sis
1217 1331 1727 1386 instrumentum?
1749 1330 1809 1385 Si
1857 1346 1990 1387 vero

349 1429 454 1485 ego
487 1415 705 1489 largiar
751 1423 809 1473 et
857 1418 1059 1490 opiner
1087 1423 1144 1474 te
1175 1418 1343 1491 longe
1369 1418 1538 1475 aliter
1572 1419 1788 1476 sentire
1818 1434 1990 1489 quam

341 1502 619 1574 loqueris,
645 1507 831 1560 multo
863 1512 919 1561 te
949 1515 1002 1561 et
1031 1506 1437 1576 sapientiorem
1467 1513 1523 1563 et
1554 1508 1988 1580 prudentiorem

342 1597 853 1663 representavero,
873 1611 1046 1666 quam
1063 1595 1252 1665 siquis
1264 1596 1413 1653 alius
1430 1596 1570 1652 iiste
1592 1612 1724 1653 vere
1747 1595 1990 1653 delecta-

340 1682 388 1736 ri
421 1682 594 1752 dicat,
627 1699 755 1754 quas
787 1685 1084 1756 preponis.
1115 1685 1173 1740 Si
1197 1687 1352 1741 enim
1378 1687 1544 1742 haaca
1568 1685 1738 1741 malis
1770 1687 1987 1742 instru-

343 1772 550 1827 mentis
575 1774 1046 1843 proficiscuntur,
1089 1791 1156 1830 ac
1186 1781 1486 1847 prapterea
1517 1775 1669 1831 mala
1709 1780 1812 1831 aut
1842 1776 1990 1831 falsa

2100 611 2204 688 γὰρ
2235 614 2504 688 πονηρίας
2535 613 2802 688 Θησαυρὸς
2835 611 2934 667 οὐκ
2963 609 3125 683 οἶδεν,
3159 609 3286 666 ἀλλ’
3317 612 3352 682 ἢ
3391 611 3459 664 τὰ
3501 616 3602 679 τῆς
3642 630 3758 664 πο-

2099 702 2294 775 νηρίας
2324 703 2414 756 καὶ
2462 701 2677 773 πλάνης
2734 701 2914 776 ὥσπερ
2967 701 3332 773 θησαυρίζειν,
3366 699 3508 755 οὕτω
3551 697 3618 768 δὴ
3652 698 3752 753 καὶ

2099 785 2534 864 προϐάλλεσθαιο
2569 795 2604 861 ἡ
2653 797 2750 847 τοῦ
2793 795 3028 866 ψευστου
3076 789 3299 866 γλῶσσα
3340 795 3458 852 πῶς
3497 789 3558 844 ἃν
3610 789 3758 859 ἀλή-

2102 881 2247 934 θειαν
2275 880 2421 935 εἳποι
2447 901 2461 951 ;
2495 883 2530 950 ἡ
2563 882 2804 956 πονηρία
2833 885 2950 943 πῶς
2983 879 3233 950 ἐννοήσοι
3262 879 3360 948 τήν
3393 878 3752 955 ἆγαθότητας

2097 969 2160 1024 τὸ
2207 967 2404 1044 ψεῦδος
2444 966 2622 1045 λέγειν
2674 969 2854 1046 φεύγει
2912 977 3011 1038 τήν
3065 967 3343 1039 ἀλήθειαν.
3385 967 3494 1023 Καὶ
3534 972 3653 1030 πῶς
3689 966 3757 1021 σὺ

2101 1063 2282 1130 σαυτῷ
2334 1058 2601 1121 πιστεύεις
2659 1057 2897 1134 λὲγοντι,
2977 1061 3075 1114 τοῦ
3155 1054 3389 1132 ψεύδους
3479 1057 3752 1131 ὑπάρχων

2101 1144 2478 1221 ἐργαστήριον.
2519 1148 2664 1224 Ἐγὼ
2714 1144 2771 1202 δὲ
2817 1167 2874 1202 σε
2930 1151 3142 1226 φρονεῖν
3200 1145 3471 1214 τάναντία,
3525 1144 3598 1200 ὣν
3651 1143 3758 1200 λέ-

2097 1257 2227 1311 γεις,
2277 1236 2455 1307 ἐξιὼν,
2511 1236 2600 1292 καὶ
2656 1237 2926 1310 νομίζων,
2981 1234 3128 1292 πολὺ
3196 1236 3632 1314 σωφρονέστερον
3686 1232 3754 1290 ἂν

2098 1324 2188 1380 καὶ
2273 1325 2630 1400 συνετώτερον
2709 1323 2931 1400 εἰσάγω,
3016 1325 3052 1394 ἢ
3133 1322 3266 1386 ε’ίτις
3341 1344 3400 1378 σε
3487 1322 3752 1398 στέργειν,

2099 1414 2132 1469 ἃ
2189 1413 2388 1490 λὲγεις,
2439 1416 2678 1484 τίθησιν.
2740 1414 2803 1470 Εἴ
2875 1415 2980 1490 γὰρ
3055 1412 3116 1469 ἐκ
3171 1416 3428 1487 πονηρῶν
3505 1412 3757 1489 ὀργάνων

2096 1508 2285 1574 ταῦτα,
2337 1502 2426 1559 καὶ
2477 1501 2566 1558 διὰ
2594 1508 2754 1559 τοῦτο
2811 1503 3026 1578 πονηρᾶ
3081 1506 3116 1574 ἢ
3175 1499 3371 1576 ψευδῆ,
3403 1506 3544 1571 πῶς,
3587 1502 3663 1565 ὡς
3695 1501 3755 1557 ἐν

2095 1597 2305 1661 κακοῖς,
2365 1590 2426 1646 οὐ
2474 1589 2675 1664 πολλῷ
2724 1592 3053 1669 κουφότερον
3109 1591 3178 1646 τὰ
3233 1589 3592 1646 ἐναντιώτατα
3635 1594 3754 1644 τῶν

2099 1681 2358 1756 ῥημάτων
2418 1681 2748 1752 πρεσϐεύειν,
2810 1681 2846 1750 ἢ
2901 1684 2969 1754 τῇ
3028 1679 3253 1755 γλώττῃ
3304 1679 3397 1736 καὶ
3451 1680 3543 1734 τὸν
3619 1683 3752 1735 νοῦν

2099 1767 2612 1846 συνδιαφθείρεσθαι.
2673 1771 2766 1826 Διὸ
2969 1771 3122 1846 λέγει
3181 1769 3379 1844 ἀρχάςο
3420 1769 3546 1841 μίαν
3574 1787 3758 1843 προσ-

341 1866 502 1930 sunt,
527 1877 738 1932 nonne,
780 1864 995 1935 quippe
1022 1866 1076 1918 in
1112 1863 1304 1932 malis,
1325 1865 1509 1920 levius
1540 1870 1836 1936 peccatum
1869 1868 1978 1933 est,

2103 1865 2198 1928 ἧκε
2227 1859 2458 1934 φρόνεῖν,
2495 1859 2775 1932 Πολὲμιος
2826 1859 2853 1914 ὁ
2899 1859 3068 1932 νόμος
3111 1861 3181 1932 τῇ
3228 1859 3442 1932 χάριτι.
3474 1859 3574 1928 τὴν
3607 1878 3757 1931 συμ-

339 1965 405 2004 ea
437 1967 564 2018 qua
594 1951 783 2007 verbis
809 1955 1096 2008 contraria
1129 1957 1289 2018 sunt,
1321 1953 1618 2024 amplecti,
1639 1970 1817 2025 quam
1849 1969 1978 2010 cum

338 2037 538 2110 lingua
570 2045 820 2096 mentem
865 2057 1098 2113 quoque
1149 2043 1338 2112 ipsam
1381 2058 1772 2114 corrumpere.
1819 2043 1983 2109 Quod

338 2127 387 2181 si
430 2127 609 2196 igitur
656 2129 946 2198 ejusmodi
1004 2129 1179 2186 homo
1228 2130 1301 2186 de
1350 2130 1652 2202 principiis
1701 2130 1984 2204 loquitur,

338 2229 518 2270 unum
567 2214 736 2272 illum
785 2217 1016 2273 credere
1064 2218 1446 2286 convenit;si
1500 2221 1568 2274 de
1624 2220 1986 2292 Iegefgratim

335 2303 600 2370 adversa,
633 2305 946 2378 utriusque
975 2308 1414 2364 conversionem
1447 2313 1709 2365 astruere
1739 2325 1987 2366 censen-

335 2394 446 2449 dus
478 2399 606 2464 est;
639 2395 688 2452 si
719 2397 963 2452 chorum
1003 2399 1423 2469 prophetarum
1477 2399 1695 2454 malum
1751 2400 1982 2469 dixerit,

336 2494 510 2537 nemo
541 2481 776 2538 aliunde
809 2484 992 2556 magis
1023 2485 1400 2541 convincatur
1417 2501 1550 2542 eum
1583 2487 1801 2542 bonum
1834 2502 1984 2546 esse.

342 2570 402 2626 Si
450 2585 660 2640 corpus
709 2571 784 2626 ad
833 2572 1054 2628 malum
1111 2573 1336 2642 referat,
1390 2591 1494 2646 pro
1542 2575 1986 2631 evidentissima

338 2659 838 2716 demonstratione
915 2661 1062 2717 habe
1118 2661 1176 2716 id
1235 2679 1444 2718 manus
1500 2679 1631 2719 esse
1687 2665 1980 2720 beneﬁce.

341 2747 534 2804 Videte
567 2747 706 2803 mihi
737 2748 980 2805 insanias
1013 2751 1292 2824 abyssum
1322 2755 1380 2807 et
1409 2751 1728 2823 impietatis
1762 2754 1983 2825 magni-

341 2835 634 2906 tudinem,
667 2840 726 2892 in
758 2837 831 2894 iis
862 2837 1203 2896 hominibus
1233 2842 1332 2911 qui
1382 2841 1691 2912 nequidem
1720 2844 1776 2897 in
1811 2844 1985 2899 rebus

339 2923 705 2997 imaginariis
755 2928 978 2984 ratione
1018 2934 1171 2985 certa
1219 2930 1302 2986 uti
1333 2936 1614 3002 fpossunt.
1647 2933 1849 3004 Itaque
1881 2949 1984 2990 nec

335 3015 696 3072 incantando
745 3033 918 3073 aures
963 3018 1248 3076 fascinare
1286 3021 1374 3077 fas
1404 3025 1514 3082 est.
1548 3022 1688 3093 quia
1717 3023 1826 3079 hoc
1857 3023 1984 3096 ipso

340 3103 659 3160 insanabili
691 3106 877 3177 culpae
907 3107 1120 3178 subjici
1139 3123 1240 3165 eas
1264 3112 1468 3166 merito
1489 3111 1624 3182 quis
1654 3111 1980 3168 afﬂrmarit.

2093 1947 2296 2025 φωνίαν
2351 1947 2639 2022 κηρύττειν
2699 1947 2895 2002 αὐτῶνθ
2955 1951 3071 2002 Τῶν
3108 1947 3408 2024 προφητῶν
3467 1944 3678 2021 φαῦλος
3721 1948 3754 2002 ὁ

2093 2037 2285 2113 χορός·
2318 2036 2408 2092 καὶ
2438 2037 2599 2092 πόθεν
2632 2033 2696 2091 ἄν
2723 2055 2806 2098 τις
2838 2035 2997 2113 γνοίη
3053 2034 3290 2108 μᾶλλον,
3341 2037 3426 2091 ὅτι
3472 2035 3751 2114 χρηστός.

2093 2131 2168 2180 To
2211 2130 2370 2198 σῶμα
2419 2124 2647 2180 πλάττει
2697 2129 2794 2180 τοῦ
2839 2130 3108 2199 πονηροῦ·
3159 2125 3314 2200 ἀρκεῖ
3361 2127 3499 2200 πρὸς
3551 2123 3754 2180 τελευ-

2093 2216 2248 2271 ταίαν
2279 2213 2574 2286 ἀπόδειξιν,
2625 2214 2708 2271 ὅτι
2756 2213 3019 2288 παλάμης
3065 2215 3176 2270 ἐστὶ
3221 2222 3321 2285 τῆς
3371 2216 3748 2292 άγαθουργοῦ.

2093 2305 2282 2377 Ὀρᾶτε
2319 2305 2382 2359 τὸ
2438 2312 2538 2374 τῆς
2600 2305 2786 2366 ἀνοίας
2847 2305 3040 2380 βάθος,
3097 2304 3160 2360 τὸ
3203 2305 3431 2380 μέγεθος
3455 2311 3557 2375 τῆς
3584 2303 3752 2359 ἀθεό-

2091 2414 2280 2464 τητος,
2330 2398 2440 2450 τῶν
2497 2397 2572 2468 μὴ
2625 2391 2934 2467 δυναμένων
2991 2392 3138 2468 ἔχειν
3169 2395 3455 2469 λογισμῶν
3488 2390 3606 2448 οὐδ’
3656 2392 3754 2448 ἐπὶ

2093 2483 2410 2562 φαντασίαις
2477 2483 2885 2557 πλαττομέναις
2960 2482 3271 2542 ὑπόστασιν.
3349 2483 3554 2539 Οὐκοῦν
3633 2484 3756 2555 (51)

2095 2571 2210 2628 οὐδ’
2238 2570 2453 2644 ἐπᾴδειν
2511 2571 2660 2635 ὅλως
2692 2570 2775 2628 δεῖ
2801 2578 2922 2635 ταῖς
2973 2574 3184 2643 ἀκοαῖς,
3231 2572 3316 2628 ὅτι
3354 2572 3416 2628 τὸ
3473 2573 3605 2627 αὐτὸ
3645 2578 3757 2641 τῆς

2093 2662 2265 2726 αἰτίας
2321 2663 2536 2718 ἀνίατον
2613 2661 2758 2718 ε’ίποι
2824 2683 2913 2726 τις
2991 2662 3052 2718 ἂν
3143 2663 3341 2723 ταύτας
3412 2661 3754 2734 ἐπινὲμεται.

2096 2752 2271 2823 Φαίην
2331 2749 2390 2807 ἃν
2459 2749 2664 2830 ἔγωγε·
2727 2751 2776 2807 εἷ’
2834 2753 2928 2826 μὲν
2991 2753 3096 2829 γὰρ
3146 2773 3230 2814 τις
3283 2756 3391 2806 τῶν
3452 2752 3747 2825 σωτηρίων

2093 2839 2320 2915 ἐπῳδῶν
2372 2839 2755 2916 παραδὲξοιτο,
2812 2843 2994 2917 ἀρχὴν
3082 2837 3352 2914 λαμϐάνει
3421 2841 3553 2915 πρὸς
3632 2841 3743 2907 τήν

2092 2930 2356 3006 προτέραν
2412 2929 2808 3007 ἐπαναδραμεῖν
2866 2931 3152 3007 εὐγένειανο
3211 2930 3256 2985 εἰ
3325 2928 3381 2986 δὲ
3446 2929 3544 3000 μὴ,
3617 2929 3746 2984 καθ³

2094 3021 2285 3076 ἑαυτοῦ
2323 3040 2406 3095 γε,
2437 3021 2720 3075 κάντεῦθεν
2752 3022 2852 3090 τὴν
2883 3023 3064 3097 ψῆφον
3115 3020 3275 3082 αὐτὸς
3327 3021 3560 3096 ἁφίησαν
3599 3017 3752 3096 ἄφυ-

2092 3129 2239 3182 κτον,
2297 3110 2542 3185 πονηρὰν
2611 3108 2948 3184 μετάπλασιν
3029 3111 3131 3178 τῆς
3210 3110 3416 3183 ἀγαθῆς
3489 3105 3756 3170 πλάσεως

335 3193 534 3264 Atqui,
565 3172 808 3266 inquam
839 3211 963 3268 ego,
986 3172 1036 3252 si
1054 3198 1186 3268 quis
1209 3172 1566 3256 salutaribus
1584 3201 1985 3258 incantamen-

2096 3172 2333 3254 καθόλου
2367 3172 2554 3254 ἑαυτὸν
2595 3172 2982 3271 άνθελόμενος,
3014 3172 3108 3253 καῖ
3137 3198 3236 3266 τὴν
3257 3172 3422 3272 ’προς
3461 3198 3527 3252 τὰ
3573 3198 3756 3271 χείρῳ

335 3281 412 3336 tis
461 3298 664 3338 aurem
727 3285 998 3355 praebeat,
1048 3286 1284 3343 initium
1337 3289 1504 3345 faciet
1549 3290 1621 3346 ad
1676 3291 1983 3362 pristinam

2096 3284 2406 3361 μεταϐολὴν
2451 3285 2594 3359 (δὲον
2642 3289 2707 3343 τὸ
2751 3287 2972 3362 ἀγαθὸν)
3020 3288 3373 3359 συντηρήσας
3429 3280 3758 3358 ἀμετάϐλη-

337 3371 702 3428 nobilitatem
735 3375 1015 3431 redeundi
1046 3393 1061 3432 :
1092 3377 1183 3432 sin
1217 3378 1438 3446 minus,
1467 3379 1556 3435 vel
1589 3397 1656 3436 ex
1686 3381 1820 3436 inde
1848 3398 1985 3437 sen-

2096 3397 2196 3433 τον.
2255 3375 2464 3434 Οὐκοῦν
2518 3378 2582 3432 οὐ
2637 3379 2730 3432 τὸν
2787 3375 3057 3448 ἐπᾴδοντα
3109 3381 3300 3451 σιγᾷν,
3384 3373 3530 3430 ἀλλᾶ
3585 3380 3753 3448 σιγῆς

336 3461 579 3515 tentiam
608 3477 720 3516 non
755 3464 1144 3519 revocandam
1195 3465 1319 3535 ipse
1369 3467 1428 3520 in
1492 3482 1554 3522 se
1602 3468 1797 3538 ipsum
1850 3469 1979 3539 fert,

2096 3467 2270 3522 ιαυτὸν
2328 3467 2502 3528 πάσας
2549 3465 2864 3536 στηλιτευει
2914 3466 3006 3520 καὶ
3055 3463 3144 3520 διὰ
3173 3465 3389 3520 πάντων
3424 3462 3757 3533 ὑπεύθυνον,

339 3549 494 3618 quod
545 3566 778 3620 pravam
825 3553 1392 3610 transformationem
1438 3555 1599 3611 bona:
1645 3556 1978 3612 formationi

2096 3557 2143 3618 ἲς
2201 3555 2300 3623 τὴν
2361 3554 2566 3610 οἰκείαν
2623 3554 2671 3625 ἐξ
2739 3556 3006 3617 ἀπονοίας
3082 3555 3341 3630 πώρωσιν
3405 3559 3567 3628 σιγῆς
3615 3555 3759 3624 ἡμῖν

333 3636 576 3693 omnino
607 3640 856 3709 praefert,
909 3644 966 3695 et
1008 3643 1379 3699 mutationem
1426 3643 1484 3699 in
1537 3645 1815 3717 deterius,
1848 3661 1978 3701 cum

2096 3643 2256 3699 ιιῖτίαν
2290 3642 2545 3701 ἐπὲσειεν.
2579 3645 2672 3698 Διὸ
2705 3641 2772 3712 δὴ
2816 3643 3050 3718 σύναψαι
3079 3643 3174 3697 καί
3200 3643 3269 3698 τὰ
3298 3642 3578 3698 λείποντα.

333 3725 548 3782 bonam
599 3728 910 3796 decuisset,
953 3735 1139 3786 servat
1189 3738 1543 3790 constanter.
1601 3734 1726 3792 Non
1773 3736 1988 3808 quippe
2035 3735 2382 3793 incantatori
2432 3740 2619 3807 potest
2667 3735 2803 3791 vitio
2851 3737 3008 3802 dare,
3061 3736 3216 3808 quod
3250 3733 3405 3802 silet,
3433 3734 3534 3788 sed
3566 3732 3756 3789 silen-

330 3814 396 3869 tii
429 3831 667 3872 causam
701 3817 812 3872 sibi
843 3820 1193 3890 exprobrare
1219 3837 1472 3892 omnem,
1504 3823 1808 3895 culpaeque
1838 3825 2030 3880 omnis
2061 3841 2120 3881 se
2146 3840 2310 3880 reum
2369 3827 2555 3880 facere
2584 3825 2772 3894 debet,
2808 3824 2908 3896 qui
2940 3841 3104 3880 suam
3139 3823 3328 3896 ipsius
3365 3821 3658 3878 insaniam
3691 3825 3755 3879 et

330 3905 648 3963 caacitatem
681 3925 780 3980 pro
809 3909 1030 3966 silentii
1061 3911 1234 3983 culpa
1265 3913 1432 3970 nobis
1465 3915 1741 3971 venditat.
1778 3915 2088 3988 Propterea
2118 3921 2175 3971 et
2206 3915 2431 3988 reliqua
2461 3915 2555 3972 his
2586 3917 2787 3988 iunge.

403 3996 638 4053 XXXII.
671 3998 941 4057 Servator
969 4004 1167 4058 noster
1196 4002 1501 4059 hominum
1533 4005 1980 4062 amantissimus

331 4089 391 4142 et
421 4085 702 4158 optimus,
736 4089 833 4160 qui
864 4090 1041 4159 venit,
1093 4095 1158 4147 ut
1207 4098 1442 4162 peccata
1492 4093 1696 4149 mundi
1731 4093 1977 4164 tolleret,

331 4182 456 4231 tum
488 4177 709 4233 morbis
731 4178 860 4234 aliis
883 4183 940 4234 et
960 4181 1236 4236 aerumnis
1256 4182 1523 4238 liberavit
1545 4183 1832 4254 homines,
1850 4195 1978 4240 tum

330 4264 532 4321 multis
552 4271 922 4337 peccatorum
948 4269 1350 4324 remissionem
1376 4270 1622 4342 largitus
1656 4279 1764 4339 est,
1799 4273 1984 4328 factae-

332 4370 446 4426 que
478 4355 846 4411 remissionis
876 4364 1289 4427 argumentum
1323 4375 1354 4412 a
1385 4359 1686 4414 sanatione
1719 4363 1980 4432 corporis

335 4443 499 4515 petiit
527 4447 585 4498 et
613 4442 744 4498 aliis
777 4443 1098 4514 proposuit.
1130 4443 1261 4499 Jam
1314 4461 1446 4501 vero
1486 4446 1535 4500 si
1587 4447 1722 4501 mali
1773 4449 1980 4504 condi-

331 4533 472 4588 toris
501 4547 649 4602 opus
679 4535 834 4586 esset
863 4547 1095 4602 corpus,
1143 4531 1298 4589 sicut
1343 4532 1610 4590 homines
1652 4535 1976 4608 blasphemi

337 4622 616 4677 audacter
644 4620 911 4687 tradunt,
947 4621 1068 4676 ﬁeri
1101 4629 1251 4678 certe
1300 4639 1412 4678 non
1447 4628 1695 4695 poterat,
1731 4633 1792 4681 ut
1831 4625 1976 4684 illud

2159 4005 2276 4058 AB'.
2336 4005 2398 4061 Ὀ
2466 4002 2850 4080 φιλάνθρωπος
2909 4004 3069 4075 ἡμῶν
3129 4002 3324 4074 Σωτὴρ
3400 4001 3492 4056 καὶ
3568 4001 3737 4076 ὑπερ-

2089 4093 2307 4167 άγαθος,
2340 4092 2368 4146 ὁ
2395 4092 2491 4153 τὰς
2513 4089 2780 4165 ἁμαρτίας
2812 4087 3160 4164 ἐπιδημήσας
3193 4089 3317 4161 ἆραι
3358 4091 3456 4144 τοῦ
3503 4089 3747 4161 κόσμου,

2086 4185 2193 4236 τῶν
2241 4179 2427 4237 ἄλλων
2485 4183 2810 4254 νοσημάτων
2855 4181 2945 4236 καί
2995 4183 3180 4236 παθῶν
3229 4180 3292 4234 τὸ
3321 4181 3474 4255 γένος
3521 4177 3752 4234 ἐλευθε-

2091 4273 2221 4344 ρῶν,
2257 4271 2347 4325 καί
2374 4272 2476 4340 τήν
2519 4274 2629 4326 τῶν
2675 4269 3087 4342 ἁμαρτημάτων
3119 4267 3356 4332 πολλοῖς
3384 4266 3570 4345 ἄφεσιν
3606 4266 3747 4342 ἒχαο

2090 4357 2287 4429 ρίζετο,
2329 4360 2419 4413 καὶ
2458 4360 2558 4428 τήν
2590 4356 2862 4432 ἀπόδειξιν
2891 4365 2991 4428 τῆς
3021 4356 3259 4434 ἀφέσεως
3286 4358 3391 4412 ἀπὸ
3422 4355 3519 4412 τοῦ
3549 4357 3746 4430 σώμα-

2087 4467 2180 4508 τος
2228 4449 2511 4524 θεραπείας
2568 4443 2840 4522 ἐλάμϐανὲ
2868 4469 2926 4503 τε
2962 4447 3054 4503 καὶ
3103 4448 3415 4523 παρείχετο.
3450 4445 3654 4520 Καίπερ
3691 4446 3740 4502 εἷ

2089 4541 2329 4612 πονηρᾶς
2381 4537 2446 4607 ἦν
2498 4539 2560 4593 τὸ
2608 4543 2768 4614 σῶμα
2837 4534 3204 4606 διαπλάσεως,
3265 4538 3340 4600 ὡς
3409 4535 3744 4612 βλασφημία

2089 4626 2425 4701 θρασύνεται,
2485 4627 2585 4682 οὐκ
2641 4625 2700 4682 ἃν
2757 4628 2841 4698 εἳη
2907 4625 3131 4683 δυνατὸν
3177 4625 3240 4682 τὸ
3274 4627 3445 4700 μόνης
3473 4631 3575 4694 τῆς
3605 4625 3745 4700 ἁγα-

335 4707 518 4764 solius
548 4710 713 4767 bonae
745 4709 1071 4768 divinitatis
1102 4711 1473 4783 beneficium,
1507 4714 1734 4771 veniam
1767 4731 1974 4788 nempe

335 4801 698 4821 _----A-_-__
749 4798 804 4821 2—
841 4799 1009 4821 nj__.-
1073 4802 1394 4821 --μη-μ--ιο
1439 4820 1464 4821 η
1531 4820 1558 4821 η

2096 4718 2186 4787 θῇς
2239 4717 2495 4788 θεότητος
2549 4716 2966 4794 ἁγαθοόργημα,
3005 4717 3104 4785 τὴν
3131 4713 3744 4821 τῶν.πλημμελημά-

330 4801 725 4869 peccatorum,
749 4798 810 4856 in
841 4799 1017 4858 ﬁdem
1066 4802 1688 4876 conﬂrmationemque
1717 4821 1820 4878 per
1838 4823 1974 4880 pra-

2096 4827 2192 4862 των
2244 4808 2615 4885 συγχώρησιν,
2673 4807 2736 4862 τὸ
2792 4811 2984 4862 πιστῦν
3033 4806 3125 4862 καὶ
3187 4800 3406 4880 βέϐαιον
3479 4800 3569 4860 διὰ
3623 4809 3732 4874 τῆς

330 4887 560 4943 vitatem
606 4903 774 4945 suam
827 4892 1128 4964 reciperet.
1175 4892 1333 4950 Idem
1381 4895 1538 4951 enim
1603 4895 1712 4952 hoc
1755 4903 1862 4966 est,
1914 4912 1980 4954 ac

2096 4894 2273 4957 ιιακίας
2329 4893 2696 4971 ἐπιδέχεσθαι.
2763 4893 2934 4954 Οὐδὲν
2991 4895 3091 4971 γὰρ
3149 4895 3289 4951 ἔστιν
3337 4892 3479 4951 ἄλλο
3526 4891 3740 4969 λέγειν,

267 4985 278 4996 ‘
329 4976 382 5034 si
409 4975 570 5032 dicas
601 4978 843 5035 malitia:
881 4995 1219 5055 compagem
1273 4983 1487 5041 fontem
1537 5001 1688 5057 esse,
1738 5002 1808 5043 ex
1861 5002 1978 5058 quo

2096 4983 2256 5054 ἣτήν
2311 4991 2412 5054 τῆς
2465 4985 2655 5047 κακίας
2687 4983 2940 5042 σύστασιν
2994 4985 3256 5060 πηγάζειν
3309 4985 3412 5054 τῆς
3457 4981 3736 5057 ἁγαθότη-

333 5065 566 5122 bonitas
597 5069 898 5140 scaturiat,
950 5070 1240 5142 siquidem
1291 5073 1558 5130 remissio
1605 5081 1976 5146 peccatorum

2096 5094 2176 5136 τος
2232 5074 2329 5143 τὴν
2391 5071 2682 5151 ἐνέργειαν,
2751 5072 2902 5150 ε’ίπερ
2939 5077 2975 5144 ἡ
3037 5074 3131 5147 μὶν
3191 5071 3376 5150 ἄφεσις
3407 5075 3518 5128 τῶν
3550 5071 3740 5148 ἁμαρ-

331 5171 402 5212 ex
433 5155 738 5213 sanatione
767 5174 1100 5230 corporum,
1150 5176 1273 5232 quaa
1324 5162 1558 5219 malitia
1601 5168 1740 5220 sunt
1769 5180 1977 5237 proge-

2096 5163 2343 5236 πημάτων
2403 5162 2462 5218 ἐκ
2525 5168 2628 5234 τῆς
2681 5166 2790 5219 τῶν
2834 5164 3102 5237 σωμάτων
3153 5163 3446 5238 θεραπείας
3508 5160 3738 5236 προείη,

331 5246 477 5315 nies,
512 5247 868 5319 procederet.
898 5248 970 5303 At
999 5248 1292 5306 enimvero
1329 5253 1594 5308 Servator
1632 5256 1831 5310 noster
1860 5270 1973 5311 non

2096 5253 2150 5309 ιὰ
2197 5251 2254 5309 δὲ
2303 5259 2404 5324 τῆς
2435 5253 2624 5318 κακίας
2673 5253 2912 5332 ὑπάρχει
2961 5253 3292 5329 γεννήματα.
3349 5249 3503 5310 Ἀλλ’
3541 5250 3571 5306 ὀ
3617 5255 3743 5305 Σω·

1477 5369 1720 5426 VARLE
1760 5371 2152 5430 LECTIONES
2191 5373 2278 5428 ET
2315 5372 2542 5430 NOTAE.

403 5464 519 5551 (59)
551 5461 1430 5551 Αξάοέρνιαεεθιεεθιιςίιὲω.θει
1468 5463 1583 5551 διέτξς
1629 5471 1777 5551 βίοξι
1823 5469 1979 5551 enim
2090 5470 3206 5551 ρίει-ίεαβέιορηίοέιρυετεοθριαὲιιίεεθε
3244 5541 3302 5551 -.
3369 5539 3405 5551 ..

334 5535 511 5616 erant
522 5535 830 5616 principia,
864 5535 1341 5616 q‘ugPauliciani
1361 5541 1787 5616 _venditabant.
1824 5545 1976 5599 lnte-
2092 5535 2275 5616 ’(51)
2306 5544 2534 5601 Οὐκοῦν.
2568 5535 2892 5602 Obscurior'
2910 5545 2969 5600 in
2999 5543 3092 5600 his
3124 5547 3213 5600 est
3242 5539 3484 5598 Pbotius
3516 5544 3569 5594 et
3589 5538 3738 5594 sub-

339 5610 451 5688 ri_m
483 5605 545 5664 et
569 5605 860 5688 particula
882 5605 975 5663 διὸ
1005 5607 1195 5665 locum
1228 5609 1841 5688 tueripotest,quippe
1865 5631 1983 5686 qua
2089 5605 2269 5672 tilior.
2320 5617 2573 5674 Mentem
2640 5621 2838 5674 tamen
2885 5617 3011 5688 ejus
3067 5619 3403 5674 assecutum
3460 5626 3555 5668 me
3611 5626 3744 5668 esse

339 5683 412 5738 ad
443 5679 1012 5758 argumentationem
1045 5695 1190 5751 Opus
1236 5696 1364 5758 esse
1393 5679 1979 5758 videtur,'pr's§ci_pue,
2093 5701 2280 5758 spero.

341 5768 478 5811 cum
508 5751 741 5826 legendi
771 5756 1019 5823 constet,
1050 5768 1164 5809 non
1195 5751 1366 5822 plura
1393 5767 1568 5824 quam
1601 5751 1717 5812 du'o
1763 5751 1979 5828 princiL
