4084 6210
239 360 343 422 257

1298 355 1610 418 CONTRA
1655 354 2145 419 MANICH/EOS
2189 356 2424 420 LIBER
2467 361 2573 424 IV.

3515 372 3636 433 258

232 493 327 568 τηρ
379 489 446 577 ,οὒ
509 491 672 577 μόνον
731 487 884 562 λόγῳ
937 487 1035 550 τὰς
1092 492 1201 543 τῶν
1257 489 1527 577 σωμάτων
1587 487 1872 562 θεραπείας

2004 489 2180 546 solum
2213 491 2423 564 verbis,
2457 496 2558 551 sed
2590 499 2646 550 et
2689 512 2868 553 manu
2901 514 3028 567 sua,
3059 500 3426 558 sanationem
3475 520 3640 577 crpo-

234 575 544 655 ὲϐράϐευεν,
599 576 750 634 ἀλλὰ
805 579 893 632 καὶ
938 579 1107 652 χειρὶ,
1167 575 1342 633 Πάλιν
1383 577 1636 653 ἀλλαχοῦ
1692 582 1879 651 κρατεῖ

233 669 435 746 χειρὸς,
479 669 548 736 ἧς
601 669 678 741 μὴ
727 666 976 737 πλάστης
1025 667 1117 738 ἦν,
1161 666 1253 720 καὶ
1283 666 1346 721 τὸ
1377 666 1631 738 κοράσιον
1661 665 1875 742 ἐγείρει,

232 759 316 814 καί
344 759 437 813 τὸν
478 757 597 810 υἱὸν
629 754 820 811 ἀνίστα
847 761 947 825 τῆς
991 755 1192 830 χήρας,
1225 755 1316 810 καὶ
1364 752 1548 818 καλῶς
1578 757 1879 809 αποσκευα-

233 849 348 904 σθὲν
405 853 510 916 τῆς
577 849 765 920 ψυχῆς
825 849 985 918 σῶμᾶ
1061 843 1228 900 πάλιν
1295 843 1705 920 ἐπαναστρέφει,
1790 844 1879 898 καὶ

231 940 481 994 συνάπτει
533 935 730 1008 ταύτῃ,
789 934 819 988 δ
872 932 1040 989 καλὸν
1077 935 1172 1006 μὶν
1202 935 1269 1002 ἦν
1301 933 1439 989 κατᾶ
1465 935 1565 1002 τήν
1596 932 1878 1012 θεομάχον

231 1027 478 1104 γλῶτταν
545 1021 676 1098 μηδ’
721 1022 868 1086 ὅλως
934 1019 1146 1093 λαϐεῖν,
1207 1021 1454 1099 δεύτερον
1516 1021 1573 1078 δὲ
1603 1019 1877 1079 λαϐοῦσαν

233 1119 419 1172 θαττον
489 1114 805 1185 ἀποθέσθαι,
866 1115 1141 1190 χείριστον
1185 1111 1242 1169 δὲ
1289 1114 1379 1170 καὶ
1415 1115 1549 1187 μετὰ
1593 1115 1693 1184 τὴν
1740 1113 1882 1168 ἀπό-

233 1210 372 1264 θεσιν
441 1210 781 1288 συναφθῆναι
836 1205 1026 1263 πάλιν.
1087 1205 1187 1262 Καὶ
1245 1205 1274 1260 ὁ
1334 1206 1398 1261 τὸ
1458 1206 1657 1281 κράτος
1705 1202 1879 1260 ἐλθὼν

231 1296 534 1353 καταλῦσαι
606 1300 706 1352 τοῦ
781 1295 1005 1371 ἐχθροῦ,
1071 1296 1218 1370 πάσῃ
1298 1292 1523 1368 δυνάμει
1604 1293 1880 1369 κρατύνειν

228 1387 390 1444 αὐτοῦ
437 1388 509 1442 τὰ
557 1382 689 1462 ἔργα
738 1385 1062 1463 φιλονεικεῖ,
1116 1383 1226 1441 Καὶ
1262 1384 1316 1439 τί
1366 1382 1511 1458 λέγω
1552 1383 1829 1459 κρατύνειν
1867 1413 1882 1464 ;

231 1481 494 1550 μενοῦνγε
545 1477 646 1544 τήν
697 1471 988 1550 τυραννίδα
1051 1472 1328 1535 πολλάκις
1386 1471 1653 1546 λυομένη,
1720 1477 1883 1528 τοῦτο

235 1567 325 1640 μὲν
386 1567 472 1627 οἷς
551 1565 798 1620 ὑπέκειτο
881 1564 949 1618 τὰ
1024 1563 1226 1630 ταύτης
1313 1557 1442 1638 ἔργα
1516 1559 1885 1624 παντοδαποῖς

229 1657 504 1728 νοσήμασι
584 1650 967 1726 δαπανώμενα,
1045 1656 1207 1707 τοῦτο
1301 1648 1360 1706 δὲ
1441 1654 1526 1715 οἷς
1630 1648 1884 1706 διεσπᾶτο

230 1750 309 1818 τῷ
366 1744 582 1816 θανάτῳ
637 1743 730 1798 καὶ
774 1747 855 1814 τῷ
899 1744 1073 1818 φθορᾷ
1127 1737 1471 1817 παρεδίδοτο,
1515 1740 1676 1804 αὐτὸς
1718 1741 1747 1795 ὁ
1783 1747 1883 1810 τῆς

1991 595 2118 635 rum
2142 582 2562 639 condecoravit.
2597 584 2746 640 Alibi
2779 587 2934 642 enim
2959 589 3342 660 apprehendit
3370 607 3638 660 manum,

1989 671 2161 741 cujus
2191 676 2385 728 tamen
2418 689 2532 730 non
2565 683 2683 730 erat
2713 677 2999 744 conditor,
3033 683 3090 736 et
3119 680 3375 751 puellam
3406 682 3637 754 excitat,

1989 764 2046 814 et
2091 760 2274 816 tilium
2323 762 2508 818 viduae
2558 765 2616 819 in
2676 766 2854 822 vitam
2886 773 3132 837 revocat,
3192 785 3522 843 corpusque
3569 773 3640 828 ab

1991 849 2187 905 anima
2213 850 2438 923 optimo
2469 853 2713 909 consilio
2743 861 3096 926 separatum,
3132 860 3378 928 reducit,
3419 866 3480 917 et
3509 878 3638 917 cum

1991 941 2192 995 eadem
2214 941 2539 1012 conjungit.
2566 947 2745 1015 Atque
2763 945 2820 1000 id
2845 950 3040 1003 tamen
3063 949 3386 1005 secundum
3406 949 3642 1022 impiam

1993 1027 2297 1084 hominum
2330 1029 2564 1087 illorum
2599 1034 2860 1104 linguam
2891 1035 2971 1091 ita
3004 1047 3403 1108 comparatum
3436 1045 3546 1107 ets,
3581 1050 3646 1099 ut

1993 1119 2352 1188 praestitisset
2377 1136 2676 1192 nunquam
2701 1123 2850 1180 illud
2880 1127 3192 1198 accepisse,
3225 1126 3314 1182 vel
3340 1134 3642 1201 acceptum

1994 1223 2171 1278 quam
2221 1209 2503 1267 citissime
2559 1211 2893 1284 deponere;
2955 1216 3278 1286 pessimum
3347 1233 3485 1274 vero
3543 1219 3641 1288 sit,

1994 1298 2323 1369 depositum
2365 1303 2577 1358 iterum
2616 1303 2888 1373 junctum
2919 1305 3132 1362 videre.
3187 1308 3295 1372 Qui
3325 1324 3456 1366 vero
3487 1310 3645 1365 venit

1996 1388 2065 1442 ad
2108 1391 2427 1458 potentiam
2480 1391 2669 1448 hostis
2719 1394 3126 1466 frangendam,
3167 1397 3220 1453 is
3267 1414 3369 1469 pro
3417 1397 3643 1455 viribus

1995 1491 2168 1546 opera
2205 1479 2333 1549 ejus
2377 1481 2640 1538 stabilire
2669 1482 2971 1539 annititur.
3028 1484 3196 1552 Quid,
3225 1485 3490 1557 inquam,
3520 1491 3648 1544 sta-

1997 1565 2208 1622 bilire?
2236 1569 2356 1624 imo
2402 1586 2534 1627 vero
2591 1572 2922 1628 destructor
2960 1573 3288 1645 tyrannidis
3333 1575 3495 1631 illius
3549 1591 3650 1646 per

1999 1659 2174 1711 totam
2206 1673 2374 1714 suam
2407 1658 2579 1715 vitam
2612 1661 2772 1716 visus
2801 1667 2891 1718 est
2911 1663 3107 1732 ipsum
3138 1663 3246 1720 hoc
3277 1665 3649 1737 tyrannicum

1995 1742 2345 1814 dominium,
2378 1748 2592 1820 saepius
2616 1766 2767 1806 nunc
2788 1751 3025 1822 quidem
3050 1753 3222 1809 variis
3247 1753 3486 1820 morbis,
3515 1755 3646 1826 qui-

231 1813 1058 1909 τυραννίδοςνκαθαιρέτης’παρ’
1089 1813 1220 1886 ὅλον
1250 1837 1351 1900 τῆς
1387 1828 1684 1904 ἐπιδημίας
1719 1829 1885 1886 αὐτοῦ

2004 1837 2106 1891 bus
2154 1813 2338 1908 opera
2371 1813 2498 1908 ejus
2530 1813 3018 1910 subjectaerant;
3055 1858 3208 1897 nunc
3236 1850 3426 1899 autem
3460 1813 3647 1900 morte

228 1924 324 1978 τὸν
387 1923 599 1997 καιρὸν,
650 1920 1000 1990 ἀνακαινίζων
1056 1919 1258 1990 ταύτην
1303 1920 1458 1996 ὤφθη
1529 1926 1631 1988 τῆς
1679 1921 1882 1996 φθορᾶς

238 2013 492 2080 ἀνιστῶν,
539 2013 650 2068 τῶν
716 2013 906 2066 παθῶν
957 2008 1342 2080 ἀπαλλάττων,
1392 2010 1482 2065 καὶ
1535 2011 1880 2082 τοσαυτάκις,

236 2101 426 2166 ὁσάκις
453 2102 673 2175 νεκροὺς
724 2121 783 2156 τε
813 2101 890 2162 εἰς
941 2095 1238 2155 ἀναϐίωσιν
1267 2100 1373 2176 ἦγε
1401 2099 1493 2155 καὶ
1541 2102 1649 2155 τῶν
1697 2099 1890 2173 σωμά-

233 2213 350 2247 των
375 2191 472 2253 τὰς
501 2189 697 2253 νόσους
726 2189 1032 2261 ἀπήλαυνε.

313 2373 432 2429 AI".
492 2371 596 2427 Καὶ
670 2370 734 2427 τὸ
806 2366 887 2426 ἔτι
976 2367 1216 2442 μάλιστα
1297 2365 1888 2444 δυσανασχετούμενον,

235 2463 320 2516 ὅτι
365 2481 471 2536 περ
531 2458 586 2531 ἐξ
652 2458 860 2515 ἐκείνου
895 2459 1060 2534 μέχρι
1089 2463 1183 2514 νῦν
1217 2455 1305 2513 διά
1341 2479 1400 2514 τε
1434 2463 1546 2513 τῶν
1576 2457 1742 2512 αὐτοῦ
1770 2458 1887 2512 θεο-

236 2551 424 2628 φόρων
457 2550 741 2623 μαθητῶν,
799 2547 889 2603 καὶ
949 2547 982 2602 ἃ
1036 2549 1136 2618 τήν
1173 2546 1392 2602 ἐκείνων
1453 2545 1724 2621 μετῆλθον
1771 2544 1890 2601 δια-

231 2637 434 2714 δοχήν,
489 2637 560 2694 οὗ
610 2637 768 2712 λήγει
825 2638 1028 2708 ταύτην
1071 2634 1160 2692 διὰ
1203 2641 1310 2692 τῶν
1380 2637 1585 2710 ὁμοίων
1644 2637 1887 2712 πράξεων

229 2727 738 2803 συγκαταπράττων
815 2727 904 2783 καὶ
1000 2727 1660 2803 συγκατασκευαζόμενος.
1753 2727 1889 2800 Ἀρα

228 2815 344 2872 ἔστι
375 2839 432 2872 τι
475 2825 580 2887 τῆς
608 2816 868 2888 τοιαύτης
917 2815 1244 2890 ἐμπληξίας,
1285 2816 1320 2887 ἢ
1369 2818 1495 2891 παρ’
1533 2814 1807 2886 Ἕλλησιν
1852 2814 1889 2884 ἢ

229 2909 374 2980 παρά
438 2901 744 2980 Βαρϐἀροις
797 2905 1242 2982 ἐμπληκτότερον
1332 2905 1369 2976 ἢ
1453 2905 1752 2978 ἀθεώτερόν
1835 2926 1888 2960 τι

235 2995 425 3053 λαϐεῖν
461 3017 478 3068 ;
514 2997 657 3066 Ἐγὼ
711 2999 806 3070 μὶν
867 2996 973 3073 οὐχ
1025 2999 1160 3071 ὁρῶ,
1213 2997 1370 3070 οἶμαι
1423 2995 1480 3053 δὲ
1531 2995 1644 3052 οὐδ’
1703 2995 1890 3059 ἄλλως

231 3089 363 3162 ὁρᾷν
411 3087 518 3142 οὐκ
561 3085 799 3159 ἀνάξιος.
853 3087 1283 3159 Πυνθανομὲνοις
1319 3086 1413 3158 μὶν
1440 3105 1524 3140 τοι
1557 3089 1674 3146 τοῖς
1715 3091 1889 3160 Φαρι-

236 3175 415 3238 σαίοις
473 3175 521 3231 εἰ
574 3173 773 3248 ἔξεστιν
823 3175 1096 3250 ἀνθρώπῳ
1145 3174 1279 3230 κατὰ
1315 3178 1488 3229 πᾶσαν
1537 3173 1714 3228 αἰτίαν
1763 3173 1892 3228 ἀπο·
1923 3147 1966 3215 C

233 3265 385 3322 λύειν
435 3265 540 3335 τήν
591 3270 818 3340 γυναῖκα
861 3266 1051 3332 αὐτοῦ,
1098 3263 1218 3339 δρα,
1266 3269 1384 3326 πῶς
1415 3265 1517 3320 οὐκ
1554 3261 1892 3338 ἄλλαχόθεν,

233 3355 352 3412 οὔδ’
421 3355 482 3411 ἐκ
559 3361 660 3426 τῆς
712 3352 852 3418 ἰδίας
898 3353 1140 3426 ἐξουσίας
1198 3355 1288 3410 καὶ
1333 3359 1441 3409 τῶν
1503 3360 1604 3424 τῆς
1659 3355 1890 3433 χάριτος

232 3444 530 3521 δογμάτων
588 3446 618 3499 ὁ
667 3442 1059 3523 φιλάνθρωπος
1102 3445 1263 3517 ἡμῶν
1297 3443 1595 3513 Δεσπότης,
1627 3442 1777 3498 ἀλλᾶ
1822 3439 1892 3496 δι’

233 3534 412 3604 αὐτῆς
465 3539 570 3603 τῆς
627 3533 1026 3611 ἀρχαιογονίας
1079 3531 1170 3587 καὶ
1224 3532 1323 3601 τὴν
1368 3530 1522 3587 λύσιν
1573 3531 1747 3587 αὐτῶν
1794 3537 1894 3600 τῆς

233 3622 471 3698 ἀπορίας
525 3621 618 3678 καὶ
681 3623 783 3690 τὴν
841 3621 1155 3694 ἐπιτίμησιν
1206 3620 1413 3696 ἐπάγει.
1483 3620 1594 3676 Οὐκ
1631 3621 1894 3694 ἅνὲγνῶτε

233 3714 368 3789 γὰρ,
432 3711 572 3788 φησὶ
638 3709 723 3767 ὅτι
784 3711 813 3765 ὁ
895 3713 1130 3781 ποιήσας
1215 3708 1409 3772 αὐτοὺς
1505 3711 1595 3765 ἀπ’
1685 3710 1893 3786 ἀρχῆς,

233 3803 396 3879 ἄρσεν
446 3800 540 3856 καὶ
616 3800 758 3870 θῆλυ
820 3798 1067 3870 ἐποίησεν
1144 3799 1380 3868 αὐτούςς
1462 3797 1752 3867 διδάσκων,
1815 3800 1890 3871 μὴ

235 3889 352 3946 δεῖν
416 3888 623 3966 ῥᾳδίως
679 3887 996 3946 διαλύεσθαι
1049 3888 1118 3944 τὰ
1174 3886 1479 3944 συνοικέσια
1539 3887 1670 3960 μηδ’
1721 3886 1895 3950 οὕτως

239 3984 560 4056 προπετῶς,
591 3979 728 4054 πρὸς
769 3979 802 4033 ἃ
858 3980 1087 4033 συνωθεῖ
1115 3978 1179 4032 τὸ
1226 3984 1325 4048 τῆς
1366 3979 1546 4052 ὁρμῆς
1573 3975 1896 4048 ἀκόλαστον,

240 4070 664 4149 καταφέρεσθαι.
697 4067 801 4126 Καὶ
833 4064 919 4124 ὅτι
972 4067 1070 4136 τήν
1119 4065 1481 4144 δημιουργίαν
1532 4065 1700 4136 αὐτὴν
1751 4063 1899 4120 διδά-

242 4157 446 4214 σκαλον
475 4153 694 4234 ἔχοντες
721 4161 819 4214 τοῦ
844 4157 984 4230 μήτε
1005 4159 1118 4230 (52)
1145 4155 1359 4212 πλείοσι
1393 4161 1517 4231 μιᾶς
1542 4156 1749 4232 γυναιξὶ
1779 4175 1899 4210 συν-

242 4249 531 4317 άπτεσθαι,
569 4250 708 4322 μήτε
768 4245 993 4319 διασπᾷν
1034 4249 1134 4318 τὴν
1186 4249 1486 4326 συνάφειαν,
1540 4247 1640 4302 οὐκ
1688 4245 1898 4317 ἠθέλη-

244 4361 341 4393 σαν
375 4338 504 4394 οὕτε
530 4340 632 4406 τήν
661 4334 886 4407 ἐντολήν
919 4335 981 4392 ἐκ
1025 4342 1122 4392 τοῦ
1173 4341 1467 4392 Μωσαϊκοῦ
1517 4334 1899 4392 διδασκαλείου

245 4431 457 4499 μαθεῖν,
521 4423 646 4483 οὔτε
706 4427 768 4482 τὸ
807 4424 1011 4502 ἄπορον
1058 4427 1170 4498 (53)
1220 4426 1576 4500 ἐπιλυόμενον
1623 4423 1898 4495 συνιδεῖν;

244 4519 410 4574 Ἀλλ’
467 4516 632 4580 αὐτὸς
690 4514 890 4572 ἐκεῖθεν
948 4517 1084 4591 πρὸς
1148 4513 1403 4591 ἑκάτερον
1458 4517 1898 4590 παραταξάμενος

245 4608 410 4679 μόνον
472 4605 673 4661 λοιπὸν
723 4603 858 4661 ἴδιον
913 4607 1003 4660 τὸν
1061 4602 1296 4660 παλαιὸν
1352 4610 1612 4674 ποιεῖται,
1679 4604 1762 4659 ἐαὶ
1830 4601 1900 4659 δι’

239 4694 450 4752 ἐκείνου
480 4695 674 4751 πλὲκει
707 4696 796 4750 τὸν
823 4696 923 4765 τὴς
963 4695 1214 4770 χάριτος.
1247 4694 1309 4750 Ὁ
1354 4694 1457 4768 γὰρ
1505 4694 1566 4748 ἐκ
1609 4694 1682 4766 μή
1729 4689 1899 4748 ὄντων

243 4787 458 4842 ἅπαντα
517 4785 874 4861 παραγαγὼν,
928 4782 1000 4838 δι’
1047 4786 1122 4838 ὧν
1165 4783 1241 4847 είς
1286 4783 1440 4858 ἄρσεν
1500 4784 1591 4839 καὶ
1633 4783 1776 4854 θῆλυ
1805 4785 1904 4854 τὴν

242 4874 598 4951 ἀνθρωπίνην
647 4875 804 4953 φύσιν
864 4875 1157 4951 μορφώσας
1205 4870 1531 4948 διήρθρωσε,
1584 4875 1672 4930 καὶ
1729 4874 1804 4937 εἰς
1847 4873 1902 4930 ἓν

245 4964 527 5037 ἀλλήλοις
558 4966 926 5039 συνήρμοσεν,
974 4962 1178 5024 ἐκεῖνός
1224 4961 1361 5032 ἐστι,
1405 4963 1591 5041 φησὶν,
1633 4965 1660 5018 ὁ
1708 4965 1798 5019 καὶ
1838 4967 1905 5021 τὰ

247 5056 534 5130 σπέρματα
589 5059 687 5110 τοῦ
745 5056 922 5128 νόμου
973 5047 1319 5118 καταϐαλὼν,
1370 5053 1430 5114 ὅς
1478 5053 1553 5125 μὴ
1615 5049 1721 5107 δεῖν
1760 5075 1906 5130 μοχ-

247 5143 415 5218 θηρίᾳ
501 5145 730 5220 γνώμης
813 5144 903 5200 ἀπ’
980 5141 1250 5216 ἀλλήλων
1333 5140 1460 5204 τοὺς
1548 5143 1908 5220 στναφθὲντας

315 5263 364 5298 ⁸³
391 5264 599 5324 Matth.
629 5279 744 5327 xxx,
785 5261 836 5320 4.

1994 1933 2048 1980 et
2070 1925 2460 1996 corruptione,
2495 1928 2587 1982 cui
2621 1929 2838 1984 morbis
2865 1935 3216 2002 consumpta
3244 1931 3644 2000 tradebantur,

1997 2014 2357 2070 destructum
2401 2014 2614 2071 iterum
2667 2017 3022 2080 instaurare,
3068 2019 3241 2075 modo
3287 2021 3359 2075 ab
3407 2020 3646 2078 interitu

1999 2101 2278 2171 excitans,
2329 2105 2502 2160 modo
2559 2122 2594 2160 a
2641 2105 2810 2161 malis
2875 2107 3152 2174 liberans,
3215 2109 3392 2180 idque
3447 2111 3648 2178 toties,

2002 2189 2230 2262 quoties
2272 2194 2532 2248 mortuos
2580 2192 2644 2247 in
2673 2194 2853 2250 vitam
2885 2194 3199 2266 revocavit,
3247 2199 3307 2252 et
3350 2197 3586 2253 morbos
3616 2213 3650 2254 a

2002 2279 2348 2350 corporibus
2379 2279 2760 2352 propulsavit.

2073 2367 2327 2424 XXXIII.
2360 2372 2448 2438 Et,
2482 2371 2634 2440 quod
2667 2369 2863 2428 adhuc
2893 2371 3093 2428 minus
3116 2373 3252 2430 ferri
3282 2389 3458 2446 posse
3490 2375 3655 2432 vide-

1999 2464 2116 2526 tur,
2148 2456 2284 2513 inde
2321 2458 2394 2514 ab
2423 2474 2490 2514 eo
2539 2467 2794 2530 tempore
2845 2477 3035 2534 usque
3079 2463 3149 2519 ad
3201 2479 3478 2537 prasens,
3530 2481 3648 2522 non

1999 2548 2228 2604 desistit
2255 2555 2379 2605 tum
2403 2565 2504 2620 per
2523 2549 2667 2606 disci
2676 2551 2846 2623 pulos
2859 2568 2996 2609 suos
3019 2553 3213 2610 divino
3233 2554 3448 2626 Spiritu
3466 2558 3650 2612 actos.

2001 2644 2124 2694 tum
2156 2654 2257 2710 per
2286 2654 2384 2696 eos
2433 2640 2532 2711 qui
2564 2639 2672 2696 hos
2717 2642 2774 2696 in
2817 2641 3008 2698 ofﬁcio
3051 2648 3422 2716 exceperunt,
3475 2644 3650 2700 simi-
3743 2675 3747 2682 ί

1999 2726 2157 2784 libus
2186 2728 2511 2785 actionibus
2533 2727 2687 2785 idem
2721 2731 3046 2788 dominium
3074 2733 3422 2789 confirmare
3455 2737 3514 2788 et
3532 2748 3658 2804 per-

2003 2815 2193 2872 ficere.
2248 2817 2527 2888 Nunquid
2573 2833 2709 2875 vero
2755 2819 2845 2875 vel
2905 2821 3056 2891 apud
3103 2820 3329 2878 Graecos
3379 2821 3466 2878 vel
3500 2823 3654 2892 apud

2002 2905 2288 2961 Barbaros
2319 2907 2643 2978 quidquam
2690 2912 2779 2964 est
2827 2910 3012 2981 magis
3046 2909 3354 2965 barbarum
3404 2913 3508 2965 aut
3538 2910 3658 2965 im-

2003 2995 2187 3066 pium,
2207 3011 2382 3066 quam
2408 2996 2645 3068 quidem
2665 2996 2808 3053 hoc?
2831 2998 2941 3068 Ego
2957 2998 3197 3069 quidem
3216 2998 3331 3055 tale
3352 2999 3491 3070 quid
3509 3015 3652 3055 nus-

2003 3100 2179 3155 quam
2209 3085 2397 3155 video,
2425 3101 2615 3156 neque
2637 3090 2836 3156 putem
2855 3103 2969 3154 me,
3003 3091 3070 3142 ut
3087 3088 3367 3156 viderem,
3391 3087 3648 3158 alioquin

2005 3173 2313 3244 indignum
2380 3189 2528 3230 esse.
2586 3175 2733 3231 Cum
2786 3174 3066 3230 Pharisaei
3129 3175 3440 3246 aliquando
3491 3191 3650 3246 quas-

2003 3268 2219 3330 rerent,
2278 3278 2421 3318 num
2482 3261 2654 3318 liceat
2695 3261 2920 3319 homini
2960 3279 3304 3336 quacunque
3351 3265 3422 3320 de
3469 3279 3653 3321 causa

2001 3364 2242 3406 uxorem
2273 3367 2439 3406 suam
2472 3351 2816 3421 dimitterre,
2837 3351 2968 3408 vide
2997 3353 3168 3421 mihi,
3201 3352 3490 3423 quomodo
3532 3369 3650 3409 non

2001 3439 2256 3508 aliunde,
2301 3455 2405 3497 nec
2450 3456 2518 3497 ex
2564 3441 2799 3513 propria
2837 3445 3141 3512 potestate,
3179 3445 3281 3497 aut
3334 3459 3402 3498 ex
3458 3442 3653 3515 gratiis

2003 3530 2271 3586 doctrina
2304 3531 2587 3587 Dominus
2609 3537 2823 3598 noster,
2851 3531 3151 3587 hominum
3180 3531 3652 3598 amantissimus,

2003 3619 2104 3675 sed
2135 3634 2205 3674 ex
2251 3619 2377 3691 ipsa
2407 3619 2718 3676 creationis
2747 3619 2990 3676 historia
3019 3628 3073 3677 et
3119 3621 3511 3692 objectionem
3550 3635 3652 3676 eo-

2003 3725 2138 3764 rum
2194 3707 2400 3775 solvat,
2462 3712 2518 3765 et
2593 3708 3101 3780 reprehensionem
3161 3711 3390 3767 formet.
3462 3709 3652 3766 Nonne

2005 3800 2156 3854 enim
2183 3798 2410 3868 legistis,
2444 3798 2655 3870 inquit,
2695 3799 2836 3870 quod
2877 3799 3007 3870 quid
3041 3803 3174 3871 fecit
3223 3817 3312 3857 eos
3359 3799 3427 3856 ab
3466 3799 3659 3865 initio,

2004 3903 2215 3942 marem
2243 3893 2300 3941 et
2319 3889 2592 3956 [eminam
2609 3889 2741 3956 fecit
2761 3903 2851 3944 eos
2871 3887 2919 3922 ⁴²
2939 3889 2967 3943 ‘I
2996 3887 3150 3944 clare
3171 3905 3275 3961 per
3295 3889 3475 3960 ipsam
3504 3888 3656 3944 hanc

2007 3975 2410 4031 formationem
2441 3975 2730 4031 diversam
2760 3979 2994 4046 docens,
3029 3993 3142 4032 non
3175 3982 3294 4033 tam
3330 3977 3498 4034 facile
3535 3976 3658 4032 sol-

2005 4082 2139 4122 vere
2169 4064 2344 4120 lieere
2372 4064 2687 4131 connubia,
2719 4081 2908 4136 neque
2946 4069 3066 4120 tam
3097 4070 3314 4121 temere
3342 4081 3408 4121 eo
3448 4064 3656 4136 abripi,

2009 4171 2124 4228 quo
2156 4153 2410 4222 impetus
2440 4153 2756 4210 difﬁculter
2785 4154 3141 4210 coercendus
3176 4153 3446 4224 impellit.
3479 4153 3660 4209 Cum-

2010 4263 2122 4319 que
2161 4247 2515 4304 creationem
2557 4246 2747 4319 ipsam
2783 4246 3122 4318 magistram
3155 4247 3456 4312 haberent,
3503 4247 3658 4317 quod

2011 4351 2117 4392 nec
2146 4335 2342 4410 plures
2373 4354 2491 4393 una
2541 4337 2822 4410 conjugcs
2871 4338 3105 4407 ducere,
3157 4351 3264 4393 nec
3315 4335 3658 4407 conjugium

2011 4427 2285 4485 dirimere
2313 4427 2484 4485 liceat
2514 4446 2527 4497 ;
2562 4427 2647 4482 illi
2679 4433 2878 4485 tamen
2911 4443 3014 4484 nec
3061 4432 3414 4500 praeceptum
3449 4427 3554 4483 hoc
3593 4442 3664 4484 ex

2011 4518 2322 4590 disciplina
2343 4517 2591 4574 Mosaica
2612 4517 2853 4582 discere,
2877 4533 3059 4589 neque
3076 4517 3478 4575 difficultatem
3505 4517 3664 4573 solu-

2021 4614 2137 4665 tam
2169 4609 2359 4664 videre
2396 4606 2681 4663 volebant.
2721 4609 2790 4662 At
2812 4605 2908 4662 ille
2937 4606 3072 4662 inde
3111 4610 3314 4662 contra
3350 4610 3667 4678 utrumque

2013 4700 2337 4765 decertans,
2381 4703 2628 4753 veterem
2672 4699 2898 4752 tantum
2943 4709 3137 4766 regem
3187 4694 3482 4766 propriam
3541 4695 3657 4750 sibi

2012 4788 2168 4854 fecit,
2200 4794 2370 4856 atque
2399 4785 2536 4841 hinc
2580 4800 2730 4850 eam,
2765 4801 2892 4856 quae
2931 4784 3124 4856 gratiae
3164 4787 3274 4852 est,
3316 4783 3516 4839 nectit.
3551 4783 3662 4851 Qui

2013 4877 2169 4933 enim
2201 4891 2268 4930 ex
2299 4891 2412 4930 non
2445 4873 2862 4930 exsistentibus
2883 4873 3083 4930 omnia
3113 4872 3406 4945 produxit,
3437 4889 3504 4928 ex
3535 4873 3670 4945 qui-

2015 4967 2124 5022 bus
2155 4965 2477 5020 humanam
2529 4968 2794 5020 naturam
2826 4961 2886 5018 in
2939 4961 3267 5018 masculum
3297 4966 3354 5019 et
3387 4961 3664 5018 feminam

2018 5055 2322 5113 formando
2374 5053 2559 5118 ﬁnxit,
2608 5055 2925 5124 utrumque
2973 5051 3033 5107 in
3084 5067 3267 5108 unum
3317 5049 3673 5122 conjunxit;

2018 5146 2089 5214 is,
2122 5143 2332 5217 inquit,
2365 5143 2522 5201 idem
2553 5145 2660 5207 est,
2684 5141 2786 5214 qui
2817 5146 2875 5200 et
2893 5141 3066 5214 hujus
3087 5141 3234 5214 legis
3258 5140 3487 5199 semina
3504 5155 3672 5214 spar-

1425 5421 1669 5483 νΑιιιΔς
1704 5423 2094 5482 LECTIONES
2135 5424 2227 5481 ET
2265 5423 2497 5482 NOTAE.

321 5583 430 5655 l52)
470 5581 645 5653 Μήτε.
683 5581 765 5655 Ita
788 5578 996 5654 scripsi
1027 5597 1130 5654 pro
1159 5575 1280 5651 ἤτε,
1326 5581 1478 5653 quod
1531 5597 1647 5636 non
1694 5579 1910 5637 admit-

251 5654 294 5711 ιί
309 5651 650 5746 natasse
667 5651 826 5746 eis;

325 5719 741 5802 (53)”Ἀπορὸνζ
778 5727 938 5782 Hanc
979 5739 1179 5784 vocem
1236 5723 1470 5800 reposui
1510 5739 1616 5797 pro
1670 5719 1915 5800 ἄσπορον

2022 5595 2154 5657 quo_
2185 5585 2315 5657 erat
2363 5575 2422 5633 in
2480 5592 2594 5657 ms.
2652 5573 2892 5657 "_Anp_pov
2929 5574 3097 5657 enim
3145 5589 3416 5657 mqueuac
3450 5567 3665 5657 direpta:

2020 5644 2195 5724 paulo
2224 5653 2357 5708 ante
2387 5649 2609 5707 nodum
2648 5644 2876 5706 vindice
2913 5647 3158 5720 dignum
3179 5644 3488 5717 signiﬁcat.
