4084 6210
427 365 547 427 259

1614 345 1879 407 PHOTII
1927 343 2455 408 PATRIARCHIE
2497 343 2612 404 CP.

3697 351 3825 410 260

419 498 525 564 sit;
557 499 616 552 et
662 490 932 566 praecepit
961 488 1118 561 quod
1151 501 1266 541 non
1316 482 1484 538 liceat
1530 495 1598 535 ex
1645 478 1849 550 iniqua
1880 480 2050 535 animi

2177 475 2386 532 κελεύει
2443 474 2735 543 διίσταθαι,
2789 473 2918 548 μηδ’
2983 475 3306 553 ὑπερορίους
3345 477 3570 550 ἡδονὰς,
3600 483 3691 538 καὶ
3719 485 3828 553 τὴν

419 584 709 644 sententia
737 579 919 638 semel
951 577 1296 648 conjunctos
1329 589 1362 626 a
1401 587 1463 626 se
1494 569 1738 625 invicem
1770 584 2062 640 separare,

422 690 606 746 neque
631 671 978 728 immodicas
1013 663 1222 722 sectari
1255 660 1627 733 cupiditates,
1653 663 1708 714 et
1731 658 2062 714 introducto

421 764 780 838 polygamias
801 760 940 814 vitio
970 754 1274 812 hominum
1312 751 1741 823 generationem
1782 749 2062 838 contami-

420 837 579 911 nare.
599 852 794 912 Vides,
819 846 1110 920 quomodo
1134 843 1264 898 inde
1281 841 1353 896 ab
1371 838 1692 908 originibus
1716 838 1920 894 mundi
1945 837 2066 893 Mo-

420 943 593 1000 saicis
622 942 807 1012 legem
839 951 1007 992 suam
1032 934 1270 1004 repetat,
1304 934 1479 1001 atque
1499 927 1876 983 indeinitium
1891 942 2061 982 suum

420 1033 632 1090 habere
649 1028 939 1085 ostendat.
963 1025 1166 1078 Postea
1187 1036 1301 1075 non
1323 1017 1556 1075 Judzeos
1576 1015 1762 1087 magis
1786 1033 1882 1086 per
1903 1018 2064 1071 Crea-

414 1125 602 1177 torem
620 1122 678 1174 et
690 1114 1042 1172 creationem
1059 1111 1130 1166 ad
1145 1107 1443 1165 silentium
1459 1105 1749 1177 redigens,
1763 1120 1939 1176 quam
1963 1119 2062 1160 eos

419 1224 624 1265 omnes
652 1207 752 1279 qui
783 1221 848 1260 eo
883 1199 1132 1274 provecti
1164 1205 1318 1262 sunt,
1353 1203 1413 1250 ut
1442 1195 1760 1250 humanam
1790 1198 2058 1250 naturam

416 1297 870 1361 calumniantur,
920 1297 976 1348 et
1023 1288 1455 1362 generationem
1519 1285 1824 1340 hominum
1883 1300 1951 1339 ex
1999 1300 2061 1339 se

412 1387 662 1443 invicem
696 1382 1114 1446 conviciantur,
1146 1380 1277 1450 post
1313 1391 1496 1446 pauca
1535 1374 1873 1444 subjungit:
1909 1372 2059 1442 Quod

413 1481 586 1548 igitur
635 1478 769 1531 Deus
800 1472 1113 1542 conjunxit,
1145 1468 1302 1523 homo
1351 1481 1420 1520 ne
1445 1470 1658 1535 separet
1679 1462 1745 1518 ⁸³.
1780 1465 1902 1519 Non
1951 1463 2058 1518 de-

413 1573 522 1632 cet,
571 1564 780 1636 inquit,
833 1577 978 1631 quas
1031 1563 1174 1613 Deus
1233 1554 1494 1611 condidit
1551 1554 1729 1622 leges,
1780 1551 2056 1608 humanis

413 1653 674 1713 consiliis
716 1657 989 1714 evertere,
1039 1660 1229 1717 neque
1277 1651 1554 1699 creaturis
1587 1640 1878 1706 convenit,
1910 1657 2057 1697 con-

413 1749 504 1801 tra
549 1744 873 1800 Creatorem
920 1737 1073 1807 leges
1107 1735 1273 1790 ferre.
1321 1733 1517 1803 Neque
1576 1730 1767 1786 solum
1825 1731 1882 1784 in
1929 1746 2056 1786 eam

2174 570 2281 621 τῶν
2341 565 2640 636 ἀνθρώπων
2698 565 2902 640 γένεσιν
2964 561 3201 640 ὑϐρίζειν
3273 568 3624 643 πολυγαμίας
3700 593 3830 645 μια-

2175 659 2300 728 σμῷ
2359 656 2470 728 (54)
2540 658 2694 729 Ὁρᾷς
2753 654 2902 716 ὅπως
2970 656 3074 710 ἀπὸ
3147 665 3248 727 τῆς
3340 665 3638 730 Μωσαίκῆς
3731 683 3828 718 κοο

2173 744 2490 818 σμογενείας
2547 743 2638 799 τὸν
2699 745 2892 798 ἑαυτοῦ
2959 742 3237 801 διαπλέκει
3294 749 3466 821 νόμον
3549 751 3638 804 καὶ
3723 753 3826 821 τὴν

2173 835 2351 908 ἀρχὴν
2393 832 2592 888 ἐκεῖθεν
2643 830 2790 908 ἔχειν
2839 831 3164 889 ἐπιδείκνυσι
3218 839 3317 902 τῆς
3367 839 3584 900 θέσεως.
3622 839 3740 895 εἶτα
3764 841 3827 896 ού

2171 924 2298 987 τοὺς
2336 921 2634 985 Ἰουδαίους
2670 921 2884 996 μᾶλλον
2914 922 3280 998 ἐπιστομίζων
3311 925 3398 981 διὰ
3437 933 3534 982 τοῦ
3579 928 3826 985 πλάστου

2170 1013 2260 1068 καὶ
2290 1018 2388 1082 τῆς
2421 1010 2694 1076 πλάσεως,
2713 1010 2858 1066 ἀλλὰ
2888 1012 2977 1066 καὶ
3005 1015 3227 1086 πάντας,
3262 1013 3380 1070 ὅσοι
3402 1013 3707 1096 δυσφημεῖν
3731 1019 3825 1074 τὸν

2170 1101 2456 1174 ἄνθρωπον
2504 1101 2948 1176 παρηνέχθησαν,
3000 1102 3089 1156 καὶ
3135 1105 3235 1174 τήν
3283 1103 3331 1174 ἐξ
3380 1103 3648 1176 ἀλλήλων
3679 1128 3824 1182 προ-

2169 1187 2865 1267 πηλακίζουσι’γέννησιν,
2919 1192 3034 1264 μετ’
3093 1191 3276 1267 ὀλίγον
3337 1195 3550 1270 ἐπάγει.
3603 1198 3672 1254 ’Ὀ
3723 1195 3818 1252 οὖν

2170 1283 2198 1336 ὁ
2257 1282 2386 1344 Θεὸς
2442 1278 2671 1353 ἔζευξεν,
2741 1280 3024 1357 ἄνθρωπος
3085 1284 3162 1356 μὴ
3213 1279 3644 1360 χωρίζὲτωζού
3714 1286 3820 1357 δεῖ,

2169 1372 2350 1447 φησὶν,
2385 1370 2478 1433 οὕς
2527 1371 2554 1424 ὁ
2604 1371 2732 1433 Θεὸς
2780 1372 2944 1441 ἔπηξε
2996 1371 3199 1445 νόμους
3250 1373 3610 1450 ἀνθρωπίνοις
3633 1379 3817 1451 παρά-

2167 1461 2434 1515 κινεῖσθαι
2534 1457 2962 1533 σπουδάσμασιν,
3050 1461 3168 1516 οὐδ’
3249 1461 3676 1538 ἂντινομοθετεῖν
3757 1467 3822 1522 τὸ

2167 1547 2397 1622 πλάσμα
2440 1553 2512 1620 τῷ
2555 1547 2850 1608 Πλᾶσαντι.
2905 1550 3008 1606 Καὶ
3050 1551 3112 1605 ού
3157 1553 3325 1626 μέχρι
3355 1553 3621 1622 τοσαύτης
3649 1562 3822 1627 τιμῆς

2167 1640 2268 1707 τήν
2299 1638 2600 1706 Μωσαϊκῆν
2637 1635 2994 1714 φυσιολογίαν
3026 1640 3233 1715 ἀνάγει,
3265 1639 3394 1696 ἀλλ’
3425 1639 3534 1712 ἤδη
3574 1642 3661 1698 καὶ
3710 1648 3825 1698 τῶν

2171 1723 2445 1780 Ἰουδαίων
2504 1723 2589 1779 ἐπὶ
2652 1726 2901 1780 συστάσει
2959 1729 3059 1800 τῇς
3115 1725 3253 1789 ἰδίας
3310 1729 3538 1802 γνώμης
3589 1749 3647 1784 τε
3721 1730 3818 1785 καὶ

412 1832 756 1904 dignitatem
805 1827 1117 1883 Mosaicam
1165 1821 1585 1894 physiologiam
1617 1818 1822 1886 evehit,
1878 1818 1976 1873 sed
2007 1823 2050 1872 et

2170 1813 2330 1884 δόξης
2389 1810 2979 1888 ἄντιπροϐαλλομένων
3029 1836 3086 1870 τε
3163 1817 3256 1871 καὶ
3331 1818 3819 1895 ἀνθυποφερόντων

411 1939 545 1980 cum
589 1920 776 1978 Judaei
827 1934 926 1988 pro
959 1911 1464 1970 commendatione
1494 1908 1794 1964 sententias
1831 1925 1950 1963 suae
1998 1914 2056 1963 et

410 2011 700 2084 opinionis
744 2008 943 2062 Mosen
991 2003 1310 2076 proferrent
1357 2005 1414 2054 et
1454 1997 1796 2084 obiicerent,
1839 1997 2056 2084 quippe

409 2082 508 2168 qui
542 2096 684 2164 ipsis
715 2089 1047 2164 permiserit
1068 2087 1360 2142 dimittere
1381 2100 1610 2152 uxores,
1636 2082 1784 2137 nihil
1815 2083 1926 2152 ipsi
1959 2097 2053 2137 re-

408 2181 817 2256 prehensionis
840 2176 1099 2249 impegit,
1140 2189 1332 2245 neque
1359 2171 1589 2228 crimini
1621 2187 1750 2227 eum
1786 2171 1918 2225 fecit
1947 2171 2055 2226 ob-

415 2273 679 2330 noxium.
725 2268 856 2335 Sed,
892 2264 1162 2338 quamvis
1207 2279 1276 2318 ex
1305 2264 1434 2333 ipsa
1465 2260 1754 2316 creatione
1786 2258 2056 2330 primaava

415 2367 472 2418 et
525 2379 593 2418 ex
647 2359 980 2416 Judazorum
1032 2353 1369 2423 exceptione
1421 2348 1786 2405 occasionem
1847 2352 2054 2404 nactus

405 2456 582 2517 esset,
617 2464 855 2505 causam
888 2445 1069 2514 hujus
1118 2441 1198 2496 rei
1227 2440 1287 2494 in
1321 2440 1517 2494 Mosen
1553 2437 1860 2503 referendi,
1912 2436 2053 2492 adeo

407 2544 603 2595 tamen
636 2554 697 2593 se
720 2554 753 2591 a
782 2535 940 2590 Mose
981 2529 1311 2587 accusando
1348 2527 1652 2591 abstinuit,
1697 2534 1755 2581 ut
1783 2541 1918 2580 eum
1951 2540 2052 2594 po-

404 2631 520 2684 tius
551 2627 847 2697 sapienter
875 2627 1156 2692 tanquam
1191 2618 1632 2688 dispensantem
1663 2615 1848 2686 egisse
1879 2614 2052 2684 proﬁ-

405 2722 615 2774 teatur.
649 2713 812 2769 Moses
843 2710 1012 2776 enim,
1045 2707 1260 2779 inquit,
1288 2707 1351 2762 ob
1383 2705 1648 2760 duritiem
1678 2703 1854 2760 cordi:
1883 2703 2054 2759 vestri

408 2808 668 2881 permisit
726 2803 879 2859 vobis
921 2799 1199 2855 dimittere
1270 2812 1467 2852 uxores
1486 2794 1552 2849 “.
1604 2795 1720 2850 Hoc
1767 2797 1878 2861 est,
1937 2809 2051 2848 non

412 2899 537 2969 ipse
578 2891 918 2968 poenitentia
956 2889 1190 2953 ductus,
1242 2891 1490 2941 veterem
1534 2884 1716 2951 illam,
1757 2896 2053 2956 quamque

410 2988 538 3060 ipse
567 2982 818 3055 scripsit,
851 2979 1038 3052 legem
1083 2976 1384 3048 negligens
1422 2974 1492 3029 ad
1536 2973 1782 3029 alterum
1815 2971 1958 3027 illud
1991 2987 2052 3026 se

403 3075 708 3139 convertit,
736 3084 925 3140 neque
955 3083 1130 3139 quam
1161 3068 1454 3133 acceperat
1474 3062 1775 3129 latentem,
1803 3061 2048 3133 gratiam

2164 1906 2256 1959 τὸν
2309 1905 2527 1974 Μωσὲα,
2587 1903 2661 1965 ὡς
2715 1904 2872 1966 αὐτὸς
2944 1903 3132 1967 αὐτοῖς
3191 1905 3478 1982 ἐπέτρεψεν
3554 1907 3820 1964 ἀπολύειν

2165 1995 2262 2055 τὰς
2321 1999 2598 2068 γυναῖκας,
2660 1991 2810 2048 οὐδὲν
2870 1993 2944 2056 εἷς
3004 1995 3164 2050 αὐτὸν
3219 1994 3476 2069 οὐδαμῶς
3551 1997 3819 2072 ἀπέῥριψε

2169 2083 2449 2157 μέμψεως,
2507 2080 2622 2138 οὐδ’
2683 2082 2929 2138 ὑπαίτιον
2989 2083 3311 2154 ἐποιήσατο.
3373 2085 3553 2144 Ἀλλὰ
3632 2089 3816 2144 καίτοι

2166 2169 2308 2247 ἔχων
2332 2172 2421 2226 καὶ
2470 2174 2567 2240 τήν
2629 2172 2720 2226 ἀπ’
2751 2172 2929 2247 ἀρχῆς
2960 2171 3021 2228 ἐκ
3067 2181 3166 2244 τῆς
3218 2173 3588 2253 δημιουργίας
3636 2177 3816 2255 ἀφορ-

2169 2264 2276 2336 μὴν
2320 2262 2742 2333 παροξύνουσαν,
2803 2263 2893 2316 καὶ
2941 2263 3040 2332 τήν
3092 2261 3396 2334 Ἰουδαϊκήν
3449 2266 3677 2340 ἀπορίαν
3738 2267 3819 2330 εἷς

2163 2352 2254 2406 τὸν
2319 2352 2619 2424 νομοθέτην
2649 2351 2750 2420 τήν
2790 2351 2967 2406 αἰτίαν
2997 2350 3250 2428 ἐνεγκεῖν,
3284 2359 3542 2410 τοσοῦτον
3575 2355 3817 2430 ἀπέχετο

2163 2441 2226 2495 τὸ
2278 2440 2567 2494 ὑπεύθυνον
2610 2439 2886 2516 ἀποφῆναι
2935 2441 3027 2496 τὸν
3053 2449 3284 2513 Μωσῆν,
3315 2445 3454 2498 ὥστε
3497 2443 3589 2499 καὶ
3628 2449 3726 2500 τοῦ
3748 2449 3818 2520 τῇ

2167 2528 2589 2601 οἷκονομοῦντος
2644 2527 2985 2602 ἐπεκόσμησε
3038 2530 3220 2608 σοφίᾳ.
3252 2535 3453 2602 Μωσῆς
3498 2535 3626 2610 γὰρ,
3659 2535 3817 2612 φησὶ,

2165 2619 2300 2691 πρὸς
2370 2619 2469 2687 τήν
2530 2616 2971 2693 σκληροκαρδίαν
3053 2620 3203 2694 ὑμῶν
3288 2621 3573 2698 ἐπέτρεψεν
3673 2623 3818 2678 ἀποο

2164 2706 2324 2762 λῦσαι
2377 2706 2471 2768 τὰς
2517 2711 2794 2782 γυναῖκας,
2851 2709 3150 2780 τουτέστιν,
3184 2709 3282 2765 οὐκ
3339 2711 3501 2774 αὑτὸς
3553 2712 3609 2766 ἐγ
3647 2733 3821 2787 μετα-

2167 2795 2406 2868 μελείας,
2438 2797 2530 2850 τὸν
2564 2797 2824 2875 ἀρχαῖον,
2847 2798 2938 2852 καὶ
2969 2799 3026 2853 δν
3059 2796 3312 2876 ἔγραψεν,
3347 2800 3612 2877 ὑπεριδὼν
3645 2804 3822 2876 νόμον

2161 2886 2295 2959 πρὸς
2354 2882 2602 2958 δευτέραν
2661 2885 2925 2963 ἀπόφασιν
2978 2887 3312 2963 ἐπεστράφη,
3368 2888 3483 2944 οὐδ’
3533 2892 3596 2961 ἣν
3635 2891 3804 2965 χάριν

2161 2970 2328 3029 ἔλαϐε
2387 2975 2751 3030 λανθάνουσαν
2820 2976 3170 3052 καταγγεῖλαι
3231 2978 3375 3034 θείαν
3447 2977 3813 3056 δημιουργίαν

2161 3062 2443 3139 λογισμῶν
2473 3064 2648 3119 ὀπίσω
2677 3066 2922 3137 θέμενος,
2956 3065 3134 3129 οὐδεὶς
3159 3068 3319 3123 αὐτὸν
3350 3069 3449 3144 ἆρᾷ
3476 3073 3570 3124 τοῦ
3599 3066 3816 3127 διεσίου

404 3165 661 3221 divinam
721 3158 1071 3215 creationem
1130 3153 1480 3226 exponendi,
1551 3154 1674 3208 suis
1727 3151 2045 3208 ratiociniis

2162 3157 2282 3228 (sic)
2311 3155 2374 3210 τὸ
2433 3155 2699 3226 ὑπαίτιον,
2757 3154 2904 3210 ἀλλά
2958 3158 3020 3211 τὸ
3065 3157 3320 3232 ὑμέτερον
3371 3157 3812 3236 σκληροκάρδιον

403 3251 747 3327 postposuit,
779 3255 952 3320 atque
989 3245 1134 3302 adeo
1174 3259 1278 3299 nec
1307 3241 1609 3298 divisionis
1640 3242 1816 3313 hujus
1863 3257 2043 3297 causa

401 3342 640 3411 exstitit,
673 3339 778 3396 sed
827 3335 1071 3394 durities
1120 3331 1313 3389 cordis
1356 3331 1532 3386 vestri
1564 3347 1796 3386 omnem
1845 3331 1904 3385 in
1945 3347 2042 3385 vos

402 3446 640 3489 causam
673 3430 868 3485 refert.
912 3427 1057 3482 Cum
1091 3422 1246 3479 enim
1292 3419 1390 3474 illa
1419 3420 1728 3491 perfectam
1781 3420 1918 3490 legis
1949 3436 2040 3474 ra-

401 3525 620 3578 tionem
672 3517 928 3590 recipere
977 3513 1175 3579 nollet,
1209 3518 1263 3567 et
1317 3509 1526 3582 prioris
1569 3509 1727 3564 illius
1772 3509 2044 3580 praecepti

400 3610 783 3668 mutationem
842 3604 1003 3662 vobis
1059 3603 1302 3676 peperit,
1362 3607 1418 3660 et
1481 3599 1786 3658 affectibus
1838 3599 2044 3654 vestris

398 3703 627 3757 frenum
661 3697 796 3754 boni
826 3695 1049 3752 ordinis
1083 3693 1351 3750 nonnihil
1384 3691 1576 3747 laxare
1607 3690 1811 3760 coegit.
1845 3688 2044 3759 Neque

398 3790 554 3846 enim
586 3787 692 3852 vir,
727 3785 826 3856 qui
857 3784 1040 3840 Deum
1069 3783 1234 3850 vidit,
1263 3781 1524 3853 neglecto
1555 3777 1868 3834 creationis
1901 3793 2042 3848 prae-

399 3883 588 3951 cepto,
621 3877 690 3931 ad
723 3875 876 3930 aliud
911 3874 1210 3946 digressus
1240 3877 1348 3939 est,
1372 3871 1469 3926 sed
1501 3874 1687 3925 vestra
1719 3884 2046 3940 repugnan-

299 4023 304 4028 .
398 3969 479 4024 tia
509 3985 544 4024 a
572 3967 759 4038 rigore
789 3965 918 4035 ejus
952 3963 1250 4020 remittere
1271 3960 1490 4033 aliquid
1528 3977 1628 4032 per
1657 3959 2046 4032 dispensatio-

399 4074 534 4114 nem
589 4055 823 4112 suasit:
878 4071 949 4110 ne
991 4055 1154 4118 forte,
1215 4069 1348 4109 cum
1410 4049 1768 4106 connubium
1830 4064 2043 4104 nexum

391 4149 624 4219 juberet
671 4160 799 4200 esse
837 4141 1328 4205 indissolubilem,
1376 4141 1619 4195 durities
1672 4141 1729 4194 et
1781 4138 2046 4209 rigiditas

397 4236 615 4292 mentis
666 4231 850 4289 multo
895 4232 1088 4300 pejora
1137 4230 1412 4293 efficeret,
1463 4227 1778 4282 homicidio
1822 4226 2045 4282 scilicet

399 4324 749 4381 solutionem
802 4334 1139 4390 procurans,
1171 4332 1346 4386 quam
1396 4314 1450 4368 vi
1497 4315 1640 4385 legis
1689 4325 1740 4369 et
1771 4314 2044 4370 doctrinas

398 4432 514 4471 non
547 4413 746 4468 liceret
787 4408 1035 4463 efﬁcere.
1088 4405 1188 4460 His
1233 4402 1554 4458 ratiociniis
1597 4407 1654 4457 et
1685 4405 2043 4473 argumentis

398 4505 664 4560 Servator
685 4497 970 4568 ﬂagitium
996 4492 1332 4549 Judaeorum
1363 4491 1610 4563 castigat
1647 4491 1908 4561 quidem,
1942 4494 2043 4549 sed

399 4597 457 4650 et
499 4589 673 4648 simul
721 4584 1103 4658 quaestionem
1163 4581 1476 4654 scphistice
1520 4579 1802 4652 prolatam
1853 4582 2041 4652 solvit,

401 4693 721 4749 omnesque
759 4676 924 4731 docet
955 4677 1016 4728 ut
1047 4689 1181 4728 eum
1233 4670 1418 4727 sciant
1459 4679 1714 4726 nostrum
1747 4686 1874 4727 esse
1907 4689 2044 4729 con-

399 4768 670 4836 ditorem,
703 4765 870 4835 cujus
916 4763 1093 4818 etiam
1126 4762 1245 4816 haec
1275 4759 1363 4816 lex
1417 4764 1522 4822 est.
1576 4763 1639 4815 ut
1696 4761 1939 4817 maritus
1970 4764 2043 4818 ab

399 4871 574 4913 uxore
605 4871 717 4911 non
760 4853 1006 4909 recedat.
1061 4851 1197 4915 Quae
1226 4849 1466 4922 quidem
1499 4849 1664 4905 initio
1711 4849 1839 4922 ipsa
1885 4867 2045 4908 crea-

395 4947 552 5003 tione
609 4948 668 5000 et
713 4941 1122 5014 coniunctione
1159 4939 1222 4996 in
1261 4943 1624 4996 antecessum
1673 4939 2040 5009 adumbrata,

396 5035 606 5092 deinde
635 5050 767 5091 vero
815 5030 1056 5088 consilio
1085 5034 1141 5086 et
1171 5029 1364 5085 verbis
1406 5028 1551 5099 ipsis
1590 5029 1959 5101 promulgata
1991 5035 2046 5086 et

394 5126 609 5182 diserte
639 5122 936 5196 proposita
965 5124 1072 5176 est.
1097 5119 1364 5190 Namque
1381 5117 1685 5175 Trinitatis
1711 5119 1956 5175 infinita
1987 5123 2045 5175 et

395 5211 812 5287 omnipotentis
837 5215 901 5267 ut.
921 5209 1150 5268 bonitas
1177 5212 1235 5265 et
1257 5222 1499 5280 regnum
1513 5211 1569 5264 et
1589 5209 1935 5280 potentiam,
1967 5209 2046 5266 ita

468 5360 516 5398 ⁴³
537 5357 741 5420 Matth.
763 5360 820 5416 6.
900 5356 943 5392 “
971 5355 1116 5414 ibid.
1139 5371 1253 5422 xxx,
1279 5355 1333 5412 8.

2153 3244 2231 3307 εἷς
2271 3244 2410 3316 ὑμᾶς
2462 3244 2632 3298 πὰσαν
2688 3244 2890 3319 ἀναρτᾷ
2939 3247 3037 3314 τὴν
3075 3246 3269 3304 αἰτίαν.
3319 3249 3408 3316 Μὴ
3465 3250 3808 3323 βουλόμενον

2151 3333 2252 3408 γὰρ
2307 3330 2710 3408 παραδέχεσθαι
2764 3336 2864 3403 τήν
2920 3333 3244 3408 τελειότητα
3299 3344 3400 3407 τῆς
3464 3339 3812 3413 νομοθεσίας,

2152 3425 2242 3476 καὶ
2302 3427 2398 3478 τοῦ
2430 3423 2699 3498 προτέρου
2753 3423 2926 3498 νόμου
2973 3426 3075 3495 τήν
3137 3422 3448 3499 μεταϐολὴν
3509 3429 3638 3502 ὑμῖν
3678 3449 3817 3484 κατ-

2153 3513 2416 3585 επράξατο
2468 3513 2558 3567 καὶ
2607 3518 2728 3574 ταῖς
2779 3515 2979 3586 ὁρμαῖς
3026 3518 3338 3593 καθυφεῖναι
3387 3517 3480 3572 τὸν
3528 3524 3630 3587 τῆς
3661 3519 3814 3574 εὐτα-

2155 3600 2264 3670 ξίας
2323 3600 2553 3676 χαλινὸν
2600 3597 2880 3659 ἐϐιάσατο.
2941 3604 3016 3658 Οὐ
3070 3605 3172 3680 γὰρ
3231 3605 3510 3681 ὑπερορῶν
3565 3607 3730 3663 ποθεν
3781 3608 3812 3662 ὁ

2153 3689 2385 3759 θεόπτης
2443 3690 2506 3744 τὸ
2545 3697 2644 3758 τῆς
2697 3687 3064 3766 δημιουργίας
3120 3693 3447 3768 πρόσταγμα
3502 3695 3642 3770 πρὸς
3689 3690 3811 3751 ἔτε-

2154 3797 2246 3853 ρον
2301 3775 2712 3850 ηύτομόληκεν,
2776 3777 2922 3834 ἀλλά
2969 3781 3032 3835 τὸ
3064 3781 3215 3854 ὑμῶν
3256 3781 3624 3858 ἀπαράδεκτον
3658 3785 3813 3840 οἰκο-

2151 3869 2319 3941 νομίᾳ
2377 3866 2538 3923 λῦσαι
2591 3869 2690 3938 τὴν
2749 3863 3024 3943 ἀκρίϐειαν
3088 3865 3533 3942 συνεϐούλευσεν,
3603 3874 3678 3934 ὡς
3749 3873 3815 3929 ἂν

2200 3959 2258 4028 ἠ,
2289 3961 2387 4024 τῆς
2440 3958 2726 4035 συναφείας
2784 3958 3023 4034 ἐχούσης
3071 3961 3134 4015 τὸ
3183 3959 3497 4034 ἀδιάλυτον,
3524 3964 3586 4018 τὸ
3637 3961 3820 4035 σκλη-

2158 4049 2246 4122 ρὸν
2281 4054 2381 4117 τῆς
2411 4048 2639 4123 γνώμης
2687 4048 2777 4102 καὶ
2817 4050 2880 4102 τὸ
2927 4050 3227 4126 ἀνήμερον,
3269 4052 3340 4107 τὰ
3383 4051 3580 4125 πολλῷ
3631 4072 3831 4126 κατερ-

2155 4139 2377 4211 γάσοιτο
2429 4137 2672 4213 χείρονα,
2734 4137 2882 4215 φόνῳ
2935 4140 3034 4207 τήν
3097 4139 3275 4212 λύσιν,
3335 4142 3421 4196 ὃτι
3480 4143 3555 4215 μή
3641 4139 3826 4213 ἔξεστι

2155 4223 2414 4302 δόγματι,
2521 4224 3041 4302 ἐπιμηχανώμενον.
3136 4229 3417 4296 Τοιούτοις
3523 4231 3826 4308 λογισμοῖς

2158 4315 2186 4368 ὁ
2243 4315 2442 4390 Σωτὴρ
2489 4315 2580 4371 καὶ
2644 4316 3016 4391 ἐνθυμήμασιν
3092 4317 3452 4394 ἁποῤῥαπίζει
3531 4323 3626 4396 μὲν
3711 4327 3834 4376 τῶν

2153 4401 2429 4458 Ἰουδαίων
2483 4405 2547 4460 τὸ
2603 4404 2983 4482 κακούργημα,
3045 4406 3162 4464 λύει
3223 4406 3281 4464 δὲ
3335 4411 3398 4465 τὸ
3431 4411 3829 4490 σεσοφισμένον

2152 4497 2254 4561 τῆς
2283 4491 2624 4566 ἐρωτήσεως.
2678 4493 2775 4549 Καὶ
2825 4493 3068 4551 παιδεύει
3120 4497 3347 4569 πάντας,
3397 4498 3597 4554 ἐκεῖνον
3647 4501 3820 4574 ἡμῶν

2152 4581 2348 4639 εἰδέναι
2382 4583 2746 4662 δημιουργὸν,
2798 4586 2862 4641 οὗ
2924 4585 3015 4641 καὶ
3068 4588 3160 4644 τὸν
3201 4586 3371 4665 ἄνδρα
3407 4596 3508 4660 τῆς
3558 4589 3832 4664 γυναικὸς

2149 4674 2316 4750 νόμος
2370 4673 2483 4732 ἐστί
2545 4677 2622 4749 μή
2683 4674 3006 4736 διῖστασθαι.
3068 4679 3356 4756 Καταρχάς
3409 4701 3504 4755 μεν
3550 4682 3624 4753 τῇ
3699 4679 3835 4737 δια-

2152 4763 2351 4820 πλάσει
2407 4765 2497 4820 καὶ
2552 4765 2812 4844 συναφείᾳ
2867 4767 3032 4823 οἱονεῖ
3084 4769 3422 4842 τυπούμενος
3462 4765 3826 4845 προϐουλεύ-

2156 4874 2308 4927 ματι,
2355 4851 2573 4929 ὕστερον
2623 4851 2682 4908 δὲ
2731 4854 2821 4910 καὶ
2877 4854 3114 4931 ῥήμασιν
3167 4859 3354 4920 αὐτοῖς
3385 4857 3830 4937 ἐμφανιζόμενός

2150 4963 2210 4998 τε
2256 4943 2346 4998 καὶ
2423 4941 2722 5018 διαῤῥήδην
2785 4946 3215 5021 κηρυττόμενος.
3289 4948 3390 5004 Καὶ
3455 4948 3557 5025 γάρ
3626 4950 3823 5006 κοινόν

2153 5029 2264 5087 ἐστι
2321 5031 2411 5086 καὶ
2461 5031 2752 5107 ἀμέριστον
2809 5040 2910 5104 τῆς
2969 5036 3294 5111 ὑπερουσίου
3367 5038 3456 5093 καὶ
3514 5059 3830 5114 παντοκρα-

2153 5127 2380 5196 τορικῆς
2426 5119 2674 5196 Τριάδος,
2717 5121 2896 5201 ὥσπερ
2952 5125 3012 5180 τὸ
3062 5126 3262 5202 ἀγαθὸν
3314 5127 3406 5182 καὶ
3456 5129 3491 5198 ἦ
3561 5127 3827 5204 βασιλεία

2153 5211 2244 5266 καὶ
2291 5211 2326 5282 ἡ
2379 5207 2609 5286 δύναμις
2660 5211 2805 5269 οὕτω
2853 5213 2943 5269 καὶ
2989 5219 3089 5286 τῆς
3129 5211 3494 5292 δημιουργίας
3554 5219 3651 5274 καὶ
3715 5225 3830 5290 τῆς

1566 5535 1806 5594 νΑῑιιΔι
1845 5537 2239 5600 LECTIONES
2277 5541 2369 5598 ET
2411 5541 2644 5601 NOTAE.

467 5692 573 5767 (54)
615 5690 866 5763 Μιασμῷ.
899 5685 990 5742 Sic
1020 5683 1229 5758 scripsi
1261 5697 1363 5756 pro
1387 5681 1622 5756 μίασμα,
1649 5685 1799 5756 quod
1825 5700 1937 5743 ms.
1968 5685 2050 5742 ex]

2162 5685 2294 5744 ibat.
2347 5688 2508 5745 Forte
2537 5688 2712 5748 etiam
2742 5694 2898 5750 recte
2927 5690 3135 5766 legeris
3157 5689 3449 5766 μιάσματι.
