4084 6210
293 377 404 439 261

1330 373 1637 435 CONTRA
1682 373 2152 435 MANICHIEOS
2201 376 2428 436 LIBER
2473 377 2578 440 IV.

3563 395 3680 457 262

288 509 601 582 νομοθεσίας
629 507 694 562 τὸ
710 505 947 580 ἀξίωμα.
972 506 1065 560 Διὸ
1086 505 1176 560 καὶ
1200 507 1297 560 τοῦ
1319 503 1586 577 παρόντος
1607 505 1781 576 νόμου
1805 504 1924 577 (55)

2043 510 2098 560 et
2129 508 2434 566 creationis
2483 510 2740 582 dignitas
2781 519 3118 574 communia
3155 524 3294 576 sunt
3322 526 3380 578 et
3406 523 3676 584 indivisa.

290 600 426 654 κατᾶ
483 598 574 670 μὲν
639 597 741 665 τήν
802 596 1186 670 ἀρχαιογονίαν
1248 595 1276 648 ὁ
1331 598 1429 648 τοῦ
1514 593 1722 667 Πατρὸς
1807 595 1931 657 Υἱὸς

290 687 584 760 ὁμοούσιος
647 685 714 740 τὰ
771 684 1052 759 σπέρματα
1109 679 1556 753 καταϐάλλεται,
1620 683 1788 756 σάρκα
1873 680 1930 736 δὲ

285 772 469 832 λαϐὼν
520 777 621 846 τήν
676 774 816 847 ἐμὴν
883 773 971 829 καὶ
1029 779 1144 835 τοῖς
1197 773 1506 848 ἀνθρώποις
1535 772 1609 834 ὡς
1641 771 1926 845 ἅνθρωπος

284 865 820 940 ἐμπολιτευσᾶμενος
883 864 973 918 καὶ
1055 865 1292 938 ῥήμασιν
1379 863 1564 924 αὐτοῖς
1648 860 1926 936 ἀπαρτίζει

283 961 472 1012 τοῦτον
531 953 623 1010 καὶ
684 953 948 1023 ἐκτίθησι.
1015 953 1114 1008 Καὶ
1171 957 1288 1014 πῶς
1347 952 1446 1006 οὐκ
1503 949 1565 1005 ἄν
1611 971 1695 1012 τις
1726 951 1928 1024 φρίξειε

281 1053 380 1114 τῆς
410 1045 653 1106 ἐναντίας
689 1043 886 1118 μοίρας
917 1042 952 1111 ἢ
983 1044 1082 1112 τήν
1115 1039 1313 1096 πλάσιν
1346 1044 1532 1114 ἡμῶν,
1573 1040 1607 1110 ἢ
1657 1041 1749 1094 τὸν
1802 1043 1930 1098 Μω-

282 1135 393 1206 σὲα,
443 1135 480 1203 ἢ
535 1134 636 1201 τὴν
677 1134 1068 1206 κοσμογὲνειᾱν
1135 1133 1209 1201 μή
1257 1132 1341 1186 δτι
1391 1128 1732 1204 φθέγξασθαι,
1781 1128 1928 1184 ἀλλὰ

275 1225 365 1278 καὶ
405 1223 701 1298 λογισμοῖς
741 1227 844 1290 τῆς
891 1219 1148 1291 τοιαύτης
1199 1219 1575 1295 βλασφημίας,
1620 1223 1718 1273 τοῦ
1758 1239 1926 1288 πονη-

277 1317 375 1387 ροῦ
414 1307 894 1385 προσϐάλλοντος,
927 1308 1022 1364 κᾶν
1060 1304 1332 1387 ἐπ’ίϐραχυ
1385 1306 1570 1363 δοῦναι
1619 1310 1686 1380 τῇ
1741 1305 1928 1362 δυσσε-

275 1397 398 1472 ϐείᾳ
446 1400 804 1474 κυμαίνεσθαι
849 1400 948 1468 τήν
995 1396 1254 1467 διάνοιαν,
1303 1395 1451 1452 ἀλλά
1502 1399 1578 1470 μὴ
1620 1398 1809 1452 θᾶττον
1834 1397 1926 1453 καὶ

272 1490 444 1558 αὐτήν
492 1484 794 1544 ἀποσοϐεῖν
835 1490 933 1558 τὴν
989 1493 1178 1564 πεῖραν
1229 1488 1319 1542 καὶ
1373 1485 1507 1561 μετά
1559 1483 1927 1564 σφοδρότητος

273 1580 700 1654 ἀποτρέπεσθαι.

355 1671 484 1726 ΛΔ¹.
536 1667 721 1742 Χωρὶς
762 1663 820 1722 δὲ
869 1671 973 1722 τῶν
1027 1665 1332 1740 εἰρημένων
1383 1665 1410 1719 ὁ
1466 1665 1738 1732 Δεσπότης
1797 1663 1925 1720 ἰδὼν

270 1759 441 1813 αὗτοῦ
490 1757 584 1812 τὸν
632 1757 843 1830 κόσμον
892 1757 979 1811 καὶ
1028 1755 1305 1833 γινώσκει,
1344 1753 1433 1810 καὶ
1482 1753 1757 1817 πολλάκις
1807 1753 1923 1808 ἐπι-

2038 593 2286 651 Proinde
2338 601 2396 653 et
2443 601 2744 669 praesentis
2793 601 2936 676 legis
2987 607 3215 664 semina
3271 611 3333 665 in
3389 615 3678 672 creatione

2039 682 2167 773 ipsa
2199 684 2398 754 Filius,
2431 688 2586 743 Patri
2617 692 2770 760 quod
2791 692 2860 747 ad
2893 697 3204 754 essentiam
3233 701 3490 772 aequalis,
3515 719 3678 773 spar-

2037 772 2140 842 git,
2175 789 2349 831 carne
2379 792 2508 832 vero
2540 784 2740 834 nostra
2771 788 3093 855 assumpta,
3128 791 3184 841 et
3232 789 3382 845 inter
3414 772 3680 849 homines

2038 870 2098 915 ut
2149 861 2323 918 homo
2381 872 2668 949 versatus,
2700 869 2893 926 verbis
2950 871 3095 942 ipsis
3142 877 3407 933 eamdem
3457 881 3681 951 perlicit

2037 955 2211 1021 atque
2250 955 2504 1023 exponit.
2539 957 2603 1012 Et
2636 959 2769 1030 quis
2818 977 2933 1016 non
2963 962 3349 1035 exhorrescat,
3381 967 3470 1023 vel
3520 985 3678 1024 crea-

2037 1039 2252 1096 tionem
2289 1048 2568 1113 nostram,
2598 1047 2686 1102 vel
2718 1047 2938 1119 Mosen,
2970 1050 3057 1106 vel
3090 1054 3292 1108 mundi
3343 1057 3677 1126 productio-

2037 1145 2166 1185 nem
2199 1148 2315 1187 non
2353 1132 2542 1190 solum
2574 1136 2639 1190 ad
2675 1137 3028 1194 contrarium
3063 1141 3414 1214 principium
3447 1147 3676 1217 referre,

2037 1219 2135 1274 sed
2168 1225 2224 1276 et
2271 1221 2630 1294 blasphemis
2673 1227 2961 1294 ejusmodi
3005 1229 3475 1300 cogitationibus,
3507 1235 3678 1294 anni-

2036 1314 2192 1364 tente
2223 1311 2394 1373 malo,
2438 1311 2819 1384 indulgendo,
2850 1316 2936 1372 vel
2987 1318 3141 1374 brevi
3171 1324 3426 1392 tempore
3469 1323 3680 1395 impie-

2034 1397 2169 1454 tatis
2201 1399 2480 1457 ﬂuctibus
2506 1407 2757 1458 mentem
2793 1407 3265 1474 permittere,nec
3287 1411 3480 1482 potius
3501 1428 3678 1484 quam

2035 1486 2315 1544 citissime
2345 1490 2534 1560 ipsam
2568 1493 2996 1563 aggressionem
3029 1497 3264 1566 evitare,
3298 1507 3351 1555 et
3381 1516 3511 1556 cum
3546 1517 3684 1558 con-

2035 1576 2296 1632 tentione
2321 1577 2666 1634 adversari?

2107 1663 2344 1721 XXXIV.
2379 1665 2588 1724 Praeter
2610 1685 2676 1724 ea
2699 1686 2830 1726 vero
2866 1687 2994 1742 quae
3024 1673 3176 1730 dicta
3207 1681 3364 1746 sunt,
3397 1676 3680 1733 Dominus

2034 1752 2238 1808 videns
2289 1755 2597 1822 mundum,
2627 1759 2887 1830 agnoscit
2934 1777 3131 1830 suum,
3175 1771 3233 1820 et
3287 1764 3397 1821 hoc
3445 1766 3682 1822 nomine

273 1844 572 1903 δείκνυται.
645 1847 745 1901 Καὶ
801 1851 920 1908 πῶς
989 1846 1040 1900 οἱ
1107 1843 1534 1919 ἀλλοτριοῦντες
1590 1843 1750 1899 αὐτὸν
1823 1850 1924 1913 τῆς

2043 1841 2354 1912 appellans,
2387 1859 2699 1914 agnoscere
2721 1862 2780 1902 se
2811 1846 3083 1905 declarat.
3117 1850 3318 1907 Nonne
3347 1853 3544 1924 itaque
3575 1853 3680 1923 illi,

273 1935 488 1991 ἐκείνου
535 1941 799 2010 κραταιᾶς
865 1935 1055 2014 χειρὸς
1111 1934 1214 1989 οὐκ
1271 1932 1557 2008 ἀλλότριοι
1616 1939 1928 2008 περιφανῶς

277 2026 374 2080 καὶ
425 2025 587 2094 αὐτῆς
634 2031 736 2095 τῆς
793 2029 900 2080 τῶν
962 2028 1299 2100 Χριστιανῶν
1357 2021 1738 2101 ἐξελέγχονται
1781 2022 1926 2092 κλή-

278 2137 439 2178 σεως.
500 2115 596 2171 Καὶ
654 2117 760 2191 γὰρ
817 2115 916 2184 τὴν
975 2111 1297 2190 παραϐολὴν
1351 2117 1448 2168 τοῦ
1503 2114 1821 2186 σπείροντος
1864 2112 1927 2167 τὸ

271 2205 445 2261 καλὸν
494 2207 713 2281 σπέρμα
759 2204 812 2260 ἐν
861 2210 940 2276 τῷ
981 2205 1130 2279 ἀγρῷ
1157 2204 1345 2272 αὐτοῦ,
1385 2203 1476 2258 καὶ
1506 2205 1606 2272 τὴν
1638 2208 1744 2256 τῶν
1778 2207 1929 2271 ζιζα-

268 2296 404 2351 νίων
452 2295 776 2368 ἐπισπορὰν,
825 2295 860 2365 ἢ
911 2291 1258 2349 καθεύδουσιν
1315 2293 1631 2366 ἐπιθέμενος
1687 2291 1926 2365 ἔσπειρεν

272 2388 302 2441 ὁ
370 2385 593 2460 ἐχθρὸς,
657 2383 860 2455 ταύτην
919 2381 984 2455 δὴ
1043 2388 1161 2446 τοῖς
1223 2385 1492 2456 μαθηταῖς
1577 2381 1926 2436 ἀναπτύσσων

270 2474 488 2530 αῗτοῦσι
551 2475 758 2547 μαθεῖν.
826 2474 888 2531 Ὁ
947 2476 1205 2549 σπείρων,
1265 2471 1416 2547 φησὶ,
1477 2469 1644 2526 καλὸν
1715 2472 1931 2544 σπέρμα

271 2562 416 2618 ἐστὶν
477 2563 506 2617 ὁ
569 2563 684 2624 υἱὸς
743 2566 840 2617 τοῦ
905 2561 1220 2638 ἀνθρώπου,
1275 2563 1304 2616 ὁ
1373 2559 1429 2616 δὲ
1503 2560 1672 2638 ἀγρός
1733 2560 1929 2615 ἐστινὸ

273 2652 505 2725 κόσμος.
541 2653 636 2707 "Ov
677 2650 730 2706 ἐν
757 2655 827 2725 τῇ
869 2650 1215 2707 ἀποτυπώσει
1253 2657 1353 2720 τῆς
1393 2647 1718 2724 παραϐολῆς
1759 2648 1928 2725 ἀγρὸν

272 2743 444 2797 αὑτοῦ
489 2741 631 2810 εἶπε,
679 2744 870 2795 τοῦτον
921 2739 971 2794 ἐν
1017 2745 1086 2814 τῇ
1136 2739 1423 2811 ἁναπτύξει
1470 2737 1674 2810 κόσμον
1723 2737 1926 2810 ὀνομά-

277 2838 387 2900 ζων
433 2830 523 2885 καὶ
575 2827 788 2902 δηλῶν,
835 2829 934 2884 οὐκ
979 2827 1156 2884 ἄλλου
1200 2828 1372 2897 τινὸς,
1421 2825 1550 2882 ἀλλ’
1593 2827 1764 2882 αὐτοῦ
1795 2827 1928 2881 εἶναι

271 2921 369 2976 τὸν
417 2919 698 2997 περίγειον
748 2919 977 2992 κόσμον,
1030 2918 1082 2973 ἐν
1131 2919 1176 2991 ᾦ
1224 2917 1315 2973 καὶ
1374 2922 1702 2992 σωματικῶς
1744 2916 1930 2991 παρὼν

274 3010 368 3065 τὸν
432 3016 533 3078 τῆς
589 3008 865 3084 σωτηρίας
927 3006 1197 3082 διέσπειρε
1255 3005 1444 3084 λόγον.
1499 3009 1666 3064 ’Όταν
1727 3005 1819 3060 οὖν
1890 3009 1925 3075 ἡ

275 3099 514 3169 ἀλήθεια
558 3098 650 3153 τὸν
695 3097 901 3170 κόσμον
952 3097 1116 3152 αὑτοῦ
1167 3095 1303 3170 λέγῃ
1345 3096 1498 3167 εἶναι,
1549 3093 1701 3172 ἔλεγε
1750 3092 1808 3150 δὲ
1835 3095 1924 3150 καὶ

277 3191 308 3244 ὁ
355 3187 621 3262 πονηρὸς,
683 3187 845 3256 ἡνίκα
890 3187 984 3249 τὰς
1055 3184 1332 3262 βασιλείας
1388 3185 1560 3246 πάσας
1615 3183 1926 3255 κατηλαζο-

277 3279 465 3332 νεύετο
499 3278 852 3352 ὑποχειρίους
885 3271 1051 3350 ἔχειν’
1086 3277 1138 3331 οἱ
1170 3273 1227 3331 δὲ
1265 3279 1333 3350 τῇ
1364 3273 1546 3350 τόλμῃ
1592 3282 1693 3344 τῆς
1741 3273 1931 3350 γλώτ-

279 3387 379 3436 της
433 3363 725 3441 ἀφαιροῦσι
789 3365 884 3438 μέν
938 3364 1102 3419 αὐτὸν
1151 3369 1250 3420 τοῦ
1309 3369 1496 3420 κοινοῦ
1565 3363 1793 3420 Κτίστου
1839 3365 1926 3419 καὶ

283 3457 660 3530 Δημιουργοῦ,
694 3451 1108 3510 ὑπόϐἀλλονται
1161 3451 1218 3508 δὲ
1256 3458 1335 3526 τῷ
1367 3449 1634 3528 διαϐόλῳ,
1684 3455 1784 3528 ἂρα
1832 3453 1932 3508 οὐκ

283 3544 360 3604 εἷς
408 3541 611 3618 ψεῦδος
665 3544 760 3616 μὲν
807 3542 1204 3620 ἀπορρίπτουσι
1245 3545 1346 3613 τήν
1405 3543 1687 3614 ἀλήθειαν,
1746 3545 1838 3598 τὸν
1885 3540 1931 3597 δ’

282 3633 534 3708 ἀρχηγὸν
575 3635 673 3686 τοῦ
705 3628 937 3706 ψεύδους
966 3629 1199 3702 ἀληθείᾳ
1235 3633 1371 3705 μετά
1399 3639 1502 3700 τῆς
1549 3629 1728 3702 ἄλλης
1767 3630 1931 3703 δόξης

281 3721 697 3791 καλλωπίζουσι
750 3721 840 3776 καὶ
898 3725 994 3776 τοῦ
1051 3722 1148 3795 μὲν
1215 3723 1493 3777 Δεσπότου
1589 3720 1813 3776 συλοῦσι
1869 3721 1932 3777 τὸ

282 3815 486 3884 κτῆμα,
544 3809 678 3883 μετά
718 3815 815 3865 τοῦ
864 3807 1070 3884 λῃστοῦ
1119 3807 1176 3864 δὲ
1208 3810 1483 3888 γίνονται,
1531 3810 1622 3865 καὶ
1670 3812 1762 3865 τὸν
1795 3811 1931 3864 ἀπο-

287 3902 448 3970 σάτην
503 3898 597 3954 καὶ
652 3899 935 3973 μαστιγίαν
984 3899 1071 3954 καὶ
1123 3897 1420 3976 ἀγνώμονα
1465 3902 1572 3954 τῶν
1607 3895 1930 3971 ὁμοδούλων

287 3986 674 4062 ἀναγορεύουσι
721 3985 949 4060 κύριον;
1004 3988 1106 4042 Καὶ
1163 3991 1282 4048 πῶς
1333 3985 1392 4041 ἂν
1442 3988 1590 4041 οὗτοι
1631 3986 1721 4041 τὸν
1751 3985 1932 4057 ἀληθῆ

287 4077 369 4130 καὶ
429 4074 820 4154 φιλάνθρωπον
880 4072 1106 4149 ὄψονται
1171 4077 1390 4152 Κύριον,
1459 4082 1560 4145 τῆς
1619 4072 1935 4150 τυραννίδος

289 4165 582 4242 συνεργοὺς
645 4164 733 4219 καὶ
786 4163 1075 4238 ὑπηρέτας,
1127 4163 1340 4238 μᾶλλον
1381 4162 1438 4220 δὲ
1486 4164 1768 4240 ἀρχηγοὺς
1817 4166 1937 4220 ἑαυ-

283 4257 410 4319 τοὺς
459 4255 944 4329 ἀπογραψάμενοις
996 4252 1219 4319 Ἀλλως
1263 4275 1323 4310 τε
1367 4252 1445 4321 δὲ,
1487 4254 1637 4330 εἷ’περ
1683 4256 1757 4328 μὴ
1801 4256 1936 4324 ἦσαν

288 4347 336 4399 οἱ
365 4344 532 4420 ἀγροὶ
562 4343 655 4398 καὶ
696 4345 724 4398 ὁ
769 4344 976 4415 κόσμος
1019 4343 1116 4398 τοῦ
1163 4343 1369 4420 ἀγαθοῦ
1415 4343 1505 4399 καὶ
1546 4343 1936 4421 φιλανθρώπου

287 4441 553 4509 Σωτῆρος
583 4436 764 4506 ἡμῶν,
799 4433 926 4490 ἀλλ’
957 4435 993 4502 ἡ
1035 4432 1315 4509 φαυλότης
1345 4432 1524 4489 αὐτῶν
1577 4432 1937 4510 διεκληροῦτο
1968 4463 2014 4528 D

282 4526 380 4591 τήν
409 4523 738 4597 κυριότητα,
771 4527 890 4585 πῶς
933 4528 1049 4583 τοῖς
1093 4519 1270 4578 ἕνεκεν
1322 4527 1420 4579 τοῦ
1459 4522 1732 4596 ὀνόματος
1772 4523 1936 4579 αὐτοῦ

284 4613 685 4668 καταλιποῦσιν
716 4611 889 4675 οἰκίας
915 4612 1006 4666 καὶ
1049 4611 1274 4688 ἀγροὺς,
1323 4613 1414 4666 καὶ
1463 4618 1564 4682 τῆς
1615 4615 1934 4686 σωματικῆς

288 4700 602 4778 συγγενείας
634 4701 701 4754 τά
727 4702 1036 4774 τιμιώτατα
1063 4702 1200 4756 κατά
1222 4702 1321 4770 τὴν
1355 4699 1406 4756 ἐν
1436 4706 1513 4774 τῷ
1551 4704 1781 4776 παρόντι
1831 4702 1936 4778 βίῳ

291 4789 743 4865 μισθαποδοσίαν,
805 4789 903 4845 οὐκ
959 4791 1268 4868 ἀφαιρεῖται
1325 4790 1453 4854 τοὺς
1522 4790 1737 4867 ἀγροὺς,
1815 4787 1938 4846 οὔτε

288 4881 453 4950 ἄλλα,
515 4880 615 4936 ὅσα
672 4886 774 4949 τῆς
831 4879 1095 4950 αἰσθητῆς
1163 4878 1274 4935 ἐστι
1341 4885 1589 4950 κτίσεως,
1647 4879 1792 4936 ἀλλὰ
1847 4881 1936 4936 καὶ

289 4971 423 5027 αὸτά
469 4976 551 5044 τῷ
601 4969 1118 5026 ἒκατονταπλασίονι
1175 4966 1576 5045 περιλαμϐάνει
1633 4968 1794 5047 δώρῳ
1847 4972 1937 5026 καὶ

290 5057 660 5130 ἀντιδίδωσιν,
731 5062 816 5123 οἷς
871 5057 1222 5136 κληρονομία
1287 5061 1322 5129 ἡ
1383 5058 1604 5123 αἰώνιος
1659 5062 1799 5130 ζωή,
1848 5061 1938 5116 καὶ

291 5149 666 5227 φιλοτιμεῖται
739 5148 956 5210 τούτοις
983 5147 1114 5213 τοὺς
1173 5148 1407 5223 θερμοὺς
1463 5149 1712 5224 ἐραστὰς,
1770 5150 1842 5204 ὧν
1900 5151 1937 5220 ἡ

290 5238 486 5314 κτίσις,
537 5241 583 5296 εί
639 5241 736 5315 μὲν
788 5243 903 5315 (56)
951 5240 1088 5310 ἦσαν
1133 5237 1335 5318 φαῦλα,
1391 5238 1483 5296 καὶ
1538 5239 1698 5296 αὐτὸν
1747 5238 1808 5296 ἂν
1837 5241 1938 5296 ἀπ-

359 5368 410 5404 ⁴⁵
436 5369 646 5431 Matth.
680 5387 807 5441 xm,
843 5369 935 5427 37.
1014 5369 1060 5408 “
1089 5369 1295 5428 Matth.
1327 5385 1444 5441 xxx,
1474 5370 1566 5427 29.

2031 1931 2131 2002 qui
2165 1947 2298 1987 eum
2329 1933 2457 1988 forti
2478 1934 2663 2004 ipsius
2682 1937 2878 1992 manui
2905 1940 3283 2011 subtrahunt,
3306 1942 3433 2012 ipsa
3452 1958 3682 2014 quoque

2035 2019 2496 2076 Christianorum
2538 2023 2926 2095 appellatione
2959 2028 3183 2100 indigni
3223 2033 3279 2086 et
3303 2031 3571 2102 privandi
3603 2032 3685 2086 vi-

2037 2107 2373 2164 debuntur?
2404 2112 2748 2168 Parabolam
2779 2115 2935 2170 enim
2969 2118 3038 2172 de
3086 2118 3412 2174 seminante
3460 2119 3680 2176 bonum

2035 2213 2230 2252 semen
2258 2197 2317 2253 in
2350 2215 2487 2272 agro
2511 2216 2639 2268 suo,
2662 2207 2718 2258 et
2736 2202 3091 2260 zizaniorum
3115 2206 3680 2275 disseminationem,

2037 2303 2209 2356 quam
2261 2288 2470 2357 malus,
2530 2291 2959 2350 dormientibus
3012 2295 3342 2363 insidiatus,
3403 2298 3681 2370 suscepit,

2038 2377 2338 2449 discipulis
2353 2379 2815 2455 suis,utramque
2838 2385 3095 2441 discendi
3110 2387 3335 2457 cupidis
3349 2387 3680 2458 explicans:

2037 2465 2250 2533 Serens,
2275 2467 2488 2540 inquit,
2510 2470 2709 2527 bonum
2744 2489 2926 2530 semen
2955 2475 3110 2544 ﬁlius
3141 2477 3385 2532 hominis
3415 2481 3517 2546 est,
3549 2493 3685 2548 ager

2037 2573 2160 2613 vero
2191 2567 2271 2614 est
2297 2559 2796 2625 mundus45.0uem
2823 2563 2880 2618 in
2915 2581 3150 2620 summa
3165 2565 3452 2636 parabolas
3475 2583 3680 2637 agrum

2039 2663 2212 2702 suum
2247 2648 2486 2717 dixerat,
2510 2667 2641 2706 eum
2675 2650 2736 2706 in
2769 2651 3148 2723 explicatione
3182 2655 3467 2710 mundum
3503 2660 3684 2727 vocat,

2037 2740 2211 2807 atque
2242 2737 2349 2794 hoc
2380 2737 2508 2810 ipso
2540 2740 2895 2812 manifestat,
2931 2758 3043 2798 non
3080 2742 3318 2800 alterius
3350 2743 3684 2814 cujusdam,

2037 2825 2136 2880 sed
2171 2843 2342 2882 suum
2375 2843 2502 2883 esse
2534 2830 2815 2886 mundum
2849 2834 3205 2901 terrestrem,
3238 2833 3296 2888 in
3329 2850 3444 2904 quo
3475 2849 3684 2906 corpo-

2037 2931 2098 2970 re
2130 2931 2388 2986 praasens
2410 2918 2648 2974 verbum
2681 2919 2890 2975 salutis
2915 2921 3212 2993 sparserit.
3240 2921 3484 2986 Quando
3507 2923 3687 2993 igitur

2036 3006 2243 3062 veritas
2301 3009 2591 3064 mundum
2641 3026 2812 3066 suum
2871 3028 3000 3068 esse
3057 3012 3218 3082 dicit,
3252 3013 3405 3066 idem
3450 3029 3583 3069 vero
3628 3016 3687 3068 et

2043 3094 2226 3150 malus
2257 3096 2532 3166 affirmat,
2566 3113 2748 3172 regna
2794 3100 2992 3156 omnia
3021 3100 3132 3156 sibi
3168 3102 3428 3171 subjecta
3475 3101 3688 3158 habere

2042 3183 2319 3253 gloriatus
2351 3185 2439 3241 :hi
2458 3191 2654 3242 autem
2672 3188 2939 3245 homines
2953 3189 3280 3245 temerariis
3311 3189 3529 3259 linguis
3551 3204 3685 3244 eum

2040 3275 2336 3328 communi
2368 3275 2621 3331 Creatori
2673 3294 2738 3333 ao
2786 3277 3088 3334 Conditori
3129 3277 3479 3350 subripiunt,
3513 3277 3687 3333 vicis-

2041 3361 2270 3434 simque
2309 3362 2536 3420 diabolo
2566 3365 2882 3436 vindicant,
2917 3383 3106 3424 nonne
3153 3366 3332 3422 iidem
3381 3367 3688 3424 veritatem

2040 3451 2100 3506 in
2133 3453 2502 3508 mendacium
2527 3459 2894 3525 convertunt,
2919 3455 3210 3512 mendacii
3231 3472 3366 3513 vero
3390 3460 3688 3513 auctorem

2039 3541 2292 3598 veritatis
2333 3543 2699 3617 aliarumque
2749 3563 2944 3602 rerum
2980 3546 3167 3619 gloria
3195 3550 3428 3617 ornant,
3455 3563 3523 3604 ac
3575 3547 3688 3603 Do-

2041 3629 2198 3686 mino
2229 3631 2458 3702 quidem
2491 3650 2599 3689 sua
2627 3636 2984 3705 auferunl,et
3015 3635 3271 3708 praedoni
3290 3653 3352 3692 se
3375 3637 3688 3709 jungentes

2041 3726 2385 3791 apostatam,
2408 3729 2462 3777 et
2494 3723 2822 3796 mastigiam
2854 3729 2911 3780 et
2953 3726 3347 3780 refractarium
3379 3741 3688 3781 conservo-

2043 3825 2174 3864 rum
2206 3826 2439 3866 snorum
2464 3813 2768 3870 dominum
2792 3815 3206 3871 constituunt?
3229 3816 3524 3882 Quomodo
3557 3831 3689 3871 vero

2041 3897 2128 3952 illi
2160 3913 2359 3953 verum
2383 3899 2806 3972 hominumque
2831 3903 3304 3958 amantissimum
3329 3903 3508 3958 Deum
3535 3903 3692 3957 vide-

2047 3984 2207 4051 bunt,
2233 3987 2330 4057 qui
2367 4002 2428 4042 se
2459 3988 2617 4058 ipsos
2641 3990 2964 4059 tyrannidis
2995 3991 3156 4046 illius
3188 3991 3376 4046 socios
3407 3995 3465 4046 et
3494 4005 3692 4045 servos

2044 4074 2131 4129 vel
2155 4075 2346 4146 potius
2379 4076 2708 4149 primipilos
2745 4079 3098 4149 gesserunt?
3125 4079 3286 4142 Quod
3328 4079 3376 4133 si
3406 4093 3538 4132 vero
3568 4077 3692 4148 agri

2045 4168 2103 4219 et
2134 4165 2393 4220 mundus
2424 4166 2561 4222 boni
2611 4167 3034 4239 hominumque
3065 4166 3458 4223 amantissimi
3489 4166 3692 4221 Serva-

2044 4255 2188 4310 toris
2220 4257 2402 4311 nostri
2438 4273 2552 4313 non
2575 4258 2851 4322 sunt,sed
2876 4258 3068 4329 potius
3090 4256 3312 4312 malum
3342 4255 3692 4328 principium

2045 4343 2282 4401 illorum
2328 4346 2694 4403 dominatum
2743 4347 3064 4416 distribuit,
3106 4346 3398 4420 quomodo
3426 4345 3565 4416 illis,
3588 4345 3690 4416 qui

2046 4434 2118 4490 ob
2151 4451 2363 4492 nomen
2394 4437 2523 4507 ejus
2543 4437 2910 4508 reliquerunt
2938 4438 3140 4493 domos
3169 4441 3225 4492 et
3253 4451 3446 4507 agros,
3471 4439 3528 4491 et
3559 4450 3692 4506 cog-

2049 4524 2300 4580 nationis
2331 4525 2618 4582 naturalis
2669 4525 3114 4598 praaclarissima
3163 4540 3403 4596 quaeque
3453 4522 3692 4595 praemia

2045 4615 2105 4669 in
2138 4614 2248 4670 hac
2279 4613 2396 4670 vita
2432 4615 2810 4687 distribuens,
2843 4632 2957 4672 non
2997 4615 3204 4671 adimit
3232 4630 3421 4686 agros,
3454 4629 3560 4669 nec
3589 4628 3692 4668 cae-

2045 4708 2168 4760 tera
2199 4721 2329 4776 quas
2357 4705 2428 4760 ad
2487 4705 2796 4762 sensibiles
2836 4712 3126 4761 creaturas
3160 4704 3470 4776 pertinent,
3502 4702 3604 4759 sed
3635 4705 3694 4759 et

2047 4793 2149 4848 illa
2177 4792 2486 4864 centuplici
2507 4795 2742 4865 przemio
2764 4793 3225 4866 comprehendit,
3241 4809 3306 4849 ac
3329 4792 3534 4848 tribuit
3551 4790 3688 4864 illis,

2049 4898 2295 4951 quorum
2333 4881 2640 4939 hereditas
2674 4887 2764 4938 est
2793 4882 2910 4938 vita
2941 4881 3227 4950 aeterna“,
3261 4881 3554 4955 quomodo
3589 4881 3691 4938 iis-

2049 4973 2180 5027 dem
2213 4977 2486 5028 strenuos
2517 4989 2650 5029 suos
2681 4975 2970 5029 amatores
2992 4976 3225 5040 mactat,
3259 4987 3502 5043 quorum
3535 4988 3691 5028 crea-

2051 5063 2148 5129 tio,
2183 5063 2232 5118 si
2264 5063 2418 5118 mala
2449 5063 2674 5130 fuisset,
2709 5064 2902 5135 ipsum
2935 5079 3170 5136 quoque
3201 5079 3400 5120 eorum
3431 5078 3691 5120 amorem

2049 5154 2200 5224 apud
2216 5168 2312 5208 eos
2329 5152 2744 5210 exstinxisset?
2763 5153 3066 5218 Quomodo
3088 5152 3313 5226 premii
3336 5150 3695 5226 rependendi

2051 5249 2273 5315 partem
2303 5258 2371 5299 ea
2401 5241 2693 5315 facit,quaa
2724 5257 2796 5299 ne
2825 5241 3062 5314 quidem
3093 5243 3165 5301 ab
3203 5242 3370 5301 initio
3401 5241 3698 5314 possidere

1461 5531 1710 5590 VARIE
1748 5531 2137 5592 LECTIONES
2178 5534 2270 5590 ET
2308 5534 2538 5592 NOTAE.

365 5670 478 5742 (55)
508 5667 721 5742 Νόμου.
776 5666 1177 5743 Superscripta
1233 5667 1295 5743 in
1343 5667 1554 5743 codice
1608 5669 1682 5725 ab
1714 5669 1944 5743 _eadem

296 5737 471 5800 manu
503 5737 630 5800 erat
656 5757 764 5799 vox
794 5737 968 5815 λόγου
1000 5759 1015 5811 ;
1047 5737 1150 5797 sed
1182 5737 1357 5796 malui
1397 5740 1647 5798 retinere
1676 5740 1939 5799 alteram.

2127 5668 2240 5743 (56)
2269 5667 2330 5724 Εἰ
2383 5669 2500 5743 μὲν.
2531 5672 2618 5743 tta
2661 5669 3138 5743 scriberejussit
3173 5684 3384 5743 sensus
3417 5670 3476 5725 et
3521 5665 3700 5743 series

2051 5740 2362 5800 verborum
2385 5740 2497 5815 pro
2527 5741 2692 5810 εἶπεν,
2725 5741 2881 5814 quod
2914 5740 2973 5798 in
3013 5742 3211 5800 codice
3242 5741 3524 5812 scriptum
3552 5740 3700 5794 erat.
