4084 6210
359 394 476 456 263
1558 379 1821 441 PHOTII
1865 377 2011 438 PAT

2122 377 2394 438 kRCHJE
2438 376 2557 438 ΟΡ.
3641 376 3768 439 264

359 527 622 584 licebat?
646 525 824 582 Multo
855 523 1052 597 itaque
1083 520 1268 594 magis
1291 517 1523 590 justitia
1553 515 1904 587 requirebat,
1929 514 2001 569 ob

2122 506 2328 567 εσϐἑννυ
2373 511 2465 566 τὸν
2511 509 2705 586 ἔρωτα,
2757 509 2847 565 καὶ
2901 516 3281 586 μεροποιεῖται
3337 517 3441 582 τῆς
3497 509 3765 586 ἀμοιϐῆς,

365 633 492 688 quae
526 616 618 672 his
648 631 764 670 non
793 595 1075 670 darentur
1094 609 1251 678 talia,
1277 605 1498 680 praemii
1519 602 1812 674 loco,aliis
1833 604 2007 658 etiam

2122 603 2153 656 ἃ
2187 600 2326 674 μηδὲ
2354 603 2452 670 τὴν
2485 601 2666 679 ἀρχὴν
2699 595 2806 655 ἔδει
2836 603 3148 670 κεκτῆσθαι.
3209 601 3435 658 Μᾶλλον
3492 603 3590 675 μὲν
3653 601 3766 672 οὖν,

366 706 753 761 auferrentur.
786 700 1085 768 Quomodo
1129 697 1375 767 denique
1423 696 1616 750 locum
1665 693 1876 749 habere
1905 707 2010 763 po-

2122 691 2192 748 ὃι¹
2223 693 2256 747 ’ὰ
2284 691 2374 747 καὶ
2404 698 2511 747 τῶν
2543 690 2728 746 ἅλλῶν
2764 693 2791 746 ὁ
2826 693 3039 764 μισθὸς,
3072 691 3181 768 οὒχ
3210 695 3297 755 οἷς
3329 691 3538 762 δοθείη,
3564 691 3770 758 ἄλλοις

366 798 501 862 test,
536 802 597 848 ut
647 792 957 866 sapientia,
997 803 1234 846 omnem
1283 785 1567 842 rationem
1619 798 1902 854 superans
1945 797 2011 836 ea

2122 782 2457 862 ἀφαιρεθείη,
2517 781 2664 858 φέρει
2726 782 2788 837 τὸ
2856 779 3081 845 δίκαιον,
3141 785 3254 838 Ποῦ
3313 781 3370 838 δὲ
3427 787 3618 860 χῶραν
3649 782 3769 862 ἔχει

366 900 492 954 qua:
526 900 559 938 a
589 881 740 938 malo
773 881 1031 952 profecta
1077 881 1234 945 sunt,
1266 891 1399 932 cum
1459 874 1629 930 bonis
1676 872 1800 929 suis
1839 871 2009 928 donis

2122 872 2427 927 συντάττειν
2483 873 2582 940 τὴν
2667 870 2841 926 πάντα
2922 876 3044 926 νοῦν
3133 873 3503 947 ὓπερὲχοοσαν
3573 873 3769 948 σοφίαν

367 973 706 1043 conjungat,
740 970 1029 1040 siquidem
1090 965 1213 1040 agri
1263 978 1651 1037 agrorumque
1698 965 2009 1034 proventus

2122 967 2236 1024 ταῖς
2294 961 2652 1038 ἆγαΘοποιοῖς
2718 962 2886 1030 αὐτῆς
2943 958 3194 1037 δωρεαῖς,
3253 961 3285 1015 ἃ
3357 968 3458 1031 τῆς
3496 963 3770 1036 πονηρίας

363 1061 502 1117 mali
534 1063 731 1117 essent
763 1056 1086 1132 principii?

2122 1052 2287 1123 ἐστὶν,
2347 1051 2502 1128 ε’ίπερ
2553 1052 2688 1121 ἦσαν
2743 1052 2796 1107 οἱ
2845 1051 3007 1128 ἀγροὶ
3050 1052 3142 1108 καὶ
3193 1053 3261 1108 τὰ
3326 1052 3380 1107 ἐν
3420 1057 3538 1117 τοῖς
3575 1052 3770 1128 ἀγροῖς

2120 1141 2185 1213 δη
2197 1143 2430 1217 μιουργή
2441 1162 2583 1215 ματα
2613 1143 2746 1215 (57).

1529 1263 1772 1320 VARLE
1813 1261 2204 1319 LECTIONES
2244 1261 2331 1317 ET
2367 1260 2597 1318 NOTlE.

440 1380 553 1449 (57)
584 1377 1078 1452 Δημιουργήματα.
1110 1373 1394 1430 Videntur
1424 1371 1828 1452 hicnonnulla
1854 1369 2011 1452 desi-

2126 1367 2571 1452 compellatione
2619 1367 2849 1452 dicendi
2897 1368 3074 1426 ﬁnem
3103 1368 3404 1452 facturum
3455 1367 3769 1452 fuisse.‘lh

365 1437 576 1507 derari.
609 1437 754 1507 Nam
786 1437 858 1505 ὁδ’
880 1437 1164 1518 abruptus
1219 1461 1427 1518 sermo
1457 1448 1565 1512 est,
1599 1451 1653 1518 et
1698 1441 2016 1518 verisimile
2125 1437 2513 1518 ipso'quoque
2543 1456 2651 1497 ms.
2685 1439 2876 1518 nulla,
2899 1456 3025 1518 quas
3066 1439 3208 1518 alias
3238 1455 3572 1518 comparere
3601 1437 3770 1507 solet,

363 1524 430 1578 ﬁt
458 1523 727 1578 Photium
763 1511 1049 1576 nostrum-
1082 1533 1231 1573 nova
1277 1516 1527 1588 quadam
1554 1511 1557 1512 ⁷
1587 1514 1655 1568 ad
1700 1513 2013 1570 Arsenium
2125 1511 2466 1583 c'olophonis
2496 1511 2752 1584 impositi
2784 1511 3375 1568 nota’inveniebatur.

1115 1770 1771 1903 ΦΩΤΙΟΥ
1872 1767 3026 1898 ΠΑΤΡΙΑΡΧΟΥ

1963 1993 2184 2051 ΛΟΓΟΣ

433 2179 735 2277 ΠΕΡΙ
815 2178 1057 2271 ΤΗΣ
1139 2173 1390 2270 ΤΟΥ
1469 2171 1848 2267 ΑΓΙΟΥ
1929 2169 2702 2266 ΠΝΕΥΜΑΤΟΣ
2790 2168 3710 2270 ΜΥΣΤΑΓΩΓΙΑΣ.

1007 2549 1706 2717 PHOTII
1779 2549 2506 2713 PATRIA
2536 2549 3131 2714 RCHfE

1953 2819 2186 2880 LIBER

795 2988 968 3082 DE
1103 2983 1713 3078 SPIRITUS
1839 2982 2315 3077 SANCTI
2457 2983 3357 3082 MYSTAGOGIA

839 3185 1034 3253 QUEM
1063 3183 1280 3242 NOTIS
1315 3183 1546 3240 VARUS
1578 3181 2082 3239 ILLUSTBATUM
2111 3183 2200 3239 AC
2229 3183 2655 3241 THEOLOGIzE
2685 3184 2872 3244 ClllSI
2903 3183 3316 3242 SUBJECTUM

1865 3333 2062 3368 Ριιωυε
2093 3333 2269 3368 BDlDlT

1598 3464 1661 3520 J.
1691 3462 2516 3529 HERGENROETHBR,

773 3591 831 3647 S.
864 3588 1060 3646 Theol.
1099 3592 1304 3645 Doctor
1333 3587 1712 3658 ejusdemque
1742 3586 1799 3642 in
1833 3586 2291 3656 Wirceburgensi
2320 3585 2405 3644 lit.
2440 3585 2826 3643 Universilate
2856 3587 3155 3644 Professor
3183 3587 3244 3644 P.
3277 3587 3343 3644 Ο.

1117 3712 1444 3774 Ratisbouas,
1477 3711 1850 3764 MDCCCLVII.
1879 3712 1936 3762 8°
1964 3712 2220 3777 Sumptus
2248 3711 2378 3762 fecit
2408 3712 2470 3762 G.
2502 3713 2776 3777 Josephus
2814 3712 2984 3763 Mans.

1107 3980 1192 4068 J.
1256 3973 2011 4066 HERGENROE'.

2122 3977 2328 4062 [ERI
2391 3975 3010 4064 ΡΒᾸΕΕΑΤΙΟ.

434 4164 476 4222 I.
510 4165 590 4221 De
640 4163 843 4220 Photio
887 4161 1013 4233 ipso
1058 4158 1205 4215 nihil
1253 4165 1358 4224 est,
1392 4157 1545 4228 quod
1597 4157 1656 4211 in
1701 4155 2007 4226 praesentia
2043 4157 2091 4223 B
2123 4155 2426 4212 historiam
2458 4171 2574 4212 non
2607 4155 2688 4212 ita
2710 4156 2930 4226 pridem
2963 4155 3181 4213 Gallico
3201 4172 3470 4213 sermone
3497 4156 3774 4228 cl.Jager

364 4255 577 4312 dicam.
610 4252 857 4308 Uberius
886 4249 1042 4305 enim
1074 4249 1143 4302 de
1177 4247 1354 4314 hujus
1381 4246 1498 4300 vita
1529 4249 1587 4299 et
1618 4245 1850 4316 scriptis
1884 4261 2008 4300 am-

363 4343 533 4414 pliori
563 4357 732 4413 opere
781 4353 914 4394 sum
964 4339 1224 4402 acturus,
1257 4333 1406 4403 quod
1447 4337 1562 4387 Deo
1595 4332 1840 4402 propitio
1895 4348 2009 4388 uno

365 4432 614 4488 alterove
641 4428 854 4484 abhinc
897 4440 1050 4480 anno
1098 4422 1288 4477 lucem
1331 4420 1593 4478 visurum
1643 4437 1771 4479 esse
1819 4439 2007 4493 spero.

364 4521 514 4578 Illud
548 4517 842 4574 monuisse
878 4512 1152 4578 sufﬁciat,
1183 4511 1339 4567 viros
1387 4510 1720 4578 catholicos,
1754 4511 1889 4568 dum
1921 4513 2010 4568 di-

362 4627 485 4666 rum
509 4607 768 4665 schisma
793 4620 889 4675 per
909 4617 1044 4658 eum
1068 4600 1124 4656 in
1151 4615 1266 4655 sua;
1285 4599 1472 4670 ipsius
1491 4599 1678 4671 gentis
1695 4601 2009 4673 perniciem

364 4698 696 4759 excitatum,
732 4706 974 4765 quasque
1006 4690 1147 4746 illud
1182 4689 1462 4761 preibant
1491 4705 1556 4744 ac
1578 4691 2013 4748 comitabantur

368 4787 648 4852 facinora,
671 4799 738 4839 ex
770 4783 967 4838 animo
997 4781 1379 4848 detestantur,
1398 4778 1581 4834 nihilo
1605 4785 1795 4836 tamen
1819 4781 2010 4839 secius

370 4872 612 4929 maximi
657 4886 887 4942 semper
918 4867 1123 4926 fecisse
1170 4869 1379 4924 miram
1425 4867 1556 4938 ejus
1602 4869 2010 4942 eruditionem,

366 4961 533 5032 cujus
559 4963 764 5032 praeter
792 4959 1238 5016 celeberrimum
1261 4957 1649 5030 Myriobiblion
1667 4959 1754 5015 vel
1779 4960 2010 5032 Amphi-

369 5047 653 5105 tochianae
697 5046 1021 5117 quaestiones
1077 5061 1252 5118 opera
1296 5045 1418 5101 Em.
1455 5044 1610 5112 Maii,
1658 5046 2012 5102 immortalis

367 5137 662 5194 memorias
691 5134 822 5201 viri,
857 5133 1114 5190 maxima
1143 5136 1382 5191 demum
1406 5149 1475 5190 ex
1497 5139 1659 5205 parte
1683 5134 2013 5207 publiciju—

369 5228 449 5285 ris
483 5228 645 5302 facta
677 5223 1078 5280 testimonium
1109 5223 1333 5280 faciunt
1361 5223 1722 5281 luculentum
1749 5242 1764 5291 ;
1793 5224 2012 5281 nemini

373 5316 584 5373 deinde
613 5330 742 5372 esse
771 5313 1038 5379 dubium,
1073 5313 1213 5384 quin
1237 5329 1305 5369 ex
1324 5317 1595 5370 accurata
1613 5314 1740 5384 ejus
1772 5313 2018 5370 historia

375 5410 504 5464 tum
528 5406 868 5478 dogmatum
891 5408 1012 5458 tum
1032 5401 1300 5458 Ecclesiae
1323 5402 1508 5474 ipsius
1532 5402 1774 5459 annales
1791 5404 2016 5476 egregie

365 5495 560 5570 juvari
591 5498 649 5552 et
672 5493 951 5552 illustrari
980 5492 1225 5564 possint.
1255 5493 1423 5563 Atqui
1456 5493 1646 5550 Photii
1676 5493 2016 5566 patriarchas

443 5657 514 5732 (ι)
542 5657 781 5732 Histoire
832 5654 898 5732 4ο
917 5652 1187 5732 statim.
1229 5653 1544 5732 ραέτέανσξισ
1591 5653 1655 5732 4e
1705 5656 2013 5732 cmme-

349 5724 560 5803 .no'plc,
594 5745 699 5802 par
726 5727 802 5784 M.
836 5725 1025 5784 l’abhé
1052 5724 1248 5798 Jager,
1283 5724 1579 5782 Chanoine
1609 5724 1917 5783 honoraire
1944 5727 2015 5784 de

2121 4243 2417 4316 eleganter
2447 4260 2562 4301 non
2595 4244 2792 4300 minus
2838 4261 3013 4316 quam
3059 4245 3302 4301 solerter
3346 4245 3718 4316 pertractavit
3751 4263 3768 4314 ;

2121 4335 2272 4404 quod
2301 4350 2500 4390 recens
2521 4350 2669 4406 opus
2685 4335 2752 4406 (ί)
2775 4335 3022 4390 auctoris
3041 4350 3218 4406 scopo
3240 4335 3771 4401 accommodatum,

2121 4437 2231 4478 usu
2289 4422 2702 4480 Photianarum
2741 4423 3111 4495 epistolarum
3135 4424 3537 4496 sagacissimo,
3553 4425 3774 4496 insigni

2122 4511 2357 4568 illorum
2387 4515 2716 4584 temporum
2748 4513 2962 4583 studio,
2989 4512 3216 4582 judicio
3247 4514 3390 4570 satis
3421 4517 3775 4583 acuto,nar-

2121 4601 2290 4656 randi
2312 4605 2434 4657 arte
2463 4602 2691 4674 egregia
2721 4599 2968 4673 aliisque
3003 4602 3362 4658 ornamentis
3393 4618 3523 4660 esse
3555 4603 3773 4674 praedi-

2121 4698 2244 4746 tum
2263 4691 2415 4748 haud
2438 4691 2707 4748 diffiteor.
2729 4693 2997 4748 Attamen
3022 4699 3411 4764 praeterquam
3433 4692 3615 4764 quod,
3639 4709 3775 4749 mea

2123 4780 2358 4852 quidem
2389 4781 2700 4847 sententia,
2719 4781 2985 4854 ampliori
3006 4782 3199 4840 adhuc
3216 4783 3347 4840 usui
3368 4799 3497 4840 esse
3519 4787 3776 4854 possunt

2122 4870 2448 4942 Byzantina
2479 4869 2745 4926 Historiis
2797 4871 3004 4937 fontes,
3035 4887 3103 4927 ac
3133 4872 3455 4944 praesertim
3487 4873 3772 4940 Cedreno,

2121 4961 2344 5016 Zonara
2373 4964 2430 5015 et
2454 4960 2631 5033 Glyca
2652 4961 2822 5034 longe
2851 4961 3220 5028 vetustiores,
3243 4963 3510 5034 quodque
3541 4962 3771 5019 univer-

2123 5049 2234 5105 sim
2266 5049 2520 5106 nationis
2549 5055 2762 5108 nostra;
2794 5051 3242 5126 historiographi
3290 5051 3644 5108 strictiorem
3699 5068 3773 5110 ac

2124 5139 2488 5208 severiorem,
2548 5140 2683 5197 licet
2751 5141 2964 5198 minori
3037 5145 3336 5198 venustate
3423 5141 3771 5214 fulgentem,

2124 5229 2416 5286 scribendi
2464 5231 2700 5286 modum
2749 5230 3206 5303 methodumque
3261 5234 3582 5298 sectantur,
3623 5232 3774 5288 mihi

2123 5332 2312 5390 neque
2360 5318 2419 5372 in
2475 5317 2769 5388 omnibus,
2811 5335 2935 5391 quae
2973 5323 3310 5388 occurrunt,
3347 5319 3776 5392 quaestionibus

2126 5408 2325 5464 eadem
2371 5424 2536 5464 mens
2567 5411 2657 5464 est
2706 5407 2977 5481 idemque
2999 5408 3311 5480 judicium,
3344 5425 3530 5480 neque
3558 5426 3776 5484 scopus

2127 5514 2293 5556 meus
2322 5498 2548 5570 (utpote
2577 5497 2754 5554 latius
2783 5513 3121 5571 excurrens,
3151 5499 3210 5554 in
3243 5499 3315 5555 iis
3354 5514 3487 5555 vero
3537 5501 3776 5572 potissi-

2125 5656 2287 5730 Paris
2327 5662 2382 5714 et
2411 5659 2482 5714 de
2513 5656 2730 5730 Nancy,
2764 5657 3095 5730 professeth
3137 5656 3439 5730 d’bistoire
3485 5660 3518 5713 ὰ
3549 5658 3605 5715 la
3641 5659 3774 5716 Sor-

2123 5729 2336 5799 bonne,
2367 5730 2428 5784 2°
2456 5729 2696 5801 edition,
2729 5729 2911 5802 Paris,
2941 5731 3006 5787 A.
3040 5729 3250 5800 Vaton,
3285 5729 3442 5786 1854.
