4084 6210
245 373 347 433 265

839 373 944 433 DE
988 374 1052 434 S.
1099 372 1460 436 SPIRITUS
1505 374 2039 438 MYSTAGOGIA.
2085 401 2162 421 -ι
2204 377 2263 438 J.
2310 375 2545 436 HERG.
2593 376 3040 438 PRIEFATIO.

3515 382 3635 443 266

245 521 422 576 mum,
453 520 574 577 quis
624 505 698 562 ad
745 505 1046 563 historiam
1093 507 1434 566 litterariam
1484 509 1745 580 attinent)
1779 525 1879 568 eos
1911 509 1962 577 Α
1991 509 2052 566 in
2083 508 2367 580 particula
2396 507 2441 562 εἰ
2471 509 2570 581 (4).
2624 509 2720 565 Est
2767 514 2916 566 bene
2963 509 3201 568 omnino
3239 511 3514 584 scriptus,
3563 529 3633 569 ac

246 596 460 669 patitur
489 595 654 663 ﬁnes,
688 611 838 668 quos
868 596 966 654 ille
997 596 1145 655 bene
1175 598 1415 656 meritus
1437 603 1642 657 auctor
1662 599 1773 656 sibi
1795 617 1886 656 vo-

246 685 356 742 luit
381 684 757 756 prestitutos.

314 775 382 834 ll.
411 775 542 832 Jam
579 791 716 832 vero
764 777 918 848 quod
953 777 1024 833 ad
1060 780 1403 850 praesentem
1433 784 1656 852 Spectat
1698 779 1889 836 Photii

245 863 478 934 librum,
510 879 686 936 quem
740 865 1042 937 amplioris
1093 867 1279 925 nostri
1331 869 1523 941 operis
1552 868 1730 924 veluti
1764 883 1890 941 pro-

247 954 508 1011 dromum
561 957 932 1024 exhibemus,
980 956 1158 1014 editio
1202 973 1232 1013 e
1281 957 1472 1014 tribus
1521 957 1889 1031 potissimum

252 1045 498 1101 confecta
549 1045 659 1100 fuit
707 1045 1026 1113 codicibus,
1082 1063 1327 1118 quorum
1375 1049 1486 1104 duo
1529 1048 1728 1105 Romae
1753 1065 1888 1120 pro-

251 1140 423 1204 stant,
452 1134 666 1191 tertius
695 1151 825 1192 vero
856 1135 915 1191 in
947 1135 1121 1209 Regia
1149 1137 1484 1193 Monacensi
1518 1137 1889 1206 bibliotheca,

248 1224 371 1282 aliis
402 1224 730 1292 nonnullis,
752 1225 838 1280 uti
861 1225 984 1280 fieri
1009 1230 1258 1298 poterat,
1281 1227 1340 1282 in
1365 1226 1700 1283 subsidium
1722 1243 1890 1284 voca-

245 1314 337 1370 tis.
369 1314 636 1370 Primum
676 1313 820 1370 mihi
851 1315 923 1370 de
962 1314 1202 1372 ineditis
1253 1315 1442 1372 adhuc
1473 1315 1664 1372 Photii
1694 1317 1892 1389 operi—

240 1404 347 1461 bus
395 1404 741 1476 indaginem
797 1404 1131 1460 instituenti
1193 1405 1253 1460 in
1320 1407 1446 1462 cod.
1512 1407 1733 1464 Monac.
1792 1409 1890 1462 Gr.

243 1510 297 1549 n.
327 1493 419 1548 27.
453 1491 714 1550 cbartac.
749 1508 882 1549 saec.
913 1509 984 1549 xv
1020 1491 1111 1550 vel
1131 1510 1224 1549 xvx
1256 1493 1355 1566 (2),
1387 1495 1662 1566 majorem
1712 1495 1893 1566 hujus

243 1582 429 1654 operis
457 1586 686 1653 partem
719 1581 971 1654 contigit
1012 1581 1294 1640 invenire.
1329 1584 1412 1640 Ibi
1437 1585 1591 1640 enim
1616 1589 1747 1656 post
1762 1586 1894 1640 Acta

239 1673 604 1728 conciliorum
634 1689 687 1728 a.
726 1671 833 1727 869
863 1676 920 1728 et
951 1689 1003 1728 a.
1035 1671 1142 1727 879
1167 1672 1227 1728 in
1276 1689 1454 1730 causa
1499 1674 1688 1730 Photii
1722 1677 1893 1730 Cons-

241 1759 593 1832 tantinopoli
623 1759 1070 1831 celebratorum,
1123 1760 1220 1817 fol.
1272 1762 1376 1816 449
1423 1779 1476 1834 a,
1527 1763 1634 1818 sub
1683 1763 1890 1820 titulo:

1994 598 2130 656 licet
2157 599 2384 654 mendis
2416 614 2530 654 non
2563 603 2778 669 careat,
2819 604 2876 656 et
2927 600 3222 657 interdum
3271 601 3639 674 gravioribus

1995 703 2225 760 quoque
2273 688 2567 745 erroribus
2612 687 2988 758 deformetur,
3028 706 3097 746 ea
3125 695 3323 747 tamen
3356 707 3472 748 non
3503 695 3644 748 sunt

1996 777 2139 833 adeo
2171 777 2516 849 frequentia,
2561 780 2625 833 ut
2673 776 2738 833 in
2785 777 2917 834 aliis
2964 777 3197 835 illorum
3254 780 3645 852 posteriorum

1996 866 2340 924 saculorum
2373 865 2788 938 manuscriptis
2819 883 2993 938 quam
3022 868 3290 939 plurimis
3341 886 3408 927 ea
3434 873 3522 926 est
3547 871 3638 926 in-

1995 957 2209 1013 venire.
2259 956 2469 1012 Statim
2518 971 2650 1012 vero
2700 955 2955 1012 intellexi
3005 957 3288 1016 celebrem
3335 959 3528 1017 Photii
3575 961 3650 1016 De

1998 1045 2210 1117 Spiritu
2259 1053 2444 1102 sancto
2502 1045 2742 1112 librum,
2817 1046 2929 1101 etsi
3003 1061 3120 1102 non
3177 1046 3494 1120 integrum,
3553 1049 3648 1106 hic

1998 1138 2244 1203 exstare,
2278 1135 2462 1207 qualis
2487 1135 2608 1206 jam
2639 1152 2670 1190 a
2699 1134 2882 1190 doctis
2902 1135 3044 1191 viris
3077 1136 3264 1193 fuerat
3292 1136 3644 1208 descriptus.

2072 1225 2168 1280 Ill.
2214 1224 2442 1281 Primus
2490 1224 2639 1281 inter
2686 1224 2964 1295 eruditos,
3009 1229 3291 1296 quantum
3339 1225 3478 1294 scio,
3536 1226 3649 1282 hu-

1992 1317 2090 1386 jus
2119 1315 2312 1386 operis
2353 1314 2710 1371 mentionem
2759 1313 2896 1370 fecit
2943 1317 3056 1369 Leo
3082 1313 3353 1384 Allatius,
3381 1315 3482 1387 qui
3515 1315 3644 1371 Tra-

2000 1410 2208 1463 ctatum
2251 1422 2381 1462 sane
2421 1405 2926 1462 luculentissimum
2975 1404 3119 1462 illud
3172 1411 3337 1463 vocat
3368 1408 3442 1478 (5)
3474 1413 3654 1478 atque

2002 1495 2297 1552 interdum
2329 1510 2398 1550 ex
2422 1511 2488 1551 eo
2521 1495 2788 1565 quaedam
2822 1495 2944 1552 suis
2972 1495 3208 1567 scriptis
3232 1495 3528 1552 interserit
3547 1497 3648 1568 (6).

2000 1585 2084 1642 Ex
2111 1585 2323 1642 Allatio
2373 1601 2513 1642 suas
2544 1585 2614 1641 de
2644 1584 2753 1641 hoc
2799 1584 3084 1642 Photiano
3128 1601 3300 1657 opere
3329 1584 3654 1642 hauserunt

2007 1674 2264 1742 notitias,
2299 1673 2399 1746 qui
2431 1674 2502 1729 de
2549 1674 2808 1730 Historia
2864 1673 3201 1731 Graecorum
3238 1673 3354 1730 sive
3385 1674 3652 1732 ecclesia-

2004 1763 2148 1821 stica
2177 1764 2299 1822 sive
2344 1764 2627 1821 litteraria
2669 1762 2854 1820 fusius
2899 1779 3066 1835 egere
3091 1765 3196 1834 (7).
3227 1762 3522 1836 Ampliora
3554 1763 3658 1818 de-

240 1848 458 1904 Φωτῖου
472 1848 822 1926 πατριάρχου
834 1851 970 1903 κατὰ
985 1849 1223 1904 Λατίνων
1241 1855 1556 1908 occurrunt
1568 1852 1755 1923 primo
1770 1852 1893 1910 loco

2021 1871 2167 1910 num
2200 1853 2409 1910 seculo
2443 1857 2640 1910 nostro
2664 1852 2824 1909 dedit
2853 1826 3018 1909 Card.
3053 1826 3248 1923 Maius,
3277 1826 3410 1908 cum
3431 1853 3660 1926 Amphi-

237 1938 682 2010 quatuordecim
735 1938 1121 2011 paragraphis
1179 1938 1458 1996 distincta
1505 1957 1636 1996 cum
1683 1941 1889 1996 initio:

235 2027 328 2087 τίς
361 2025 506 2087 ὅλως
534 2025 830 2100 ἀνάσχοιτο
861 2030 968 2082 τῶν
1001 2024 1054 2080 ἐν
1087 2030 1443 2101 Χριπιανοῖς
1486 2025 1787 2082 τελούντων
1829 2046 1894 2086 ea

241 2116 378 2187 ipsa
409 2121 755 2188 argumenta
802 2117 873 2172 de
923 2116 1169 2188 Spiritus
1215 2119 1402 2174 sancti
1451 2135 1521 2174 ex
1562 2119 1682 2176 solo
1731 2119 1898 2174 Patre

239 2206 643 2276 processione,
661 2221 790 2276 qua
809 2204 868 2260 in
890 2208 1146 2262 secunda
1168 2205 1353 2262 Photii
1379 2205 1623 2279 epistola
1642 2206 1732 2263 ed.
1755 2211 1900 2263 Lon-

249 2294 372 2350 din.
408 2311 457 2350 a.
495 2296 659 2363 1651,
706 2311 762 2366 p.
813 2296 984 2351 51-54
1034 2294 1327 2367 leguntur,
1379 2301 1437 2354 et
1478 2298 1714 2371 quidem
1765 2298 1900 2354 huic

249 2384 496 2441 editioni
519 2385 591 2441 ad
617 2383 854 2440 verbum
889 2401 1162 2442 consona.
1186 2387 1296 2442 Sed
1321 2387 1419 2443 fol.
1453 2387 1558 2442 450
1582 2405 1634 2457 a,
1659 2387 1786 2444 sine
1807 2403 1902 2442 ex-

247 2475 418 2530 terno
446 2482 502 2530 et
535 2473 873 2531 evidentiori
923 2474 1052 2531 novi
1103 2475 1295 2548 operis
1326 2477 1564 2549 indicio,
1596 2478 1708 2534 nisi
1748 2477 1903 2550 quod

251 2580 403 2620 nova
422 2564 486 2621 in
519 2563 754 2635 magiae
784 2566 982 2620 notata
1023 2579 1158 2621 mox
1209 2566 1475 2637 sequitur
1525 2568 1781 2639 capitum
1813 2583 1902 2623 se-

248 2653 480 2726 ries:(3),
499 2653 840 2709 immediate
853 2656 981 2724 post
996 2654 1438 2726 quatuordecim
1456 2655 1556 2712 illa
1567 2660 1904 2728 argumenta

247 2745 514 2817 legitur:
547 2745 653 2798 Τοῦ
700 2741 866 2798 αὐτοῦ
909 2743 1033 2819 περὶ
1086 2749 1188 2813 τῆς
1244 2747 1340 2798 τοῦ
1378 2744 1538 2818 ἁγίου
1597 2744 1905 2818 Πνεύματος

253 2831 644 2911 μυσταγωγίας
704 2831 795 2886 καὶ
860 2830 944 2887 ὅτι
994 2830 1174 2907 ὥσπερ
1229 2833 1258 2887 ὁ
1317 2833 1440 2897 Υἱὸς
1477 2831 1537 2888 ἐκ
1589 2834 1759 2909 μόνου
1810 2837 1908 2890 τοῦ

247 2922 462 2997 Ila-cpia:
516 2919 888 2997 ἱερολογεῖται
951 2923 1254 2996 γεννᾶσθαι,
1301 2923 1447 2976 οὕτω
1505 2923 1595 2977 καὶ
1645 2923 1705 2977 τὸ
1754 2925 1908 3000 ἅγιον

247 3016 472 3084 Πνεῦμα
522 3010 584 3065 ἐκ
625 3011 795 3084 μόνου
841 3013 936 3065 τοῦ
986 3010 1151 3065 αὐτοῦ
1194 3010 1371 3066 αἰτίου
1419 3009 1764 3086 θεολογεῖται
1812 3012 1908 3066 ἐκ-

2004 1944 2393 2000 lochianarum
2423 1943 2792 2011 Questionum
2830 1942 3112 1997 ineditam
3162 1941 3353 1998 adhuc
3411 1942 3658 1999 nobilis-

2005 2032 2217 2089 simam
2243 2036 2464 2103 partem
2488 2031 2640 2102 typis
2667 2029 2964 2102 evulgaret
2983 2046 3048 2086 ac
3071 2030 3246 2087 simul
3272 2030 3440 2102 plura
3463 2030 3656 2086 Photii

2005 2138 2180 2194 opera
2209 2120 2335 2176 luce
2367 2119 2600 2192 publica
2634 2119 2743 2174 huc
2777 2135 2963 2190 usque
3002 2119 3260 2174 carentia
3311 2126 3652 2176 recenseret.

2007 2213 2368 2282 Quanquam,
2417 2209 2499 2264 ita
2550 2207 2930 2264 doctissimus
3006 2207 3323 2264 cardinalis
3383 2209 3483 2280 (8),
3544 2207 3660 2264 alia

2009 2301 2276 2372 quaedam
2301 2299 2489 2355 Photii
2507 2297 2725 2370 scripta
2747 2299 2817 2353 de
2839 2296 3059 2370 Spiritu
3082 2301 3284 2353 sancto
3305 2295 3392 2368 (9)
3413 2299 3658 2365 exstant,

2010 2389 2104 2446 hic
2134 2393 2330 2446 tamen
2358 2388 2506 2444 liber
2535 2386 2868 2443 luculentus
2898 2389 2955 2442 et
2975 2385 3173 2442 varius
3197 2389 3372 2458 atque
3395 2383 3661 2456 prolixus

2011 2479 2274 2534 nondum
2308 2477 2495 2533 lucem
2518 2475 2764 2547 aspexit,
2798 2474 2908 2530 etsi
2937 2490 3056 2531 non
3088 2489 3201 2531 uno
3229 2474 3284 2530 in
3319 2474 3518 2531 codice
3549 2477 3656 2529 Va-

2011 2568 2203 2625 ticano
2251 2566 2402 2622 inest
2451 2568 2622 2636 atque
2665 2563 2725 2619 in
2766 2562 2896 2620 aliis
2925 2563 3100 2620 etiam
3149 2561 3517 2620 bibliothecis
3547 2561 3662 2635 (10)

2013 2656 2283 2716 occurrit.
2332 2657 2402 2712 Et
2449 2655 2510 2710 in
2559 2671 2676 2711 uno
2725 2653 2960 2726 quidem
2989 2669 3056 2710 ex
3086 2653 3412 2724 Vaticanis,
3445 2651 3668 2710 scilicet

2013 2748 2118 2802 216
2147 2746 2285 2819 (11),
2319 2744 2688 2816 Metrophani
2722 2744 2779 2799 id
2809 2759 2959 2815 opus
2989 2742 3166 2800 tribui
3208 2742 3536 2800 observavit
3569 2740 3669 2798 Al-

2010 2836 2185 2892 latius
2214 2835 2349 2907 (12),
2385 2833 2444 2889 in
2476 2848 2590 2904 quo
2642 2832 2840 2889 codice
2891 2832 3073 2889 libros
3122 2848 3356 2906 quoque
3385 2833 3670 2889 adversus

2014 2922 2364 2981 Manichaee
2420 2922 2608 2978 eidem
2688 2920 3075 2993 Metrophani,
3135 2921 3478 2994 Smyrnensi
3534 2921 3666 2992 epi-

2011 3029 2184 3084 scopo
2215 3011 2350 3083 (13),
2375 3010 2550 3066 tribui
2579 3027 2682 3082 ego
2711 3010 2834 3080 ipse
2864 3009 3002 3066 vidi.
3027 3010 3137 3066 Sed
3170 3017 3360 3068 tamen
3393 3011 3546 3068 hanc
3575 3009 3661 3066 in-

247 3101 601 3177 πορεύεσθαιυ
645 3097 856 3176 λέγεται
907 3097 964 3154 δὲ
993 3103 1090 3156 τοῦ
1139 3101 1269 3156 Υἱοῦ
1300 3101 1429 3157 εἶναι
1480 3102 1554 3163 ὡς
1603 3101 1900 3174 ὁμοούσιον

2021 3100 2533 3174 scriptionem'_(1~’n)
2557 3099 2686 3171 quis
2705 3116 2821 3156 non
2847 3100 3056 3156 falsam
3073 3101 3355 3172 agnoscit,
3381 3116 3554 3170 quam
3579 3104 3663 3156 tot

245 3191 338 3246 καὶ
406 3187 853 3262 ἆποστελὸμενον
931 3192 1062 3263 (sic)
1128 3187 1198 3244 δι’
1274 3189 1457 3248 αὐτοῦ.
1517 3193 1607 3247 Ἐν
1666 3189 1904 3253 πολλοῖς

2021 3191 2114 3248 alii
2146 3190 2376 3246 codices
2407 3187 2725 3244 refellunt?
2753 3187 2808 3244 Si
2839 3203 2974 3244 vero
3003 3189 3166 3245 locus
3192 3189 3379 3261 operis
3399 3189 3660 3245 conside-

253 3282 376 3356 μὲν,
406 3301 461 3336 κ.
493 3300 544 3335 τ.
589 3277 643 3334 λ.
695 3283 906 3337 Textus
959 3296 1129 3351 porro
1171 3297 1204 3336 a
1234 3279 1333 3336 fol.
1369 3281 1472 3336 450
1501 3298 1534 3336 a
1568 3281 1689 3351 (lin.
1741 3283 1798 3351 2,
1831 3283 1904 3338 ab

250 3373 430 3442 infra)
473 3386 664 3444 usque
693 3370 765 3425 ad
799 3370 834 3424 f.
868 3369 974 3424 462
1011 3371 1069 3437 b,
1101 3375 1420 3427 extremam
1471 3370 1744 3444 paginam
1777 3387 1906 3443 per-

251 3461 451 3534 tingit,
485 3463 541 3516 et
572 3459 820 3532 abrupte
867 3458 1084 3515 desinit
1133 3476 1279 3516 novo
1326 3465 1523 3516 notato
1572 3460 1762 3532 capite
1795 3460 1906 3532 [31]

328 3570 409 3639 (2)
439 3567 526 3624 Cf.
561 3567 769 3639 Aretin,
800 3565 1062 3639 Beitrdge
1107 3583 1211 3622 sur
1257 3566 1567 3625 Geschichte
1615 3567 1710 3624 der
1751 3569 1903 3624 Lite-

253 3637 442 3696 ratur.
471 3637 1005 3729 AM‘iip'chennti‘803.’
1044 3637 1210 3709 1806;
1256 3644 1298 3695 t.
1331 3640 1374 3708 Ι,
1427 3641 1568 3695 fasc.
1619 3656 1697 3710 iv,
1748 3657 1804 3712 p.
1842 3639 1908 3696 18

255 3710 921 3854 δθῗέ)’ἑξοῐ1ξὶιῗδέοῗῇῖέ
951 3781 1168 3838 codicis
1199 3782 1238 3837 1.
1273 3797 1324 3839 c.
1351 3801 1365 3850 ;
1411 3800 1465 3854 p.
1507 3782 1567 3837 18
1593 3781 1909 3844 scribitur:

258 3853 468 3912 Sermo
500 3853 597 3908 hic
628 3853 792 3923 quasi
833 3853 894 3909 in
927 3855 1073 3910 duos
1120 3855 1299 3910 libros
1329 3853 1552 3909 divisus
1583 3859 1688 3909 est.
1719 3854 1912 3910 Primo

255 3928 417 3984 enim
449 3924 990 3997 occurruntcapita
1020 3942 1135 3992 xiv,
1166 3929 1292 3980 tum
1326 3927 1517 3997 capita
1546 3941 1744 3982 xxxm.

329 3997 589 4068 (1)1bid.
619 4011 632 4050 :
669 3996 832 4068 Finis
863 4011 997 4068 vero
1047 4001 1137 4053 est
1187 3996 1455 4054 mutilus.
1493 3998 1586 4068 Sic
1616 3997 1772 4068 enim
1807 3997 1914 4068 de:-

256 4061 443 4126 sinit:
505 4067 693 4139 Ἒργῳ
752 4061 810 4120 δὲ
864 4065 954 4120 καὶ
1011 4069 1078 4140 τῇ
1133 4065 1602 4137 κατασκευαζούσῃ
1658 4065 1792 4121 adt”
1851 4067 1912 4120 τὸ

257 4140 464 4191 οἰκεῖον
503 4137 765 4191 Βοῦληιια
814 4137 889 4191 εἷς
934 4137 1034 4191 τήν
1078 4142 1186 4191 τῶν
1235 4139 1526 4191 θεουάγων
1577 4138 1668 4191 καὶ
1713 4089 1912 4191 @8090-

257 4140 464 4194 οἰκεῖον
503 4137 765 4212 βοῦλημα
814 4137 889 4199 εἷς
934 4137 1186 4207 τὴντῶν
1235 4139 1526 4213 θεομάχων
1577 4138 1668 4192 καὶ
1713 4137 1914 4213 φθορο·

255 4215 434 4266 ποιῶν
469 4209 695 4267 ἑαυτοὺς
737 4207 1155 4264 ἀπελαύνουσιν·
1190 4209 1328 4267 εἰ....
1363 4211 1684 4267 Fabricius.
1737 4218 1781 4267 t.
1814 4213 1914 4267 IX.

259 4232 434 4266 ποιων
469 4229 695 4271 εαυτους
737 4229 1155 4264 απεΛαυνουσιν·
1190 4230 1328 4269 ει....
1363 4229 1684 4278 υᾶοτιοιυε,
1737 4229 1781 4267 ῐ.
1814 4229 1916 4276 ΙᾹ,

259 4302 316 4357 p.
349 4284 483 4357 563,
508 4283 660 4357 inter
689 4283 907 4357 inedita
921 4289 1206 4357 recenset.
1235 4283 1389 4339 Infra
1410 4283 1660 4355 legitur:
1690 4278 1916 4351 ἒξισώθη

256 4351 401 4410 iaci
429 4353 495 4406 τὸ
526 4351 718 4406 ἑαυτοῦ
748 4351 1128 4423 πρωτότοκον,
1179 4354 1236 4410 h.
1285 4370 1337 4410 θ.
1373 4371 1385 4410 :
1429 4351 1786 4424 eixquatum
1823 4370 1918 4411 suo

2015 3284 2196 3350 retur,
2220 3278 2317 3334 ubi
2349 3278 2418 3333 de
2447 3278 2666 3334 Joanne
2697 3293 2846 3350 papa
2867 3293 3058 3334 sermo
3084 3277 3169 3346 fit,
3196 3293 3365 3334 nemo
3389 3277 3658 3334 Photium

2016 3375 2307 3426 auctorem
2323 3383 2452 3424 esse
2465 3365 2772 3424 dubitabit.
2791 3366 2979 3437 Nunc,
2998 3371 3059 3422 ut
3077 3368 3268 3440 operis
3284 3375 3660 3440 conspectum

2015 3458 2342 3526 exhibeam,
2374 3463 2504 3513 utar
2532 3455 2728 3514 codice
2755 3456 3126 3513 Columnensi
3163 3455 3467 3528 Vaticano,
3497 3471 3663 3528 quem

2017 3565 2674 3697 25(9)28Ct;9Fabricium
2729 3568 2784 3622 et
2827 3564 3074 3622 Harless.
3128 3564 3168 3621 l.
3218 3582 3296 3634 0.,
3347 3581 3404 3638 p.
3447 3565 3536 3638 13,
3577 3562 3666 3637 14,

2094 3681 2492 3783 ἷῶἷῖῐᾷἑιω.
2527 3709 2566 3783 l_.
2601 3725 2673 3783 c.,
2710 3725 2765 3783 ρ.
2795 3709 2868 3762 29
2893 3713 3184 3783 memorat
3214 3725 3358 3783 mss.
3389 3709 3572 3783 Paris,
3603 3709 3664 3764 in

2021 3783 2162 3840 bibl.
2185 3781 2428 3854 publica
2458 3781 2582 3836 cod.
2609 3781 2768 3854 1228.
2803 3781 3194 3854 n.‘2;7Venet.
3248 3781 3308 3838 in
3338 3781 3486 3854 :cod.
3519 3786 3671 3836 Mar-

2021 3851 2322 3911 ciano'167
2353 3853 2524 3922 (teste
2555 3852 2811 3906 Morellio
2855 3852 2914 3906 in
2963 3851 3108 3907 Bibl.
3163 3868 3273 3908 ms.
3325 3851 3422 3908 Gr.
3456 3857 3513 3908 et
3544 3854 3669 3908 Lat.

2020 3928 2066 3996 Ι,
2090 3942 2144 3996 p.
2194 3924 2311 3996 95).
2343 3923 2609 3996 Escoriai.
2788 3922 2956 3978 Pliier
3001 3923 3271 3996 ltinerar.
3316 3939 3414 3996 per
3441 3923 3670 3996 Hifspan.

2024 3992 2401 4068 p'.'187).’Sed
2433 3992 2658 4068 etalibi
2697 3993 2881 4068 idem_
2906 4009 3054 4064 opus
3087 3995 3347 4068 reperiri
3362 3992 3667 4068 haud—du-

2023 4065 2210 4132 bium,
2262 4069 2326 4120 ut
2374 4065 2462 4120 vel
2501 4065 2720 4119 Monac.
2781 4065 2960 4120 codex
3006 4065 3262 4120 ostendit
3307 4065 3568 4120 Fabricio
3618 4070 3675 4119 et

2023 4137 2317 4196 Harlessio
2369 4152 2482 4192 non
2523 4135 2780 4208 ignotus,
2831 4137 2932 4206 qui
2977 4139 3171 4208 tamen
3212 4134 3499 4208 aliud‘ibi
3527 4151 3676 4205 opus

2025 4215 2252 4268 exstare
2283 4205 2714 4275 existimarunt,
2747 4206 2818 4262 de
2847 4205 2963 4278 quo
3013 4205 3185 4278 paulo
3218 4210 3346 4279 post
3372 4205 3425 4277 (§
3455 4207 3509 4279 4)
3541 4221 3676 4278 age-

2027 4299 2184 4339 mus.

2098 4353 2217 4425 (11)
2247 4351 2382 4407 Scil.
2415 4349 2683 4425 Palatino
2712 4351 2819 4425 216
2870 4349 3193 4407 membran.
3227 4349 3375 4406 Sunt
3406 4349 3505 4422 qui
3535 4363 3670 4406 eum

257 4431 579 4499 pratotypo.
611 4457 679 4499 —_-
700 4421 895 4499 Neque
925 4424 1034 4482 hoc
1075 4421 1386 4499 exemplar,
1420 4443 1450 4499 e
1488 4421 1604 4498 quo
1653 4433 1914 4499 nostrum
1956 4472 1997 4499 η
2027 4421 2369 4499 αόᾟεεξοζχιι
2402 4421 2488 4478 vel
2520 4423 3009 4499 xmpertingeret
3035 4426 3327 4480 censeant.

262 4472 630 4568 assam}...
648 4472 1922 4568 ῑιιῖι,ἷιῖῐεξῖιῖωῒὲέῖιῖὦ’ἑοὶιῖῗὲἕεξὲῖεἱέιέἦ
1955 4472 1998 4536 D

261 4568 500 4626 videtur
530 4569 864 4641 scriptionis
889 4571 1099 4641 modus
1134 4569 1194 4624 in
1227 4569 1340 4624 fine
1373 4571 1411 4625 f.
1446 4570 1548 4624 462
1591 4569 1647 4638 b,
1678 4586 1792 4641 quo
1823 4585 1919 4624 ex-

2103 4497 2216 4565 (12)
2251 4496 2320 4550 De
2351 4510 2597 4550 consens.
2634 4495 2670 4550 Ι.
2703 4511 2776 4562 0.,
2812 4513 2868 4565 ρ.
2900 4496 3026 4549 575.

2103 4498 2193 4565 (12
2251 4497 2320 4550 De
2351 4510 2597 4550 consens.
2634 4497 2670 4550 I.
2703 4511 2776 4562 c.,
2812 4513 2868 4565 p.
2900 4497 3026 4549 575.

2103 4497 2216 4640 (13)
2252 4588 2276 4620 α
2310 4565 2748 4640 Metrophanem
2799 4565 2958 4622 hunc
3005 4564 3217 4640 Photii
3247 4563 3529 4640 aequalem
3563 4579 3679 4640 me-

265 4647 470 4698 trema:
504 4634 670 4695 linere
719 4639 846 4696 aliae
893 4639 1028 4712 aliis
1073 4639 1366 4712 breviores
1415 4634 1760 4712 triangulari
1798 4641 1926 4712 fere
2032 4634 2222 4712 morat
2252 4634 2794 4712 sanctus'Nicolaus
2815 4653 2976 4712 papa
2999 4636 3246 4712 epist.8,
3275 4634 3682 4712 p.53.‘E_tqui-

265 4714 460 4770 forma
492 4713 814 4783 ponuntur,
885 4711 998 4769 uod
1028 4712 1087 4767 in
1124 4710 1406 4767 librorum
1452 4706 1927 4768 conclusionibus
2032 4713 2164 4767 dem
2195 4709 2371 4780 hujus
2402 4724 2432 4764 e
2476 4708 2660 4778 iscopi
2689 4706 2920 4764 celebre
2945 4706 3090 4763 satis
3121 4723 3331 4762 nomen
3365 4708 3425 4761 in
3455 4706 3683 4763 illorum

266 4784 394 4838 ﬁeri
428 4783 776 4838 consuevit:
813 4726 1021 4838 u‘ltima
1068 4799 1202 4838 vero
1246 4787 1302 4838 et
1335 4783 1662 4838 nenultima
1691 4783 1929 4838 regula-
2029 4787 2356 4838 temporum
2430 4725 2672 4835 gistoria
2723 4784 2832 4834 est.
2865 4799 2892 4829 »
2942 4779 3006 4834 Μ.
3040 4811 3110 4819 ——
3152 4778 3231 4833 Ex
3285 4778 3681 4838 Metrophanis

266 4784 394 4840 ﬁeri
428 4755 737 4840 eainsuevit
761 4800 776 4850 ;
799 4755 848 4838 ὐ

878 4783 1021 4839 tima
1068 4799 1202 4840 vero
1246 4787 1302 4839 et
1335 4783 1662 4855 penultima
1691 4783 1929 4854 regula-
2029 4787 2356 4854 temporum

2475 4780 2672 4835 istoria
2723 4784 2832 4834 est.
2865 4799 2892 4850 η
2942 4779 3006 4834 Μ.
3040 4811 3110 4850 έ-
3152 4778 3231 4833 Ex
3285 4778 3681 4850 Metrophanis

265 4857 414 4932 riter
457 4849 801 4932 scribuntur
849 4859 906 4910 et
939 4859 1140 4932 totum
1191 4849 1449 4932 spati-um
1482 4849 1807 4932 occupant;
1843 4858 1929 4911 tot
2032 4849 2408 4932 _S_my'rnen_sis
2428 4868 2544 4932 “ep.
2593 4851 2837 4932 exposit.
2871 4849 2930 4904 in
2982 4849 3519 4932 l..Jo...ep.nlo.cum.
3543 4849 3684 4905 citat

263 4929 424 4984 enim
459 4929 808 4997 supererant
835 4926 1033 4993 verba,
1066 4931 1131 4982 ut
1163 4927 1468 4983 commode
1492 4943 1560 4983 ea
1580 4926 1770 4983 forma
1793 4943 1927 4983 con-

263 4998 486 5055 tinuari
525 4999 676 5053 haud
709 4997 984 5068 potuerit.

336 5072 414 5141 (5)
460 5070 566 5124 Leo
594 5068 864 5138 Allatius,
901 5069 973 5142 De
1017 5069 1225 5125 Ecetes.
1273 5069 1450 5126 Occid.
1483 5077 1534 5126 et
1565 5070 1775 5127 Orioni.
1798 5087 1928 5142 pcr-

258 5139 434 5213 petua
482 5143 864 5213 consensione,
910 5139 1012 5199 lib.
1059 5157 1120 5207 ιι,
1172 5157 1222 5197 0.
1273 5144 1326 5209 6,
1373 5159 1432 5198 n.
1488 5143 1540 5210 4,
1573 5160 1628 5213 p.
1679 5139 1811 5211 575,
1838 5144 1926 5198 ed.

261 5212 472 5268 Colon.
507 5213 705 5284 Agrip.
743 5212 902 5268 1648.

339 5285 420 5356 (6)
453 5283 812 5356 Exhibemus
844 5300 912 5340 ea
941 5283 1001 5340 in
1033 5283 1195 5340 Notis
1243 5285 1313 5340 ad
1355 5283 1542 5341 Photii
1579 5289 1820 5340 textum.

334 5355 415 5426 (7)
449 5355 679 5420 Walcb,
739 5356 986 5412 Historia
1034 5359 1416 5413 controversia
1468 5356 1784 5412 Grazcorum
1825 5358 1931 5412 La-

264 5427 710 5501 tinorumqueAde
737 5429 1074 5501 processione
1103 5427 1345 5501 Spiritus
1373 5428 1567 5498 sancti,
1589 5431 1746 5501 lente
1773 5430 1930 5501 1751,

266 5500 443 5570 p.37.
493 5497 564 5540 —’
614 5497 899 5555 Schroeckh
968 5497 1304 5572 Qhristliche
1369 5497 1930 5572 Kirchengescnichte,

620 5588 676 5642 p.
710 5571 836 5627 499.
868 5602 937 5610 -
967 5570 1287 5636 Fabricius,
1341 5570 1672 5628 Bibliotheca
1714 5571 1931 5640 Graeca,

265 5579 415 5627 tom.
455 5573 584 5636 XX,

267 5648 318 5699 t.
349 5643 450 5708 XI,
483 5661 540 5714 p.
572 5641 646 5714 28
675 5644 769 5699 ed.
803 5641 1058 5699 Harless.

343 5715 422 5785 (8)
455 5713 804 5784 Scriptorum
865 5715 1111 5771 Veterum
1167 5730 1306 5771 nova
1363 5715 1642 5785 Collectio,
1685 5720 1823 5772 tom.
1884 5717 1932 5786 Ι,

267 5786 506 5843 Ριυωῐαῑ.
540 5787 618 5843 De
638 5787 831 5843 Photio
862 5788 890 5854 §
917 5786 975 5858 7,
1011 5802 1066 5858 p.
1098 5801 1241 5842 χχιιι
1272 5802 1395 5860 seq.
1428 5787 1517 5844 ed.
1551 5787 1746 5846 Romae
1773 5787 1930 5844 1831.

601 5887 868 5949 Paraot.
915 5889 1028 5950 Gn.
1075 5887 1199 5949 CII.

2032 4919 2246 4981 Veccus
2276 4924 2397 4978 sive
2428 4919 2643 4978 Beccus
2666 4919 2858 4993 epigr.
2893 4937 2994 4976 vm
3027 4920 3082 4975 in
3116 4919 3312 4976 Allatii
3343 4919 3561 4977 Graecia
3590 4937 3683 4978 or-

2035 4997 2298 5062 thodoxa,
2329 4993 2440 5050 vol.
2475 4993 2546 5061 Il,
2581 5011 2634 5062 p.
2667 4994 2795 5056 605,
2827 4993 2955 5063 606,
2989 4993 3180 5048 Romae
3214 4993 3372 5048 1659.

2106 5069 2216 5140 (14)
2242 5066 2547 5140 Inscriptio
2592 5065 2718 5140 cod.
2770 5062 2950 5119 Palat.
2982 5065 3110 5140 216,
3142 5063 3180 5118 f.
3211 5063 3318 5140 211
3365 5063 3421 5140 b,
3454 5067 3544 5119 est
3566 5062 3678 5140 hu-

2027 5131 2353 5228 jusmodi\:'
2405 5131 2508 5190 Τοῦ
2565 5131 2731 5224 αυτοῦ
2780 5135 3180 5228 Μητροξράνοές
3225 5137 3340 5219 τοῦν
3373 5133 3680 5228 ἁγιωτάτου

2035 5206 2451 5303 μητροπολίτου
2519 5207 2778 5280 Σμύρνης
2873 5206 3161 5290 πὲρῖίτῆς
3247 5209 3344 5260 τοῦ
3419 5206 3680 5280 ἶπαναγίου

2035 5289 2350 5354 Πνευματος
2413 5279 2811 5354 μυσταγῳγίᾳς·
2855 5277 2944 5332 καὶ
3005 5279 3086 5332 δτι
3137 5275 3320 5354 (bona?
3369 5277 3567 5354 c_rta;
3624 5275 3684 5354 ex

2037 5347 2208 5426 μόνου
2238 5355 2334 5406 τοῦ
2368 5347 2583 5426 Πατρὸς
2601 5347 2984 5426 ⁷ἱερολ-ογεξτοᾳ
3033 5347 3339 5426 γεννᾶσθαι,
3388 5348 3573 5426 οὕτως.
3591 5347 3681 5400 καὶ

2031 5421 2094 5496 τὸ
2126 5427 2366 5496 Πνεῦμα,
2399 5443 2452 5480 κ.
2483 5421 2533 5478 τ.
2569 5421 2738 5496 lunt
2765 5421 2830 5478 in
2851 5422 3017 5496 titulo
3042 5421 3238 5496 nostro
3263 5423 3470 5496 ;_deest
3489 5421 3682 5496 solum

2035 5495 2104 5552 δι’
2135 5491 2296 5551 αὐτοῧ
2338 5491 2396 5552 in
2447 5496 2580 5551 line.
2634 5495 2831 5550 Eidem
2884 5494 3242 5564 Metrophani
3292 5492 3350 5547 in
3402 5493 3530 5548 cod.
3583 5491 3680 5546 Gr.

2034 5569 2218 5644 theol.
2247 5567 2576 5644 Vindobon.
2629 5567 2744 5644 249
2784 5565 2954 5644 (Vide
3003 5567 3160 5644 infra
3202 5565 3274 5620 ad
3325 5579 3374 5644 c_.
3419 5565 3452 5618 3
3498 5567 3685 5644 textus

2036 5641 2223 5699 nostri
2255 5643 2454 5697 notam
2491 5639 2564 5694 20
2592 5643 2648 5696 et
2678 5638 2749 5695 ad
2782 5635 2833 5694 c.
2869 5639 2904 5694 6
2930 5645 3048 5695 not.
3078 5637 3171 5710 55)
3201 5635 3472 5708 quaedam
3504 5635 3684 5692 nostri

2037 5713 2231 5789 operis
2260 5710 2556 5784 particula
2586 5711 2976 5770 ascribuntur.

3327 5879 3368 5941 9
