4084 6210
372 357 490 418 267

1571 343 1842 404 PHOTII
1882 341 2404 404 PATRIARCHE
2446 341 2566 402 ΟΡ.

3647 335 3758 396 268

367 506 476 546 sua
516 473 784 544 Ivetustas
829 481 1273 552 emendatioque
1321 477 1708 535 commendat.
1770 471 2002 530 Titulus
2036 474 2090 540 Α
2120 472 2231 527 Leo
2269 475 2368 540 ΙΙΙ,
2401 473 2742 530 Benedictus
2773 471 2876 542 ΙΙΙ,
2905 475 3158 527 Joannes
3181 470 3330 537 VIII,
3355 471 3649 528 Adrianus
3668 471 3760 530 III.

369 577 560 650 operis
590 580 724 632 est:
769 572 897 646 Περὶ
944 573 1042 626 τοῦ
1089 567 1246 644 ἁγίου
1293 567 1383 620 καὶ
1435 567 1708 633 ζωοποιοῦ
1759 561 2006 634 Πνεύμα-

369 685 463 728 τος
513 665 646 737 (15).
698 661 913 720 Φώτιος
961 657 1100 730 ἐλέῳ
1147 659 1281 711 Θεοῦ
1330 652 1620 714 ἐπίσκοπος
1678 657 2008 705 Κωνσταντι-

372 734 686 813 νουπὸλεΠως
726 750 842 813 νέας
884 747 1107 820 Ῥώμης
1162 749 1242 816 τῷ
1290 742 1574 814 ὁσιωτάτῳ
1631 734 2015 810 εὐλαϐεστάτῳ

373 841 652 913 ἐπισκόπῳ
682 836 819 909 Βέδᾳ
846 840 981 910 (16),
1025 834 1076 888 ἐν
1126 832 1308 906 Κυρίῳ
1356 830 1593 907 χαίρειν.
1643 830 1730 884 Ἐν
1777 826 2014 890 πολλοῖς

379 929 473 1006 μέν
506 931 635 986 εῗσιν
669 929 720 984 οἱ
749 926 996 1001 ἔλεγχοι,
1027 945 1081 981 κ.
1121 945 1173 981 τ.
1224 921 1280 980 λ.
1322 923 1484 979 Illico
1526 920 1760 978 Photius
1815 918 2012 990 sophi-

373 1027 563 1079 smata
611 1025 828 1091 septem
882 1033 1060 1088 supra
1109 1014 1345 1086 triginta
1400 1029 1503 1085 pro
1553 1027 1658 1067 suo
1705 1023 1895 1066 errore
1941 1009 2015 1064 de

371 1112 557 1168 sancti
601 1109 849 1180 Spiritus
880 1123 914 1161 a
942 1105 1063 1161 solo
1095 1108 1264 1160 Patre
1313 1101 1678 1174 processione
1719 1098 2010 1170 proponit,

369 1217 496 1273 quae
513 1197 740 1270 jamdiu
766 1194 1132 1266 sophismata
1153 1193 1212 1248 in
1232 1191 1450 1248 Gracia
1471 1189 1668 1245 Allatii
1693 1185 2014 1244 orthodoxa

367 1303 593 1344 necnon
653 1286 808 1357 apud
867 1282 1015 1341 alios
1078 1280 1379 1351 theologos
1451 1280 1700 1334 retutata
1765 1275 2008 1331 scimus.

365 1378 508 1434 Exin
541 1375 835 1432 tricesimo
863 1377 1064 1430 octavo
1095 1370 1346 1442 capitulo
1394 1368 1594 1438 objicit
1625 1367 1738 1424 sibi
1767 1363 2012 1421 Photius

363 1466 530 1524 Pauli
559 1465 817 1522 ell‘atum.
850 1463 996 1518 Misit
1028 1463 1167 1516 Deus
1209 1459 1452 1530 Spiritus
1493 1457 1628 1512 Filii
1663 1458 1772 1527 sui,
1806 1457 1872 1511 de
1903 1469 2011 1525 quo

368 1555 517 1612 dicto
540 1554 915 1610 ratiocinatur
935 1565 1118 1621 usque
1140 1549 1209 1604 ad
1234 1546 1752 1619 quadragesimum
1773 1544 2010 1601 tertium

369 1643 710 1715 capitulum.
764 1641 904 1696 Exin
964 1639 1302 1694 Latinorum
1370 1637 1629 1704 Patrum,
1689 1631 2008 1700 Ambrosii,

369 1730 681 1802 Augustini
728 1737 901 1800 atque
945 1725 1279 1798 Hieronymi
1336 1726 1508 1782 verba
1554 1724 1852 1780 sententiae
1893 1737 2010 1777 suae

2119 559 2429 626 (Nicolaum
2458 563 2498 630 Ι,
2533 563 2856 618 Adrianum
2905 561 2974 630 II,
3026 565 3084 616 et
3135 560 3426 616 Marinum
3476 561 3522 628 Ι,
3573 563 3765 633 utpote

2119 651 2232 706 sibi
2264 651 2544 717 infensos,
2596 653 2797 708 reticet
2843 667 3016 722 pravo
3049 666 3152 705 nec
3199 666 3437 720 prorsus
3469 648 3765 706 tolerando

2125 741 2392 799 artificio.
2431 741 2652 814 Reapse
2683 741 2902 812 priores
2953 739 3097 797 duos
3149 739 3377 796 reticeri
3404 757 3438 794 a
3468 739 3764 795 Photianis

2123 833 2328 890 solitos
2377 833 2640 905 queritur
2686 831 2932 887 Allatius
2973 831 3046 886 de
3093 847 3252 886 cons.
3307 848 3365 902 p.
3408 830 3562 900 590.)
3604 829 3765 886 Illam

2123 923 2298 978 etiam
2331 922 2666 994 clypeorum
2707 922 3106 977 Romanorum
3152 919 3552 991 famigeratam
3581 917 3764 975 histo-

2122 1013 2291 1077 riam,
2325 1013 2542 1084 quibus
2574 1010 2906 1084 symbolum
2959 1009 3308 1081 inscriptum
3357 1014 3502 1075 erat,
3537 1010 3768 1080 attingit

2123 1100 2361 1159 Photius
2393 1119 2448 1173 p.
2481 1103 2608 1167 312,
2641 1117 2818 1172 super
2840 1115 2958 1172 qua
2976 1099 3259 1171 legendus
3291 1099 3497 1154 saltem
3522 1097 3762 1154 Allatius

2121 1193 2192 1247 de
2239 1209 2400 1248 cons.
2442 1209 2497 1262 p.
2547 1193 2673 1260 580,
2730 1191 2830 1246 581
2875 1193 2932 1245 et
2979 1193 3185 1244 contra
3232 1188 3491 1260 Hotting.
3545 1205 3599 1260 p.
3636 1187 3760 1244 418.

2120 1282 2258 1338 Post
2287 1281 2405 1337 haec
2433 1281 2651 1338 additis
2681 1280 2882 1352 paucis
2911 1277 3439 1350 epicherematibus
3483 1278 3660 1333 finem
3692 1276 3767 1331 li-

2121 1370 2272 1427 bello
2301 1371 2553 1442 imponit
2577 1370 2716 1441 (18).

2191 1460 2283 1514 IV.
2327 1460 2455 1516 Hzec
2481 1459 2670 1516 brevia
2718 1458 3000 1531 synOpsis,
3052 1457 3191 1513 licet
3231 1473 3342 1512 non
3378 1457 3761 1528 undequaque

2118 1555 2385 1605 accurata
2433 1550 2647 1621 (neque
2697 1549 2853 1603 enim
2898 1545 3032 1603 aliis
3087 1545 3566 1618 gravioribusque
3611 1545 3767 1602 curis

2119 1643 2465 1707 occupatum
2479 1639 2666 1694 virum
2682 1635 3206 1694 eminentissimum
3225 1633 3470 1690 multum
3491 1633 3764 1706 temporis

2119 1727 2295 1798 hujus
2326 1728 2517 1800 operis
2550 1727 2778 1784 lectioni
2801 1725 3075 1781 tribuisse
3093 1725 3445 1781 credendum
3470 1727 3603 1795 est),
3623 1724 3762 1780 satis

369 1800 755 1894 repugnantia
782 1820 971 1874 Greece
995 1817 1214 1888 profert
1244 1815 1378 1886 (17),
1404 1831 1653 1885 Quorum
1677 1810 2009 1868 auctoritati
2040 1800 2086 1865 Β
2115 1821 2309 1873 tamen
2333 1835 2481 1889 opus
2501 1822 2762 1873 nostrum
2786 1814 3061 1872 describit
3085 1815 3330 1884 ejusque
3352 1820 3763 1883 argumentum

366 1929 440 1969 ne
488 1911 837 1982 acquiescat,
880 1907 1125 1963 ridiculo
1175 1911 1232 1962 et
1280 1904 1604 1976 pernicioso
1662 1906 2008 1975 argumento

367 2003 574 2070 utitur,
608 2015 816 2070 nempe
848 1997 1004 2070 quod
1051 1996 1152 2052 alii
1201 2010 1429 2065 quoque
1475 1991 1851 2048 ecclesiastici
1904 1991 2009 2046 Pa-

365 2097 485 2148 tres
518 2105 721 2161 parum
755 2090 1017 2143 accurate
1045 2085 1113 2139 de
1142 2083 1273 2139 aliis
1305 2083 1476 2138 rebus
1507 2081 1800 2137 interdum
1831 2080 2006 2135 locuti

363 2179 622 2247 fuerint;
658 2193 806 2250 quos
836 2175 990 2230 inter
1041 2171 1206 2245 ponit
1254 2172 1612 2229 Clementem
1654 2171 2006 2237 Romanum,

363 2269 704 2339 Dionysium
734 2266 916 2332 Alex.,
949 2263 1331 2328 Methodium,
1355 2263 1719 2328 Pantaenum,
1743 2260 2009 2316 Clemen-

365 2363 482 2416 tem
530 2357 714 2420 Alex.,
763 2355 1042 2419 Pierium,
1100 2351 1494 2422 Pamphilum,
1549 2350 2005 2421 Theognostum,

367 2451 668 2516 Irenmum,
714 2442 1104 2515 Hippolytum,
1161 2439 1483 2496 Basilium:
1517 2439 1687 2510 quasi
1719 2455 1850 2494 vero
1897 2437 2008 2494 hac

367 2537 658 2594 sermonis
687 2534 910 2588 ratione
939 2532 1172 2586 Patrum
1223 2545 1400 2600 prope
1446 2527 1726 2583 universae
1760 2527 2009 2583 auctori-

367 2625 468 2680 tati
516 2625 758 2694 impune
802 2621 1067 2675 resistere
1121 2634 1235 2674 non
1288 2618 1606 2688 possimus.
1667 2616 1840 2672 Porro
1891 2631 2008 2672 non

365 2718 483 2770 tres
511 2711 642 2768 illos
671 2710 858 2767 solum
885 2708 1120 2764 Latinos
1141 2709 1362 2775 Patres,
1385 2706 1484 2760 sed
1511 2704 1826 2775 permultos
1855 2709 2006 2760 Grae-

367 2817 464 2857 cos
495 2799 822 2856 orthodoxae
855 2794 1156 2852 sententiae
1204 2795 1414 2854 favere,
1467 2809 1599 2850 cum
1643 2793 1879 2849 aliunde
1909 2810 2004 2849 ex-

365 2892 653 2963 ploratum
685 2895 792 2954 est,
826 2895 950 2941 tum
1000 2899 1247 2956 magnus
1293 2899 1495 2938 eorum
1543 2899 1822 2939 numerus
1870 2899 2004 2938 coa-

366 2982 633 3036 cervatur
660 2977 720 3030 in
752 2975 1029 3030 vaticanis
1059 2971 1354 3029 codicibus
1391 2973 1518 3037 606,
1547 2988 1605 3044 p.
1644 2972 1752 3026 240
1780 2987 1929 3042 seq.,
1952 2977 2008 3026 et

366 3069 525 3134 1115,
559 3083 616 3138 p.
649 3065 720 3120 46
749 3079 873 3134 seq.
905 3061 1052 3118 Exin
1085 3060 1328 3116 Photius
1356 3077 1388 3116 a
1417 3059 1677 3117 column.
1713 3061 1838 3115 cod.
1867 3075 2000 3132 pag.

2121 1907 2490 1962 determinat.
2525 1907 2606 1961 Ex
2637 1906 2729 1961 his
2759 1913 2931 1975 atque
2952 1921 3021 1959 ex
3048 1903 3224 1959 variis
3255 1903 3445 1958 Photii
3468 1903 3763 1974 fragmen-

2120 1997 2216 2064 tis,
2249 2012 2377 2067 qute
2410 2011 2477 2051 ex
2508 1994 2705 2050 Allatii
2742 1993 3106 2065 aliorumque
3137 1991 3583 2063 allegationibus
3603 1990 3766 2048 colle-

2117 2101 2336 2151 geram'
2366 2100 2609 2156 quisque
2658 2100 2873 2156 magna
2921 2099 2988 2138 ex
3021 2085 3184 2155 parte
3215 2081 3550 2138 Monacensi
3580 2080 3764 2136 textui

2116 2173 2355 2230 omnino
2386 2173 2802 2245 congruebant,
2837 2171 3045 2228 certior
3066 2170 3234 2242 plane
3261 2171 3451 2227 factus
3475 2186 3631 2236 sum,
3655 2169 3764 2226 hoc

2115 2261 2174 2318 in
2207 2263 2403 2318 codice
2451 2262 2638 2318 Photii
2667 2262 2862 2334 ipsum
2893 2260 3063 2316 illum
3096 2257 3351 2316 exhiberi
3397 2258 3630 2328 librum,
3662 2259 3762 2330 qui

2119 2352 2286 2408 facile
2318 2351 2495 2407 latere
2542 2352 2642 2406 diu
2694 2356 2943 2421 poterat,
2995 2367 3110 2406 non
3143 2350 3333 2405 solum
3374 2349 3511 2420 quia
3541 2365 3670 2420 quis
3703 2349 3761 2404 in

2115 2442 2402 2513 principio
2432 2459 2465 2496 a
2511 2441 2609 2498 fol.
2649 2441 2752 2496 449
2803 2440 2988 2495 tribus
3039 2441 3154 2496 fere
3203 2438 3432 2511 paginis
3465 2437 3760 2510 leguntur,

2108 2530 2234 2601 jam
2265 2530 2420 2602 typis
2449 2530 2683 2602 vulgata
2710 2530 3077 2600 erant(quod
3114 2539 3306 2583 tamen
3339 2528 3492 2583 haud
3524 2528 3646 2584 scio
3687 2545 3762 2584 an

2118 2619 2313 2691 plures
2384 2619 2950 2690 animadverterint),
3003 2618 3306 2689 sequentia
3358 2620 3549 2672 autem
3601 2616 3763 2673 nullo

2119 2710 2291 2766 rubro
2323 2709 2600 2781 nullaque
2646 2708 3014 2765 luculentiori
3055 2707 3360 2777 scripturae
3387 2705 3766 2764 distinctione

2114 2806 2338 2867 notata,
2369 2817 2503 2856 cum
2537 2800 2669 2856 novi
2703 2799 2894 2870 operis
2941 2797 3155 2854 titulus
3201 2797 3631 2868 inspicientium
3664 2798 3759 2853 fu-

2114 2895 2276 2962 geret
2321 2889 2542 2958 oculos,
2589 2889 2661 2944 ad
2708 2889 2860 2944 idem
2892 2889 3177 2959 pertinere
3221 2887 3502 2958 scriptum
3545 2901 3756 2942 cense-

2115 2980 2367 3048 bantur;
2401 2995 2602 3035 verum
2633 2995 2760 3033 eam
2785 2977 2980 3048 potius
3001 2975 3072 3032 ob
3098 2991 3360 3044 causam,
3384 2974 3517 3048 quia
3535 2973 3754 3032 biblio-

2115 3068 2471 3141 grapborum
2505 3066 2684 3136 falsas,
2729 3071 2794 3122 ut
2817 3083 2922 3138 ego
2957 3070 3118 3137 puto,
3154 3066 3370 3122 notitiae
3401 3065 3461 3120 in
3500 3081 3758 3122 errorem

362 3157 470 3212 304
526 3122 728 3224 ίδοίρίῐ
784 3166 1079 3208 “mensem
1157 3149 1452 3206 Βοωθιιιοε
1510 3149 1838 3215 Pontiﬁces:
1897 3122 2000 3219 ίΙιῖί
2031 3122 2075 3186 C
2115 3122 2349 3214 :bvium
2372 3159 2443 3212 de
2473 3155 2584 3212 alio
2615 3122 3062 3212 omniniUPhotii
3095 3122 3345 3210 iractatu
3377 3153 3760 3212 inducebant.

361 3243 793 3316 processionem
826 3239 1077 3309 Spiritus
1119 3237 1306 3293 sancti
1333 3237 1460 3293 sine
1489 3237 1881 3292 additamenlo
1911 3236 2000 3291 Fi-

361 3333 540 3404 lioque
587 3331 860 3386 dixerunt
917 3327 1094 3399 (quod
1147 3330 1574 3398 argumentum
1634 3324 1880 3382 Allatius
1931 3325 2001 3381 de

362 3438 522 3478 cons.
557 3437 611 3489 p.
645 3419 749 3474 583
780 3418 864 3473 vel
912 3417 1019 3472 hoc
1060 3432 1176 3471 uno
1224 3431 1506 3486 responso
1546 3416 1686 3471 satis
1721 3414 1999 3482 inﬁrmat,

361 3510 513 3581 quod
571 3507 630 3562 hi
675 3523 791 3564 non
841 3505 1130 3561 dixerint:
1164 3521 1197 3558 a
1227 3504 1336 3560 solo
1371 3508 1556 3571 Patre,
1610 3504 1710 3558 sed
1743 3521 1776 3558 a
1813 3504 2000 3569 Patre,

359 3602 416 3656 et
445 3596 679 3670 quidem
719 3602 852 3652 ante
883 3598 1078 3649 natam
1115 3593 1263 3648 hanc
1292 3592 1743 3648 controversiam
1777 3592 1861 3648 sic
1892 3592 2004 3664 ipsi

357 3693 478 3745 tute
526 3686 959 3758 loquebantur).
1004 3684 1152 3740 Sunt
1199 3691 1392 3739 autem
1445 3681 1502 3738 hi
1546 3684 1702 3754 apud
1736 3683 2003 3738 Photium

354 3776 697 3851 pontifices:
745 3774 1058 3839 Damasus,
1133 3772 1498 3842 leestinus,
1563 3773 1674 3828 Leo
1733 3772 2000 3858 Magnus,

353 3866 626 3940 Vigilius,
689 3864 936 3937 Agatho,
987 3861 1302 3935 Gregorius
1356 3861 1618 3934 Magnus,
1669 3861 1999 3931 Zacharias,

421 4009 1198 4088 (15)_l‘lehunc_t_itulum‘ei
1250 4009 1863 4088 prmleramus,__quem
1913 4009 2002 4082 (ex

354 4081 486 4144 cod.
518 4081 720 4142 'Vatic.
774 4085 935 4156 1923)
977 4082 1275 4156 prmﬁxum
1329 4081 1500 4137 habet
1546 4081 1724 4156 editio
1782 4089 2000 4150 nostra,

355 4160 604 4215 suadent
636 4167 759 4213 tum
791 4157 1035 4212 aliorum
1059 4156 1322 4209 codicum
1354 4155 1688 4219 auctoritas,
1711 4157 1837 4208 tum
1865 4169 1999 4207 con-

351 4232 550 4287 cilium
591 4246 642 4284 a.
690 4229 830 4283 1156
867 4223 1366 4294 Constantinopoli
1435 4224 1792 4278 celebratum
1839 4223 2000 4291 (Mai,

355 4302 617 4373 Spicileg.
651 4301 800 4373 Rom.
835 4303 879 4352 t.
911 4297 976 4364 X,
1015 4314 1070 4373 ρ.
1102 4295 1172 4348 38
1205 4293 1380 4373 δέει),
1413 4294 1999 4373 qpodtestimoniurn

355 4361 585 4444 profert:
607 4366 827 4444 Φωτίου
877 4361 1220 4440 πατρῖάρχου
1274 4361 1348 4444 sic;
1378 4361 1478 4444 1:033.
1527 4362 1695 4444 λόγον
1733 4363 1857 4436 περὶ
1899 4367 1999 4428 τῆς

2111 3247 2292 3311 Quem
2323 3245 2480 3302 enim
2520 3244 2618 3300 isti
2647 3243 2762 3316 (19)
2795 3248 3096 3299 recensent
3141 3242 3328 3298 Photii
3373 3241 3589 3297 librum
3620 3241 3764 3295 κατὰ

2109 3333 2352 3390 Λατίνων
2381 3332 2628 3409 περὶτοῦ
2685 3330 2994 3404 Ηνεύματος
3041 3331 3201 3407 ἁγίου
3250 3332 3418 3402 cujus
3468 3331 3704 3388 initium
3743 3351 3758 3387 :

2107 3424 2200 3484 Τίς
2232 3421 2377 3484 ὅλως
2435 3421 2730 3494 ἀνάσχοιτο
2789 3425 2896 3475 τῶν
2946 3419 2997 3474 ἐν
3055 3423 3399 3492 Χριστιανοῖς
3449 3416 3756 3474 τελούντων

2110 3513 2195 3568 ἐπὶ
2222 3520 2322 3581 τῆς
2358 3511 2512 3587 ἁγίας
2559 3507 2788 3586 Τριᾶδος
2847 3507 2942 3564 δύο
3001 3508 3234 3586 εἰσάγειν
3301 3507 3471 3580 αἴτια,
3541 3511 3762 3583 quibus

2107 3604 2314 3661 iisdem
2353 3602 2565 3671 verbis,
2617 3601 2702 3657 uti
2748 3601 3004 3657 diximus
3035 3600 3081 3673 (§
3110 3603 3186 3670 2),
3221 3599 3425 3672 incipit
3467 3599 3660 3656 Photii
3693 3600 3768 3656 de

2109 3693 2312 3750 eadem
2370 3692 2617 3748 materia
2670 3690 3100 3763 argumantatio
3168 3689 3228 3744 in
3280 3689 3449 3760 epist.
3505 3692 3564 3757 2,
3619 3689 3768 3746 edit.

2111 3783 2377 3848 Londin.,
2412 3797 2544 3837 eum
2574 3781 2668 3836 vix
2698 3778 3054 3852 peculiarem
3106 3779 3372 3850 ejusdem
3413 3778 3767 3850 patriarchae

2108 3869 2310 3927 haberi
2331 3885 2496 3942 posse
2519 3872 2850 3936 tractatum,
2865 3869 2963 3924 sed
2988 3870 3212 3940 partem
3231 3882 3352 3922 esse
3367 3881 3435 3922 ex
3455 3866 3566 3924 hac
3585 3883 3766 3940 ency-

2109 4012 2410 4085 putatione
2440 4015 2766 4076 recurrunt,
2798 4015 2893 4066 tua
2943 4013 3298 4083 sophismata,
3350 4021 3442 4085 tuo
3473 4013 3760 4085 impietas,

2105 4084 2376 4149 vecordia,
2395 4092 2527 4149 etc.,
2555 4086 2610 4138 in
2635 4099 2843 4154 genere
2873 4093 3219 4140 assertorem
3239 4084 3562 4155 quemlibet
3595 4084 3764 4140 illius

2105 4156 2380 4213 doctrinas
2413 4155 2752 4225 respiciunt,
2804 4171 2977 4225 quem
3027 4162 3318 4211 oratorum
3369 4171 3528 4212 more
3569 4157 3760 4212 veluti

2106 4228 2216 4283 sibi
2259 4233 2602 4298 praesentem
2652 4225 2898 4282 Photius
2943 4227 3132 4297 ﬁngit,
3184 4243 3297 4283 non
3345 4243 3477 4283 vero
3508 4228 3580 4282 ad
3614 4245 3759 4283 eum

2104 4295 2414 4370 pertinent,
2449 4297 2549 4369 qui
2583 4295 2793 4353 librum
2830 4299 2954 4370 ipse
3004 4295 3196 4370 mittit.
3249 4298 3448 4370 Neque
3479 4300 3548 4353 ad
3583 4298 3763 4355 aliter

2103 4369 2480 4425 statuendum
2514 4386 2618 4424 nos
2650 4377 2862 4442 cogunt
2887 4369 3009 4436 illa,
3044 4369 3116 4424 ad
3167 4386 3293 4442 quae
3341 4369 3521 4424 Maius
3548 4387 3761 4442 provo-

348 4432 444 4496 τοῦ
475 4440 634 4514 ἁγίου
669 4432 996 4514 Πνοᾴματοξ
1036 4432 1525 4514 μνξταγῳγίας-ξρ
1574 4432 1771 4514 nostri)
1806 4432 1990 4514 'opere

2115 4446 2191 4496 :at
2220 4442 2505 4512 (Column.
2563 4441 2690 4514 cod.
2719 4432 2798 4511 Vp.
2853 4432 3151 4496 300.'scil.
3182 4432 3319 4512 ‘cap.
3369 4441 3462 4512 70)
3499 4432 3764 4514 auctoris

348 4505 686 4570 contentum
736 4505 887 4578 (vide
937 4505 1063 4578 cap.
1113 4505 1381 4578 27,:tu‘m
1430 4505 1638 4578 Nicetis
1697 4505 1986 4578 Choniatas

350 4585 612 4656 allegatio
645 4576 1351 4656 in‘LaurentJbibkplut.
1388 4577 1486 4643 IX,
1519 4577 1645 4633 cod.
1680 4577 1770 4633 24.
1806 4595 1859 4649 p.
1887 4580 1994 4634 382

351 4649 620 4726 (Bandin.
655 4652 1000 4726 bibl._I_._aur.
1045 4667 1110 4726 ρ..⁸
1133 4649 1277 4726 434).

418 4727 525 4796 (16)
559 4726 748 4804 Supra
801 4719 930 4804 esse
977 4717 1258 4804 scribitur
1286 4717 1528 4804 πολεων.
1573 4721 1725 4804 ξΙύιῃ
1774 4738 1832 4793 p.
1886 4722 1993 4804 306

347 4793 472 4868 seq.
513 4793 773 4862 conetat,
802 4793 980 4850 hunc
1027 4795 1240 4849 Bedam
1284 4793 1462 4848 fuisse
1501 4793 1892 4848 orthodoxum
1935 4799 1992 4849 et

348 4868 648 4948 Photianis
682 4867 943 4948 partibus
967 4867 1392 4948 adlersantem,
1429 4865 1543 4948 imo
1585 4869 1640 4920 et
1679 4872 1989 4948 tractatum

349 4941 428 4995 De
465 4937 721 5010 Spiritus,
745 4941 928 4994 sancti
955 4955 993 5010 αῖ
1018 4939 1157 4993 Filio
1201 4937 1924 5010 processionehscripsisse.
1962 4957 1988 4985 ››

348 5012 416 5066 Μ.
450 5007 516 5052 -ἐ
548 5009 853 5081 Inscriptio
884 5010 953 5064 ad
982 5007 1466 5081 Bedamdeestio
1494 5007 1624 5081 aliis
1655 5009 1984 5081 codicibus;

348 5100 382 5138 a
409 5087 629 5138 Joanne
662 5079 857 5137 autem
910 5082 1081 5136 Becco
1125 5080 1338 5136 citatur
1383 5079 1545 5134 locus
1592 5079 1742 5134 idem
1791 5079 1888 5134 ille
1920 5081 1990 5136 de

345 5154 568 5210 Joanne
598 5153 748 5222 VIII,
782 5154 852 5208 ad
882 5167 1054 5222 quem
1088 5168 1282 5222 supra
1321 5157 1658 5222 provocarat
1692 5149 1892 5219 Maius,
1926 5155 1989 5205 ut

345 5235 580 5282 exstans
611 5221 663 5278 ἐν
693 5227 808 5285 τοῖς
857 5219 992 5296 apo:
1037 5220 1292 5278 Εὐσέϐιον
1322 5219 1533 5296 ἶλόχοις
1579 5222 1726 5296 (Lib.
1774 5234 1864 5296 '_IH,
1915 5223 1986 5296 ad

345 5298 711 5354 Theodorum
757 5293 936 5365 Sugd.
989 5296 1165 5364 episc.
1211 5311 1260 5349 ο.
1313 5294 1345 5348 4
1392 5293 1560 5365 Grec.
1592 5293 1807 5365 orthod.
1841 5298 1883 5348 t.
1914 5294 1986 5361 Il,

390 5411 402 5424 .
440 5369 561 5434 138,
594 5367 740 5439 139).
774 5363 1054 5422 Praeterea
1084 5381 1238 5433 eum,
1269 5381 1466 5439 quem_
1495 5363 1733 5439 Photius
1780 5364 1888 5439 hoc
1927 5365 1986 5420 in

390 5411 402 5424 .
440 5385 561 5434 138,
594 5385 740 5439 ww).
775 5385 1054 5422 Praeterea
1084 5385 1238 5433 eum,
1269 5385 1440 5436 quem
1495 5385 1733 5420 ruouus
1781 5385 1888 5419 noc
1928 5385 1986 5420 in

343 5385 492 5496 Ebro
525 5438 866 5510 alloquitur,
901 5441 1207 5494 tractatum
1240 5454 1343 5509 pro
1375 5436 1624 5510 Spiritus
1647 5436 1826 5510 sancti
1856 5451 1986 5510 pro-

343 5508 675 5590 cessionena'
697 5509 839 5566 Filio
870 5508 1520 5590 cqmposuissennegari
1545 5524 1659 5563 non
1691 5508 1986 5590 immerito

343 5589 551 5657 potest.
585 5582 749 5657 _N_am_
768 5590 898 5657 tum_
918 5579 976 5636 in
999 5578 1125 5636 line
1154 5587 1280 5636 tum
1303 5579 1363 5657 in
1386 5578 1519 5657 ipso
1539 5578 1986 5657 exordiooperis

341 5649 555 5712 asserit
583 5653 850 5721 Photius,
884 5653 1043 5709 hunc
1073 5669 1105 5708 a
1137 5668 1200 5710 se
1230 5649 1497 5724 petivisse
1529 5649 1984 5724 confutationem

346 5725 634 5802 dogmatis
663 5724 993 5783 Latinorum
1023 5729 1080 5782 et
1107 5721 1281 5784 verba
1308 5721 1430 5793 illa,
1447 5737 1574 5794 quae
1594 5722 1767 5786 toties
1785 5722 1846 5778 in
1867 5721 1984 5780 dis-

2103 4511 2297 4579 verha,
2331 4529 2458 4583 quas
2489 4511 2692 4568 eodem
2725 4518 2893 4583 pacto
2939 4513 3081 4568 satis
3123 4511 3428 4568 commode
3478 4513 3766 4584 explicari

2149 4594 2376 4640 OSSUDl.

2105 4603 2439 4726 Ροδῗιῖῠικὲὸη
2464 4655 2608 4710 citat
2637 4653 2878 4710 Photius
2910 4655 3115 4710 horum
3149 4657 3386 4711 Patrum
3409 4659 3628 4723 textus,
3655 4655 3770 4712 sed

2105 4728 2300 4798 potius
2330 4727 2502 4780 variis
2535 4743 2603 4781 ex
2634 4726 2954 4798 rationibus
2977 4733 3238 4782 textuum
3272 4729 3673 4782 auctoritatem
3701 4734 3772 4784 et

2101 4797 2464 4870 nuthentiam
2497 4799 2820 4870 impugnat.
2865 4797 3044 4852 Unius
3085 4798 3344 4869 Gregorii
3373 4801 3444 4852 Μ.
3481 4799 3772 4855 testimo—

2105 4871 2267 4924 nium
2302 4869 2639 4942 explicitum
2666 4869 2852 4937 aliert,
2877 4873 3138 4925 versione
3161 4880 3354 4926 tamen
3381 4870 3452 4924 ab
3475 4871 3769 4942 originali

2105 4947 2268 4996 textu
2304 4940 2626 4994 differ-eote.

2175 5012 2288 5083 (18)
2324 5012 2382 5066 In
2413 5011 2792 5081 sequentibus
2823 5011 3016 5083 Maius
3060 5028 3124 5067 ea
3174 5013 3411 5082 profert,
3441 5029 3568 5083 quas
3602 5013 3766 5069 Pho-

2104 5082 2216 5156 tius
2249 5083 2664 5156 perhonoriﬁca
2716 5083 2858 5156 dicit
2889 5082 3256 5156 de_Damaso,
3296 5082 3478 5139 Leone
3507 5085 3554 5149 Ι,
3585 5083 3766 5156 Vigi-

2103 5155 2200 5226 lio,
2237 5155 2550 5223 Agathone,
2585 5153 2860 5226 Gregorio
2890 5153 2933 5222 Ι,
2965 5154 3261 5226 Zacharia,
3287 5159 3467 5211 Leone
3489 5153 3769 5225 juniore,

2103 5225 2407 5282 Benedicto
2438 5226 2532 5294 III,
2567 5230 2741 5296 atque
2771 5225 2995 5281 Joanne
3026 5225 3164 5293 Vlll,
3189 5227 3439 5282 summis
3463 5227 3776 5295 pontiﬁci-

2102 5299 2230 5366 bus,
2255 5302 2310 5353 et
2341 5299 2401 5352 in
2431 5296 2504 5352 iis
2537 5297 2907 5368 potissimum
2951 5296 3323 5363 immoratur,
3367 5312 3491 5368 quae
3539 5299 3610 5353 de
3645 5299 3771 5354 hoc

2101 5378 2389 5440 postremo
2412 5367 2684 5440 pontiﬁce
2709 5367 2900 5423 habet.
2923 5367 3034 5422 Sed
3060 5367 3772 5440 harumobservationurn

2101 5439 2350 5510 potiores
2382 5439 2878 5496 accommodatius
2909 5439 3022 5508 ipsi
3056 5439 3332 5496 Photiano
3381 5440 3563 5496 textui
3597 5441 3772 5497 infra

2099 5513 2480 5584 opponendae
2511 5511 3035 5584 essepeusuimus.

2169 5529 3195 5655 δὲἳθῐῗὲῐῗὺὲἓῗὸἔίῖἳῗοᾝιιξιυὲωξοιι.
3223 5586 3299 5655 At.
3345 5581 3460 5655 ΔΙΙΙ,
3517 5599 3573 5655 p.
3616 5582 3764 5655 304.

2097 5651 2201 5708 305
2232 5651 2322 5708 ed.
2369 5653 2582 5710 Kollar.
2633 5653 2955 5720 Fabricius,
3006 5653 3152 5712 Bibl.
3203 5653 3298 5711 Gr.
3344 5651 3446 5710 lib.
3479 5651 3536 5724 ν,
3568 5669 3622 5712 ο.
3654 5653 3766 5724 35,

2097 5726 2235 5795 §16.
2268 5742 2326 5782 n.
2358 5726 2430 5796 3;
2467 5731 2504 5784 t.
2540 5725 2637 5794 XI,
2669 5741 2728 5798 p.
2758 5725 2830 5782 29
2858 5725 2948 5782 ed.
2982 5723 3140 5782 Harl.
