4084 6210
272 378 389 439 269

886 375 988 435 DE-
1031 373 1092 434 s.
1139 370 1496 433 SPIRITUS
1542 368 2081 432 MYSTAGOGIA.
2129 405 2206 417 —
2246 373 2307 434 J.
2356 376 2591 438 nunc.
2635 379 3080 444 PR/EFATIO.

3558 391 3678 454 2'10

270 509 418 566 olica
447 510 797 578 decerptam,
822 505 1044 562 additis
1067 505 1364 561 interdum
1391 502 1666 559 nonnulis
1693 518 1760 560 ex
1779 500 1912 558 aliis
1949 509 2008 574 Α
2041 502 2124 557 illi
2149 522 2163 572 ;
2198 504 2522 576 sphalmata
2551 513 2925 569 amanuensis
2983 513 3112 571 hinc
3171 518 3382 588 pariter
3423 527 3677 584 correcta

270 600 532 670 ejusdem
567 595 1098 662 lucubrationibus,
1141 596 1267 666 jam
1318 593 1541 666 pridem
1584 591 1918 664 suspicatus

267 688 533 753 fueram;
566 684 823 758 suspicio
877 701 1034 752 vero,
1070 682 1215 739 mihi
1260 682 1488 749 saltem,
1522 681 1581 736 in
1622 696 1918 736 summam

269 775 744 849 probabilitatem
782 773 1040 841 transiit,
1072 789 1206 829 cum
1241 789 1354 827 non
1387 771 1576 827 solum
1611 771 1915 842 praefatum

271 866 703 933 Monacenssm,
735 864 836 919 sed
867 867 926 918 et
955 861 1120 917 illum
1143 861 1338 932 ipsum
1387 859 1916 926 Vindobonensem,

271 954 555 1019 codicem,
589 953 682 1008 cui
715 956 830 1008 fere
861 951 972 1008 soli
1022 950 1384 1006 innitebatur
1429 947 1671 1005 Fabricii
1721 964 1914 1004 asser-

270 1045 347 1100 tio
379 1043 514 1115 ('20),
536 1043 992 1114 perlustrasssm
1025 1039 1254 1110 aliaque
1279 1039 1494 1095 iudicia
1525 1037 1915 1109 deprehende-

265 1149 408 1202 rem,
442 1148 568 1202 qua;
601 1131 756 1186 idem
804 1131 876 1186 de
907 1129 1208 1186 nonnullis
1238 1144 1472 1200 quoque
1521 1126 1652 1182 aliis
1704 1125 1920 1181 codici-

267 1223 376 1278 bus
399 1223 511 1292 (21)
534 1221 848 1278 dicendum
873 1234 1000 1276 esse
1022 1218 1369 1274 confirmare
1389 1216 1756 1272 videbantur.
1774 1214 1919 1269 Hinc

267 1326 335 1367 ex
365 1309 790 1365 Photianorum
813 1323 1056 1379 operum
1089 1305 1353 1377 catalogo
1376 1305 1669 1377 ejusmodi
1698 1303 1917 1360 librum

269 1398 683 1470 expugendum
714 1413 941 1454 censeo.

333 1487 403 1542 V.
439 1487 552 1542 Sed
586 1488 652 1542 ad
687 1502 808 1542 rem
841 1490 1100 1542 nostram
1142 1486 1519 1540 revertamur.
1552 1481 1920 1538 Monacencis

264 1576 467 1644 codex,
483 1575 569 1630 uti
589 1575 812 1630 dictum
835 1581 1075 1640 est,non
1095 1576 1300 1644 totum
1332 1570 1516 1628 Photii
1539 1571 1755 1627 librum
1774 1585 1917 1640 sup-

265 1667 519 1740 peditat;
553 1667 768 1722 desinit
795 1665 920 1733 .ibi,
952 1665 1051 1720 ubi
1083 1664 1432 1736 respondere
1463 1667 1708 1718 conatur
1729 1663 1800 1716 ad
1833 1676 1921 1717 ar-

263 1761 612 1829 gumentum
633 1771 701 1811 ex
722 1753 1034 1820 Ambrosii,
1053 1753 1380 1823 Hieronymi
1409 1756 1576 1822 atque
1606 1750 1919 1822 Augustini

2029 599 2183 662 sunt,
2206 594 2262 649 in
2288 595 2498 665 quibus
2522 599 2783 669 quadam
2817 606 2982 657 erant
3014 621 3253 662 sensum
3285 609 3522 664 omnino
3549 625 3678 680 per-

2029 682 2364 752 turbantia;
2427 690 2512 741 ter
2569 688 2797 745 circiter
2841 691 3094 765 integras
3173 695 3356 752 lineas
3400 698 3678 757 omiserat

2026 772 2272 843 scriptor
2301 774 2396 830 ille
2419 776 2617 832 saeculi
2648 795 2738 847 xv,
2774 784 2836 833 ut
2882 781 3132 851 videtur,
3169 787 3436 842 exeuntis
3468 789 3554 844 vel
3585 806 3678 844 xvr

2026 861 2301 918 ineuntis.
2334 865 2487 920 Adeo
2519 882 2649 921 vero
2681 884 2742 923 se
2774 872 3222 928 commendabat
3255 874 3431 932 Vatis.
3461 881 3676 945 textus,

2030 952 2094 1002 ut
2120 949 2352 1005 nonnisi
2385 952 2758 1022 paucissimis
2802 955 2860 1010 in
2909 957 3049 1012 locis
3081 960 3150 1014 ab
3188 976 3254 1016 eo
3287 965 3679 1020 recedendum

2029 1051 2157 1093 esse
2190 1040 2296 1094 rati
2328 1040 2536 1097 simus.
2574 1043 2717 1098 Huic
2751 1046 2945 1116 itaque
2976 1049 3155 1102 textui
3188 1052 3506 1119 generatim
3534 1053 3677 1109 ado-

2028 1131 2182 1198 ptato
2212 1131 2504 1186 variantes
2538 1132 2813 1189 lectiones
2856 1140 2980 1192 tum
3012 1136 3070 1192 in
3110 1138 3332 1194 Monac.
3375 1145 3432 1196 et
3461 1141 3670 1212 Palat.,

2024 1219 2150 1272 tum
2181 1216 2413 1276 aliunde
2445 1225 2682 1291 repertas
2725 1224 2998 1295 appositas
3044 1226 3242 1296 fuere;
3275 1227 3668 1301 interpunctio

2027 1321 2128 1376 pro
2160 1309 2592 1379 opportunitate
2623 1313 2958 1380 constituta,
2991 1315 3284 1371 scribendi
3319 1334 3440 1373 mos
3494 1317 3668 1375 hodie

2027 1395 2280 1452 usitatus
2313 1398 2656 1469 regulariter
2672 1405 2936 1457 servatus
2962 1408 3070 1470 est,
3093 1404 3152 1458 in
3177 1407 3375 1477 paucis
3407 1412 3672 1464 tantum-

2029 1485 2201 1541 modo
2233 1485 2313 1541 vel
2350 1487 2588 1557 majoris
2622 1490 3057 1561 perspicuitatis
3105 1494 3191 1548 vel
3235 1496 3672 1553 commoditatis

2028 1575 2214 1644 gratia
2264 1574 2348 1630 vel
2405 1575 2476 1630 ob
2525 1576 2672 1634 alias
2713 1579 2853 1635 satis
2910 1580 3110 1637 obvias
3167 1583 3421 1639 rationes
3472 1584 3676 1640 dereli-

2027 1670 2157 1718 ctus
2187 1663 2321 1734 (2t).
2355 1665 2704 1722 Divisionem
2729 1668 2986 1740 capitum
3010 1685 3215 1726 novam
3237 1672 3671 1741 adornavimus,

2031 1753 2269 1808 retentis
2319 1754 2471 1810 inter
2526 1772 2704 1812 uncos
2762 1758 3053 1829 capitibus
3107 1759 3325 1815 codicis
3377 1761 3664 1828 Vaticani,

265 1845 616 1903 auctoritate
670 1845 942 1917 petitum,
977 1844 1201 1916 praecise
1230 1860 1363 1900 eum
1397 1843 1456 1898 in
1503 1842 1716 1906 locum,
1749 1856 1918 1912 quem
1949 1837 1996 1900 B
2028 1841 2216 1912 iisque
2246 1841 2458 1900 Graecis
2511 1847 2772 1902 numeris
2830 1848 3140 1918 designatis
3169 1849 3303 1920 (25).
3351 1851 3412 1906 In
3446 1851 3670 1922 prolixa

267 1955 396 2009 cap.
428 1938 500 1992 6‘7
539 1936 890 2003 notavimus,
923 1935 1022 1990 ubi
1056 1950 1181 2005 cap.
1213 1934 1283 1987 34
1314 1932 1410 1989 ille
1441 1931 1740 1987 exorditur
1786 1930 1918 2000 (22).

272 2030 416 2094 Quae
434 2027 609 2098 igitur
641 2027 700 2081 in
733 2031 929 2081 nostro
952 2023 1147 2080 codice
1171 2023 1431 2091 deerant,
1473 2038 1540 2078 ea
1569 2037 1637 2076 ex
1673 2018 1822 2087 aliis,
1856 2035 1922 2074 ac

273 2117 596 2190 praesertim
627 2133 697 2171 ex
723 2114 1039 2180 Vaticanis,
1060 2113 1388 2184 supplenda
1408 2111 1702 2182 simulque
1725 2114 1919 2166 textus

272 2205 649 2263 collationem
679 2204 1098 2260 instituendam
1131 2219 1315 2274 operas
1340 2199 1773 2274 pretiumﬁuxl.
1807 2197 1920 2254 Sed

275 2312 398 2352 cum
434 2295 684 2351 Romam
710 2294 868 2350 adire
891 2309 1004 2350 non
1034 2291 1549 2364 possem,aliorum
1575 2289 1655 2345 uti
1680 2288 1925 2359 cogebar

273 2401 444 2457 opera
502 2389 563 2440 et
622 2382 930 2438 industria.
986 2381 1155 2437 Viros
1213 2385 1410 2437 tamen
1464 2376 1922 2435 humanissimos

272 2479 481 2530 nactus
511 2489 670 2541 sum,
705 2472 805 2544 qui
837 2470 916 2526 ibi
963 2487 1205 2528 manum
1263 2469 1424 2542 operi
1462 2469 1844 2524 admoverunt
1869 2468 1924 2521 et

276 2568 596 2635 utrumque
626 2561 840 2633 partim
888 2560 1085 2616 labore
1137 2559 1372 2632 proprio
1404 2557 1614 2629 partim
1647 2573 1748 2628 per
1777 2556 1922 2613 scri-

270 2663 498 2726 ptorem
518 2651 603 2708 rei
628 2650 772 2708 satis
785 2666 964 2722 gnaru
975 2666 1030 2704 m
1043 2649 1292 2705 libenter
1306 2647 1719 2720 praestiterunt.
1737 2649 1925 2716 Atque

270 2742 576 2799 adhibitus
603 2739 664 2796 in
698 2739 902 2812 primis
943 2739 1053 2793 fuit
1082 2738 1262 2794 eodex
1294 2737 1607 2792 Vaticanus
1641 2735 1799 2803 1923,
1823 2733 1923 2804 qui

271 2836 442 2888 antea
469 2829 682 2886 Lollini
719 2830 919 2895 fuerat,
952 2827 1164 2884 Allatio
1207 2829 1352 2882 bene
1384 2829 1582 2892 notus,
1614 2823 1772 2880 idem
1803 2821 1922 2893 ille,

266 2938 332 2978 ex
362 2938 482 2993 quo
510 2917 896 2990 Amphilochia
940 2916 1122 2972 edidit
1164 2917 1371 2985 Maius,
1416 2913 1808 2982 Bombycinus
1854 2928 1921 2968 ac

266 3010 468 3067 seculi
504 3009 686 3064 ferme
717 3023 842 3076 xm,
875 3005 1170 3077 eleganter
1201 3004 1439 3061 omnino
1470 3003 1730 3074 scriptus
1760 3001 1911 3074 ('23);

263 3100 474 3156 deinde
507 3095 811 3154 Palatinus
842 3096 914 3152 ab
975 3094 1184 3150 iisdem
1233 3093 1422 3150 doctis
1465 3092 1604 3148 viris
1635 3091 1912 3147 laudatus

259 3153 524 3260 (ἐξ),ςυὶ
547 3153 646 3242 illo
678 3185 871 3241 adhuc
901 3183 1074 3256 paulo
1097 3183 1397 3255 antiquior
1421 3198 1550 3238 esse
1575 3182 1776 3237 fertur.
1803 3179 1915 3236 lta-
1943 3153 1986 3218 (ἶ

259 3295 369 3351 que
391 3277 673 3350 priorem,
707 3291 954 3346 eamque
982 3274 1264 3345 majorem
1309 3273 1502 3342 operis
1544 3275 1768 3342 partem
1801 3274 1917 3326 tres

257 3368 490 3425 codices
519 3365 998 3436 suppeditarunt;
1022 3362 1340 3419 Vaticanus
1362 3377 1493 3416 cum
1520 3360 1740 3416 Monac.
1755 3361 1915 3415 textu

261 3475 294 3514 a
325 3474 442 3523 me,
475 3460 543 3511 ut
585 3469 716 3510 vere
777 3452 974 3509 testari
1026 3467 1290 3524 possum,
1339 3466 1514 3522 quam
1572 3447 1916 3504 fidelissime

259 3548 555 3619 exscripta
586 3544 838 3602 collatus
899 3543 1006 3598 fuit
1053 3559 1120 3598 ac
1168 3541 1466 3598 Palatinus
1495 3541 1552 3596 in
1581 3540 1914 3597 subsidium

259 3643 544 3702 vocatus;
607 3632 818 3690 deinde
877 3632 1161 3704 posterior
1194 3649 1328 3703 pars
1377 3648 1446 3687 ex
1490 3630 1674 3687 Vatic.
1710 3630 1914 3686 eodem

260 3727 300 3782 f.
323 3725 438 3780 203
471 3721 743 3779 b.——208
764 3721 820 3776 b.
855 3722 1199 3792 deprompta
1230 3723 1339 3788 est,
1375 3736 1509 3776 cum
1535 3735 1648 3791 quo
1680 3735 1914 3775 rursum

257 3811 674 3870 conferebatur
704 3807 1026 3870 Palatinus.
1061 3807 1275 3864 Mirum
1308 3808 1367 3864 in
1419 3809 1660 3864 modum
1691 3808 1805 3862 duo
1828 3805 1914 3860 illi

254 3901 512 3960 Romani
544 3899 772 3956 codices
804 3898 956 3954 inter
996 3914 1058 3954 se
1088 3897 1478 3964 conveniunt;
1517 3894 1914 3963 Monacensis,

255 3998 512 4062 utroque
532 3988 758 4061 junior,
792 3986 991 4060 plures
1025 3987 1171 4043 alias
1201 3986 1454 4042 ostendit
1482 3984 1777 4051 lectiones,
1812 3999 1914 4040 ne-

252 4097 374 4152 que
415 4084 614 4135 tamen
648 4076 718 4148 (si
776 4076 984 4131 menda
1045 4075 1344 4146 scriptoris
1404 4075 1625 4145 demas)
1675 4073 1917 4129 omnino

248 4167 665 4243 spernendae;
707 4165 884 4236 huius
910 4164 1150 4221 lacunas
1187 4170 1242 4220 et
1301 4163 1495 4220 hiatus
1545 4162 1916 4234 expleverunt

317 4276 446 4345 (20)
481 4273 700 4345 Revera
729 4271 1205 4345 cod.Vindobon.
1250 4271 1346 4327 Gr.
1395 4270 1708 4345 theol.7168
1733 4272 1915 4345 (juxta

248 4342 438 4404 nam;
494 4342 753 4414 Nessel.;
806 4342 1138 4400 Lambeccio
1212 4349 1296 4399 est
1353 4345 1479 4398 cod.
1537 4344 1652 4414 64),
1705 4361 1762 4397 n.
1821 4344 1912 4409 23,

249 4422 293 4476 ἶ.
329 4417 584 4474 352-354
640 4413 717 4469 nil
783 4415 940 4470 aliud
990 4415 1268 4480 continet,
1330 4414 1440 4470 nisi
1502 4414 1619 4468 haec
1663 4415 1786 4484 ipsa
1817 4431 1906 4486 ep.

246 4489 574 4563 encyclicae
627 4491 993 4563 argumenta,
1020 4490 1083 4540 ut
1113 4503 1214 4563 ego
1244 4485 1604 4563 Vindobona
1630 4486 1752 4556 ipse
1774 4485 1909 4563 vidi,

251 4570 316 4618 et
349 4556 630 4618 accurate
659 4556 902 4630 proinde
932 4559 1248 4630 respondet
1295 4557 1390 4626 iis,
1424 4574 1549 4630 quas
1592 4558 1649 4610 in
1676 4557 1913 4630 praefato

245 4635 490 4691 Monac.
527 4632 566 4687 f.
598 4629 704 4685 449
751 4647 802 4684 a.
835 4659 871 4670 —
899 4631 1003 4684 450
1034 4634 1368 4685 occurrunt.
1419 4629 1653 4683 Initium
1687 4629 1912 4684 utrobi-

247 4721 403 4779 que:
462 4701 554 4779 'l‘ic
617 4696 890 4779 δλωςηυι
937 4718 1156 4779 supra;
1191 4701 1323 4756 finis
1359 4699 1512 4779 :_T1‘r,y
1563 4699 1754 4779 κοιγῄν
1783 4719 1914 4779 .τὲ-

251 4768 609 4848 ριεϋομένῳν
666 4768 1330 4848 συνέλευσιγ.-βᾶξββῐύ.ῐῐ1
1380 4775 1620 4848 textum
1648 4771 1797 4848 libri
1839 4773 1913 4826 Ds

251 4842 506 4920 Spiritus
545 4845 603 4900 S.
645 4846 1105 4920 ηιῃδίαθορίηλὶο
1142 4845 1216 4920 iis
1246 4843 1514 4920 Caasaregs
1549 4842 1908 4920 bibliotheca

248 4914 564 4978 codicibus
591 4917 691 4986 qui
709 4914 875 4984 juxta
895 4914 1315 4986 catalogoshuc
1335 4915 1626 4985 pertinere
1641 4914 1913 4970 videban-

248 4999 370 5056 tur,
394 5007 514 5047 non
531 4985 754 5058 reperi;
779 4986 1041 5058 quinque
1058 4985 1427 5058 solummodo
1442 4990 1742 5058 segmenta
1758 4986 1914 5058 inter

243 5064 410 5118 varia
433 5056 710 5130 excerpta
731 5057 793 5111 in
817 5056 1047 5114 duobus
1073 5074 1215 5130 mss.
1234 5056 1356 5127 (Gr.
1375 5056 1549 5112 theol.
1580 5058 1687 5112 249
1709 5057 1910 5130 (δι-324)

251 5141 464 5191 nactus
507 5128 669 5195 sum,
728 5144 894 5200 eque
986 5129 1344 5196 brevissima,
1413 5145 1536 5200 quas
1595 5131 1719 5184 suis
1769 5128 1912 5200 locis

247 5209 444 5334 capp.
470 5206 528 5274 3,
559 5204 616 5268 6,
645 5200 739 5267 61,
774 5198 864 5267 68,
893 5201 986 5270 93)
1019 5201 1077 5256 in
1109 5200 1215 5256 hac
1265 5198 1516 5256 editione
1559 5208 1698 5257 sunt
1740 5198 1911 5255 adhi-

291 5279 396 5334 ita.

319 5351 439 5420 (21)
471 5348 556 5405 Cf.
609 5368 664 5407 v.
709 5365 767 5420 g.
823 5342 1148 5420 Morsllium
1207 5342 1366 5420 Bibl.
1425 5359 1567 5420 mss.
1619 5341 1817 5420 Venet.
1861 5342 1904 5411 Ι,

253 5437 310 5492 p.
329 5414 518 5492 '95'de
549 5424 684 5478 cod.
710 5414 1162 5492 Marciano_167,
1191 5420 1248 5470 et
1277 5415 1430 5492 infra
1460 5415 1487 5480 §
1513 5414 1811 5492 ti,_n_ot,_3_.

325 5493 440 5564 (22)
458 5491 682 5551 Divisio
700 5491 962 5564 capitum
982 5487 1209 5564 Monac.
1235 5486 1550 5564 codi‘cisab
1584 5485 1680 5538 illa
1695 5485 1913 5564 differt,

257 5555 386 5634 qua:
417 5555 480 5618 in
511 5565 665 5634 aliis,
711 5555 1236 5634 et.nomi_natim__in
1269 5558 1400 5613 cod.
1432 5556 1655 5634 Colum.
1703 5572 1736 5610 a
1771 5555 1912 5612 Maio

257 5629 544 5710 adhibito,
581 5629 902 5710 reperitur;
924 5630 1091 5710 dum
1123 5629 1454 5710 illehusque
1503 5629 1575 5684 ad
1603 5644 1762 5710 eum,
1797 5643 1913 5710 quo

257 5706 498 5773 desinit,
529 5701 726 5766 locum
761 5702 995 5764 nonnisi
1027 5702 1096 5757 33
1125 5701 1318 5773 capita
1350 5701 1765 5769 numerat,iste
1797 5701 1915 5771 iam

261 5776 440 5836 habet
469 5779 559 5836 43.

2031 1930 2128 1987 illa
2155 1932 2226 1987 de
2259 1932 2443 1990 Galat.
2474 1951 2549 2002 ιν,
2583 1936 2637 2001 6,
2663 1937 2810 1991 sicut
2837 1938 2894 1991 in
2919 1939 3186 2008 sequenti
3209 1939 3279 1994 de
3309 1939 3531 1996 Latinis
3561 1943 3672 1998 Pa-

2030 2020 2216 2076 tribus
2244 2022 2658 2104 disputatione,
2674 2023 2989 2080 Vaticanus
3012 2025 3173 2083 novis
3196 2043 3434 2083 rursum
3467 2028 3672 2087 litteris

2032 2110 2427 2183 paragraphos
2459 2112 2966 2185 distinxerat,quas
2997 2115 3213 2186 pariter
3244 2116 3295 2172 ia
3325 2116 3433 2172 hac
3466 2118 3670 2174 editio-

2031 2215 2102 2256 ne
2123 2204 2363 2256 servataa
2388 2201 2565 2258 fuere.

2103 2289 2190 2346 Vl.
2222 2288 2368 2346 Illud
2401 2307 2532 2346 vero
2583 2291 2832 2348 maxime
2871 2292 3165 2363 ingratum
3201 2300 3340 2363 erat,
3376 2297 3529 2366 quod
3560 2296 3670 2353 Co-

2033 2378 2400 2435 lumnensem
2422 2379 2682 2436 codicem
2710 2381 2782 2436 ab
2820 2383 2887 2436 A.
2913 2381 3062 2438 Maio
3103 2382 3435 2439 adhibitum
3459 2385 3672 2441 saltem

2034 2467 2281 2524 aliorum
2321 2484 2495 2541 opera
2538 2469 2841 2526 consulere
2878 2471 3080 2526 datum
3132 2488 3249 2528 non
3307 2477 3448 2528 erat.
3484 2473 3672 2546 Hujus

2033 2557 2190 2612 enim
2224 2573 2530 2614 numerum
2565 2557 2874 2614 cardinalis
2907 2559 3059 2616 haud
3093 2560 3398 2630 indicarat,
3429 2579 3674 2633 quaeque

2034 2646 2179 2702 mihi
2210 2646 2299 2702 bis
2325 2663 2390 2702 ac
2417 2647 2586 2704 tertio
2616 2646 2860 2704 sollicite
2883 2665 2981 2720 per
3006 2649 3224 2706 litteras
3258 2650 3576 2723 requirenti
3609 2668 3679 2708 ex

2033 2737 2201 2792 codd.
2221 2735 2486 2792 Column.
2502 2737 2692 2793 indice
2714 2739 3126 2806 referebantur,
3142 2757 3304 2813 spem
3322 2741 3552 2812 penitus
3569 2759 3678 2798 au-

2033 2826 2294 2882 ferebant
2315 2825 2432 2881 fore
2451 2830 2515 2882 ut
2531 2825 2629 2881 ille
2643 2842 2770 2883 mox
2801 2827 2986 2884 adhuc
3007 2829 3327 2901 detegatur.
3344 2830 3463 2887 Hac
3477 2831 3676 2903 itaque

2033 2931 2137 2986 spe
2167 2915 2428 2987 deposita
2473 2914 2712 2971 editioni
2743 2915 2890 2972 liber
2920 2917 3227 2974 mandatus
3260 2923 3368 2988 est,
3401 2936 3506 2976 nec
3532 2921 3668 2977 diu-

2025 3003 2141 3060 tius
2162 3004 2556 3060 cunctandum
2571 3003 2916 3076 existimavi,
2933 3007 3252 3078 praesertim
3270 3023 3403 3065 cum
3431 3008 3557 3064 aliae
3583 3025 3675 3065 me

2025 3109 2176 3149 curm
2201 3094 2272 3149 ab
2305 3093 2413 3149 hoc
2441 3092 2588 3150 libro
2621 3100 2944 3164 avocarent,
2972 3097 3144 3167 digno
3174 3101 3370 3153 tamen
3405 3098 3672 3165 omnino,

2025 3183 2126 3253 qui
2158 3181 2404 3237 eruditis
2427 3181 2721 3239 offeratur.
2739 3185 2846 3238 Sed
2878 3200 3012 3239 cum
3038 3185 3160 3254 jam
3187 3185 3299 3240 sub
3327 3184 3488 3256 prelo
3517 3189 3670 3241 esset

2028 3272 2213 3328 Photii
2240 3275 2452 3337 textus,
2483 3272 2600 3328 imo
2633 3287 2762 3328 vero
2799 3274 3056 3330 maxima
3103 3290 3170 3330 ex
3201 3278 3362 3346 parte
3392 3290 3666 3343 excusus,

2023 3361 2261 3418 tandem
2293 3361 2505 3417 allatus
2535 3366 2626 3418 est
2657 3362 3190 3430 nuntius,codicem
3223 3382 3257 3420 a
3300 3363 3452 3420 Maio
3471 3365 3670 3421 lauda-

2025 3456 2151 3507 tum
2179 3467 2303 3508 esse
2331 3450 2632 3506 inventum
2665 3453 2722 3507 in
2753 3453 2881 3508 cod.
2915 3452 3032 3510 Col.
3064 3453 3134 3508 38
3169 3453 3270 3525 (al.
3300 3454 3414 3525 34).
3451 3455 3670 3511 memb.

2025 3541 2176 3607 in-4,
2208 3541 2503 3612 eleganter
2531 3541 3004 3614 conscripto,qui
3036 3541 3279 3615 paginas
3314 3543 3498 3614 ipsius
3532 3544 3674 3603 Maii

2028 3647 2204 3686 manu
2235 3630 2514 3700 signatas,
2545 3632 2863 3687 secundum
2905 3649 3050 3704 quas
3083 3631 3274 3689 Photii
3324 3633 3504 3690 verba
3542 3634 3671 3707 ipse

2025 3719 2321 3789 citaverat,
2355 3720 2412 3775 in
2445 3720 2553 3776 hoc
2583 3724 2824 3777 tractatu
2857 3722 3164 3789 ostendat;
3207 3726 3265 3778 et
3293 3721 3450 3778 hunc
3480 3723 3560 3779 ibi
3595 3724 3676 3781 in-

2023 3811 2254 3879 tegrum
2281 3812 2507 3864 exstare
2527 3809 2815 3880 apag.271
2849 3825 3035 3880 usque
3055 3810 3127 3864 ad
3160 3825 3292 3881 pag,
3325 3811 3669 3882 317,quem-

2026 3896 2345 3952 admodum
2403 3901 2460 3951 et
2512 3897 2570 3951 in
2627 3896 2812 3952 Vatic.
2871 3901 2926 3952 et
2985 3897 3162 3952 Palat.
3207 3901 3368 3954 Ilunc
3409 3901 3667 3957 codicem

2026 3986 2129 4056 qui
2159 3986 2538 4057 inspexerunt
2567 3986 2730 4056 periti
2781 3986 2991 4041 saeculo
3033 3987 3260 4044 decimo
3305 3989 3472 4044 tertio
3517 3990 3670 4046 assi-

2026 4075 2327 4147 gnandum
2359 4074 2712 4129 arbitrantur
2741 4074 2872 4144 (26).
2901 4074 2980 4129 Ea
3004 4092 3114 4142 res,
3148 4092 3275 4146 quas
3309 4081 3516 4147 praeter
3545 4094 3671 4134 om-

2024 4179 2158 4218 nem
2191 4162 2676 4234 exspectationem
2735 4170 3028 4232 evenerat,
3065 4179 3309 4219 mmrore
3375 4163 3554 4220 simul
3611 4171 3669 4222 et

2098 4270 2207 4342 (23)
2233 4269 2375 4325 Vide
2401 4268 2620 4324 Maium
2648 4270 2689 4323 1.
2717 4268 2949 4342 οεΡιοωί.
2984 4271 3055 4325 de
3095 4269 3303 4342 (Photio

2098 4272 2207 4342 (23)
2233 4272 2375 4325 Vide
2401 4272 2620 4324 Maium
2648 4272 2689 4323 l.
2717 4285 2766 4324 c.
2787 4272 2949 4324 Praef.
2984 4272 3055 4325 de
3100 4272 3303 4325 Photio
3324 4273 3352 4340 §
3377 4272 3425 4334 1,
3457 4287 3514 4342 p.
3556 4290 3669 4329 xlv.

2094 4343 2209 4413 (24)
2245 4342 2325 4396 Ne
2353 4358 2406 4396 v.
2466 4357 2714 4413 g.4aegre
2763 4341 2909 4413 ferat
2967 4341 3236 4396 eruditus
3294 4342 3492 4411 lector,
3531 4345 3669 4401 dum

2466 4357 2714 4421 gaaegre
2763 4341 2909 4421 ferat
2967 4341 3236 4421 eruditus
3294 4341 3502 4421 lector,
3531 4345 3670 4421 dum

2023 4411 2147 4483 cap.
2182 4413 2269 4483 19,
2293 4413 2380 4479 36,
2404 4413 2494 4476 76,
2529 4411 2584 4467 in
2618 4411 2923 4484 μεμηνότες
2949 4413 3100 4468 videt
3133 4413 3254 4468 iota
3283 4415 3670 4482 subscriptum

1943 4471 1992 4533 Ι)
2021 4471 2174 4556 ᾳιιόό
2196 4471 2511 4541 severiores
2544 4471 2920 4556 grammatici,
2939 4500 3232 4556 removere
3271 4486 3471 4542 solent.
3507 4471 3670 4552 Quod

2025 4555 2252 4628 spectat
2275 4557 2343 4612 ad
2377 4572 2572 4611 vocem
2603 4555 2720 4615 uid:
2747 4558 2871 4627 (pro
2903 4555 3062 4624 υἱος),
3093 4573 3160 4611 ea
3192 4572 3295 4611 vox
3348 4557 3668 4613 sexcenties

2028 4629 2142 4709 fere
2165 4628 2938 4709 hic-occurrensabbreviate
2962 4628 3233 4709 primitus
3257 4628 3426 4684 nobis
3448 4631 3671 4709 scripta

2026 4700 2232 4780 fuerat,
2267 4700 2490 4780 ist‘eque
2523 4697 2973 4780 cala‘miAductus’
2987 4698 3205 4780 facilior
3226 4715 3294 4753 ex
3319 4715 3462 4780 m_ss.
3487 4703 3544 4754 et
3572 4697 3666 4780 ve-

2015 4769 2615 4827 tustiorumlibrorum
2639 4769 2886 4825 lectione
2903 4769 3206 4824 familiaris
3229 4771 3664 4839 quodammodo

2018 4843 2254 4898 eﬂsctus
2283 4846 2370 4897 est
2400 4845 2458 4896 et
2487 4840 2729 4897 consilio
2760 4844 3044 4905 retentus,
3086 4857 3157 4896 ne
3206 4840 3266 4895 in
3297 4841 3666 4900 emendando

2018 4912 2328 4984 exemplari
2380 4911 2704 4984 pertubatio
2773 4910 3322 4984 augereturaLicet
3370 4928 3499 4968 vero
3555 4914 3667 4971 iste

2019 4983 2310 5041 scribendi
2371 4983 2579 5038 modus
2647 4983 2718 5037 ab
2786 4983 3245 5038 accuratioribus
3308 4983 3667 5041 editionibus

2020 5058 2368 5135 amandatus
2397 5055 2582 5135 fuerit,
2629 5059 2824 5135 tamen
2855 5053 3283 5135 exemplisnon
3316 5055 3563 5135 caret-in
3587 5056 3661 5110 li-

2021 5128 2142 5184 bris
2172 5127 2380 5182 saeculo
2401 5128 2561 5180 etiam
2584 5132 2780 5180 nostro
2827 5125 3091 5194 vulgatis.
3125 5125 3288 5194 (Vide
3319 5127 3497 5183 Scotti
3519 5129 3661 5184 Am-

2014 5198 2454 5273 philoch._Phot.
2488 5195 2723 5273 Neapoli
2756 5196 2894 5251 1814
2925 5197 3046 5273 p._5
3075 5201 3132 5251 et
3161 5199 3430 5273 passim.)

2093 5271 2202 5342 (25)
2231 5270 2324 5324 llis
2359 5267 2703 5339 argumenta
2744 5267 3062 5342 praesertim
3095 5267 3178 5342 ex
3195 5267 3420 5342 ratione
3448 5267 3665 5326 theolo-

2020 5342 2150 5415 gica
2175 5340 2486 5415 desumpta
2529 5344 2662 5415 apte
2714 5340 3554 5415 pleru_mque_distinguuntur.

2093 5414 2200 5484 (26)
2225 5413 2529 5481 Excipiunt
2553 5411 2610 5484 in
2645 5411 2974 5484 hoccodice
3041 5410 3227 5466 Photii
3276 5410 3491 5467 librum
3550 5412 3668 5482 epi-

2022 5482 2188 5540 stola?
2219 5484 2477 5553 ejusdem
2508 5483 2575 5536 ad
2609 5482 2908 5537 Nicolaum
2945 5497 3172 5553 papam,
3201 5484 3269 5537 ad
3295 5497 3660 5538 mconomum

2021 5552 2386 5612 Antiochense
2419 5553 2705 5619 Ecclesiae,
2740 5556 2808 5609 ad
2871 5552 3154 5624 Bulgarias
3188 5554 3545 5624 principem,
3587 5554 3660 5608 ad

2021 5628 2270 5683 Bardam
2302 5627 2467 5693 Caes.,
2509 5625 2578 5680 ad
2640 5623 2993 5680 Michaelem'
3027 5624 3123 5692 Ill,
3155 5623 3212 5679 et
3254 5626 3325 5680 ad
3377 5623 3659 5680 Basilium’

2023 5700 2396 5758 Macedonem
2416 5697 2560 5780 imp.
2583 5696 2665 5770 (p.
2687 5697 2972 5780 317-410),
3004 5711 3130 5820 qius
3155 5711 3359 5780 omnes
3379 5694 3660 5774 jamvul-

2024 5779 2166 5820 anim
2205 5775 2343 5820 sunt
2370 5775 2580 5820 nar-tim
2611 5769 2683 5820 ab
2711 5767 2988 5820 Anthimo
3072 5765 3344 5820 hemnic..
3381 5769 3590 5820 partim
3623 5781 3657 5820 a

2024 5779 2166 5844 gata:
2205 5775 2343 5831 sunt
2370 5765 2683 5844 partim'ab
2711 5765 2988 5824 Anthimo
3019 5765 3344 5833 Rhemnic.,
3381 5765 3590 5835 partim
3623 5781 3657 5823 a
