4084 6210
265 469 270 484 ι
363 381 474 441 271

1569 374 1838 439 ΡΗΟΤΙῙ
1881 375 2403 438 ΡΑΤΠΙΑΗΟΗΕ
2443 377 2557 438 ΟΡ.

3639 373 3751 432 2⁸12

360 515 572 588 gaudio
605 530 696 571 me
723 513 941 582 aﬂ'ecit;
977 527 1220 570 maerore
1248 513 1682 586 quidem,quod
1715 517 1832 569 tam
1877 528 2005 569 sero
2036 513 2089 580 Α
2120 511 2286 568 nobis
2314 511 2696 570 transmissas
2740 511 2856 584 (28)
2911 509 3390 582 complectentem
3418 525 3433 577 ;
3480 507 3758 566 asterisco

360 605 540 662 codex
630 604 743 660 iste
827 605 1088 676 repertus
1172 607 1276 668 est,
1354 601 1569 674 gaudio
1638 619 1792 673 vero,
1855 603 2003 674 quod

362 695 594 751 tandem
671 697 954 766 repertus.
1031 691 1210 761 Illico,
1270 692 1538 761 quamvis
1621 707 1790 763 quem
1860 695 2003 747 tunc

359 800 544 842 unum
576 798 780 855 rogare
803 782 963 853 potui
986 780 1172 837 virum
1195 779 1641 849 eximium,tum
1673 780 2004 837 communis

357 872 556 944 patrim
605 879 732 928 tum
790 871 1062 926 amicitiae
1114 886 1272 941 puras
1323 870 1576 926 vinculis
1622 870 1765 926 mihi
1797 870 2003 926 intime

351 962 794 1032 junctum,jam
827 959 1175 1030 importunis
1237 960 1380 1016 meis
1433 958 2001 1031 interpellationibus

359 1052 506 1106 satis
529 1051 904 1121 defatigatum
940 1047 1198 1105 ulteriori
1236 1049 1503 1104 molestia
1551 1050 1780 1105 afficere
1813 1049 2003 1104 formi-

360 1142 578 1211 darem,
612 1139 864 1212 potiores
895 1143 1089 1194 tamcn
1122 1139 1299 1208 hujus
1323 1138 1453 1194 libri
1489 1139 1779 1195 variantes
1811 1137 2004 1195 lectio-

355 1247 458 1286 nes
481 1228 836 1301 colligendas
858 1230 1079 1297 censui,
1104 1229 1314 1299 quibus
1337 1227 1620 1284 nonnulla
1641 1229 2004 1284 emendariet

354 1319 636 1376 illustrari
674 1335 841 1390 posse
865 1334 979 1374 non
1012 1317 1612 1388 immeritojudicavi;
1648 1318 1892 1390 ideoque
1913 1319 2004 1373 de-

355 1411 566 1467 siderio
593 1411 860 1467 timorem
895 1414 1226 1480 superante,
1261 1413 1326 1464 ut
1355 1413 1409 1465 et
1439 1409 1548 1466 hoc
1577 1410 1719 1466 mihi
1752 1414 2002 1480 praestet,

357 1498 522 1555 nulla
572 1499 875 1568 interjccta
916 1514 1076 1553 mora
1123 1497 1193 1553 ab
1223 1497 1409 1552 amico
1443 1497 1713 1569 ﬂagitavi.
1745 1499 1859 1555 Nec
1890 1500 2005 1554 fru-

358 1593 514 1644 stra:
549 1605 682 1644 mox
711 1587 918 1643 annuit
967 1586 1064 1642 ille
1095 1603 1193 1657 pro
1235 1586 1450 1658 insigni
1484 1603 1582 1642 sua
1613 1587 1671 1643 in
1705 1605 1797 1643 me
1827 1589 2003 1644 bene-

356 1677 648 1746 volentia;
679 1677 761 1732 ita
804 1693 916 1731 non
955 1676 1084 1732 sine
1130 1677 1316 1732 fructu
1351 1680 1623 1748 quartum
1657 1677 1812 1734 hunc
1844 1678 2002 1733 codi-

359 1783 506 1836 cem,
541 1773 821 1838 quantum
872 1771 1105 1837 tempus
1154 1783 1220 1822 ac
1251 1783 1343 1822 res
1386 1769 1521 1838 ipsa:
1564 1768 2000 1838 permittebant,

2115 603 2310 654 autem
2345 616 2442 654 eas
2475 599 2754 656 lectiones
2785 597 3132 667 notavimus,
3166 613 3292 670 qua:
3323 597 3382 654 in
3409 602 3636 654 textum
3669 612 3764 653 re-

2114 687 2395 760 cipiendae
2449 689 2816 746 videbantur.
2840 688 3038 754 Quoad
3099 703 3192 745 res
3232 691 3409 760 atque
3449 687 3764 744 sententias

2114 781 2307 834 notatu
2332 779 2508 850 digna
2535 795 2648 834 non
2680 781 3014 845 occurrunt,
3039 777 3086 833 si
3110 775 3344 833 titulum
3375 776 3628 848 excipias
3643 777 3762 848 jam

2112 883 2287 939 supra
2317 867 2367 938 (ξ
2395 869 2452 938 3)
2479 867 2840 939 descriptum
2897 870 2954 924 et
2998 867 3355 924 mentionem
3402 866 3612 934 morbi,
3647 881 3759 938 quo

2114 971 2174 1011 se
2205 957 2505 1012 detentum
2564 955 2707 1014 dicit
2761 960 2965 1014 auctor
3029 959 3181 1029 (cap.
3204 957 3298 1024 96,
3331 961 3452 1012 not.
3483 957 3571 1026 5);
3603 972 3762 1012 exor-

2114 1045 2275 1101 dium
2308 1045 2477 1117 plane
2507 1046 2660 1102 idem
2718 1050 2808 1102 est
2837 1051 2898 1102 ut
2954 1047 3014 1102 in
3071 1045 3201 1102 aliis
3250 1045 3571 1114 codicibus,
3608 1046 3753 1100 idem

2114 1152 2348 1207 quoque
2381 1137 2544 1206 finis;
2573 1152 2758 1208 neque
2779 1135 3340 1209 repeririquidpiam
3373 1136 3751 1209 potuit,qued

2112 1227 2383 1283 resBedae
2400 1227 2783 1298 episcopi,cui
2820 1227 3011 1284 hocin
3043 1227 3240 1283 codice
3265 1227 3409 1283 liber
3443 1227 3753 1298 inscriptus

2112 1320 2221 1386 est,
2255 1316 2467 1372 melius
2499 1331 2563 1372 ac
2594 1315 2908 1388 perfectius
2940 1316 3338 1372 adumbraret.
3378 1317 3506 1371 Haec
3539 1315 3759 1387 potiora

2115 1413 2270 1470 sunt,
2305 1422 2428 1477 quas
2477 1407 2548 1462 de
2597 1405 2715 1461 Col.
2770 1405 2963 1462 codice
3006 1405 3107 1461 diu
3141 1406 3419 1478 requisita
3448 1410 3505 1462 et
3523 1405 3756 1461 tandem

2114 1495 2188 1550 ab
2215 1494 2401 1550 amico
2431 1510 2591 1565 usque
2639 1496 2808 1551 docto
2861 1511 2927 1550 ac
2979 1496 3242 1552 modesto
3275 1494 3513 1552 feliciter
3535 1495 3759 1550 detecto

2116 1583 2842 1640 animadvertendababeo.
2874 1583 3070 1654 Neque
3091 1583 3186 1639 hic
3216 1584 3383 1640 stetit
3413 1583 3630 1656 egregii
3655 1583 3760 1640 viri

2113 1670 2295 1739 labor,
2348 1673 2448 1728 sed
2479 1687 2579 1728 sua
2622 1676 2828 1743 sponte
2855 1673 2968 1728 alia
3000 1671 3176 1744 hujus
3202 1673 3396 1745 operis
3431 1689 3570 1728 mss.
3604 1674 3762 1730 inve—

2116 1763 2239 1818 nire
2271 1767 2631 1834 satagens,et
2658 1763 2930 1820 Ottobon.
2961 1765 3087 1820 cod.
3123 1781 3179 1821 n.
3213 1766 3283 1819 27
3308 1774 3508 1822 nactus
3539 1766 3760 1837 est,qui

359 1857 636 1912 adhibere
689 1856 878 1911 adhuc
922 1855 1106 1911 licuit.
1142 1855 1318 1912 Porro
1367 1855 1772 1912 Columnensis
1801 1857 2000 1925 codex,
2035 1850 2080 1912 Β
2115 1858 2308 1908 tamen
2340 1851 2484 1908 nulli
2519 1851 2776 1924 amplius
2808 1855 2939 1909 usui
2980 1858 3130 1922 erat;
3176 1871 3312 1910 nam
3335 1856 3602 1911 eumdem
3633 1871 3759 1912 om-

357 1950 424 2001 ut
441 1947 560 2016 jam
584 1945 768 2000 Maius
782 1945 1132 2010 observaret,
1147 1943 1441 2015 exemplar
1466 1945 1796 2017 suppeditat
1814 1962 2006 2002 emen-

361 2033 730 2090 datissimum
757 2032 1063 2104 ;pluribus
1094 2033 1151 2088 in
1183 2032 1324 2089 locis
1373 2049 1503 2089 cum
1545 2034 1878 2090 Monacensi
1909 2051 2007 2090 no-

358 2127 478 2180 stro
529 2121 768 2178 omnino
818 2122 1150 2190 concordat,
1205 2122 1442 2195 saepius,
1485 2123 1583 2179 ubi
1629 2123 1819 2180 varias
1850 2123 2007 2180 inter

359 2211 638 2268 lectiones
671 2211 1002 2284 eligendum
1036 2211 1202 2268 nobis
1242 2217 1384 2277 erat,
1435 2213 1737 2269 lectionem
1772 2230 1806 2269 a
1837 2213 2008 2269 nobis

365 2302 698 2373 adoptatum
720 2301 1046 2367 conﬁrmat,
1066 2301 1121 2356 in
1143 2300 1269 2357 aliis
1291 2319 1420 2358 vero
1455 2303 1616 2372 locis,
1651 2303 1840 2374 iisque
1861 2319 2004 2375 pau-

365 2391 641 2460 cioribus,
703 2391 872 2446 nobis
932 2391 1275 2462 refragatur.
1325 2391 1522 2447 Plures
1583 2408 1720 2447 sane
1744 2393 2004 2463 ejusdem

363 2478 644 2537 lectiones
683 2478 988 2550 amplexus
1037 2495 1245 2545 essem,
1278 2480 1326 2534 si
1386 2480 1526 2535 mihi
1576 2484 1746 2536 antea
1797 2486 2006 2551 praesto

359 2569 628 2625 fuissent.
662 2567 877 2623 Verum
926 2569 1066 2623 dum
1098 2567 1170 2624 iis
1213 2569 1506 2634 carebam,
1541 2569 1722 2625 nimia
1765 2570 2007 2626 fortasse

360 2656 648 2712 anxietate
697 2657 927 2724 ductus,
961 2656 1223 2728 religioni
1285 2656 1429 2712 mihi
1463 2657 1766 2724 ducebam,
1801 2663 2004 2715 contra

363 2761 503 2801 mss.
539 2745 962 2812 auctoritatem,
997 2745 1189 2816 prouti
1230 2749 1368 2800 tunc
1409 2746 1702 2818 explorata
1733 2763 1852 2818 era,
1881 2749 2006 2804 sine

366 2849 540 2891 causa
605 2833 943 2905 gravissima
999 2834 1309 2891 immutare
1366 2840 1637 2905 textum;
1681 2853 1785 2893 nec
1832 2854 2008 2893 causa

367 2924 508 2981 satis
540 2926 732 2997 gravis
764 2924 906 2980 mihi
941 2924 1244 2981 videbatur
1273 2925 1452 2982 dictio
1491 2927 1684 2982 minus
1716 2927 2008 2983 interdum

369 3016 842 3085 concinnaatque
873 3013 1048 3070 etiam
1081 3016 1590 3086 grammaticarum
1615 3018 2002 3087 quarumdam

362 3105 557 3177 legum
579 3103 878 3176 neglectio,
899 3120 1021 3173 quae
1055 3104 1222 3159 facile
1240 3104 1296 3159 in
1326 3106 1659 3175 posterioris
1683 3106 2004 3162 Graecitatis

2112 1941 2249 1998 nino
2269 1949 2468 2014 typum
2502 1959 2614 2012 prae
2638 1958 2701 1998 se
2733 1943 2841 1998 fert
2863 1959 2928 1998 ac
2961 1943 3329 2001 Monacensis
3360 1950 3556 2000 noster
3585 1949 3643 2000 et
3670 1961 3761 2001 ve-

2109 2031 2218 2086 luti
2267 2047 2580 2102 germanus
2628 2033 2887 2103 ejusdem
2939 2032 3117 2089 frater
3166 2033 3471 2090 habendus
3501 2044 3587 2090 est
3618 2034 3754 2107 (29).

2112 2121 2394 2176 Caeterum
2415 2120 2702 2191 insignem
2737 2137 2862 2177 eam
2884 2121 3321 2190 liberalitatem,
3338 2140 3450 2196 qua
3464 2125 3762 2181 Vaticana:

2112 2209 2472 2266 bibliothecas
2533 2211 2790 2267 thesauri
2844 2211 3238 2271 Romanorum
3281 2215 3618 2285 pontificum
3651 2217 3761 2272 im-

2115 2317 2296 2372 pensa
2325 2318 2466 2357 cura
2498 2300 2724 2356 collecti
2755 2306 2812 2356 et
2853 2301 3191 2374 locupletati
3221 2304 3469 2361 eruditis
3500 2305 3627 2377 jam
3654 2307 3763 2362 du-

2115 2391 2250 2446 dum
2287 2390 2498 2462 aperiri
2528 2390 2814 2452 solebant,
2843 2407 2949 2464 ego
2976 2393 3120 2449 satis
3139 2393 3487 2466 abundeque
3510 2411 3639 2451 sum
3665 2413 3760 2452 cx-

2117 2483 2336 2552 pertus,
2369 2494 2616 2550 eamque
2669 2485 2835 2551 grata
2885 2486 3079 2538 mente
3120 2482 3342 2553 recolo;
3385 2485 3588 2541 multis
3635 2501 3764 2542 eam

2114 2569 2418 2641 praeconiis
2452 2567 2857 2625 celebrandam
2893 2574 3179 2642 putarem,
3213 2573 3328 2628 nisi
3358 2573 3482 2630 orbi
3511 2591 3578 2632 ea
3609 2581 3766 2633 esset

2114 2659 2425 2716 notissima
2455 2663 2512 2714 et
2540 2659 2711 2715 laude
2733 2660 2937 2730 quavis
2963 2661 3134 2733 longe
3165 2664 3446 2736 superior.

2181 2749 2303 2807 VII.
2332 2750 2464 2806 Jam
2513 2750 2658 2806 ratio
2706 2751 2872 2807 nobis
2921 2753 3220 2811 reddenda
3275 2760 3367 2812 est
3412 2757 3481 2814 de
3517 2756 3605 2826 iis,
3628 2775 3762 2830 qua

2113 2839 2172 2894 in
2197 2841 2352 2896 notis
2376 2841 2565 2896 Photii
2591 2840 2741 2897 libro
2773 2841 2968 2898 addita
3012 2843 3190 2900 fuere.
3225 2844 3286 2900 In
3318 2847 3518 2917 primis
3548 2850 3757 2906 sedulo

2116 2929 2448 2986 notavimus
2476 2930 2668 2986 varias
2700 2931 2960 3002 ejusdem
3022 2939 3216 3005 partes
3263 2938 3433 2994 modo
3461 2937 3756 2997 breviores

2116 3018 2288 3073 modo
2330 3017 2642 3090 longiores,
2674 3037 2801 3092 qua:
2834 3022 2987 3092 apud
3040 3023 3186 3081 alios
3225 3025 3624 3099 allegabantur
3653 3049 3764 3088 au-

2121 3113 2334 3176 ctores;
2389 3109 2597 3164 deinde
2626 3114 2682 3164 et
2715 3109 2880 3180 plura
2927 3111 3362 3184 subjunximus,
3396 3134 3522 3189 quae
3571 3120 3770 3178 Photii

363 3195 681 3258 auctorem,
713 3206 963 3264 eumque
995 3191 1126 3247 licet
1155 3191 1639 3262 eruditissimum,
1665 3202 1859 3251 tamen
1888 3213 2003 3252 ser-
2034 3173 2084 3236 θ
2122 3199 2698 3254 verbisetsententiis
2719 3173 3083 3257 illustrandis
3106 3203 3226 3260 visa
3249 3173 3772 3283 suntopportuna;

367 3281 561 3338 monis
591 3281 890 3352 elegantiae
921 3298 986 3337 ac
1009 3281 1249 3352 puritati
1282 3282 1437 3338 haud
1474 3301 1817 3354 magnopere
1847 3286 2006 3342 dedi-

369 3375 506 3439 tum,
529 3369 648 3426 imo
678 3370 736 3425 in
769 3370 1070 3426 scribendo
1111 3370 1274 3442 justo
1307 3371 1788 3444 negligentiorem
1839 3377 1915 3444 et,
1947 3378 2012 3429 ut

366 3459 492 3529 ipse
545 3458 761 3514 indicat
844 3459 1088 3529 (Praefat.
1142 3459 1202 3514 in
1260 3459 1600 3531 Amphiloch.
1663 3462 1864 3528 Qumt.
1918 3463 2009 3519 ed.

372 3547 556 3604 Scotti
595 3563 726 3620 pag.
782 3547 855 3617 3),
907 3543 1046 3615 λέξει
1097 3543 1478 3622 ἐξειργασμένῃ
1523 3547 1893 3618 καλλωπίζειν
1945 3551 2013 3606 τὰ

373 3636 716 3713 συντάγματα
773 3637 1006 3710 penitus
1051 3641 1458 3709 jespuentem,
1517 3641 1717 3696 cadere
1773 3641 2013 3701 omnino

369 3730 708 3798 potuerunt.
760 3725 926 3782 Nunc
957 3735 1146 3784 autem
1179 3727 1478 3783 nonnullis
1504 3728 1752 3798 Monac.,
1778 3730 1933 3786 sicut
1961 3739 2015 3788 et

368 3815 937 3884 Palat.,lectionibus
969 3833 1179 3873 novum
1214 3818 1390 3872 robur
1425 3834 1490 3873 ex
1517 3817 1739 3875 Colum.
1774 3821 2013 3891 accedit,

371 3905 633 3961 duriores
676 3905 944 3977 quaadam
1003 3906 1246 3978 phrases
1300 3923 1576 3978 vocesque
1615 3907 2012 3979 emolliuntur,

371 3994 666 4051 interdum
698 3999 755 4051 et
777 3993 993 4051 clarius
1024 3996 1209 4051 Photii
1262 4013 1428 4053 mens
1462 3998 1718 4068 patescit.
1750 4000 1861 4054 Sed
1897 3999 2016 4056 haec

373 4085 608 4141 nonnisi
634 4101 818 4156 pauca
864 4085 992 4141 libri
1026 4084 1148 4141 loca
1179 4085 1462 4143 afficiunt.
1494 4092 1624 4143 Jam
1663 4104 1816 4154 vero,
1861 4091 2015 4161 quod

371 4191 556 4230 unum
599 4174 791 4231 adhuc
845 4183 1115 4246 praestare
1148 4177 1468 4246 potuimus,
1507 4177 1820 4248 praestituri
1849 4180 2015 4234 abso-

367 4263 499 4319 lutae
530 4280 596 4320 ac
628 4263 1030 4333 perfectazjam
1063 4265 1252 4333 operis
1283 4264 1523 4319 editioni
1545 4266 1895 4322 variantium
1930 4267 2017 4323 le-

369 4354 630 4408 ctionum
681 4351 1012 4420 catalogum
1065 4352 1451 4419 praemisimus
1489 4353 1616 4424 (27),
1651 4360 1858 4424 praeter
1895 4373 2014 4427 eas,

365 4458 490 4512 quae
517 4441 637 4510 jam
675 4454 744 4493 ex
795 4437 945 4494 Maio
995 4440 1296 4510 descriptae
1335 4441 1580 4510 fuerant,
1614 4443 1856 4515 illasque
1887 4461 2014 4517 qua)

365 4531 434 4583 ad
469 4527 604 4582 libri
639 4527 816 4583 finem
848 4527 1182 4585 referuntur
1207 4546 1491 4600 quasque,
1525 4537 1589 4587 ut
1622 4535 1816 4589 statim
1851 4550 2012 4592 acce-

365 4616 582 4687 pimus,
616 4614 696 4672 ita
736 4617 806 4672 ad
853 4615 1051 4689 ipsum
1109 4623 1328 4675 textum
1378 4619 1773 4690 adhibuimus,
1806 4640 2009 4684 omnes

368 4741 436 4798 R.
470 4742 853 4802 Montacutio.
887 4745 1004 4801 Hoc
1032 4747 1227 4802 codice
1247 4765 1392 4804 usus
1421 4755 1507 4803 est
1539 4749 1916 4808 Card.Maius
1946 4751 2004 4808 in

367 4814 613 4892 _ed_e_nd_is
634 4816 857 4892 Leontii
881 4818 1178 4887 Byzantini
1196 4821 1429 4892 scriptis
1453 4821 1544 4891 (cf.
1570 4821 1834 4892 Spicz'lcg.
1853 4825 2002 4882 Rom.

360 4890 414 4964 ξι
435 4884 502 4954 Χ,
535 4887 690 4964 Praef
732 4905 786 4964 p.
812 4905 894 4964 gv,
925 4884 999 4946 'et
1029 4897 1151 4949 not.
1212 4892 1285 4948 ad
1317 4884 1394 4964 'p.
1443 4884 1560 4964 151)
1589 4884 1617 4958 ;’
1635 4900 1692 4950 et
1721 4884 2002 4952 Theodori

359 4954 753 5028 Mopsuesteni
793 4954 1173 5036 fragmentis
1223 4954 1400 5036 (Νοὺα
1431 4954 1657 5022 ουιιζί.
1694 4966 1788 5033 Vl,
1835 4968 2000 5024 Praef.

364 5045 425 5100 p.
448 5045 596 5102 xxn,
623 5036 680 5084 et
710 5047 765 5102 p.
789 5032 938 5100 298).

429 5102 542 5181 (g7)
569 5101 879 5158 Jam’nunc
910 5104 1048 5181 istas
1069 5106 1362 5181 variantes
1395 5107 1670 5164 lectiones
1704 5111 1998 5181 proprium

355 5171 654 5252 adducam
697 5177 1058 5252 reponendus
1091 5180 1448 5235 curavimus.
1489 5181 1668 5252 (Enrr.
1705 5171 1861 5252 bovi)

428 5245 690 5324 (28)_Quo
723 5262 815 5302 res
837 5247 1082 5324 celerius
1102 5267 1168 5305 ac
1199 5253 1461 5324 securius
1495 5245 1678 5321 iteret,
1714 5245 1996 5324 folia'jam

356 5317 853 5393 typisimpressa
900 5318 1142 5393 Romam
1183 5323 1479 5393 misimus,
1511 5330 1567 5380 et
1615 5317 1699 5381 sic
1728 5317 2000 5381 accurata

357 5388 550 5458 potuit
580 5388 808 5445 collatio
840 5389 1091 5447 institui.

423 5459 537 5532 (29)
571 5460 789 5517 Revera
837 5460 1106 5519 Ottobon.
1169 5466 1348 5521 codex
1401 5467 1470 5521 27
1527 5467 1775 5524 chartae.
1812 5468 1871 5524 in
1897 5467 1995 5525 fol.

352 5531 812 5615 eadem'ra’t‘i‘ope
856 5538 924 5615 ut
967 5536 1185 5615 Monac.
1218 5539 1570 5615 suppeditat
1598 5540 1998 5615 Actagccncilii

351 5604 630 5694 pctayiq.
780 5607 931 5694 seq.)
962 5611 1020 5694 et
1051 5609 1257 5694 synodi
1280 5604 1582 5694 .P'holianae
1606 5628 1658 5667 a.
1681 5611 1997 5694 ὄψα-317

350 5675 537 5758 seq);
569 5675 778 5760 deinde
807 5675 934 5747 (385
955 5681 1009 5747 a)
1041 5675 1246 5737 eadem
1276 5680 1659 5765 inscriptione
1703 5688 1760 5738 et
1788 5675 1997 5740 iisdem

351 5748 545 5805 verbis
577 5749 644 5807 14
663 5748 765 5808 illa
783 5757 1128 5824 argumenta
1157 5767 1225 5811 ex
1254 5752 1544 5826 encycllca
1566 5769 1657 5824 sp.
1686 5754 1996 5826 desumpta

2119 3289 2442 3362 praesertim
2472 3305 2630 3357 vero,
2661 3307 2788 3361 qua
2820 3291 2956 3347 alibi
2989 3292 3110 3364 ipse
3140 3294 3198 3351 in
3238 3299 3503 3355 eamdem
3539 3308 3774 3358 senten-

2119 3378 2261 3432 tiam
2295 3377 2617 3448 disputavit
2658 3395 2902 3451 quaeque
2964 3397 3031 3437 ex
3080 3382 3187 3439 hoc
3245 3385 3392 3444 libro
3425 3391 3777 3460 posteriores

2123 3467 2452 3523 Graecorum
2483 3466 2990 3525 schismaticorum
3021 3471 3274 3546 theologi
3297 3476 3770 3551 desumpserunt.

2121 3555 2347 3612 Etenim
2374 3557 2642 3626 quamvis
2675 3557 2792 3613 haec
2824 3558 3011 3615 Photii
3059 3561 3387 3622 dissertatio
3410 3566 3489 3622 nil
3521 3569 3640 3626 fere
3664 3587 3773 3628 no-

2120 3663 2256 3702 vum
2289 3662 2392 3701 nec
2427 3645 2562 3702 alibi
2597 3647 2818 3704 dictum
2879 3651 3198 3721 contineat,
3230 3671 3402 3712 suum
3461 3663 3658 3716 tamen
3695 3663 3769 3719 de

2122 3736 2485 3808 processione
2534 3737 2791 3808 Spiritus
2841 3742 3026 3798 sancti
3087 3742 3364 3814 placitum
3426 3748 3588 3805 nullo
3649 3752 3767 3810 alio

2123 3841 2294 3896 opere
2347 3843 2410 3880 ea
2468 3826 2769 3883 dialectica
2835 3830 3194 3899 dexteritate,
3254 3851 3318 3890 ea
3377 3840 3767 3910 expositionis

2126 3914 2384 3971 ubertate
2415 3916 2784 3974 corroborare
2823 3935 2886 3974 ac
2940 3922 3165 3978 munire
3195 3922 3356 3982 visus
3387 3931 3495 3999 est,
3530 3929 3774 4002 qualem

2124 4020 2271 4074 opus
2331 4009 2596 4062 nostrum
2655 4007 2932 4074 ostendit,
2985 4012 3132 4080 quod
3187 4012 3316 4070 ideo
3373 4017 3524 4072 inter
3567 4022 3778 4078 omnia

2125 4094 2388 4164 ejusdem
2419 4095 2648 4164 generis
2674 4095 2955 4153 Photiana
2987 4101 3268 4170 opuscula
3302 4105 3625 4178 principem
3658 4109 3784 4166 sibi

2126 4179 2378 4236 vindicat
2408 4181 2626 4238 locum.
2659 4182 3050 4246 Quamobrem
3091 4187 3289 4246 lectori
3334 4208 3447 4248 non
3477 4193 3780 4266 ingratum

2129 4274 2292 4340 puto,
2318 4272 2474 4343 quod
2508 4272 2566 4328 in
2601 4274 2751 4328 notis
2770 4273 2842 4329 ob
2865 4275 3068 4332 oculos
3100 4294 3312 4348 ponere
3341 4286 3584 4338 conatus
3617 4299 3786 4354 sum,

2128 4374 2254 4429 quae
2287 4361 2344 4414 in
2377 4361 2507 4416 aliis
2539 4360 2880 4431 bujusmodi
2911 4365 3101 4420 Photii
3128 4367 3293 4423 libris
3319 4386 3576 4428 consona
3609 4389 3785 4447 repe-

2127 4448 2370 4517 riantur,
2420 4467 2534 4522 quo
2589 4456 2757 4524 pacto
2807 4453 2944 4509 alibi
2973 4463 3243 4513 versutus
3294 4459 3392 4514 ille
3438 4461 3788 4522 schismatis

2123 4554 2340 4608 parens
2381 4541 2584 4598 eadem
2627 4549 2974 4614 argumenta
2995 4545 3285 4617 evolverit,
3309 4549 3528 4621 quibus
3557 4567 3628 4610 ea
3658 4554 3785 4610 for-

2119 4627 2232 4683 mis
2273 4645 2376 4700 pro
2408 4630 2627 4703 ingenii
2672 4633 3021 4690 fecunditate
3068 4635 3410 4708 investierit,
3455 4657 3600 4698 novo
3649 4644 3785 4702 fere

2115 4756 2268 4840 (vide
2297 4761 2520 4840 §‘2,Me_t_
2559 4761 2668 4829 §4,
2719 4763 2917 4840 not._2)
2967 4764 3239 4840 exhibet;
3286 4769 3488 4840 eodem
3546 4771 3783 4840 pariter

2113 4835 2285 4914 pacto
2310 4831 2373 4914 (ς’.
2404 4831 2528 4914 38])
2575 4849 2708 4914 cum
2761 4831 2951 4890 verbis
2981 4836 3096 4893 illis
3128 4857 3152 4914 :_
3174 4831 3284 4895 res
3313 4831 3628 4914 aetoﬁjrépi
3659 4849 3778 4912 τῆς

2109 4898 2425 4986 τοῦ.ἀγίου.
2465 4898 2778 4986 Ilva-lustror;
2837 4908 3218 4986 pustaymyla:
3275 4931 3327 4986 te.
3386 4933 3437 4968 τ.
3488 4898 3781 4986 λ.ὀριίέ

2115 4977 2378 5054 nostrum
2413 4977 2750 5054 introducit,
2769 4977 2924 5054 quod
2949 4987 3004 5054 et
3027 4977 3121 5037 hic
3142 4984 3416 5041 mutilum
3449 4977 3780 5054 reperitur,

2113 5044 2427 5168 etﬂuidem
2447 5046 2481 5100 f.
2517 5044 3067 5136 401a.ad'eamdem
3097 5056 3444 5140 particulam
3479 5044 3784 5116 sidesinit

2113 5115 2182 5168 {Vl
2233 5132 2262 5168 ϐ
2291 5119 2500 5168 800123
2541 5122 2593 5168 2.
2647 5123 2882 5168 nnt-3l:
2945 5142 3212 5168 nmnimn
3265 5127 3541 5168 Innhnnne
3593 5130 3783 5168 lanius!

2111 5115 2262 5195 (vide
2291 5132 2450 5184 supr.
2474 5119 2593 5195 §__2,
2647 5126 2765 5175 not.
2793 5123 2884 5192 3);
2945 5115 3212 5195 quinimo
3264 5127 3542 5186 lectiones
3592 5115 3792 5188 habet

2112 5187 2228 5272 fere
2257 5187 3217 5272 omnes.quacensiipeculiares,
3251 5215 3335 5272 ne,
3363 5201 3590 5256 mendis
3629 5187 3786 5272 qui-

2110 5258 2240 5343 dem
2274 5259 2613 5343 scriptionis
2646 5258 2919 5343 exceptis.
2954 5268 3048 5343 Sic
3079 5258 3216 5343 (ετ-ιζ
3241 5287 3295 5341 ρ.
3319 5271 3354 5326 3
3395 5277 3540 5342 (not.
3578 5258 3789 5343 1).‘le-

2109 5330 2300 5414 gitur;
2338 5330 2735 5414 Ιξρλισςίχοιμ
2786 5330 2926 5394 ibid.
2978 5340 3060 5412 (η.
3103 5339 3158 5411 ἄ)
3185 5330 3204 5398 ί
3241 5330 3568 5414 ἢενήᾶεταη
3611 5330 3675 5400 ὀ.
3715 5347 3783 5400 2.

2109 5402 2229 5484 ρ..4
2261 5403 2410 5472 (Π.3)
2439 5401 2629 5484 :_d<1.'.
2669 5402 2917 5484 213,905...
3344 5401 3567 5468 ἕκουσίά
3594 5417 3646 5472 ei
3689 5417 3790 5473 sic

2108 5474 2405 5556 deinceps.
2436 5476 2514 5530 De
2537 5485 2697 5556 astate
2724 5474 2948 5556 codicis
2981 5474 3126 5540 mihi
3157 5474 3446 5556 scriptum
3488 5487 3591 5544 fuit
3621 5503 3780 5544 eum

2106 5545 2175 5626 ad
2231 5561 2360 5601 saac.
2401 5563 2494 5616 xv,
2524 5548 2610 5626 vel
2642 5550 2832 5626 potius
2881 5569 2974 5609 xv:
3035 5545 3358 5626 pertinere;
3418 5560 3491 5614 ad
3553 5560 3784 5616 eadem

2105 5619 2366 5703 tempora
2397 5624 2624 5703 _spectat
2679 5619 3057 5703 Monacensis:
3111 5627 3316 5703 omnia
3345 5619 3581 5701 'optime
3614 5648 3792 5703 qua-

2106 5686 2308 5765 drent;
2344 5690 2413 5765 ad
2431 5686 2628 5765 unum
2665 5693 2836 5765 plane
2870 5697 3085 5756 fontem
3119 5686 3480 5760 reducuntur
3505 5686 3789 5762 tumidi-

2108 5759 2303 5832 tobon,
2338 5764 2464 5816 tum
2500 5759 2887 5824 Monacensis.
