4084 6210
349 355 422 415 73
913 355 1013 416 ns
1056 351 1118 414 s.
1166 349 1527 415 srmrrus
1572 349 2109 413 MYSTAGOGIA.
2158 383 2233 396 -
2274 354 2332 414 ι.
2387 354 2622 418 HERG.
2670 356 3108 422 PBIEFATIO.

3603 371 3722 432 274

315 506 539 564 semper
568 491 741 548 modo
772 490 974 547 eadem
1005 491 1174 562 plane
1195 489 1500 547 inculcans
1523 505 1590 547 ac
1613 506 1731 546 sua
1762 488 1950 562 gentis
1981 489 2036 556 Α
2064 488 2464 549 additamento
2517 494 2696 550 tribui
2744 498 2972 568 poterit.
3025 499 3239 556 Textus
3278 517 3410 558 vero
3451 506 3716 576 praedicti

315 581 707 654 scphistarum
738 585 892 637 artes
924 580 1181 653 undique
1204 581 1471 636 excolens
1501 583 1559 636 et
1581 579 1955 651 profundens.

2071 581 2198 635 cod.
2233 582 2499 650 Caesarei,
2534 601 2668 640 cum
2701 601 2816 657 quo
2847 587 2994 644 alter
3011 589 3276 659 ejusdem
3327 591 3713 667 bibliothecae,

314 668 1957 742 Porroejusmodicomparationiiuserviunt:l)ejusdem
2069 669 2162 724 Gr.
2215 670 2424 742 philos.
2473 674 2578 728 258
2616 675 2982 746 (Lambeccio
3031 679 3117 749 43)
3173 683 3502 752 concordat,
3556 687 3709 756 apud

310 761 378 817 ad
410 759 661 816 Orientis
693 759 973 831 presules
1013 759 1261 816 celebris
1299 759 1402 815 illa
1438 756 1745 829 eucyclica,
1785 757 1952 827 cujus

303 849 422 921 jam
455 849 814 906 mentionem
844 849 1090 907 fecimus
1113 850 1192 919 (§§
1220 852 1276 915 2,
1307 849 1359 920 4)
1383 863 1627 920 quaeque
1659 862 1759 918 pro
1791 849 1954 917 parte

309 943 510 998 saltem
543 942 656 998 huc
683 946 983 1013 spectante
1011 941 1070 998 in
1095 942 1229 999 aliis
1249 941 1549 998 codicibus
1581 939 1737 1010 operi
1757 947 1952 995 nostro

307 1029 618 1103 preligitur
648 1031 734 1102 (ut
780 1031 840 1086 in
892 1032 1114 1088 Monac.
1165 1035 1223 1086 et
1272 1030 1463 1087 Ottob.
1505 1029 1648 1100 cit.).
1710 1029 1767 1084 in
1821 1027 1952 1084 aliis

303 1122 634 1193 subjicitur,
669 1123 828 1180 unde
857 1127 915 1178 et
943 1122 1090 1179 liber
1121 1126 1318 1180 noster
1347 1119 1515 1197 λόγος
1536 1121 1581 1174 α’
1611 1119 1952 1176 inscribitur

300 1211 503 1282 (Vatic.
537 1212 635 1268 cit.
667 1211 844 1278 Allat,
873 1228 925 1269 c.
959 1212 1218 1285 Hotting.
1253 1229 1309 1284 p.
1347 1212 1507 1282 196);
1541 1210 1750 1267 deinde
1779 1209 1836 1280 2)
1867 1209 1948 1264 al-

304 1305 422 1358 tera
449 1302 522 1357 ad
553 1300 986 1374 Aquileiensem
1008 1301 1327 1359 antistitem
1355 1299 1616 1372 epistola,
1650 1317 1682 1356 a
1703 1298 1947 1355 Baronio

300 1391 390 1461 (ad
430 1406 484 1446 a.
527 1391 659 1464 883)
700 1390 922 1458 Latine,
956 1407 990 1446 a
1037 1389 1382 1447 Combeﬁsio
1439 1394 1495 1445 et
1542 1389 1615 1444 ab
1672 1387 1946 1443 Anthimo

300 1479 713 1537 Rhemuiceusi
741 1481 857 1552 (30)
888 1481 1081 1537 Graece
1103 1481 1296 1547 edita;
1329 1495 1394 1534 ac
1417 1477 1665 1549 denique
1698 1478 1751 1549 3)
1778 1477 1945 1533 breve

301 1567 446 1625 illud
477 1568 855 1641 opusculum,
890 1569 1041 1640 quod
1073 1567 1424 1640 Euthymius
1470 1567 1795 1640 Zigabenus
1835 1568 1945 1622 sub

302 1657 488 1714 Photii
522 1657 766 1714 numine
806 1659 1086 1730 Panoplias
1124 1675 1240 1714 suae
1290 1657 1376 1712 tit.
1415 1657 1481 1710 13
1509 1655 1760 1712 inseruit
1806 1655 1940 1726 (31).

2067 758 2440 829 Euthymium
2460 763 2634 818 etiam
2687 770 2913 835 prostat
2941 767 3120 836 (brevi
3164 776 3401 842 excepta
3449 789 3715 845 paragra-

2061 847 2196 920 pho)
2219 864 2354 905 cum
2384 852 2586 908 eodem
2609 852 2797 909 Photii
2831 853 3021 911 libello
3051 858 3426 930 conjunctus,
3459 863 3559 919 sed
3585 867 3714 921 tan-

2063 953 2240 1009 quam
2273 939 2617 1012 desumptus
2668 957 2736 996 ex
2765 942 2874 998 alio
2925 944 3160 1000 omnino
3192 952 3468 1020 auctore;
3510 952 3710 1022 ibique

2062 1025 2122 1082 in
2173 1028 2284 1084 line
2314 1029 2395 1101 (p.
2435 1031 2554 1103 120)
2605 1030 2783 1088 Alexii
2822 1031 3190 1104 imperatoris
3241 1053 3374 1093 cum
3423 1039 3707 1100 Mediola-

2059 1117 2228 1173 neusi
2278 1118 2535 1176 antistite
2587 1120 2944 1192 disputantis
2985 1123 3139 1194 (sese.
3193 1126 3295 1196 xu)
3345 1127 3410 1182 ﬁt
3458 1133 3701 1188 mentio.

2059 1207 2229 1278 Sane,
2261 1208 2342 1264 uti
2391 1213 2596 1276 exstat,
2630 1215 2835 1266 neuter
2882 1215 3070 1268 textus
3111 1213 3183 1268 ad
3217 1213 3402 1271 Photii
3449 1220 3709 1291 tempora

2059 1297 2356 1369 pertingit,
2388 1313 2493 1354 nec
2532 1298 2659 1355 sine
2706 1299 2928 1356 ratione
2968 1304 3153 1356 totum
3203 1301 3467 1362 libellum
3513 1310 3704 1379 quiin

2058 1402 2196 1442 mss.
2227 1386 2572 1459 plerumque
2602 1405 2634 1442 a
2666 1388 2850 1444 Photii
2882 1391 3158 1462 operibus
3206 1395 3509 1465 sejunctus
3553 1413 3708 1454 com-

2057 1479 2239 1547 paret,
2273 1479 2328 1532 et
2365 1476 2524 1547 alibi,
2557 1477 2732 1532 etiam
2774 1482 2960 1550 quoad
2999 1483 3252 1552 priorem
3291 1487 3540 1556 partem,
3591 1487 3702 1542 sub

2054 1565 2270 1622 Nicolai
2303 1568 2699 1624 Methonensis
2731 1570 2967 1626 nomine
3012 1575 3204 1643 prodit
3232 1574 3366 1646 (35),
3405 1575 3700 1645 epitomen

2052 1661 2108 1713 et
2139 1657 2418 1728 syuopsin
2456 1673 2523 1713 ex
2565 1657 2753 1712 Photii
2799 1659 3295 1730 disputationibus
3335 1663 3581 1720 fortasse
3627 1665 3700 1722 ab

299 1747 556 1804 Graecam
587 1747 765 1818 hujus
811 1747 1098 1818 Panoptiz
1153 1746 1469 1802 editionem
1499 1761 1652 1802 anno
1684 1745 1823 1800 1710
1880 1745 1938 1800 in
1979 1809 2018 1826 ἢ
2053 1747 2254 1803 eodem
2303 1747 2538 1805 Nicolao
2579 1747 2940 1806 elaboratam
3005 1753 3249 1810 diceres.
3297 1753 3496 1826 Neque
3545 1755 3704 1810 Wal-

299 1835 601 1892 Walachia
624 1809 996 1908 publicatam,
1019 1853 1146 1908 qua:
1169 1852 1286 1891 una
1306 1835 1460 1890 hunc
1483 1833 1715 1889 titulum
1739 1839 1942 1890 contra
1977 1809 2019 1873 Β
2051 1836 2245 1892 chium
2287 1841 2344 1892 et
2391 1836 2715 1892 Fabricium
2764 1843 2965 1896 contra
3019 1809 3295 1898 Allatium
3338 1809 3701 1900 adthentiam

301 1926 528 1982 Latinos
561 1925 754 1982 Graece
783 1925 1016 1982 exhibet
1056 1924 1192 1996 (32),
1236 1925 1335 1980 diu
1389 1923 1600 1979 frustra
1631 1924 1938 1995 quaasitam

301 2013 529 2069 tandem
567 2012 915 2068 Vindobonre
960 2013 1184 2085 inspexi
1240 2015 1296 2068 et
1347 2026 1476 2066 cum
1511 2011 1788 2066 nonuulis
1817 2013 1936 2066 Cte-

303 2117 474 2158 sarea
521 2100 891 2158 bibliotheca
921 2117 1060 2157 mss.
1096 2100 1334 2157 contuli.
1368 2100 1429 2155 Id
1463 2099 1520 2155 in
1564 2099 1767 2170 primis
1811 2099 1936 2154 ani-

299 2191 596 2260 madverti,
629 2207 746 2247 non
779 2199 994 2246 temere
1035 2189 1302 2246 Allatium
1335 2189 1513 2260 hujus
1544 2187 1801 2259 cpusculi
1832 2205 1934 2244 au-

297 2279 583 2338 thentiam
613 2287 944 2352 suspectam
993 2279 1292 2347 habuisse,
1325 2277 1608 2350 illudque,
1639 2279 1689 2333 si
1747 2293 1939 2333 revera

296 2369 481 2426 Photii
526 2369 626 2436 sit,
680 2368 890 2425 saltem
938 2367 1350 2440 interpolatum
1403 2382 1529 2422 esse
1574 2364 1934 2437 habendum,

283 2457 440 2515 nullo
471 2473 605 2514 vero
637 2461 806 2530 pacto
837 2457 947 2513 hoc
998 2456 1271 2528 jejunum
1329 2459 1387 2512 et
1442 2455 1588 2512 exile
1645 2456 1936 2527 scriptum

284 2564 414 2606 cum
443 2563 620 2618 opere
640 2548 714 2603 De
742 2545 991 2619 Spiritus
1010 2545 1190 2602 sancti
1211 2545 1562 2618 mystagogia
1584 2561 1752 2615 posse
1778 2561 1935 2601 com-

287 2637 493 2712 parari.
531 2637 716 2708 Hujus
748 2635 1084 2692 brevissimi
1125 2639 1408 2692 tractatus
1445 2639 1666 2690 textum
1697 2633 1936 2690 editioni

291 2743 423 2786 mea:
456 2726 936 2798 subjungendum
967 2741 1096 2782 esse
1126 2728 1286 2781 ratus
1315 2739 1472 2792 sum,
1504 2727 1630 2778 tum
1653 2723 1791 2795 quia
1818 2741 1935 2779 non

287 2818 365 2873 ita
398 2815 570 2873 facile
599 2814 868 2878 occurrit,
895 2818 1016 2870 tum
1049 2813 1188 2886 quia
1226 2813 1407 2870 lector
1438 2828 1539 2883 per
1568 2828 1629 2869 se
1660 2813 1732 2868 de
1761 2829 1827 2868 eo
1849 2815 1940 2886 ju-

284 2905 498 2962 dicium
529 2905 678 2960 ferre
705 2903 1080 2960 desiderabit.
1120 2905 1194 2959 De
1226 2919 1342 2976 quo
1374 2902 1653 2974 opusculo
1686 2921 1933 2975 praemo-

283 2996 472 3052 nenda
503 2995 622 3050 hac
645 2993 936 3050 existimo.
962 2993 1125 3048 Prior
1158 3009 1292 3064 pars
1313 2994 1386 3063 (c.
1415 2995 1535 3062 1-8,
1560 3010 1684 3064 quae
1709 2994 1936 3053 facilius

286 3084 630 3158 patriarchae
650 3087 850 3138 nostro
871 3081 1150 3138 vindicari
1171 3086 1382 3155 potest,
1405 3083 1607 3140 eodem
1628 3083 1742 3140 fere
1766 3089 1932 3156 pacto

286 3175 500 3247 legitur
527 3173 684 3245 apud
715 3172 773 3227 J.
807 3173 1072 3240 Beccum,
1115 3172 1214 3243 qui
1245 3173 1452 3228 saeculo
1491 3188 1617 3243 xm,
1652 3172 1758 3228 hoc
1787 3191 1932 3246 opu-

284 3263 510 3322 sculum
543 3261 732 3318 Photii
767 3260 999 3316 nomine
1023 3261 1368 3332 insignitum
1402 3261 1784 3318 refellendum
1817 3264 1930 3320 sibi

276 3353 523 3424 sumpsit
551 3351 729 3422 (Orat.
761 3349 827 3406 de
857 3367 954 3406 un.
996 3349 1140 3408 Eccl.
1176 3349 1265 3410 Gr.
1297 3350 1507 3408 orthod.
1559 3369 1620 3422 ιι,
1673 3369 1728 3424 p.
1795 3354 1926 3410 151-

274 3443 418 3516 179),
452 3442 608 3512 apud
635 3439 1015 3513 Euthymium
1046 3446 1163 3513 (op.
1197 3441 1293 3497 cit.
1325 3441 1413 3498 tit.
1449 3447 1512 3514 ιγ’
1543 3459 1598 3514 p.
1636 3443 1748 3517 ριβ⁹
1779 3437 1927 3518 seq.)

273 3537 330 3590 et
359 3533 416 3588 in
467 3533 599 3588 cod.
645 3529 976 3587 Vindobon.
1033 3530 1232 3587 Theol.
1285 3529 1382 3587 Gr.
1435 3532 1524 3599 40,
1571 3533 1688 3606 (33)
1727 3551 1785 3590 n.
1832 3535 1923 3604 63,

270 3623 308 3678 t'.
343 3623 466 3691 138,
500 3621 627 3688 139,
683 3619 782 3676 ubi
823 3620 1042 3692 pariter
1072 3620 1272 3678 Photio
1329 3620 1664 3678 ascribitur.
1723 3625 1923 3690 Quoad

273 3711 515 3770 alteram
539 3727 676 3767 vero
700 3713 925 3781 partem
947 3709 1006 3782 (a
1034 3725 1164 3782 cap.
1187 3710 1223 3764 9
1272 3713 1486 3766 nostra;
1515 3711 1680 3784 edit.)
1713 3713 1924 3771 citatus

269 3801 515 3858 Vindob.
551 3801 731 3856 codex
759 3799 828 3855 ab
851 3799 1144 3873 Euthymii
1175 3803 1333 3856 textu
1361 3801 1466 3871 (34)
1501 3801 1668 3873 plane
1691 3802 1916 3874 differt;

264 3891 551 3964 posterior
582 3894 776 3945 tamen
809 3903 942 3944 cum
973 3889 1136 3945 Becci
1165 3889 1613 3961 allegationibus
1643 3893 1920 3964 pra-.clare

261 3981 575 4051 consentit,
607 3983 785 4050 atque
802 3979 1000 4035 eodem
1033 3979 1204 4036 modo
1228 3980 1438 4051 legitur
1459 3980 1516 4036 in
1544 3982 1667 4036 cod.
1693 3987 1914 4040 Monac.

262 4071 353 4127 Gr.
384 4070 483 4138 66,
515 4068 558 4125 1'.
598 4069 688 4136 81,
721 4069 810 4122 82.
847 4067 904 4122 in
934 4066 1114 4124 altera
1155 4068 1390 4140 synopsi
1433 4075 1914 4142 argumentorum

257 4160 451 4218 Photii
491 4176 525 4216 a
575 4157 815 4215 Nicolao
851 4158 1212 4216 Methonensi
1243 4160 1412 4216 facta.
1461 4160 1677 4225 Quodsi
1713 4162 1774 4218 in
1803 4161 1912 4219 hoc

254 4248 565 4323 Euthymii
596 4251 756 4306 textu
806 4263 998 4305 sermo
1030 4252 1120 4305 est
1166 4249 1236 4306 de
1267 4249 1464 4320 Sergio
1504 4251 1637 4321 jun.
1672 4251 1913 4322 patriar-

245 4338 375 4405 cha,
409 4338 519 4412 qui
552 4342 686 4410 post
717 4337 987 4395 Photium
1019 4337 1234 4406 floruit,
1267 4339 1324 4394 id
1356 4340 1698 4411 posterioris
1728 4340 1909 4398 Graeci

311 4501 434 4573 (30)
460 4500 730 4557 Anthimi
759 4501 938 4574 hujus
967 4501 1150 4572 Τόμον
1181 4506 1359 4574 Χαρᾶς
1390 4519 1543 4559 anno
1574 4504 1712 4558 1705
1754 4504 1910 4560 evul-

242 4572 476 4644 gntum,
500 4588 621 4644 quo
651 4577 708 4628 et
727 4572 802 4629 cl.
833 4574 1002 4641 Jager
1035 4589 1172 4629 usus
1203 4572 1312 4641 est,
1347 4576 1608 4630 nondum
1649 4577 1910 4633 invenire

317 4643 404 4718 tui
437 4664 453 4705 ;
491 4643 554 4718 in
591 4643 684 4708 iis,
718 4660 862 4717 quas
905 4644 1016 4701 huc
1046 4661 1237 4718 usque
1267 4645 1402 4716 adii,
1449 4646 1774 4703 Germaniae
1817 4648 1905 4702 bi-

273 4713 559 4771 liothecis
589 4731 703 4771 non
736 4713 942 4772 exstat.

307 4786 950 4864 (31)Titulusibi_dem
984 4791 1070 4844 est
1089 4805 1114 4864 ξ.
1152 4787 1372 4864 Φῳτίου
1393 4788 1745 4864 πατριάρχου
1767 4789 1904 4864 κατὰ

235 4860 344 4933 Et?"
377 4855 488 4933 τῆς
528 4855 770 4933 παλαεᾶς
809 4858 1171 4933 Ῥώμηςκδτι
1216 4857 1275 4913 ἐκ
1321 4862 1441 4933 τῷ-
1467 4855 1681 4933 mea
1731 4860 1898 4933 μᾷνρν

235 4923 602 5005 tappetia-:11
646 4929 711 5005 τὸ
762 4923 994 5005 Πνεῦμαί
1026 4923 1088 5005 te
1137 4930 1312 5005 ἅγιον,
1353 4923 1656 5005 animi:
1705 4923 1795 4984 αἱαὶ
1843 4929 1903 4986 ἐκ

235 5003 336 5052 τοῦ
371 5000 525 5058 rios.
561 5003 775 5058 Eodem
806 5000 978 5060 modo
1007 5000 1218 5059 citetur
1247 5006 1396 5072 apud
1424 5000 1701 5059 Allatium
1733 5005 1902 5072 Sym-

237 5072 507 5146 ictLII,
539 5075 736 5146 p.419
773 5075 1068 5146 (Initium:
1100 5073 1164 5127 Ei
1195 5072 1403 5129 ἁπλοῦν
1438 5073 1533 5145 μὲν
1563 5073 1626 5129 τὸ
1665 5078 1894 5146 πνεῦμα.

239 5141 328 5217 Cl”.
387 5141 725 5217 Fabricium
771 5145 811 5201 l.
863 5161 912 5201 c.
963 5151 1005 5201 t.
1060 5145 1152 5214 XI,
1203 5165 1256 5217 p.
1307 5148 1398 5214 25,
1439 5141 1530 5202 ed.
1565 5147 1746 5214 Harl.,
1800 5141 1901 5203 ubi

235 5212 412 5281 plura
433 5216 589 5272 scitu
621 5217 796 5290 digna
821 5221 1117 5290 notantur.
1139 5212 1426 5281 Quaedam
1460 5235 1602 5276 mss.
1637 5212 1898 5290 cpusculi

233 5294 628 5374 "seseinter
661 5288 896 5374 irier-
927 5289 1016 5374 E9,
1051 5293 1187 5374 nota
1216 5306 1291 5344 σε·

311 5357 440 5433 (32)
467 5359 698 5433 Quodsi
717 5357 894 5416 editio
925 5361 1202 5433 Panopliaz
1232 5377 1370 5416 cura
1410 5360 1662 5416 Matthaei
1699 5361 1898 5433 Lipsie

233 5431 488 5503 a.‘1792
540 5431 837 5503 publicata
893 5431 1110 5487 alicubi
1166 5437 1682 5500 commemoratur,
1741 5431 1900 5489 error

225 5499 484 5578 subesse
515 5499 1235 5578 v—ideturindeprofectus,
1259 5506 1408 5575 quod
1435 5499 1896 5578 Commentarius

221 5574 286 5624 in
341 5581 602 5643 quatuor
649 5574 962 5643 Evangelia
1011 5591 1077 5632 eo
1125 5574 1288 5632 anno
1326 5593 1392 5632 ac
1440 5576 1566 5632 loco
1589 5576 1660 5630 ab
1693 5577 1895 5634 eodem

215 5642 710 5719 gul’gatuscum
741 5642 866 5719 illo
894 5647 1228 5719 dogmatico
1273 5663 1444 5719 opere
1488 5649 1894 5707 confundatur.

209 5705 430 5785 Nequ'e
482 5717 929 5790 diligentissimi
973 5705 1517 5792 scriptores-neque
1548 5719 1792 5778 Lexicon
1813 5705 1895 5776 bi;

2012 4867 2052 4918 t.
2090 4864 2189 4929 ΙΙΙ,

2007 5293 2262 5364 Catalog.

2048 1924 2315 1997 opusculi
2345 1926 2684 1982 defensuros
2715 1927 2890 1983 fuisse
2919 1931 3147 1986 credere
3167 1931 3382 2003 licebit,
3416 1932 3465 1988 si
3489 1933 3700 1989 librum

2048 2016 2122 2070 De
2149 2015 2370 2084 Spiritu
2391 2020 2575 2071 sancto
2599 2031 2752 2071 nunc
2770 2017 3024 2087 primum
3050 2020 3264 2076 editum
3289 2020 3695 2093 perlegissent,

2044 2106 2210 2176 cujus
2231 2105 2503 2178 synopsis
2533 2109 2590 2160 et
2619 2106 2871 2176 epitome
2902 2106 2961 2162 in
2997 2107 3101 2164 hoc
3133 2109 3520 2182 Euthymieno
3550 2126 3697 2182 opu-

2043 2193 2207 2251 sculo
2256 2193 2633 2266 conspicitur.
2681 2196 2954 2250 Attamen
2986 2213 3100 2252 non
3134 2197 3362 2268 penitus
3411 2214 3696 2269 repugna-

2045 2283 2246 2350 verim,
2279 2283 2330 2340 si
2361 2283 2493 2354 quis
2523 2283 2680 2339 hunc
2713 2283 2996 2354 libellum,
3028 2289 3200 2356 prout
3231 2302 3364 2342 eum
3391 2287 3558 2358 juxta
3589 2289 3697 2344 Eu-

2044 2373 2335 2444 thymium
2360 2376 2423 2430 13
2441 2373 2712 2446 capitulis
2734 2374 3073 2431 distinctum
3088 2392 3316 2432 rursum
3327 2375 3695 2447 publicamus

2047 2464 2124 2536 (p.
2160 2465 2442 2535 113-117),
2492 2464 2686 2536 potius
2735 2481 2768 2520 a
2806 2465 3098 2537 sequioris
3142 2465 3246 2521 aevi
3295 2465 3535 2522 homine
3596 2466 3698 2522 illa

2045 2553 2428 2625 paragrapho,
2463 2569 2589 2626 quae
2620 2553 2690 2608 de
2718 2553 2920 2625 Sergio
2943 2555 3082 2626 agit,
3109 2553 3550 2626 locupletatum,
3575 2571 3692 2612 non

2044 2657 2175 2698 vero
2197 2641 2426 2714 penitus
2448 2640 2692 2698 celebris
2715 2642 3056 2714 patriarcha
3081 2643 3542 2714 abjudicandum
3565 2661 3696 2700 cen-

2044 2733 2250 2791 suerit.
2285 2733 2486 2789 Pholio
2518 2733 2673 2790 enim
2695 2733 2864 2789 illum
2886 2735 3265 2790 tribuendum
3289 2750 3417 2790 esse
3450 2737 3693 2791 suadere

2045 2824 2332 2892 possunt:
2395 2822 2445 2893 1)
2505 2820 2667 2876 Becci
2735 2827 2915 2893 atque
2994 2821 3283 2895 Euthymii
3349 2823 3692 2889 auctoritas,

2044 2915 2170 2967 tum
2201 2912 2258 2979 2)
2280 2914 2416 2966 nota
2448 2909 2632 2966 Photii
2662 2909 2722 2966 in
2750 2910 2859 2968 hac
2888 2911 3136 2967 materia
3164 2910 3320 2967 varie
3349 2911 3694 2982 expolienda

2044 2999 2322 3057 sedulitas
2345 2999 2588 3070 ejusque
2610 3015 2758 3065 mos,
2785 3001 2956 3056 modo
2980 2999 3214 3056 brevius
3237 3001 3406 3056 modo
3429 2999 3696 3057 enuclea-

2045 3091 2158 3148 tius
2191 3093 2393 3148 eadem
2417 3091 2766 3162 proferendi,
2791 3094 2915 3146 tum
2937 3091 2992 3156 3)
3015 3091 3403 3162 plurimorum
3425 3093 3694 3148 codicum

2044 3181 2372 3252 inscriptio,
2405 3180 2622 3250 quibus
2672 3179 2708 3233 ii
2769 3180 3079 3250 praevalere
3129 3180 3220 3234 vix
3261 3185 3532 3251 possunt,
3587 3181 3688 3252 qui

2041 3269 2676 3326 NicolaiMethonensis
2715 3283 2923 3325 nomen
2965 3271 3022 3323 in
3046 3269 3232 3324 fronte
3252 3273 3499 3340 gestant,
3543 3285 3688 3339 prai-

2039 3361 2240 3418 sertim
2273 3375 2407 3415 cum
2442 3375 2565 3430 quas
2600 3358 2906 3414 manifeste
2935 3365 3070 3414 sunt
3095 3358 3302 3425 Photii,
3325 3359 3384 3413 in
3407 3357 3688 3416 nonuulis

2037 3466 2180 3506 mss.
2215 3449 2352 3504 huic
2381 3447 2617 3503 Nicolao
2647 3446 3020 3503 ascribantur
3039 3447 3154 3520 (36)
3180 3464 3193 3515 ;
3218 3447 3435 3519 quibus
3453 3451 3511 3504 et
3538 3448 3686 3504 alias

2036 3541 2287 3597 rationes
2309 3537 2616 3610 suffragari
2640 3551 2753 3592 non
2773 3536 2996 3608 ignoro.
3014 3537 3125 3593 Sed
3153 3536 3210 3591 in
3234 3537 3538 3609 presentia
3568 3537 3686 3594 mei

2031 3628 2284 3686 instituti
2316 3645 2431 3684 non
2484 3630 2594 3696 est,
2627 3626 2738 3682 ista
2785 3624 3076 3683 dirimere.
3110 3626 3200 3683 Me
3241 3630 3438 3683 autem
3483 3627 3688 3684 merito

2031 3719 2188 3776 hunc
2221 3717 2484 3774 libellum
2519 3714 2708 3772 multo
2744 3716 2988 3772 minoris
3021 3716 3250 3785 fecisse,
3274 3733 3446 3787 quam
3470 3716 3687 3772 librum

2027 3810 2103 3864 De
2125 3808 2367 3877 Spiritus
2389 3807 2576 3862 sancti
2591 3805 2957 3877 mystagogia,
2978 3804 3210 3862 collatio
3234 3805 3317 3862 vel
3341 3805 3688 3863 brevissima

2029 3896 2344 3968 unicuique
2377 3894 2592 3967 legenti
2623 3895 2945 3967 patefaciet.

2096 3986 2242 4040 VIII.
2298 3983 2689 4055 Adjunximus
2736 3986 3012 4054 praeterea
3054 3982 3113 4036 in
3162 3982 3335 4048 notis,
3393 3986 3679 4054 quantum

2023 4075 2277 4146 spatium
2328 4071 2702 4145 permittebat
2743 4087 2808 4126 ac
2864 4070 2998 4126 ﬁnis
3056 4070 3224 4126 nobis
3283 4071 3678 4141 praestitutus,

2022 4163 2266 4237 potiora,
2299 4178 2424 4235 quea
2450 4159 2798 4234 posteriores
2821 4159 3009 4216 Photii
3045 4157 3278 4215 asseclaa
3305 4174 3374 4214 ex
3403 4159 3549 4215 libro
3580 4176 3683 4216 no-

2020 4257 2136 4310 stro
2158 4252 2430 4309 hausisse
2449 4251 2738 4318 videntur,
2765 4266 2875 4321 quo
2900 4248 3129 4306 [acilius
3163 4247 3429 4320 ejusdem
3461 4249 3520 4304 in
3546 4247 3645 4306 illo
3665 4279 3687 4291 -

2020 4360 2151 4400 rum
2181 4342 2475 4414 theologia
2505 4340 2734 4414 pondus
2781 4339 3149 4412 pretiumque
3181 4337 3445 4411 dignosci
3477 4343 3681 4410 queat,

2021 4505 2480 4579 bliographicum
2514 4502 3054 4579 Holl‘mannianum,
3101 4501 3276 4579 Lips.
3298 4500 3670 4579 ed._a._1833_,

2019 4571 2173 4650 quod
2201 4571 2265 4633 t.’
2294 4579 2337 4644 Ι,
2379 4593 2436 4648 p.
2477 4576 2714 4650 2507252
2763 4572 3122 4650 amplissime
3166 4571 3671 4650 edita__Euthymii

2019 4643 2192 4722 opera
2221 4643 2502 4719 recenset,
2551 4647 2839 4718 ejusmodi
2865 4643 3170 4715 ’Panopliz
3213 4643 3543 4700 editionem
3565 4660 3667 4702 no-

2019 4725 2194 4861 ru(11133.)
2228 4789 2568 4847 Lambeccio
2616 4793 2704 4845 est
2750 4787 2931 4861 codex
2981 4789 3072 4844 9'7.
3124 4785 3207 4842 Cf.
3259 4785 3406 4843 Bibl.
3457 4785 3670 4858 Caesar,

2223 4879 2279 4932 p.
2313 4861 2437 4928 399,
2471 4862 2596 4926 400,
2627 4861 2719 4916 ed.
2746 4859 2957 4932 Kollar.

2081 4928 2196 5005 (34)
2224 4928 2523 5005 Euthymii
2548 4931 2929 5005 codices,iqui
2962 4930 3021 5005 in
3054 4929 3260 5005 multis
3303 4929 3668 5005 bibliothecis

2012 5001 2276 5078 prostant
2323 5001 2531 5075 (V’atic.
2570 5004 2737 5078 codd.
2791 5001 3190 5078 867,868,111,
3237 5003 3663 5078 ap.“Fabric.),

2011 5073 2256 5145 nullam,
2301 5073 2583 5149 quantum
2623 5075 2764 5146 scio,
2794 5075 2904 5131 hoc
2944 5074 3004 5130 in
3053 5073 3224 5131 titulo
3271 5073 3662 5132 dill'erentiam

2007 5149 2303 5206 exhibent.

2079 5222 2191 5293 (35)
2234 5220 2370 5277 Cod.
2419 5220 2700 5293 Laurent,
2755 5219 2840 5290 12,
2892 5217 3035 5290 plut.
3095 5219 3148 5286 9,
3210 5233 3269 5274 n.
3327 5216 3380 5273 3.
3435 5217 3660 5275 Bandin

2080 5291 2262 5364 .tal'og.
2299 5309 2355 5363 p.
2405 5291 2529 5360 406,
2577 5291 2702 5346 407.

2080 5367 2189 5436 (36)
2243 5366 2305 5436 ln
2365 5363 2492 5418 cod.
2544 5362 2791 5436 Vindob.
2855 5359 3382 5436 Gr_._tbeol.‘325_,f.
3436 5359 3661 5436 1v_erba

2008 5430 2296 5507 ex'Photii
2326 5451 2417 5507 ep.
2448 5435 2484 5488 2
2531 5434 2870 5507 tribuuntur
2898 5433 3134 5507 Nicolao
3174 5430 3561 5507 Methonensi,
3594 5436 3660 5507 ut

2009 5507 2170 5576 alias,
2203 5506 2250 5562 si
2302 5503 2449 5561 bene
2492 5506 2754 5571 memini,
2798 5503 2856 5559 in
2891 5505 3018 5561 cod.
3064 5503 3314 5576 Vindobf
3361 5503 3450 5576 47,
3496 5519 3553 5558 n.
3601 5504 3655 5576 4,

2008 5580 2046 5634 f.
2079 5573 2185 5633 272
2216 5577 2452 5634 Nicolao
2491 5576 2812 5634 Cabasillsz.
2847 5576 2969 5631 Alia
3009 5575 3270 5647 exempla
3299 5574 3476 5647 habes
3505 5573 3656 5642 apud

2007 5649 2335 5707 Fabricium
2354 5665 2460 5708 seu
2479 5649 2672 5722 potius
2692 5647 3073 5716 Harlessium,
3097 5647 3136 5703 ι.
3163 5645 3214 5702 ὁ.
3239 5662 3295 5716 p.
3317 5645 3408 5711 29,
3431 5650 3550 5702 not.
3574 5658 3655 5702 cc.
