4084 6210
328 364 449 426 277

934 361 1036 420 DE
1080 358 1143 419 S.
1193 355 1552 419 SPIRITUS
1602 354 2134 418 MYSTAGOGIA.
2187 389 2259 403 —-
2300 356 2359 416 J.
2409 355 2637 418 HERG.
2687 358 3129 421 PREFA'I‘IO.

3615 362 3740 422 278

332 495 476 553 riori
504 493 846 549 tractatione
890 491 1261 563 adhibenda),
1295 491 1396 546 sed
1440 494 1497 546 et
1544 490 1813 559 aliorum,
1848 490 1987 561 qui—
2015 492 2071 558 A
2103 492 2159 546 et
2188 489 2394 545 virium
2453 493 2785 547 nostrarum
2860 495 3202 550 tenuitatem
3260 499 3317 551 et
3369 514 3739 556 communem

332 587 449 643 bus
483 583 831 653 indagandis
863 582 1092 649 studeo,
1127 579 1346 635 inedita
1377 578 1661 635 nonnulla
1706 578 1989 650 cpuscula

336 672 581 748 publica:
611 670 732 726 luci
766 686 861 725 me
892 671 1260 726 redditurum
1293 684 1481 740 spero.
1518 668 1742 723 Interea
1773 668 1987 723 disser-

333 761 576 819 tationis
618 760 861 831 adjectae
907 758 1402 831 opportunitatem
1435 772 1604 813 nemo
1636 757 1696 812 in
1745 757 1990 812 dubium

333 849 688 920 vocabit,qui
714 848 1206 913 animadverterit,
1239 862 1559 918 congruum
1583 845 1821 901 omnino
1842 862 1990 914 esse,

336 948 399 996 ut
430 954 630 995 eorum
662 938 1093 1010 theologorum,
1128 936 1224 1007 qui
1274 935 1464 990 Photii
1516 935 1663 989 libro
1709 935 1798 989 usi
1833 939 1987 1004 sunt,

332 1037 393 1086 ut
422 1028 684 1101 Hugonis
714 1027 1033 1095 Etheriani,
1065 1024 1116 1083 J.
1143 1026 1305 1081 Becci
1357 1030 1532 1095 atque
1581 1025 1640 1079 L.
1668 1023 1885 1091 Allatii,
1918 1025 1990 1078 de

328 1119 536 1176 eodem
585 1133 819 1189 quoque
860 1116 1084 1187 judicia
1121 1132 1187 1170 ac
1235 1113 1667 1185 disputationes
1714 1113 1992 1183 adjician-

325 1212 445 1273 tur,
491 1212 676 1277 atque
716 1204 941 1277 liquido
992 1203 1166 1259 simul
1202 1204 1565 1271 ostendatur,
1598 1218 1713 1273 qua
1768 1201 1989 1257 ratione

325 1295 622 1367 ejusmodi
657 1294 1019 1366 argumentis
1040 1297 1096 1348 et
1125 1292 1367 1364 argutiis
1396 1290 1695 1347 catholicae
1717 1289 1986 1346 Ecclesiae

328 1384 557 1442 strenui
598 1383 935 1439 defensores
995 1382 1153 1438 soliti
1202 1381 1415 1436 fuerint
1468 1394 1768 1435 occurrere
1809 1385 1987 1450 atque

324 1474 638 1533 obsistere.
678 1472 861 1527 Nobis
910 1487 1039 1526 vero
1079 1470 1371 1542 ejusmodi
1422 1469 1691 1524 tractatio
1738 1467 1985 1524 ulterius

322 1564 455 1620 usui
501 1563 638 1630 erit,
669 1561 847 1633 idque
889 1560 1107 1630 duplici
1151 1564 1338 1630 pacto.
1376 1560 1435 1613 In
1486 1559 1693 1629 primis
1742 1558 1897 1613 enim
1930 1564 1987 1612 et

326 1668 461 1710 eum
495 1652 557 1707 in
592 1651 770 1706 ﬁnem
813 1649 1118 1722 praemissa
1146 1655 1254 1714 est,
1305 1664 1376 1702 ne
1408 1648 1463 1702 in
1512 1647 1756 1719 pleniori
1787 1651 1985 1702 nostra

326 1743 398 1798 de
431 1740 646 1797 Photio
679 1738 1103 1805 lucubratione,
1138 1737 1237 1793 ubi
1278 1737 1538 1792 historici
1582 1737 1774 1807 potius
1807 1752 1981 1808 quam

2100 594 2297 634 rerum
2330 580 2718 636 humanarum
2748 582 3167 652 conditionem,
3199 601 3327 656 quae
3358 587 3451 640 vix
3482 604 3740 659 unquam

2099 668 2321 740 primos
2353 669 2642 739 ejusmodi
2674 671 2997 726 studiorum
3035 672 3258 729 fructus
3285 679 3460 745 atque
3489 673 3740 750 ἀπαρχὰς

2101 758 2258 812 omni
2297 774 2456 812 naevo
2505 758 2645 813 sinit
2684 773 2811 813 esse
2841 760 3151 817 immunes.
3187 763 3350 827 Quod
3401 764 3446 817 si
3493 780 3607 820 non
3639 765 3739 821 ob-

2099 851 2286 901 stante
2307 846 2583 902 laudabili
2608 848 2915 917 typothetze
2932 850 3117 904 studio
3140 868 3330 922 neque
3351 852 3742 909 assiduacura

2099 934 2363 1002 editoris,
2398 935 2598 990 multis
2621 940 2814 990 tamen
2845 937 2977 992 aliis
3000 940 3247 1009 negotiis
3280 941 3535 1009 distenti,
3560 959 3593 996 a
3614 942 3740 999 loco

2098 1023 2493 1095 typographiaa
2544 1026 2773 1091 remoti,
2805 1026 3099 1082 interdum
3160 1045 3393 1100 quoque
3438 1030 3741 1087 oculorum

2097 1113 2441 1183 egritudine
2511 1113 2851 1182 laborantis,
2905 1117 3107 1170 menda
3183 1118 3523 1189 irrepserint
3570 1120 3741 1176 nobis

2098 1199 2253 1255 haud
2285 1202 2609 1272 observata,
2632 1203 2844 1257 eruditi
2868 1204 3100 1259 lectoris
3129 1204 3547 1276 indulgentiam
3582 1209 3739 1278 pari-

2098 1293 2181 1344 ter
2228 1291 2594 1361 imploratam
2634 1292 2783 1346 volo.
2825 1293 2963 1347 Eam
3000 1293 3224 1348 facilius
3276 1294 3437 1349 dabit
3474 1300 3741 1367 expertus

2096 1379 2365 1449 quisque,
2399 1381 2720 1451 praesertim
2753 1380 2826 1448 ei,
2862 1382 2956 1436 cui
2990 1384 3071 1435 tot
3105 1381 3526 1451 impedimenta
3560 1399 3739 1455 supe-

2097 1470 2282 1523 randa
2329 1474 2513 1531 erant,
2547 1470 2763 1540 quique
2814 1471 3016 1525 critica
3066 1471 3331 1541 praesidia
3377 1489 3563 1544 neque
3621 1490 3738 1529 uno

2093 1559 2415 1629 eodemque
2433 1563 2694 1629 tempore
2716 1558 3014 1614 consulere
3028 1575 3217 1630 neque
3235 1560 3483 1629 potiores
3509 1563 3736 1618 codices

2093 1663 2196 1717 per
2250 1648 2629 1718 semetipsum
2676 1647 2926 1703 lustrare
2983 1649 3191 1719 potuit.
3225 1649 3421 1720 Neque
3480 1650 3734 1706 minores

2092 1734 2466 1792 difficultates
2495 1737 2798 1805 maiorem,
2841 1752 3009 1807 quam
3045 1753 3200 1807 paro,
3234 1738 3303 1792 de
3333 1737 3537 1794 Photio
3567 1738 3737 1794 lucu-

328 1832 676 1904 dogmatum
718 1827 967 1884 vindicis
1014 1832 1207 1899 partes
1239 1827 1473 1896 agendae
1506 1831 1664 1891 sunt,
1697 1825 1831 1881 huic
1881 1825 1986 1881 do-
2020 1813 2062 1877 Β
2094 1824 2418 1880 brationem
2486 1826 2879 1891 detinuerunt,
2938 1842 3065 1896 quae
3153 1842 3252 1896 pro
3338 1827 3736 1899 conceptionis

322 1921 590 1993 gmatica
632 1916 927 1990 questioni
969 1916 1216 1972 aliarum
1255 1915 1741 1986 disquisitionum
1791 1915 1980 1970 detri-

327 2014 526 2065 mento
553 2008 859 2063 immorari
884 2006 1106 2061 diutius
1138 2021 1452 2076 cogamur;
1478 2005 1688 2059 deinde
1710 2004 1853 2058 viam
1879 2004 1977 2058 illa

322 2096 494 2153 nobis
543 2102 767 2152 sternet
807 2094 1266 2150 commodiorem
1316 2094 1387 2148 ad
1440 2092 1653 2147 inedita
1694 2091 1976 2147 nonnulla

318 2186 530 2242 Graecae
558 2184 831 2241 Ecclesia:
863 2188 1262 2246 monumenta,
1280 2198 1527 2252 quorum
1552 2182 1819 2252 quaedam
1841 2197 1973 2236 suc-

314 2276 547 2333 cessive
583 2291 687 2347 per
716 2275 918 2330 decem
972 2274 1088 2327 fere
1132 2270 1342 2326 saecula
1371 2270 1484 2341 (43)
1518 2270 1690 2339 hujus
1739 2284 1975 2325 concer-

318 2365 557 2421 tationis
580 2361 917 2435 progressui
946 2363 1224 2432 majorem
1250 2361 1490 2415 afferent
1511 2358 1699 2414 lucem
1731 2364 1788 2414 et
1819 2358 1972 2413 haud

313 2453 573 2525 ignobile
615 2451 841 2509 Gracia;
874 2449 1073 2506 Allatii
1121 2450 1453 2505 orthodoxae
1495 2448 1803 2504 conficient
1832 2464 1971 2518 sup-

320 2543 710 2616 plementum,
744 2541 963 2597 nostris
996 2539 1312 2611 aliquando
1334 2538 1513 2607 curis,
1546 2538 1594 2593 si
1618 2553 1699 2592 ere
1725 2553 1839 2592 non
1874 2553 1971 2608 pe.

321 2632 480 2689 nitus
547 2631 795 2687 eruditis
846 2630 1060 2685 fuerint
1109 2628 1473 2699 improbata,
1507 2632 1738 2697 peracto
1797 2641 1970 2697 quem

323 2720 692 2792 suscepimus
747 2718 967 2786 labore,
1001 2716 1383 2788 publicanda;
1445 2714 1681 2785 quibus,
1724 2730 1850 2785 quae
1912 2714 1971 2767 in

323 2806 630 2880 praesentia
660 2806 956 2879 disputata
1006 2806 1266 2872 fuerunt,
1297 2819 1410 2859 non
1445 2819 1560 2859 uno
1593 2801 1759 2857 titulo
1802 2808 1971 2856 erunt

318 2901 669 2969 opportuna.

391 2985 459 3042 X.
510 2985 895 3057 Exposuimus
944 2983 1193 3039 candide
1239 2982 1419 3053 hujus
1471 2980 1647 3037 libelli
1679 2989 1799 3036 tum
1831 2997 1970 3037 oon-

316 3074 515 3132 silium
573 3078 745 3145 atque
802 3088 1070 3144 scopum.
1110 3076 1233 3126 tum
1286 3087 1511 3139 ansam,
1570 3070 1849 3141 originem
1900 3087 1966 3126 ac

313 3164 494 3221 veluti
552 3163 880 3220 historiam.
914 3161 1132 3217 Exinde
1174 3160 1415 3232 patebit,
1469 3160 1607 3231 quid
1648 3161 1716 3214 de
1764 3160 1965 3215 eodem

307 3255 446 3326 jure
493 3252 837 3324 exspectari,
868 3251 1007 3321 quid
1068 3250 1125 3304 in
1182 3266 1247 3306 eo
1307 3248 1623 3306 desiderari
1675 3253 1845 3318 queat
1900 3265 1966 3303 ac

313 3342 543 3407 debeat,
586 3357 693 3398 cur
722 3340 1017 3395 interdum
1069 3339 1421 3395 sententiam
1457 3336 1874 3392 mutaverimus
1906 3338 1963 3391 in

313 3431 669 3489 lectionibus
701 3429 1093 3496 stabiliendis,
1127 3444 1231 3483 cur
1261 3444 1394 3483 eum
1428 3426 1803 3499 perfectionis
1834 3443 1962 3495 gra-

314 3524 455 3577 dum
489 3522 768 3589 attingere
791 3519 947 3574 haud
979 3520 1231 3588 potuerit
1252 3521 1447 3572 nostra
1479 3516 1676 3584 editio,
1712 3531 1884 3587 quem
1906 3516 1965 3570 in

311 3611 463 3667 votis
494 3624 732 3681 semper
762 3606 1103 3673 habuimus,
1136 3605 1269 3661 licet
1298 3605 1552 3677 ingenue
1582 3608 1967 3676 agnoscentes

379 3780 495 3849 (43)
528 3779 662 3834 Jam
702 3777 1057 3834 millesimus
1103 3781 1447 3832 numeratur
1496 3793 1708 3849 annus,
1741 3792 1807 3830 ex
1858 3791 1966 3843 quo

310 3848 554 3908 PhOtius
576 3854 643 3905 ad
672 3850 1052 3922 Byzantiuam
1086 3849 1424 3903 cathedram
1451 3848 1701 3922 primum
1734 3853 1967 3922 evectus

309 3928 397 3980 est
427 3926 499 3993 (a.
531 3923 638 3977 857
680 3918 853 3994 juxta
903 3922 1371 3977 communiorem
1423 3918 1885 3989 chronologiam)
1915 3922 1971 3972 ct

2092 1913 2475 1984 amplitudine
2510 1914 2797 1970 immenso
2848 1914 2965 1970 fere
3008 1914 3203 1971 labore
3244 1931 3334 1970 me
3392 1933 3506 1972 non
3558 1916 3737 1973 semel

2090 2002 2267 2058 veluti
2316 2003 2530 2057 obruit.
2596 2002 2797 2059 Libros
2857 2005 3236 2074 necessarios,
3282 2020 3534 2075 quorum
3568 2006 3736 2061 multi

2084 2093 2143 2147 in
2177 2096 2383 2147 nostrae
2418 2091 2812 2145 universitatis
2844 2090 3198 2148 bibliotheca
3228 2093 3733 2160 desiderabantur,

2082 2181 2259 2235 variis
2298 2197 2366 2236 ex
2415 2180 2555 2234 locis
2602 2180 2747 2234 mihi
2806 2196 3143 2251 comparare
3174 2186 3410 2236 coactus
3442 2183 3568 2249 fui;
3620 2198 3736 2252 qua

2082 2278 2276 2325 tamen
2307 2270 2367 2325 in
2401 2286 2460 2325 re
2490 2268 2797 2341 insigniter
2818 2284 2910 2323 me
2941 2270 3161 2339 adjuvit
3191 2270 3629 2325 eruditissimus
3648 2272 3735 2325 vir

2081 2360 2179 2416 Dr.
2227 2365 2295 2412 A.
2359 2358 2610 2426 Ruland,
2669 2358 2926 2428 ejusdem
2995 2358 3359 2415 bibliothecae
3417 2375 3730 2429 supremus

2080 2450 2409 2520 praefectus,
2437 2448 2530 2503 cui
2571 2448 2744 2503 sicuti
2791 2451 2848 2502 et
2894 2449 3113 2503 caeteris
3170 2448 3528 2503 doctissimis
3566 2448 3727 2515 viris,

2080 2537 2180 2607 qui
2243 2537 2455 2605 Romae,
2498 2535 2848 2591 Vindobonm
2897 2540 2954 2590 et
3012 2534 3299 2591 Monachii
3348 2552 3476 2591 mea
3532 2537 3729 2592 studia

2080 2631 2514 2698 promoverunt,
2576 2625 2791 2695 gratias
2834 2641 3100 2680 summas
3149 2626 3355 2692 refero,
3402 2625 3515 2681 alio
3573 2625 3725 2693 loco,

2081 2718 2162 2773 uti
2192 2733 2381 2788 spero,
2417 2733 2515 2772 eas
2537 2716 2895 2772 cumulatius
2927 2717 3234 2772 relaturus.
3256 2716 3461 2772 Utrum
3487 2733 3575 2772 res
3607 2733 3723 2774 non

2079 2822 2321 2877 prorsus
2352 2804 2658 2861 infeliciter
2690 2804 2835 2860 mihi
2866 2804 3096 2860 cesserit
3129 2809 3187 2860 et
3216 2821 3524 2876 quousque
3553 2822 3724 2861 cona-

2080 2894 2241 2949 mina
2290 2910 2418 2951 mea
2474 2894 2834 2965 pertigerint,
2880 2894 2939 2948 id
2996 2895 3206 2949 eruditi
3263 2894 3723 2963 dijudicabunt;

2077 2999 2180 3055 ego
2211 2983 2421 3040 virium
2456 2999 2723 3039 mearum
2755 2983 2898 3039 satis
2930 2983 3274 3056 exiguarum
3323 2985 3469 3039 haud
3518 2985 3728 3040 imme-

2079 3090 2229 3141 mor,
2264 3073 2519 3130 materiae
2549 3088 2682 3128 vero
2715 3089 2853 3129 mea:
2899 3089 3093 3133 amore
3122 3077 3179 3128 et
3221 3074 3425 3128 ardore
3469 3074 3725 3141 deditus,

2084 3177 2292 3233 neque,
2320 3167 2439 3217 uta
2461 3163 2663 3232 coeptis
2683 3163 2983 3230 desistam,
3000 3162 3445 3217 difficultatibus
3464 3179 3724 3232 unquam

2076 3259 2287 3316 motus,
2323 3267 2435 3306 non
2471 3267 2707 3321 possum
2759 3267 2874 3307 non
2906 3267 3107 3307 eorum
3156 3252 3383 3307 veniam
3443 3252 3726 3323 flagitare,

2075 3357 2177 3410 pro
2210 3340 2305 3410 iis,
2337 3356 2462 3413 quae
2494 3350 2807 3397 occurrunt
2837 3341 3241 3397 emendatione
3258 3342 3456 3412 digna,
3490 3357 3727 3396 eorum-

2077 3431 2204 3484 dem
2237 3430 2503 3496 consilia,
2520 3430 2745 3486 monita
2766 3430 3465 3500 atquejudiciacongruis
3487 3429 3725 3484 rationi-

2085 3519 2196 3573 bus
2227 3519 2467 3575 suffulta
2499 3523 2761 3589 prompto
2784 3535 3015 3587 semper
3044 3520 3242 3574 animo
3275 3527 3682 3588 suscepturus.

2149 3608 2501 3680 Wireburgi,
2530 3608 2620 3662 die
2642 3610 2873 3663 Pentec.
2908 3607 3093 3677 pridie
3124 3608 3247 3662 Kal.
3281 3608 3421 3662 Jun.
3458 3607 3615 3661 1857.

2082 3773 2192 3827 hoc
2238 3773 2361 3842 ipso
2400 3788 2561 3851 anno
2612 3772 2975 3854 praecipuum
3018 3773 3282 3842 ejusdem
3311 3788 3428 3854 ‘pro
3485 3788 3590 3826 suo
3622 3772 3724 3827 do.

2082 3851 2274 3915 gmate
2298 3843 2579 3913 scriptum
2611 3843 2665 3896 in
2699 3842 2885 3899 lucem
2920 3845 3154 3898 demum
3186 3842 3393 3915 prodit.
