4084 6210
339 363 463 426 285

1459 361 1561 422 DE
1604 361 1666 422 S.
1717 358 2078 421 SPIRITUS
2122 359 2638 425 MYS’I‘AGOGIA.

3631 368 3752 428 286

344 494 570 569 λογίαις
601 493 971 568 στηριζομένη
1004 495 1094 549 καὶ
1121 491 1490 568 διαπρέπουσα
1521 496 1630 566 (39)
1657 511 1670 561 ;
1700 492 1912 566 μᾶλλον
1937 489 1972 546 δῖ

2106 497 2164 549 et
2195 496 2440 564 munita,
2474 497 2592 552 imo
2623 497 2754 567 quis
2786 501 3152 557 sacerdotum
3173 504 3344 574 atque
3361 503 3748 575 episcoporum

352 585 438 647 τίς
480 587 590 658 (40)
648 585 840 658 ἱερέων
911 583 999 637 καὶ
1067 582 1363 658 ἀρχιερέων
1433 582 1716 645 θεὸλεκτος
1794 580 1998 636 σύλλοο

350 697 448 752 γος
478 677 587 746 (41)
619 673 680 728 οὐ
726 673 932 742 ταύτην
963 674 1061 740 τὴν
1112 670 1351 727 διάνοιαν
1380 673 1468 726 καὶ
1514 674 1642 746 πρὶν
1675 676 1788 744 (42)
1835 677 2002 750 φανῆ-

348 786 434 818 ναι
487 768 556 837 τῇ
606 767 703 816 τοῦ
749 760 1030 838 ’παναγίου
1081 764 1158 834 [9]
1210 761 1523 834 Πνεῦματος
1572 760 1824 831 ἐπιπνοίᾳ
1865 780 1998 814 κατ-

351 853 655 926 εψηφίσατο
686 855 801 925 (43)
827 871 841 920 ;
882 853 973 905 καί
1003 850 1105 925 γὰρ
1132 854 1246 925 (44)
1279 851 1341 905 τὸ
1393 854 1611 924 Πνεῦμα
1639 854 1736 904 τοῦ
1786 849 1997 924 Πατρός

349 942 486 996 κατᾶ
541 945 640 1010 τήν
670 941 1026 1009 ’Δεσποτικήν
1081 939 1462 1016 μυσταγωγίαν
1511 938 1852 1001 τελεσθέντες
1907 938 1994 992 καὶ

349 1032 504 1086 αὐτοὶ
539 1030 814 1104 λαμπρῶς
852 1033 949 1083 τοῦ
1003 1030 1211 1102 Πατρὸς
1262 1028 1642 1104 ἐκπορεύεσθαι
1693 1029 1781 1083 καὶ
1827 1049 1996 1105 μεγα-

349 1119 620 1193 λοφώνως
677 1119 1039 1192 ἀνεκήρυττον
1072 1135 1084 1147 ⁸
1138 1117 1225 1172 καὶ
1289 1115 1354 1187 δὴ
1405 1119 1494 1172 καὶ
1550 1117 1678 1179 τοὺς
1730 1119 1805 1190 μὴ
1861 1137 1992 1196 φΡο.

347 1213 579 1270 νοῦντας
641 1208 816 1268 οὕτως
886 1208 960 1269 ὡς
1016 1209 1118 1276 τῆς
1180 1205 1482 1277 καθολικῆς
1536 1209 1626 1262 καὶ
1691 1205 1992 1262 ἀποστολι-

341 1305 445 1366 κῆς
475 1300 591 1368 (45)
630 1295 961 1366 Ἐκκλησίας
1010 1291 1266 1370 ὑϐριστὰς
1311 1300 1390 1368 τῷ
1439 1296 1729 1367 ἀναθέματι
1778 1298 1994 1351 καθυπ-

341 1382 540 1442 έϐαλον
577 1389 692 1459 (46)
725 1405 737 1418 °
782 1385 842 1440 ἐκ
888 1385 1140 1441 παλαιῶν
1179 1390 1287 1440 τῶν
1337 1387 1550 1460 χρόνων
1585 1388 1684 1455 τὴν
1735 1386 1988 1464 ἀρτιγενῆ

339 1471 662 1530 δυσσέϐειαν
709 1481 1073 1553 προτητικοῖς
1120 1480 1464 1550 προορῶντες
1506 1472 1719 1549 ὄμμασι
1749 1477 1861 1549 (47)
1901 1476 1990 1530 καὶ

343 1565 518 1634 αὐτὴν
585 1565 720 1636 μετᾶ
762 1571 861 1634 τῆς
917 1559 1310 1638 προλαϐούσης
1357 1563 1707 1640 πολυμεροῦς
1753 1565 1991 1620 ἀποστα-

349 1654 468 1718 aia;
497 1655 589 1708 καὶ
632 1653 820 1729 γραφῇ
857 1653 947 1708 καὶ
997 1652 1190 1729 λόγοις
1217 1653 1307 1708 καὶ
1357 1651 1571 1725 διανοίᾳ
1618 1651 1987 1722 κατεδίκαζον.

345 1742 736 1818 Ἐδογμάτισεν
816 1743 968 1804 εὐθὺς
1037 1747 1144 1798 τῶν
1201 1743 1598 1816 οἷκουμενικῶν
1661 1742 1752 1798 καὶ
1819 1744 1989 1821 ἁγίων

2105 583 2384 640 divinitus
2440 591 2676 643 coactus
2720 593 2904 645 cretus
2953 592 3306 647 sententiam
3347 592 3520 648 istam
3570 593 3747 648 etiam

2107 679 2416 746 antequam
2459 678 2518 732 in
2551 677 2735 733 lucem
2771 680 3045 750 prodiret,
3080 697 3182 752 per
3233 683 3591 739 sanctissimi
3623 683 3749 752 Spi-

2107 763 2252 818 ritus
2283 766 2542 822 afﬂatum
2597 783 2711 822 non
2753 769 3214 825 condemnavit?
3255 772 3481 827 Etenim
3525 770 3747 842 Spiritu

2107 851 2294 909 Patris
2316 855 2489 924 juxta
2513 853 2727 911 Christi
2755 857 2982 911 Domini
3015 858 3337 914 doctrinam
3370 859 3484 930 ipsi
3515 876 3748 931 quoque

2105 938 2320 997 initiati
2347 942 2512 998 illum
2565 961 2598 999 a
2647 944 2812 1002 Patre
2844 948 3154 1016 procedere
3192 946 3349 1004 clara
3377 953 3434 1002 et
3461 948 3579 1002 alta
3607 963 3746 1004 voce

2105 1030 2494 1101 praedicabant
2540 1048 2750 1103 eosque
2801 1034 2901 1104 qui
2935 1051 3048 1090 non
3082 1035 3162 1090 ita
3209 1036 3512 1103 sentirent,
3548 1040 3746 1106 utpote

2103 1119 2403 1175 catholicae
2422 1123 2478 1176 et
2497 1120 2828 1192 apostolicis
2854 1121 3112 1178 Ecclesiae
3147 1128 3573 1196 contemptores
3599 1141 3745 1180 aua-

2100 1207 2342 1263 themati
2375 1208 2784 1280 subiiciebant,
2812 1211 2937 1280 jam
2969 1211 3104 1267 inde
3134 1213 3205 1267 ab
3236 1213 3494 1282 antiquis
3517 1216 3744 1284 tempo-

2101 1298 2264 1353 ribus
2297 1313 2505 1354 uovam
2566 1300 2735 1354 istam
2767 1299 3124 1370 impietatem
3153 1301 3508 1373 prapheticis
3557 1302 3743 1357 oculis

2101 1387 2539 1458 prospicientes,
2557 1388 2860 1458 ipsamque
2878 1405 2994 1443 una
3007 1405 3138 1445 cum
3162 1388 3464 1460 multiplici
3482 1389 3740 1462 priorum

2100 1474 2391 1530 baereseon
2417 1475 2736 1532 defectione
2767 1483 2825 1532 et
2873 1477 3109 1548 scriptis
3139 1483 3196 1532 et
3238 1479 3430 1534 verbis
3461 1486 3514 1534 et
3546 1479 3742 1535 animo

2101 1565 2586 1620 condemnabant.
2637 1565 2909 1621 Deﬁuivit
2965 1567 3166 1621 statim
3225 1566 3638 1623 universalium
3684 1571 3741 1623 et

2099 1659 2436 1709 sanctarum
2469 1660 2690 1725 septem
2731 1656 3086 1727 synodorum
3136 1658 3412 1723 secunda,
3463 1657 3742 1726 Spiritum

2101 1747 2366 1798 sanctum
2398 1759 2468 1798 ex
2496 1745 2665 1800 Patre
2687 1745 2994 1814 procedere
3020 1761 3032 1810 ;
3067 1745 3289 1814 excepit
3318 1745 3511 1809 tertia,
3536 1745 3746 1800 conﬁr-

346 1815 758 1889 ἑπτα-συνόδων
790 1835 900 1906 (48)
931 1834 965 1902 ἡ
1017 1829 1238 1907 δευτέρα
1267 1833 1328 1886 τὸ
1376 1837 1596 1906 Πνεῦμα
1641 1836 1704 1888 τὸ
1745 1815 1895 1908 ἅγιον
1936 1835 1972 1889 ἐπ

2103 1831 2284 1886 mavit
2341 1835 2570 1902 quarta,
2614 1833 2928 1903 suffragata
2984 1838 3073 1888 est
3131 1833 3352 1901 quinta,
3413 1832 3744 1905 praedicavit

342 1927 444 1976 τοῦ
503 1922 718 1996 Πατρὸς
770 1919 1177 1994 ἐκπορεύεσθαι,
1221 1918 1489 1992 διεδέξατο
1547 1923 1580 1990 ἡ
1637 1921 1817 1996 τρίτη,
1868 1917 1984 1976 ἐϐε-

346 2005 574 2065 ϐαίωσεν
621 2013 658 2079 ἡ
717 2009 971 2086 τετάρτη,
1023 2011 1319 2087 σύμψηφος
1368 2013 1402 2080 ἡ
1461 2011 1682 2085 μέμπτη
1733 2012 1987 2082 κατέστη,

342 2101 697 2175 συνεκήρυξεν
753 2101 867 2174 (49)
944 2101 977 2169 ἡ
1053 2097 1206 2170 ἓκτη,
1284 2098 1643 2178 ἐπεσφράγισε
1717 2099 1988 2174 λαμπρῶς

333 2189 716 2264 ἀγωνίσμασιν
775 2191 810 2257 ἡ
871 2183 1082 2261 ἑϐδόμη
1132 2208 1144 2221 ο
1211 2190 1475 2261 καθ’
1531 2188 1759 2259 ἑκάστην
1815 2189 1988 2244 αὐτῶν

330 2283 444 2357 [10]
498 2274 613 2333 ἔστι
667 2279 976 2355 περιφανῶς
1028 2279 1262 2351 καθορᾷν
1319 2275 1831 2353 παρρησιαζομένην
1885 2279 1987 2346 τὴν

332 2364 637 2437 εὐσέϐειαν,
689 2368 778 2422 καὶ
811 2368 872 2422 τὸ
926 2372 1145 2440 Πνεῦμα
1193 2372 1291 2423 τοῦ
1340 2369 1574 2442 Πατρὸς,
1608 2366 1736 2424 ἀλλ’
1785 2367 1845 2423 οὗ
1891 2373 1987 2424 τοῦ

332 2461 466 2515 Υἱοῦ
518 2461 637 2532 (51)
695 2455 1131 2533 θεολογούμενον
1201 2457 1604 2533 ἐκπορεύεσθαι.
1667 2458 1736 2512 Σὲ
1794 2455 1852 2512 δὲ
1904 2458 1989 2519 τίς

335 2547 509 2624 ἀγέλη
564 2549 677 2620 (52)
729 2542 1063 2602 ὃυσσεϐοῦσα
1115 2544 1444 2621 μετεδίδαξε,
1491 2546 1576 2612 τίς
1615 2551 1723 2603 τῶν
1781 2547 1990 2603 ἇντινου

343 2637 728 2710 μοθετούντων
776 2640 857 2708 τῷ
907 2637 1149 2710 Δεσπότῃ
1204 2640 1526 2692 καταπεσεῖν
1593 2635 1669 2698 εἰς
1724 2635 1991 2709 ἀθέσμους

335 2724 498 2798 δόξας
533 2726 846 2804 ὑπηγάγετο
879 2727 992 2801 (53)
1015 2743 1030 2797 ;

2097 1925 2258 1975 sexta
2301 1936 2314 1986 ;
2348 1919 2676 1991 obsignavit
2707 1921 2878 1977 claris
2908 1921 3330 1977 certaminibus
3364 1922 3649 1993 septima;
3683 1922 3739 1976 in

2099 2006 2358 2079 qualibet
2379 2007 2612 2062 illarum
2633 2015 2720 2064 est
2742 2009 3034 2065 luculente
3056 2025 3292 2066 cernere
3326 2010 3507 2066 libere
3534 2009 3738 2081 praedi-

2097 2099 2285 2150 oatam
2319 2095 2616 2166 pietatem,
2677 2098 3075 2169 traditumque
3129 2099 3198 2153 de
3226 2099 3463 2169 Spiritu,
3507 2099 3674 2153 illum
3709 2116 3742 2153 a

2098 2186 2284 2253 Patre,
2319 2199 2434 2239 non
2475 2189 2669 2240 autem
2702 2202 2736 2241 a
2769 2186 2910 2241 Filio
2945 2188 3273 2257 procedere.
3307 2186 3385 2240 Te
3416 2202 3546 2241 vero
3583 2185 3740 2257 quis-

2097 2289 2228 2328 nam
2262 2273 2572 2344 impiorum
2614 2289 2751 2345 grex
2783 2275 3003 2330 diversa
3033 2275 3248 2330 sentire
3277 2275 3492 2344 docuit,
3519 2275 3650 2346 quis
3674 2291 3742 2330 ex

2099 2362 2170 2417 iis
2201 2361 2294 2430 qui
2355 2361 2602 2418 Domino
2663 2364 2955 2418 contraria
2995 2363 3289 2430 sanciunt,
3322 2364 3382 2419 in
3435 2364 3740 2436 opiniones

2099 2451 2332 2522 iniquas
2364 2456 2429 2506 ut
2451 2451 2742 2507 delabaris
2771 2451 2959 2508 eﬂ‘ecit
2988 2452 3014 2508 ?

1506 2845 1744 2902 VARl/E
1793 2845 2182 2903 LECTIONES
2223 2847 2314 2904 ET
2353 2846 2563 2903 NOT/E

321 2987 534 3064 Ερὴθξ.
580 2988 624 3064 l.
660 2987 909 3064 c._gQuis
938 3003 968 3044 e
991 2988 1515 3064 _sacerdotibu_s__et
1554 2987 1980 3064 laudatissimis
2014 2993 2056 3059 C
2085 3007 2140 3064 p.
2174 2992 2304 3058 648,
2335 2993 2462 3048 949.

316 3059 548 3132 nostris
579 3060 853 3132 Patribus
908 3061 1290 3132 Spiritumex
1338 3060 1482 3132 Filio
1531 3059 1842 3131 procedere
1873 3063 1977 3116 de-

315 3131 552 3187 crevit?
599 3131 743 3203 Qua
803 3131 1064 3203 synodus
1112 3131 1460 3203 universalis
1507 3132 1976 3188 confessionibus

314 3202 698 3276 constabilita
719 3207 779 3258 et
811 3202 1053 3258 celebris
1073 3203 1103 3256 ?
1121 3235 1189 3242 —
1212 3203 1318 3259 Sed
1345 3202 1694 3259 Etherianus
1719 3208 1781 3258 ut
1803 3220 1978 3276 supra

311 3290 384 3330 ex
403 3273 729 3328 codicibus.

311 3415 354 3472 ϐ
388 3345 516 3470 (139)
551 3345 720 3400 Allat.
779 3361 828 3399 ο.
881 3349 1038 3401 Hott.
1098 3345 1137 3398 l.
1199 3361 1248 3400 ο.
1310 3340 1796 3420 Ἐνδιαπρέπουσα.
1858 3346 1971 3402 Sic.

362 3432 398 3472 0
431 3458 444 3471 .

362 3432 444 3473 οι.

541 3487 768 3563 Monac.
805 3486 1035 3563 Μᾷλλον
1069 3483 1125 3542 δὲ
1155 3490 1264 3542 τῶν
1296 3487 1400 3563 ἱερ.

386 3555 506 3630 (41)
539 3559 764 3615 Monac.
802 3555 1057 3621 Σύνοδος.

544 3630 946 3708 ἕοῐιδ.0.]1ρίνΔ
968 3631 1003 3698 ἢ
1035 3649 1159 3708 φαν.
1185 3633 1298 3708 Sig.
1332 3631 1452 3708 Cp]:

388 3703 506 3774 (43)
541 3703 742 3774 Simon
775 3701 898 3773 Cpll.
933 3703 972 3774 l_.
1006 3701 1079 3774 cI,
1108 3720 1175 3774 γρ.
1205 3705 1330 3770 372,
1362 3705 1468 3760 373
1502 3721 1515 3758 :
1547 3701 1775 3758 Μᾶλλον
1809 3701 1968 3767 δὲτίς

309 3771 512 3846 ἱερέων
551 3771 643 3827 καὶ
685 3771 1004 3898 ἁρέζθεόλ.
1057 3771 1329 3848 σύλλογος
1361 3775 1424 3828 οὐ
1471 3774 1674 3843 ταύτην
1715 3777 1814 3843 τήν
1857 3774 1967 3830 διά-

312 3863 475 3897 νοιαν
530 3841 728 3898 (δηλον
766 3865 819 3898 τι
865 3846 966 3898 τὴν
1023 3843 1312 3898 λέγουσαν.
1361 3846 1450 3898 καὶ
1499 3845 1559 3898 ἐκ
1603 3850 1702 3898 τοῦ
1749 3848 1876 3898 Υἱοῦ
1905 3849 1967 3898 τὸ

312 3841 475 3919 νόιαν
530 3841 819 3919 (δηλονότι
865 3846 966 3912 τήν
994 3841 1312 3919 λέγουσαν,
1361 3846 1450 3899 καὶ
1499 3845 1559 3919 έκ
1603 3841 1702 3899 τοῦ
1749 3841 1876 3900 Υἱοῦ
1905 3849 1967 3902 τὸ

313 3915 546 3992 Πνεῦμα
573 3915 854 3992 τὸηᾶγιον)
889 3919 958 3989 τῇ
989 3915 1201 3986 ἐπινοίᾳ
1241 3920 1344 3992 τοῦ
1379 3916 1694 3992 Πνεύματος
1725 3921 1966 3991 κατεψη-

313 3984 519 4060 φίσατο
546 4003 560 4054 ;
594 3984 842 4044 Allatius
873 3984 990 4045 non
1022 3984 1188 4046 recte
1207 3990 1410 4044 vertit:
1446 4011 1475 4039 «
1507 3984 1646 4053 Quis
1679 4004 1746 4044 ex
1778 3984 1966 4046 sacer.

314 4059 564 4133 dotibus
585 4065 642 4133 et
663 4061 1011 4133 praesulibus
1036 4078 1068 4117 a
1099 4063 1212 4116 Deo
1229 4068 1615 4133 congregatus
1645 4066 1829 4116 castus
1853 4078 1966 4118 non

313 4131 470 4204 hanc
501 4131 914 4204 cogitationem
975 4131 1125 4201 (eam
1187 4148 1396 4202 nempe
1452 4131 1575 4202 quae
1629 4134 1970 4204 pronuntiat

309 4202 493 4275 etiam
525 4218 596 4275 ex
625 4203 766 4258 Filio
787 4204 1067 4274 Spiritum
1098 4204 1182 4275 S.)
1206 4205 1480 4275 adversus,
1499 4202 1754 4274 Spiritus
1777 4205 1964 4260 sancti

308 4272 766 4357 inspirationem
790 4272 1082 4330 calculum
1105 4272 1310 4330 dedit?
1333 4297 1360 4325 »
1379 4272 1588 4332 Melius
1608 4280 1775 4348 Hugo
1797 4276 1965 4332 Ethe-

309 4360 465 4401 nan.
497 4345 652 4414 (Vide
683 4350 804 4401 not.
839 4347 949 4414 17).

405 4360 465 4401 n.
497 4360 652 4401 ινιαε
683 4360 804 4401 nat.
839 4360 949 4401 1⁷1).

309 4349 465 4401 rian.
497 4349 652 4414 (vide
683 4350 804 4401 not.
839 4349 949 4416 17).

315 4486 351 4492 _
390 4417 496 4492 (44)
528 4417 626 4492 Sic
656 4417 781 4492 cod.
801 4419 1044 4492 _V_atic._;
1079 4417 1387 4492 Monac._et
1407 4417 1543 4473 Cod.
1581 4433 1613 4492 :_
1629 4417 1706 4470 Δι’
1738 4417 1812 4470 ὧν
1834 4418 1957 4492 γάρ.

313 4485 504 4562 Palat.
542 4504 556 4543 :
601 4485 700 4562 ἴσξ
743 4485 814 4541 δι’
847 4487 920 4562 ῶν
951 4487 1149 4562 γὰρᾲτὸ
1177 4507 1269 4543 πν.
1303 4489 1498 4562 Ether.
1535 4507 1548 4543 :
1582 4489 1687 4546 Per
1717 4485 1888 4562 quos.

384 4560 503 4631 (45)
537 4558 636 4613 Καὶ
668 4557 932 4614 ἀποστολ.
966 4557 1037 4615 in
1062 4559 1287 4617 Monac.
1320 4561 1390 4615 ad
1425 4576 1606 4631 marg.
1631 4557 1959 4630 suppletur.

381 4631 502 4703 (46)
531 4633 701 4702 Apud
735 4631 913 4703 Allat.
957 4649 1006 4686 c.
1035 4631 1220 4703 Βοιὼ,
1254 4649 1310 4703 p.
1340 4632 1445 4687 3’73
1479 4649 1492 4686 :
1546 4631 1646 4703 Καὶ
1686 4631 1788 4703 γᾷιρ
1831 4631 1958 4693 τοὺς

311 4699 394 4770 μή
426 4699 765 4776 φρονοῦντας
796 4699 970 4764 οὕτως
1002 4699 1213 4778 (ἤγουν
1239 4699 1314 4763 ὡς
1346 4703 1409 4757 τὸ
1439 4722 1526 4758 πν.
1559 4701 1618 4756 ἐκ
1658 4699 1836 4827 ιμόνου
1863 4707 1960 4756 τοῦ

310 4773 532 4845 Rupe;
561 4773 652 4826 καὶ
683 4773 747 4828 οὐ
782 4775 890 4845 μήν
922 4773 973 4844 ἐξ
1005 4774 1152 4845 Υὶοῦ)
1179 4773 1251 4834 ὡς
1281 4779 1381 4842 τῆς
1411 4774 1531 4845 καθ.
1563 4795 1617 4830 κ.
1695 4795 1752 4829 π.
1803 4772 1956 4831 ἐκκλ.

310 4777 532 4845 Πατρὸς
561 4777 652 4826 καὶ
683 4777 747 4828 οὐ
782 4777 890 4845 μὴν
922 4777 973 4844 ἐξ
1005 4777 1152 4846 Υἱοῦ)
1179 4777 1251 4834 ὡς
1281 4779 1381 4842 τῆς
1411 4777 1531 4828 καθ.
1563 4795 1617 4830 κ.
1658 4777 1752 4829 ἀπ.
1803 4777 1956 4831 ἐκκλ.

310 4837 572 4916 ὑϐριστὰς
610 4849 692 4915 τῷ
733 4845 1158 4918 κᾶναθεματισμῳ
1201 4839 1594 4918 καθυπέϐαλον.
1643 4868 1664 4896 ι
1700 4849 1958 4916 Namque

311 4930 412 4970 eos
442 4918 546 4987 qui
579 4933 697 4973 non
728 4917 813 4972 ita
834 4925 1026 4990 tenent
1055 4919 1288 4990 (nempe
1311 4917 1591 4990 Spiritum
1616 4935 1683 4973 ex
1712 4918 1834 4974 solo
1856 4921 1955 4974 Pa-

309 4990 512 5060 tre,get
561 5004 675 5060 non
708 5004 773 5045 ex
821 4989 990 5058 Filio)
1019 4987 1198 5044 veluti
1225 4987 1303 5044 lin
1353 4987 1506 5045 catb.
1540 4994 1597 5045 et
1628 4997 1814 5060 apost.
1847 4991 1956 5045 Ec-

309 5056 559 5132 clesium,
591 5059 912 5132 injuriosos
955 5056 1328 5132 anathemate
1354 5056 1792 5132 percusserunt.
1825 5083 1854 5110 »
1887 5091 1956 5102 —

305 5127 757 5206 l_lqnac._habuit
773 5127 1186 5206 καθυπέρϐαλον
1214 5149 1229 5198 ;
1253 5127 1370 5188 sed'
1380 5152 1409 5204 ρ
1441 5133 1651 5189 deinde
1672 5131 1951 5188 deletum.

303 5199 424 5258 Col.
454 5196 899 5258 καθυπέϐαλλον.

376 5272 492 5410 (47)
530 5278 757 5332 Monac.
790 5270 1122 5352 ὀφθαλμοῖς.
1859 5321 1868 5326 -

376 5345 465 5410 [48
522 5344 737 5401 Eodem
799 5351 965 5410 pacto
993 5354 1046 5401 et
1077 5345 1284 5401 iisdem
1343 5345 1457 5401 fere
1503 5345 1692 5402 verbis
1731 5349 1868 5410 septt

371 5344 489 5414 (48)
522 5344 737 5401 Eodem
798 5344 1046 5416 p'acto'et
1077 5345 1284 5401 iisdem
1343 5345 1457 5401 fere
1503 5345 1692 5402 verbis
1731 5349 1951 5414 septem

301 5429 332 5468 ε
414 5416 1155 5488 odosprotenduntJos.Br
1197 5416 1952 5484 enniusOr.8.deS.Trin.,

300 5428 481 5540 high.
517 5487 832 5540 Balsamon
877 5489 935 5540 in
998 5433 1292 5540 [inaniora
1347 5489 1487 5540 cieri
1544 5487 1686 5540 ουι..
1744 5488 1952 5540 lecas

365 5486 481 5560 ich.
517 5486 832 5545 Balsamou
877 5489 935 5544 in
998 5486 1292 5560 Anaphora
1347 5489 1487 5560 cieri
1544 5487 1686 5559 Cpl.,
1744 5488 1952 5560 Glycas

298 5555 827 5630 aliiquehquorum
878 5564 1072 5616 textus
1117 5555 1332 5616 'recitat
1360 5555 1632 5624 Allatius,
1664 5560 1739 5614 De
1766 5555 1948 5616 Οὲσὶά.

297 5632 352 5683 σε
379 5629 679 5711 gygen.
710 5631 1031 5711 coris-erud:
1082 5630 1183 5711 Ill,
1212 5632 1348 5711 c,.2,
1381 5647 1438 5687 n.
1475 5633 1525 5698 1,
1559 5648 1616 5711 p.
1640 5631 1944 5711 _916-91§_;

299 5714 351 5755 c.
379 5700 650 5772 Hotting,
683 5719 738 5773 p.
791 5703 1058 5760 sas-321.
1111 5703 1332 5760 Vindic.
1364 5718 1490 5774 :yu.
1551 5704 1740 5774 Ephes.
1774 5719 1826 5758 c.
1859 5703 1946 5758 77.

2187 3064 2276 3136 49)
2309 3065 2430 3137 Col.
2465 3063 2883 3137 Συννεκήρυξεν.

2181 3133 2279 3207 50)
2309 3136 2430 3192 Col.
2465 3133 2566 3188 Καί
2595 3133 2733 3190 καθ’.

2155 3201 2272 3278 (51)
2305 3209 2525 3262 Monac.
2559 3207 2676 3263 Col.
2707 3213 2760 3262 et
2790 3205 2910 3262 Pal.
2946 3205 3038 3258 Ἐκ
3068 3207 3164 3257 τοῦ
3204 3204 3438 3277 Πατρὸς,
3468 3201 3596 3257 ἀλλ’
3627 3203 3729 3258 οὐκ

2085 3273 2144 3330 ἐκ
2165 3273 2271 3331 ’τοῦ
2298 3278 2446 3332 Υἳοῦ.

2177 3350 2267 3418 52)
2301 3351 2521 3406 Monac.
2557 3345 2743 3417 Ἀλλη
2773 3365 2786 3416 ;
2821 3353 2960 3405 tunc
2989 3347 3302 3420 supplend.
3338 3342 3635 3420 ;_cv3voBoc.

2179 3421 2271 3492 53)
2320 3422 2448 3476 Haec
2507 3431 2799 3493 postrema
2854 3420 3026 3493 verba
3069 3417 3270 3493 Graece
3307 3417 3724 3493 alleganturin

2082 3490 2259 3564 citata
2290 3490 2545 3549 Simonis
2577 3491 2698 3564 Cpl.
2733 3508 2824 3563 ep.
2866 3491 3062 3562 (Allat.
3097 3491 3329 3564 c.HHot_t.
3366 3507 3422 3561 p.
3447 3490 3573 3564 381)
3602 3491 3725 3564 sine

2082 3563 2204 3618 ulla
2236 3566 2528 3632 varietate,
2557 3561 3013 3620 Latine’tantum
3047 3563 3102 3618 in
3145 3561 3352 3618 Vindic.
3376 3578 3506 3633 syn.
3529 3561 3723 3631 Ephes.

2083 3652 2142 3706 p.
2191 3637 2300 3691 652
2330 3653 2344 3691 :
2399 3658 2428 3686 «
2457 3637 2536 3692 Te
2565 3653 2697 3692 vero
2729 3638 3002 3708 quisnam
3036 3651 3174 3708 grex
3223 3632 3466 3708 impius
3497 3632 3726 3708 inversa

2083 3704 2350 3763 doctrina
2381 3709 2580 3762 docuit
2613 3704 2924 3763 decernere
2953 3704 3345 3778 Spiritumiex
3365 3704 3550 3778 Filio?
3584 3706 3724 3778 Quis

2079 3784 2281 3834 contra
2311 3780 2626 3834 Dominum
2687 3779 2842 3850 leges
2877 3777 3219 3850 instituens“
3241 3777 3300 3832 in
3333 3777 3566 3850 injquas
3596 3777 3722 3847 opi-

2080 3851 2283 3905 niones
2315 3851 2504 3905 delabi
2536 3848 2856 3905 subduxit?
2881 3871 2909 3899 »
2940 3881 3009 3890 —-
3039 3850 3147 3906 Sed
3179 3848 3342 3918 Hugo
3377 3848 3718 3904 Etheriauus

2077 3919 2138 3990 (l.
2172 3937 2246 3985 0.,
2281 3939 2336 3991 p.
2364 3922 2520 3976 1231.
2545 3921 2602 3975 C.
2638 3921 2728 3990 D.)
2747 3925 2931 3975 totum
2955 3925 3132 3992 caput
3163 3921 3363 3975 recitat
3385 3919 3492 3974 hoc
3515 3923 3712 3988 pacto:

2079 4011 2106 4042 α
2139 3993 2276 4056 Quis
2335 3993 2478 4046 dixit
2508 3993 2872 4047 sacerdotum
2913 3991 3041 4047 seu’
3076 3991 3306 4045 Patrum
3356 3995 3711 4058 nostrorum,

2077 4062 2355 4134 Spiritum
2378 4079 2447 4117 ex
2476 4061 2613 4118 Filio
2648 4063 2956 4134 procedere
2975 4063 3002 4116 ‘I
3033 4063 3168 4126 Quae
3197 4059 3451 4134 synodus
3486 4059 3716 4134 univer-

2075 4131 2299 4188 salibus
2340 4131 2756 4203 sponsionibus
2799 4134 3028 4188 tirmata
3078 4137 3133 4187 et
3188 4131 3493 4196 adornata,
3528 4131 3714 4203 magis

2074 4208 2268 4260 autem
2301 4201 2452 4275 quod
2489 4205 2832 4260 Pontiﬁcum
2865 4205 3139 4259 divinitus
3174 4203 3496 4256 adunatum
3536 4201 3715 4256 colle-

2073 4277 2232 4348 gium
2267 4293 2381 4331 non
2406 4277 2555 4332 hanc
2577 4275 2950 4342 sententiam,
2967 4280 3025 4330 et
3041 4279 3356 4348 antequam
3387 4278 3712 4348 appareret,

1993 4367 2037 4431 Ι)
2073 4342 2260 4431 ξιιῃοΞί
2289 4348 2540 4431 Spiritus
2572 4348 2950 4431 inspiratione
2970 4342 3420 4431 condemnavit?
3442 4343 3712 4431 Perquos

2071 4416 2588 4490 Spiritus'sanctus
2617 4416 2805 4474 Patris
2829 4435 2957 4475 esse
2981 4420 3148 4490 juxta
3167 4417 3521 4490 Dominicam
3546 4416 3710 4490 iusti-

2075 4487 2356 4546 tutionem
2389 4497 2628 4562 apparet
2661 4509 2675 4557 ;
2708 4506 2774 4545 ex
2801 4507 2912 4561 quo
2945 4487 3162 4561 liquido
3181 4489 3489 4560 procedere
3526 4487 3712 4562 magis

2069 4563 2305 4618 vocibus
2324 4558 2755 4634 prae—dicaverint
2778 4558 2836 4634 (ιζ
2864 4558 3360 4634 praedicaverunt),
3391 4563 3448 4613 et
3476 4558 3710 4634 quidem

2070 4650 2184 4688 non
2243 4629 2340 4690 sic'
2381 4637 2696 4690 sentientes
2757 4629 2818 4688 ut
2864 4629 3220 4688 universalis
3265 4629 3326 4686 et
3379 4629 3709 4700 apostolicae

2067 4705 2335 4760 Ecclesiae
2359 4711 2788 4776 contemptores
2809 4705 3197 4760 subdiderunt
3220 4700 3594 4776 anathemati.
3621 4701 3707 4756 Ab

2067 4777 2326 4846 antiquis
2340 4777 2490 4831 enim
2515 4771 2878 4847 temporibus
2899 4776 3120 4847 uoviter
3140 4781 3325 4847 ortam
3343 4771 3707 4847 impietatem

2067 4842 2738 4928 praes—agisProviden'tim
2757 4846 2820 4928 (ζ.
2837 4845 3224 4928 providentes)
3237 4842 3423 4927 oculis
3444 4848 3501 4900 et
3521 4843 3706 4928 ipsam

2065 4915 2198 4975 cum
2257 4915 2626 4989 antecipante
2681 4915 2997 4972 multifaria
3054 4915 3414 4989 discessione
3466 4916 3703 4989 scripto,

2065 4989 2236 5046 verbo
2269 4987 2760 5061 atque—sententia
2779 4990 3262 5044 condemnarunt.
3290 4987 3704 5061 Dogmatizavit

2065 5002 2236 5046 verbo
2269 5002 2445 5061 atque
2474 5002 2760 5046 sententia
2779 5002 3262 5044 condemnarunt.
3290 5002 3701 5112 uogmauzavn

2065 5061 2259 5116 statim
2309 5062 2726 5117 universalium
2759 5066 2815 5114 et
2861 5077 3162 5115 sacrarum
3220 5075 3364 5130 syno
3409 5074 3576 5114 orum
3609 5075 3701 5114 se-

2064 5134 2274 5198 cunda,
2308 5134 2589 5204 Spiritum
2613 5138 2880 5204 sanctum
2903 5148 2968 5187 ex
3007 5131 3170 5187 Patre
3201 5130 3546 5201 procedere;
3573 5146 3703 5204 sus-

2063 5205 2213 5275 cepit
2234 5200 2427 5270 tertia,
2454 5208 2660 5275 quarta
2682 5203 3060 5267 conﬁrmavit,
3084 5200 3433 5275 consensum
3458 5200 3705 5275 praebuit

2063 5271 2286 5346 quinta,
2319 5271 2488 5332 sexta
2533 5275 2910 5344 adjudicavit,
2970 5273 3293 5346 splendidis
3341 5271 3703 5345 consignavit

2062 5345 2477 5402 certaminibus
2509 5347 2774 5418 septima.
2809 5347 2913 5403 Per
2941 5345 3204 5418 singulas
3231 5349 3571 5418 earum_e_st_
3602 5360 3698 5414 pa-

2062 5423 2246 5474 tenter
2271 5419 2462 5474 videre
2486 5414 2830 5474 ﬁducialiter
2850 5414 3334 5487 egisse—pietatem
3357 5420 3413 5470 et
3428 5414 3700 5487 Spiritum

2061 5506 2131 5545 ex
2159 5491 2345 5558 Patre,
2380 5491 2479 5545 sed
2518 5505 2632 5544 non
2664 5505 2732 5544 ex
2761 5485 2907 5544 Filio
2957 5485 3239 5544 divinitus
3287 5485 3699 5558 annuntiatum

2061 5556 2391 5632 procedere.
2426 5561 2503 5616 Te
2523 5577 2651 5633 vero
2672 5562 2801 5632 quis
2821 5577 2959 5633 grex
2983 5558 3538 5633 impiusgperdocuit,
3565 5556 3698 5633 quis

2058 5627 2384 5705 contrarias
2416 5633 2572 5705 leges
2601 5627 3084 5705 Dominiiponens
3113 5627 3613 5703 legibusincidere
3639 5628 3698 5684 in

2059 5701 2306 5760 nefarias
2335 5701 2519 5760 secta's
2551 5701 2884 5762 subinduxit
2913 5705 2940 5758 ?
2968 5726 2997 5754 »
