  <div class='ocr_page' id='page_1' title='image "/cluster/home/n/w/nwhite01/storage/ocr_20150623/102/hvd.32044073502155/167.png"; bbox 0 0 4084 6210; ppageno 0'>
   <div class='ocr_carea' id='block_1_1' title="bbox 403 347 520 407">
    <p class='ocr_par' dir='ltr' id='par_1_1' title="bbox 403 347 520 407">
     <span class='ocr_line' id='line_1_1' title="bbox 403 347 520 407; baseline 0.009 -1"><span class='ocrx_word' id='word_1_1' title='bbox 403 347 520 407; x_wconf 75' lang='grc'><strong>299</strong></span> 
     </span>
    </p>
   </div>
   <div class='ocr_carea' id='block_1_2' title="bbox 1603 339 2638 404">
    <p class='ocr_par' dir='ltr' id='par_1_2' title="bbox 1603 339 2638 404">
     <span class='ocr_line' id='line_1_2' title="bbox 1603 339 2638 404; baseline 0.003 -3"><span class='ocrx_word' id='word_1_2' title='bbox 1603 339 1868 402; x_wconf 87' lang='grc' dir='ltr'><strong>ΡΗΟΤΙΙ</strong></span> <span class='ocrx_word' id='word_1_3' title='bbox 1912 341 2438 404; x_wconf 73' lang='lat' dir='ltr'><strong>PATRIARCH/E</strong></span> <span class='ocrx_word' id='word_1_4' title='bbox 2481 343 2597 404; x_wconf 92' lang='lat' dir='ltr'><strong>CP.</strong></span> <span class='ocrx_word' id='word_1_5' title='bbox 2636 371 2638 374; x_wconf 52' lang='grc' dir='ltr'><strong>ν</strong></span> 
     </span>
    </p>
   </div>
   <div class='ocr_carea' id='block_1_3' title="bbox 3677 343 3786 406">
    <p class='ocr_par' dir='ltr' id='par_1_3' title="bbox 3677 343 3786 406">
     <span class='ocr_line' id='line_1_3' title="bbox 3677 343 3786 406; baseline -0.018 0"><span class='ocrx_word' id='word_1_6' title='bbox 3677 343 3786 406; x_wconf 83' lang='lat'><strong>300</strong></span> 
     </span>
    </p>
   </div>
   <div class='ocr_carea' id='block_1_4' title="bbox 398 472 2031 554">
    <p class='ocr_par' dir='ltr' id='par_1_4' title="bbox 398 476 2031 552">
     <span class='ocr_line' id='line_1_4' title="bbox 398 476 2031 552; baseline -0.004 -16"><span class='ocrx_word' id='word_1_7' title='bbox 398 479 785 552; x_wconf 82' lang='lat' dir='ltr'><strong>patrocinium</strong></span> <span class='ocrx_word' id='word_1_8' title='bbox 814 479 1100 547; x_wconf 80' lang='lat' dir='ltr'><strong>invenias,</strong></span> <span class='ocrx_word' id='word_1_9' title='bbox 1132 478 1232 534; x_wconf 90' lang='lat' dir='ltr'><strong>sed</strong></span> <span class='ocrx_word' id='word_1_10' title='bbox 1265 481 1326 534; x_wconf 88' lang='lat' dir='ltr'><strong>ut</strong></span> <span class='ocrx_word' id='word_1_11' title='bbox 1359 477 1552 548; x_wconf 90' lang='lat' dir='ltr'><strong>ipsum</strong></span> <span class='ocrx_word' id='word_1_12' title='bbox 1584 491 1817 547; x_wconf 90' lang='lat' dir='ltr'><strong>quoque</strong></span> <span class='ocrx_word' id='word_1_13' title='bbox 1847 476 2031 533; x_wconf 93' lang='lat' dir='ltr'><strong>Domi-</strong></span> 
     </span>
    </p>
   </div>
   <div class='ocr_carea' id='block_1_5' title="bbox 2150 472 3790 554">
    <p class='ocr_par' dir='ltr' id='par_1_5' title="bbox 2153 472 3790 554">
     <span class='ocr_line' id='line_1_5' title="bbox 2153 472 3790 554; baseline 0.001 -25"><span class='ocrx_word' id='word_1_14' title='bbox 2153 475 2356 554; x_wconf 70' lang='grc' dir='ltr'>φωνὴν,</span> <span class='ocrx_word' id='word_1_15' title='bbox 2391 475 2498 553; x_wconf 73' lang='grc' dir='ltr'><strong>οὐχ</strong></span> <span class='ocrx_word' id='word_1_16' title='bbox 2525 472 2619 528; x_wconf 75' lang='grc' dir='ltr'>’ίνα</span> <span class='ocrx_word' id='word_1_17' title='bbox 2660 476 2959 550; x_wconf 79' lang='grc' dir='ltr'>συνήγορον</span> <span class='ocrx_word' id='word_1_18' title='bbox 2990 474 3228 550; x_wconf 78' lang='grc' dir='ltr'>εύρήσῃς</span> <span class='ocrx_word' id='word_1_19' title='bbox 3257 477 3393 549; x_wconf 87' lang='grc'>(34),</span> <span class='ocrx_word' id='word_1_20' title='bbox 3422 475 3548 532; x_wconf 73' lang='grc' dir='ltr'>ἀλλ’</span> <span class='ocrx_word' id='word_1_21' title='bbox 3575 475 3663 532; x_wconf 71' lang='grc' dir='ltr'><strong>ἳνα</strong></span> <span class='ocrx_word' id='word_1_22' title='bbox 3706 476 3790 532; x_wconf 77' lang='grc' dir='ltr'><strong>καὶ</strong></span> 
     </span>
    </p>
   </div>
   <div class='ocr_carea' id='block_1_6' title="bbox 393 565 2041 640">
    <p class='ocr_par' dir='ltr' id='par_1_6' title="bbox 393 565 2041 640">
     <span class='ocr_line' id='line_1_6' title="bbox 393 565 2041 640; baseline -0.002 -14"><span class='ocrx_word' id='word_1_23' title='bbox 393 585 560 638; x_wconf 90' lang='lat' dir='ltr'><strong>num,</strong></span> <span class='ocrx_word' id='word_1_24' title='bbox 593 585 886 640; x_wconf 88' lang='lat' dir='ltr'><strong>perennen</strong></span> <span class='ocrx_word' id='word_1_25' title='bbox 921 568 1187 625; x_wconf 79' lang='lat' dir='ltr'><strong>veritatis</strong></span> <span class='ocrx_word' id='word_1_26' title='bbox 1217 568 1456 638; x_wconf 83' lang='lat' dir='ltr'><strong>fontem,</strong></span> <span class='ocrx_word' id='word_1_27' title='bbox 1490 565 1864 622; x_wconf 56' lang='lat' dir='ltr'><strong>dissonantia}</strong></span> <span class='ocrx_word' id='word_1_28' title='bbox 1896 566 2041 623; x_wconf 87' lang='lat' dir='ltr'><strong>insi-</strong></span> 
     </span>
    </p>
   </div>
   <div class='ocr_carea' id='block_1_7' title="bbox 393 655 2036 730">
    <p class='ocr_par' dir='ltr' id='par_1_7' title="bbox 393 655 2036 730">
     <span class='ocr_line' id='line_1_7' title="bbox 393 655 2036 730; baseline -0.002 -15"><span class='ocrx_word' id='word_1_29' title='bbox 393 659 583 715; x_wconf 90' lang='lat' dir='ltr'><strong>mules</strong></span> <span class='ocrx_word' id='word_1_30' title='bbox 602 660 630 713; x_wconf 84' lang='lat'><strong>‘?</strong></span> <span class='ocrx_word' id='word_1_31' title='bbox 651 659 745 716; x_wconf 89' lang='lat' dir='ltr'><strong>Sic</strong></span> <span class='ocrx_word' id='word_1_32' title='bbox 767 659 919 715; x_wconf 89' lang='lat' dir='ltr'><strong>enim</strong></span> <span class='ocrx_word' id='word_1_33' title='bbox 944 657 1141 730; x_wconf 81' lang='lat' dir='ltr'><strong>lingua</strong></span> <span class='ocrx_word' id='word_1_34' title='bbox 1165 661 1263 714; x_wconf 88' lang='lat' dir='ltr'><strong>tua</strong></span> <span class='ocrx_word' id='word_1_35' title='bbox 1283 657 1354 712; x_wconf 88' lang='lat' dir='ltr'><strong>ad</strong></span> <span class='ocrx_word' id='word_1_36' title='bbox 1388 655 1673 728; x_wconf 86' lang='lat' dir='ltr'><strong>quidlibet</strong></span> <span class='ocrx_word' id='word_1_37' title='bbox 1701 656 2036 712; x_wconf 88' lang='lat' dir='ltr'><strong>audendum</strong></span> 
     </span>
    </p>
   </div>
   <div class='ocr_carea' id='block_1_8' title="bbox 393 745 2038 819">
    <p class='ocr_par' dir='ltr' id='par_1_8' title="bbox 393 745 2038 819">
     <span class='ocr_line' id='line_1_8' title="bbox 393 745 2038 819; baseline -0.002 -15"><span class='ocrx_word' id='word_1_38' title='bbox 393 753 482 805; x_wconf 90' lang='lat' dir='ltr'><strong>est</strong></span> <span class='ocrx_word' id='word_1_39' title='bbox 497 765 680 819; x_wconf 91' lang='lat' dir='ltr'><strong>prona</strong></span> <span class='ocrx_word' id='word_1_40' title='bbox 701 751 756 804; x_wconf 90' lang='lat' dir='ltr'><strong>et</strong></span> <span class='ocrx_word' id='word_1_41' title='bbox 777 749 845 804; x_wconf 92' lang='lat' dir='ltr'><strong>ad</strong></span> <span class='ocrx_word' id='word_1_42' title='bbox 871 765 1068 817; x_wconf 81' lang='lat' dir='ltr'><strong>ansas,</strong></span> <span class='ocrx_word' id='word_1_43' title='bbox 1094 747 1190 803; x_wconf 91' lang='lat' dir='ltr'><strong>ubi</strong></span> <span class='ocrx_word' id='word_1_44' title='bbox 1215 747 1390 802; x_wconf 61' lang='lat' dir='ltr'><strong>nullas</strong></span> <span class='ocrx_word' id='word_1_45' title='bbox 1428 749 1587 814; x_wconf 89' lang='lat' dir='ltr'><strong>sunt,</strong></span> <span class='ocrx_word' id='word_1_46' title='bbox 1620 745 2038 818; x_wconf 80' lang='lat' dir='ltr'><strong>conﬁngendas</strong></span> 
     </span>
    </p>
   </div>
   <div class='ocr_carea' id='block_1_9' title="bbox 394 835 2039 909">
    <p class='ocr_par' dir='ltr' id='par_1_9' title="bbox 394 835 2039 909">
     <span class='ocr_line' id='line_1_9' title="bbox 394 835 2039 909; baseline -0.003 -14"><span class='ocrx_word' id='word_1_47' title='bbox 394 842 451 895; x_wconf 86' lang='lat' dir='ltr'><strong>et</strong></span> <span class='ocrx_word' id='word_1_48' title='bbox 484 837 911 908; x_wconf 79' lang='lat' dir='ltr'><strong>excogitandas.</strong></span> <span class='ocrx_word' id='word_1_49' title='bbox 946 837 1006 893; x_wconf 88' lang='lat' dir='ltr'><strong>Si</strong></span> <span class='ocrx_word' id='word_1_50' title='bbox 1036 837 1194 893; x_wconf 89' lang='lat' dir='ltr'><strong>enim</strong></span> <span class='ocrx_word' id='word_1_51' title='bbox 1229 836 1323 892; x_wconf 89' lang='lat' dir='ltr'><strong>hic</strong></span> <span class='ocrx_word' id='word_1_52' title='bbox 1355 835 1478 909; x_wconf 85' lang='lat' dir='ltr'><strong>ipse</strong></span> <span class='ocrx_word' id='word_1_53' title='bbox 1518 836 1762 892; x_wconf 86' lang='lat' dir='ltr'><strong>humani</strong></span> <span class='ocrx_word' id='word_1_54' title='bbox 1811 837 2039 908; x_wconf 80' lang='lat' dir='ltr'><strong>generis</strong></span> 
     </span>
    </p>
   </div>
   <div class='ocr_carea' id='block_1_10' title="bbox 392 924 2040 998">
    <p class='ocr_par' dir='ltr' id='par_1_10' title="bbox 392 924 2040 998">
     <span class='ocr_line' id='line_1_10' title="bbox 392 924 2040 998; baseline -0.002 -15"><span class='ocrx_word' id='word_1_55' title='bbox 392 927 667 984; x_wconf 81' lang='lat' dir='ltr'><strong>Conditor</strong></span> <span class='ocrx_word' id='word_1_56' title='bbox 697 929 752 982; x_wconf 89' lang='lat' dir='ltr'><strong>et</strong></span> <span class='ocrx_word' id='word_1_57' title='bbox 784 930 1018 983; x_wconf 83' lang='lat' dir='ltr'><strong>curator</strong></span> <span class='ocrx_word' id='word_1_58' title='bbox 1061 927 1234 982; x_wconf 91' lang='lat' dir='ltr'><strong>modo</strong></span> <span class='ocrx_word' id='word_1_59' title='bbox 1277 925 1512 998; x_wconf 87' lang='lat' dir='ltr'><strong>quidem</strong></span> <span class='ocrx_word' id='word_1_60' title='bbox 1559 924 1841 998; x_wconf 77' lang='lat' dir='ltr'><strong>Spiritum</strong></span> <span class='ocrx_word' id='word_1_61' title='bbox 1875 925 2040 982; x_wconf 82' lang='lat' dir='ltr'><strong>docet</strong></span> 
     </span>
    </p>
   </div>
   <div class='ocr_carea' id='block_1_11' title="bbox 393 1014 2040 1086">
    <p class='ocr_par' dir='ltr' id='par_1_11' title="bbox 393 1014 2040 1086">
     <span class='ocr_line' id='line_1_11' title="bbox 393 1014 2040 1086; baseline -0.003 -12"><span class='ocrx_word' id='word_1_62' title='bbox 393 1033 425 1074; x_wconf 91' lang='lat' dir='ltr'><strong>a</strong></span> <span class='ocrx_word' id='word_1_63' title='bbox 454 1020 618 1073; x_wconf 82' lang='lat' dir='ltr'><strong>Patre</strong></span> <span class='ocrx_word' id='word_1_64' title='bbox 661 1017 989 1086; x_wconf 84' lang='lat' dir='ltr'><strong>procedere,</strong></span> <span class='ocrx_word' id='word_1_65' title='bbox 1037 1015 1379 1072; x_wconf 85' lang='lat' dir='ltr'><strong>nullatenus</strong></span> <span class='ocrx_word' id='word_1_66' title='bbox 1427 1015 1733 1086; x_wconf 88' lang='lat' dir='ltr'><strong>adjiciens,</strong></span> <span class='ocrx_word' id='word_1_67' title='bbox 1782 1014 1930 1086; x_wconf 89' lang='lat' dir='ltr'><strong>quod</strong></span> <span class='ocrx_word' id='word_1_68' title='bbox 1984 1019 2040 1070; x_wconf 93' lang='lat' dir='ltr'><strong>et</strong></span> 
     </span>
    </p>
   </div>
   <div class='ocr_carea' id='block_1_12' title="bbox 391 1109 2035 1182">
    <p class='ocr_par' dir='ltr' id='par_1_12' title="bbox 391 1109 2035 1182">
     <span class='ocr_line' id='line_1_12' title="bbox 391 1109 2035 1182; baseline 0 -18"><span class='ocrx_word' id='word_1_69' title='bbox 391 1125 508 1165; x_wconf 87' lang='lat' dir='ltr'><strong>ase</strong></span> <span class='ocrx_word' id='word_1_70' title='bbox 539 1111 834 1182; x_wconf 85' lang='lat' dir='ltr'><strong>procedat,</strong></span> <span class='ocrx_word' id='word_1_71' title='bbox 869 1111 967 1166; x_wconf 90' lang='lat' dir='ltr'><strong>sed</strong></span> <span class='ocrx_word' id='word_1_72' title='bbox 1019 1110 1183 1167; x_wconf 91' lang='lat' dir='ltr'><strong>illum</strong></span> <span class='ocrx_word' id='word_1_73' title='bbox 1227 1110 1503 1182; x_wconf 84' lang='lat' dir='ltr'><strong>(Patrem)</strong></span> <span class='ocrx_word' id='word_1_74' title='bbox 1543 1109 1734 1167; x_wconf 88' lang='lat' dir='ltr'><strong>solum</strong></span> <span class='ocrx_word' id='word_1_75' title='bbox 1774 1125 2035 1180; x_wconf 90' lang='lat' dir='ltr'><strong>causam,</strong></span> 
     </span>
    </p>
   </div>
   <div class='ocr_carea' id='block_1_13' title="bbox 389 1198 2036 1272">
    <p class='ocr_par' dir='ltr' id='par_1_13' title="bbox 389 1198 2036 1272">
     <span class='ocr_line' id='line_1_13' title="bbox 389 1198 2036 1272; baseline 0.001 -20"><span class='ocrx_word' id='word_1_76' title='bbox 389 1199 885 1268; x_wconf 85' lang='lat' dir='ltr'><strong>quemadmodum</strong></span> <span class='ocrx_word' id='word_1_77' title='bbox 938 1216 1058 1256; x_wconf 68' lang='lat' dir='ltr'><strong>sua:</strong></span> <span class='ocrx_word' id='word_1_78' title='bbox 1099 1198 1515 1272; x_wconf 85' lang='lat' dir='ltr'><strong>generationis,</strong></span> <span class='ocrx_word' id='word_1_79' title='bbox 1556 1199 1632 1255; x_wconf 89' lang='lat' dir='ltr'><strong>ita</strong></span> <span class='ocrx_word' id='word_1_80' title='bbox 1683 1202 1740 1255; x_wconf 91' lang='lat' dir='ltr'><strong>et</strong></span> <span class='ocrx_word' id='word_1_81' title='bbox 1786 1198 2036 1271; x_wconf 88' lang='lat' dir='ltr'><strong>Spiritus</strong></span> 
     </span>
    </p>
   </div>
   <div class='ocr_carea' id='block_1_14' title="bbox 388 1286 2034 1359">
    <p class='ocr_par' dir='ltr' id='par_1_14' title="bbox 388 1286 2034 1359">
     <span class='ocr_line' id='line_1_14' title="bbox 388 1286 2034 1359; baseline 0.001 -19"><span class='ocrx_word' id='word_1_82' title='bbox 388 1286 780 1356; x_wconf 87' lang='lat' dir='ltr'><strong>processionis</strong></span> <span class='ocrx_word' id='word_1_83' title='bbox 812 1289 968 1344; x_wconf 89' lang='lat' dir='ltr'><strong>credi</strong></span> <span class='ocrx_word' id='word_1_84' title='bbox 1000 1305 1032 1344; x_wconf 93' lang='lat' dir='ltr'><strong>a</strong></span> <span class='ocrx_word' id='word_1_85' title='bbox 1067 1287 1237 1344; x_wconf 85' lang='lat' dir='ltr'><strong>nobis</strong></span> <span class='ocrx_word' id='word_1_86' title='bbox 1268 1291 1325 1344; x_wconf 89' lang='lat' dir='ltr'><strong>et</strong></span> <span class='ocrx_word' id='word_1_87' title='bbox 1353 1287 1650 1359; x_wconf 67' lang='lat' dir='ltr'><strong>praedicari</strong></span> <span class='ocrx_word' id='word_1_88' title='bbox 1685 1287 1894 1358; x_wconf 88' lang='lat' dir='ltr'><strong>jubet;</strong></span> <span class='ocrx_word' id='word_1_89' title='bbox 1919 1302 2034 1342; x_wconf 92' lang='lat' dir='ltr'><strong>mo-</strong></span> 
     </span>
    </p>
   </div>
   <div class='ocr_carea' id='block_1_15' title="bbox 387 1375 2038 1448">
    <p class='ocr_par' dir='ltr' id='par_1_15' title="bbox 387 1375 2038 1448">
     <span class='ocr_line' id='line_1_15' title="bbox 387 1375 2038 1448; baseline 0.001 -18"><span class='ocrx_word' id='word_1_90' title='bbox 387 1375 459 1430; x_wconf 94' lang='lat' dir='ltr'><strong>do</strong></span> <span class='ocrx_word' id='word_1_91' title='bbox 483 1379 703 1444; x_wconf 88' lang='lat' dir='ltr'><strong>autem,</strong></span> <span class='ocrx_word' id='word_1_92' title='bbox 739 1385 800 1432; x_wconf 90' lang='lat' dir='ltr'><strong>ut</strong></span> <span class='ocrx_word' id='word_1_93' title='bbox 826 1381 891 1433; x_wconf 90' lang='lat' dir='ltr'><strong>tu</strong></span> <span class='ocrx_word' id='word_1_94' title='bbox 922 1377 1160 1444; x_wconf 90' lang='lat' dir='ltr'><strong>asseris,</strong></span> <span class='ocrx_word' id='word_1_95' title='bbox 1194 1376 1331 1448; x_wconf 89' lang='lat' dir='ltr'><strong>quia</strong></span> <span class='ocrx_word' id='word_1_96' title='bbox 1380 1376 1555 1433; x_wconf 90' lang='lat' dir='ltr'><strong>dicit:</strong></span> <span class='ocrx_word' id='word_1_97' title='bbox 1609 1378 1683 1432; x_wconf 78' lang='lat' dir='ltr'><strong>De</strong></span> <span class='ocrx_word' id='word_1_98' title='bbox 1720 1392 1838 1432; x_wconf 87' lang='lat' dir='ltr'><strong>meo</strong></span> <span class='ocrx_word' id='word_1_99' title='bbox 1887 1377 2038 1432; x_wconf 82' lang='lat' dir='ltr'><strong>acci-</strong></span> 
     </span>
    </p>
   </div>
   <div class='ocr_carea' id='block_1_16' title="bbox 383 1464 2036 1538">
    <p class='ocr_par' dir='ltr' id='par_1_16' title="bbox 383 1464 2036 1538">
     <span class='ocr_line' id='line_1_16' title="bbox 383 1464 2036 1538; baseline 0.002 -21"><span class='ocrx_word' id='word_1_100' title='bbox 383 1465 497 1530; x_wconf 82' lang='lat' dir='ltr'><strong>piet</strong></span> <span class='ocrx_word' id='word_1_101' title='bbox 547 1464 616 1536; x_wconf 74' lang='lat'><strong>‘8,</strong></span> <span class='ocrx_word' id='word_1_102' title='bbox 659 1466 775 1521; x_wconf 87' lang='lat' dir='ltr'><strong>alto</strong></span> <span class='ocrx_word' id='word_1_103' title='bbox 839 1466 1070 1536; x_wconf 59' lang='lat' dir='ltr'><strong>quidem</strong></span> <span class='ocrx_word' id='word_1_104' title='bbox 1121 1466 1353 1522; x_wconf 89' lang='lat' dir='ltr'><strong>silentio</strong></span> <span class='ocrx_word' id='word_1_105' title='bbox 1398 1466 1746 1538; x_wconf 87' lang='lat' dir='ltr'><strong>compressit</strong></span> <span class='ocrx_word' id='word_1_106' title='bbox 1795 1465 2036 1536; x_wconf 81' lang='lat' dir='ltr'><strong>priorem</strong></span> 
     </span>
    </p>
   </div>
   <div class='ocr_carea' id='block_1_17' title="bbox 387 1552 2030 1626">
    <p class='ocr_par' dir='ltr' id='par_1_17' title="bbox 387 1552 2030 1626">
     <span class='ocr_line' id='line_1_17' title="bbox 387 1552 2030 1626; baseline 0.002 -21"><span class='ocrx_word' id='word_1_107' title='bbox 387 1552 813 1610; x_wconf 89' lang='lat' dir='ltr'><strong>institutionem</strong></span> <span class='ocrx_word' id='word_1_108' title='bbox 847 1571 911 1610; x_wconf 88' lang='lat' dir='ltr'><strong>ac</strong></span> <span class='ocrx_word' id='word_1_109' title='bbox 943 1554 1264 1610; x_wconf 88' lang='lat' dir='ltr'><strong>doctrinam</strong></span> <span class='ocrx_word' id='word_1_110' title='bbox 1293 1572 1306 1623; x_wconf 91' lang='lat'>;</span> <span class='ocrx_word' id='word_1_111' title='bbox 1345 1570 1680 1626; x_wconf 83' lang='lat' dir='ltr'><strong>quanquam</strong></span> <span class='ocrx_word' id='word_1_112' title='bbox 1714 1553 2030 1626; x_wconf 89' lang='lat' dir='ltr'><strong>oportebat,</strong></span> 
     </span>
    </p>
   </div>
   <div class='ocr_carea' id='block_1_18' title="bbox 387 1641 2036 1715">
    <p class='ocr_par' dir='ltr' id='par_1_18' title="bbox 387 1641 2036 1715">
     <span class='ocr_line' id='line_1_18' title="bbox 387 1641 2036 1715; baseline 0.001 -19"><span class='ocrx_word' id='word_1_113' title='bbox 387 1644 453 1696; x_wconf 90' lang='lat' dir='ltr'><strong>ut</strong></span> <span class='ocrx_word' id='word_1_114' title='bbox 482 1641 538 1696; x_wconf 91' lang='lat' dir='ltr'><strong>in</strong></span> <span class='ocrx_word' id='word_1_115' title='bbox 571 1644 885 1699; x_wconf 86' lang='lat' dir='ltr'><strong>secundam</strong></span> <span class='ocrx_word' id='word_1_116' title='bbox 915 1642 1217 1715; x_wconf 83' lang='lat' dir='ltr'><strong>ingressus</strong></span> <span class='ocrx_word' id='word_1_117' title='bbox 1240 1644 1628 1700; x_wconf 89' lang='lat' dir='ltr'><strong>initiationem</strong></span> <span class='ocrx_word' id='word_1_118' title='bbox 1662 1643 1872 1715; x_wconf 86' lang='lat' dir='ltr'><strong>prioris</strong></span> <span class='ocrx_word' id='word_1_119' title='bbox 1898 1659 2036 1714; x_wconf 88' lang='lat' dir='ltr'><strong>quo-</strong></span> 
     </span>
    </p>
   </div>
   <div class='ocr_carea' id='block_1_19' title="bbox 389 1731 2036 1804">
    <p class='ocr_par' dir='ltr' id='par_1_19' title="bbox 389 1731 2036 1804">
     <span class='ocr_line' id='line_1_19' title="bbox 389 1731 2036 1804; baseline 0 -19"><span class='ocrx_word' id='word_1_120' title='bbox 389 1744 502 1800; x_wconf 91' lang='lat' dir='ltr'><strong>que</strong></span> <span class='ocrx_word' id='word_1_121' title='bbox 535 1731 875 1788; x_wconf 88' lang='lat' dir='ltr'><strong>memoriam</strong></span> <span class='ocrx_word' id='word_1_122' title='bbox 910 1731 1223 1803; x_wconf 84' lang='lat' dir='ltr'><strong>refricaret,</strong></span> <span class='ocrx_word' id='word_1_123' title='bbox 1255 1733 1668 1804; x_wconf 79' lang='lat' dir='ltr'><strong>doctrinaeque</strong></span> <span class='ocrx_word' id='word_1_124' title='bbox 1699 1732 1839 1788; x_wconf 90' lang='lat' dir='ltr'><strong>adeo</strong></span> <span class='ocrx_word' id='word_1_125' title='bbox 1887 1731 2036 1786; x_wconf 91' lang='lat' dir='ltr'><strong>inter</strong></span> 
     </span>
    </p>
   </div>
   <div class='ocr_carea' id='block_1_20' title="bbox 2151 565 3794 644">
    <p class='ocr_par' dir='ltr' id='par_1_20' title="bbox 2151 565 3794 644">
     <span class='ocr_line' id='line_1_20' title="bbox 2151 565 3794 644; baseline 0.002 -22"><span class='ocrx_word' id='word_1_126' title='bbox 2151 567 2312 623; x_wconf 78' lang='grc' dir='ltr'>αὐτὸν</span> <span class='ocrx_word' id='word_1_127' title='bbox 2345 565 2433 623; x_wconf 82' lang='grc' dir='ltr'>τὸν</span> <span class='ocrx_word' id='word_1_128' title='bbox 2473 566 2768 638; x_wconf 76' lang='grc' dir='ltr'>Δεσπότην,</span> <span class='ocrx_word' id='word_1_129' title='bbox 2820 567 3038 624; x_wconf 79' lang='grc' dir='ltr'>ἀὲνναον</span> <span class='ocrx_word' id='word_1_130' title='bbox 3090 571 3204 644; x_wconf 90' lang='grc'><strong>(35)</strong></span> <span class='ocrx_word' id='word_1_131' title='bbox 3257 576 3358 640; x_wconf 82' lang='grc' dir='ltr'>τῆς</span> <span class='ocrx_word' id='word_1_132' title='bbox 3405 569 3666 640; x_wconf 73' lang='grc' dir='ltr'>ἀληθείας</span> <span class='ocrx_word' id='word_1_133' title='bbox 3698 591 3794 641; x_wconf 83' lang='grc' dir='ltr'><strong>πη-</strong></span> 
     </span>
    </p>
   </div>
   <div class='ocr_carea' id='block_1_21' title="bbox 2152 653 3791 735">
    <p class='ocr_par' dir='ltr' id='par_1_21' title="bbox 2152 653 3791 735">
     <span class='ocr_line' id='line_1_21' title="bbox 2152 653 3791 735; baseline 0.001 -23"><span class='ocrx_word' id='word_1_134' title='bbox 2152 659 2279 733; x_wconf 82' lang='grc' dir='ltr'>γήν,</span> <span class='ocrx_word' id='word_1_135' title='bbox 2313 657 2388 720; x_wconf 78' lang='grc' dir='ltr'>εἷς</span> <span class='ocrx_word' id='word_1_136' title='bbox 2421 653 2714 735; x_wconf 73' lang='grc' dir='ltr'><strong>διαφωνίαν</strong></span> <span class='ocrx_word' id='word_1_137' title='bbox 2746 653 3028 733; x_wconf 77' lang='grc' dir='ltr'>ἐξυϐρίσης</span> <span class='ocrx_word' id='word_1_138' title='bbox 3056 677 3070 729; x_wconf 83' lang='grc'>;</span> <span class='ocrx_word' id='word_1_139' title='bbox 3104 659 3248 714; x_wconf 77' lang='grc' dir='ltr'>οὕτω</span> <span class='ocrx_word' id='word_1_140' title='bbox 3270 660 3374 734; x_wconf 84' lang='grc' dir='ltr'><strong>γὰρ</strong></span> <span class='ocrx_word' id='word_1_141' title='bbox 3406 661 3440 729; x_wconf 72' lang='grc' dir='ltr'><strong>ἡ</strong></span> <span class='ocrx_word' id='word_1_142' title='bbox 3474 661 3540 730; x_wconf 81' lang='grc' dir='ltr'>σὴ</span> <span class='ocrx_word' id='word_1_143' title='bbox 3575 658 3791 735; x_wconf 80' lang='grc' dir='ltr'>γλῶσσα</span> 
     </span>
    </p>
   </div>
   <div class='ocr_carea' id='block_1_22' title="bbox 2150 745 3789 826">
    <p class='ocr_par' dir='ltr' id='par_1_22' title="bbox 2150 745 3789 826">
     <span class='ocr_line' id='line_1_22' title="bbox 2150 745 3789 826; baseline 0.002 -25"><span class='ocrx_word' id='word_1_144' title='bbox 2150 748 2324 803; x_wconf 80' lang='grc' dir='ltr'>πάντα</span> <span class='ocrx_word' id='word_1_145' title='bbox 2353 746 2562 820; x_wconf 78' lang='grc' dir='ltr'><strong>τολμᾷν</strong></span> <span class='ocrx_word' id='word_1_146' title='bbox 2597 745 2737 802; x_wconf 83' lang='grc' dir='ltr'>ἐστιν</span> <span class='ocrx_word' id='word_1_147' title='bbox 2765 746 3004 826; x_wconf 76' lang='grc' dir='ltr'>ἀσελγὴς</span> <span class='ocrx_word' id='word_1_148' title='bbox 3035 749 3124 803; x_wconf 75' lang='grc' dir='ltr'><strong>καὶ</strong></span> <span class='ocrx_word' id='word_1_149' title='bbox 3154 753 3262 804; x_wconf 80' lang='grc' dir='ltr'><strong>τῶν</strong></span> <span class='ocrx_word' id='word_1_150' title='bbox 3305 749 3568 818; x_wconf 77' lang='grc' dir='ltr'>ἀλήπτων</span> <span class='ocrx_word' id='word_1_151' title='bbox 3625 745 3789 812; x_wconf 70' lang='grc' dir='ltr'>λαϐὰς</span> 
     </span>
    </p>
   </div>
   <div class='ocr_carea' id='block_1_23' title="bbox 2153 834 3790 914">
    <p class='ocr_par' dir='ltr' id='par_1_23' title="bbox 2153 834 3790 914">
     <span class='ocr_line' id='line_1_23' title="bbox 2153 834 3790 914; baseline 0.002 -24"><span class='ocrx_word' id='word_1_152' title='bbox 2153 834 2520 910; x_wconf 86' lang='grc' dir='ltr'>συμπλάττειν</span> <span class='ocrx_word' id='word_1_153' title='bbox 2549 835 2639 891; x_wconf 81' lang='grc' dir='ltr'><strong>καὶ</strong></span> <span class='ocrx_word' id='word_1_154' title='bbox 2671 835 2904 892; x_wconf 80' lang='grc' dir='ltr'>ἐπινοεῖν</span> <span class='ocrx_word' id='word_1_155' title='bbox 2956 839 3087 910; x_wconf 85' lang='lat'><strong>(36).</strong></span> <span class='ocrx_word' id='word_1_156' title='bbox 3123 837 3184 894; x_wconf 79' lang='grc' dir='ltr'><strong>Εἰ</strong></span> <span class='ocrx_word' id='word_1_157' title='bbox 3220 837 3322 914; x_wconf 77' lang='grc' dir='ltr'>γὰρ</span> <span class='ocrx_word' id='word_1_158' title='bbox 3372 837 3533 901; x_wconf 79' lang='grc' dir='ltr'>αὐτὸς</span> <span class='ocrx_word' id='word_1_159' title='bbox 3579 838 3790 901; x_wconf 83' lang='grc' dir='ltr'>οὗτοςὸ</span> 
     </span>
    </p>
   </div>
   <div class='ocr_carea' id='block_1_24' title="bbox 2150 924 3788 1002">
    <p class='ocr_par' dir='ltr' id='par_1_24' title="bbox 2150 924 3788 1002">
     <span class='ocr_line' id='line_1_24' title="bbox 2150 924 3788 1002; baseline 0.001 -22"><span class='ocrx_word' id='word_1_160' title='bbox 2150 926 2495 1001; x_wconf 78' lang='grc' dir='ltr'>Δημιουργὸς</span> <span class='ocrx_word' id='word_1_161' title='bbox 2529 927 2642 998; x_wconf 80' lang='grc'><strong>[23]</strong></span> <span class='ocrx_word' id='word_1_162' title='bbox 2683 929 2778 980; x_wconf 86' lang='grc' dir='ltr'><strong>τοῦ</strong></span> <span class='ocrx_word' id='word_1_163' title='bbox 2823 924 3011 1000; x_wconf 75' lang='grc' dir='ltr'>γένους</span> <span class='ocrx_word' id='word_1_164' title='bbox 3060 927 3149 982; x_wconf 80' lang='grc' dir='ltr'><strong>καὶ</strong></span> <span class='ocrx_word' id='word_1_165' title='bbox 3195 929 3508 1002; x_wconf 79' lang='grc' dir='ltr'>προνοητής</span> <span class='ocrx_word' id='word_1_166' title='bbox 3559 927 3650 982; x_wconf 82' lang='grc' dir='ltr'><strong>νῦν</strong></span> <span class='ocrx_word' id='word_1_167' title='bbox 3704 927 3788 1000; x_wconf 74' lang='grc' dir='ltr'>μὲν</span> 
     </span>
    </p>
   </div>
   <div class='ocr_carea' id='block_1_25' title="bbox 2147 1012 3787 1090">
    <p class='ocr_par' dir='ltr' id='par_1_25' title="bbox 2147 1012 3787 1090">
     <span class='ocr_line' id='line_1_25' title="bbox 2147 1012 3787 1090; baseline 0.001 -22"><span class='ocrx_word' id='word_1_168' title='bbox 2147 1014 2208 1068; x_wconf 86' lang='grc' dir='ltr'><strong>τὸ</strong></span> <span class='ocrx_word' id='word_1_169' title='bbox 2274 1018 2492 1088; x_wconf 77' lang='grc' dir='ltr'>Πνεῦμα</span> <span class='ocrx_word' id='word_1_170' title='bbox 2575 1012 2815 1070; x_wconf 75' lang='grc' dir='ltr'><strong>διδάσκει</strong></span> <span class='ocrx_word' id='word_1_171' title='bbox 2906 1013 3288 1086; x_wconf 67' lang='grc' dir='ltr'>ἐκπορεύεσθαι</span> <span class='ocrx_word' id='word_1_172' title='bbox 3369 1019 3465 1071; x_wconf 80' lang='grc' dir='ltr'><strong>τοῦ</strong></span> <span class='ocrx_word' id='word_1_173' title='bbox 3561 1016 3787 1090; x_wconf 85' lang='grc' dir='ltr'>Πατρὸς,</span> 
     </span>
    </p>
   </div>
   <div class='ocr_carea' id='block_1_26' title="bbox 2149 1099 3790 1178">
    <p class='ocr_par' dir='ltr' id='par_1_26' title="bbox 2149 1099 3790 1178">
     <span class='ocr_line' id='line_1_26' title="bbox 2149 1099 3790 1178; baseline 0.001 -22"><span class='ocrx_word' id='word_1_174' title='bbox 2149 1099 2405 1177; x_wconf 78' lang='grc' dir='ltr'><strong>οὐδαμῶς</strong></span> <span class='ocrx_word' id='word_1_175' title='bbox 2440 1103 2745 1177; x_wconf 75' lang='grc' dir='ltr'>προστιθεὶς</span> <span class='ocrx_word' id='word_1_176' title='bbox 2777 1106 3019 1178; x_wconf 83' lang='lat'><strong>(37-38),</strong></span> <span class='ocrx_word' id='word_1_177' title='bbox 3060 1103 3144 1159; x_wconf 81' lang='grc' dir='ltr'><strong>ὅτι</strong></span> <span class='ocrx_word' id='word_1_178' title='bbox 3187 1103 3278 1159; x_wconf 86' lang='grc' dir='ltr'><strong>καὶ</strong></span> <span class='ocrx_word' id='word_1_179' title='bbox 3326 1102 3376 1174; x_wconf 77' lang='grc' dir='ltr'><strong>ἐξ</strong></span> <span class='ocrx_word' id='word_1_180' title='bbox 3430 1103 3617 1175; x_wconf 82' lang='grc' dir='ltr'>αὐτοῦ,</span> <span class='ocrx_word' id='word_1_181' title='bbox 3672 1102 3790 1160; x_wconf 79' lang='grc' dir='ltr'>ἀλλ’</span> 
     </span>
    </p>
   </div>
   <div class='ocr_carea' id='block_1_27' title="bbox 2148 1188 3788 1268">
    <p class='ocr_par' dir='ltr' id='par_1_27' title="bbox 2148 1188 3788 1268">
     <span class='ocr_line' id='line_1_27' title="bbox 2148 1188 3788 1268; baseline 0.001 -24"><span class='ocrx_word' id='word_1_182' title='bbox 2148 1188 2347 1245; x_wconf 83' lang='grc' dir='ltr'>ἐκεῖνον</span> <span class='ocrx_word' id='word_1_183' title='bbox 2392 1189 2564 1246; x_wconf 75' lang='grc' dir='ltr'>αἴτιον</span> <span class='ocrx_word' id='word_1_184' title='bbox 2628 1192 2816 1266; x_wconf 88' lang='grc' dir='ltr'>μόνον,</span> <span class='ocrx_word' id='word_1_185' title='bbox 2869 1190 3049 1265; x_wconf 78' lang='grc' dir='ltr'>ὥσπερ</span> <span class='ocrx_word' id='word_1_186' title='bbox 3088 1193 3186 1260; x_wconf 74' lang='grc' dir='ltr'>τῆς</span> <span class='ocrx_word' id='word_1_187' title='bbox 3235 1191 3427 1246; x_wconf 76' lang='grc' dir='ltr'>ἒὰυτοῦ</span> <span class='ocrx_word' id='word_1_188' title='bbox 3474 1192 3788 1268; x_wconf 83' lang='grc' dir='ltr'>γεννήσεως,</span> 
     </span>
    </p>
   </div>
   <div class='ocr_carea' id='block_1_28' title="bbox 2148 1277 3791 1354">
    <p class='ocr_par' dir='ltr' id='par_1_28' title="bbox 2148 1277 3791 1354">
     <span class='ocr_line' id='line_1_28' title="bbox 2148 1277 3791 1354; baseline 0.001 -22"><span class='ocrx_word' id='word_1_189' title='bbox 2148 1277 2291 1334; x_wconf 77' lang='grc' dir='ltr'>οὕτω</span> <span class='ocrx_word' id='word_1_190' title='bbox 2348 1279 2438 1334; x_wconf 77' lang='grc' dir='ltr'><strong>καὶ</strong></span> <span class='ocrx_word' id='word_1_191' title='bbox 2495 1286 2594 1349; x_wconf 73' lang='grc' dir='ltr'><strong>τῆς</strong></span> <span class='ocrx_word' id='word_1_192' title='bbox 2651 1283 2748 1335; x_wconf 88' lang='grc' dir='ltr'><strong>τοῦ</strong></span> <span class='ocrx_word' id='word_1_193' title='bbox 2803 1278 3118 1353; x_wconf 84' lang='grc' dir='ltr'>Πνεύματος</span> <span class='ocrx_word' id='word_1_194' title='bbox 3159 1279 3549 1354; x_wconf 79' lang='grc' dir='ltr'>ἐκπορεύσεως,</span> <span class='ocrx_word' id='word_1_195' title='bbox 3601 1279 3791 1335; x_wconf 74' lang='grc' dir='ltr'>θεολοο</span> 
     </span>
    </p>
   </div>
   <div class='ocr_carea' id='block_1_29' title="bbox 2146 1365 3788 1444">
    <p class='ocr_par' dir='ltr' id='par_1_29' title="bbox 2146 1365 3788 1444">
     <span class='ocr_line' id='line_1_29' title="bbox 2146 1365 3788 1444; baseline 0 -22"><span class='ocrx_word' id='word_1_196' title='bbox 2146 1370 2353 1442; x_wconf 84' lang='grc' dir='ltr'>γεῖσθαι</span> <span class='ocrx_word' id='word_1_197' title='bbox 2416 1373 2782 1444; x_wconf 74' lang='grc' dir='ltr'>μυσταγωγεῖο</span> <span class='ocrx_word' id='word_1_198' title='bbox 2841 1373 2933 1423; x_wconf 88' lang='grc' dir='ltr'><strong>νῦν</strong></span> <span class='ocrx_word' id='word_1_199' title='bbox 2997 1365 3076 1439; x_wconf 72' lang='grc' dir='ltr'><strong>δὲ,</strong></span> <span class='ocrx_word' id='word_1_200' title='bbox 3135 1369 3211 1430; x_wconf 88' lang='grc' dir='ltr'><strong>ὡς</strong></span> <span class='ocrx_word' id='word_1_201' title='bbox 3261 1370 3321 1423; x_wconf 80' lang='grc' dir='ltr'>σὺ</span> <span class='ocrx_word' id='word_1_202' title='bbox 3391 1366 3593 1444; x_wconf 71' lang='grc' dir='ltr'>λέγεις,</span> <span class='ocrx_word' id='word_1_203' title='bbox 3655 1365 3788 1424; x_wconf 87' lang='grc' dir='ltr'>διότι</span> 
     </span>
    </p>
   </div>
   <div class='ocr_carea' id='block_1_30' title="bbox 2146 1455 3786 1534">
    <p class='ocr_par' dir='ltr' id='par_1_30' title="bbox 2146 1455 3786 1534">
     <span class='ocr_line' id='line_1_30' title="bbox 2146 1455 3786 1534; baseline 0.002 -24"><span class='ocrx_word' id='word_1_204' title='bbox 2146 1456 2308 1534; x_wconf 76' lang='grc' dir='ltr'>φησίν</span> <span class='ocrx_word' id='word_1_205' title='bbox 2336 1459 2472 1532; x_wconf 83' lang='grc'>(39).</span> <span class='ocrx_word' id='word_1_206' title='bbox 2506 1459 2602 1513; x_wconf 83' lang='grc' dir='ltr'><strong>Ἐκ</strong></span> <span class='ocrx_word' id='word_1_207' title='bbox 2629 1461 2725 1512; x_wconf 78' lang='grc' dir='ltr'><strong>τοῦ</strong></span> <span class='ocrx_word' id='word_1_208' title='bbox 2757 1456 2893 1532; x_wconf 76' lang='grc' dir='ltr'>ἐμοῦ</span> <span class='ocrx_word' id='word_1_209' title='bbox 2926 1455 3184 1533; x_wconf 75' lang='grc' dir='ltr'>λήψεται,</span> <span class='ocrx_word' id='word_1_210' title='bbox 3225 1457 3468 1534; x_wconf 80' lang='grc' dir='ltr'><strong>περιεῖλε</strong></span> <span class='ocrx_word' id='word_1_211' title='bbox 3517 1458 3612 1531; x_wconf 75' lang='grc' dir='ltr'>μὶν</span> <span class='ocrx_word' id='word_1_212' title='bbox 3662 1461 3786 1534; x_wconf 75' lang='grc' dir='ltr'>σιγῇ</span> 
     </span>
    </p>
   </div>
   <div class='ocr_carea' id='block_1_31' title="bbox 2148 1547 3791 1625">
    <p class='ocr_par' dir='ltr' id='par_1_31' title="bbox 2148 1547 3791 1625">
     <span class='ocr_line' id='line_1_31' title="bbox 2148 1547 3791 1625; baseline 0.002 -24"><span class='ocrx_word' id='word_1_213' title='bbox 2148 1548 2337 1620; x_wconf 81' lang='grc' dir='ltr'>βαθείᾳ</span> <span class='ocrx_word' id='word_1_214' title='bbox 2391 1549 2488 1617; x_wconf 74' lang='grc' dir='ltr'>τὴν</span> <span class='ocrx_word' id='word_1_215' title='bbox 2546 1549 2814 1622; x_wconf 77' lang='grc' dir='ltr'>προτέραν</span> <span class='ocrx_word' id='word_1_216' title='bbox 2875 1551 2982 1621; x_wconf 87' lang='grc'>(40)</span> <span class='ocrx_word' id='word_1_217' title='bbox 3028 1548 3437 1625; x_wconf 84' lang='grc' dir='ltr'>μυσταγωγίαν’</span> <span class='ocrx_word' id='word_1_218' title='bbox 3497 1547 3674 1604; x_wconf 84' lang='grc' dir='ltr'>καίτοι</span> <span class='ocrx_word' id='word_1_219' title='bbox 3730 1569 3791 1624; x_wconf 86' lang='grc' dir='ltr'><strong>γε</strong></span> 
     </span>
    </p>
   </div>
   <div class='ocr_carea' id='block_1_32' title="bbox 2144 1634 3790 1713">
    <p class='ocr_par' dir='ltr' id='par_1_32' title="bbox 2144 1634 3790 1713">
     <span class='ocr_line' id='line_1_32' title="bbox 2144 1634 3790 1713; baseline 0.001 -22"><span class='ocrx_word' id='word_1_220' title='bbox 2144 1639 2278 1711; x_wconf 86' lang='grc' dir='ltr'>πρὸς</span> <span class='ocrx_word' id='word_1_221' title='bbox 2311 1634 2556 1710; x_wconf 80' lang='grc' dir='ltr'>δευτέραν</span> <span class='ocrx_word' id='word_1_222' title='bbox 2586 1637 2811 1693; x_wconf 80' lang='grc' dir='ltr'>ἐλθόντα</span> <span class='ocrx_word' id='word_1_223' title='bbox 2849 1639 2964 1712; x_wconf 81' lang='grc'>(41)</span> <span class='ocrx_word' id='word_1_224' title='bbox 2995 1637 3218 1708; x_wconf 70' lang='grc' dir='ltr'>τελετὴν</span> <span class='ocrx_word' id='word_1_225' title='bbox 3249 1635 3355 1693; x_wconf 80' lang='grc' dir='ltr'>ἔδει</span> <span class='ocrx_word' id='word_1_226' title='bbox 3387 1638 3476 1693; x_wconf 76' lang='grc' dir='ltr'><strong>καὶ</strong></span> <span class='ocrx_word' id='word_1_227' title='bbox 3509 1641 3606 1708; x_wconf 77' lang='grc' dir='ltr'><strong>τῆς</strong></span> <span class='ocrx_word' id='word_1_228' title='bbox 3656 1658 3790 1713; x_wconf 79' lang='grc' dir='ltr'>προ-</span> 
     </span>
    </p>
   </div>
   <div class='ocr_carea' id='block_1_33' title="bbox 2143 1724 3786 1802">
    <p class='ocr_par' dir='ltr' id='par_1_33' title="bbox 2143 1724 3786 1802">
     <span class='ocr_line' id='line_1_33' title="bbox 2143 1724 3786 1802; baseline 0.003 -23"><span class='ocrx_word' id='word_1_229' title='bbox 2143 1724 2300 1800; x_wconf 71' lang='grc' dir='ltr'>τέρας</span> <span class='ocrx_word' id='word_1_230' title='bbox 2340 1727 2642 1800; x_wconf 78' lang='grc' dir='ltr'>ἀναμνῆσαι</span> <span class='ocrx_word' id='word_1_231' title='bbox 2690 1727 2780 1782; x_wconf 80' lang='grc' dir='ltr'><strong>καὶ</strong></span> <span class='ocrx_word' id='word_1_232' title='bbox 2833 1726 3063 1802; x_wconf 80' lang='grc' dir='ltr'>συνάψαι</span> <span class='ocrx_word' id='word_1_233' title='bbox 3108 1727 3176 1782; x_wconf 74' lang='grc' dir='ltr'>τὰ</span> <span class='ocrx_word' id='word_1_234' title='bbox 3217 1731 3326 1800; x_wconf 85' lang='grc'>(42)</span> <span class='ocrx_word' id='word_1_235' title='bbox 3370 1732 3627 1783; x_wconf 89' lang='grc' dir='ltr'>τοσοῦτον</span> <span class='ocrx_word' id='word_1_236' title='bbox 3678 1729 3786 1801; x_wconf 88' lang='grc'>(43)</span> 
     </span>
    </p>
   </div>
   <div class='ocr_carea' id='block_1_34' title="bbox 387 1808 2031 1894">
    <p class='ocr_par' dir='ltr' id='par_1_34' title="bbox 387 1819 2030 1894">
     <span class='ocr_line' id='line_1_34' title="bbox 387 1819 2030 1894; baseline -0.001 -18"><span class='ocrx_word' id='word_1_237' title='bbox 387 1835 450 1876; x_wconf 90' lang='lat' dir='ltr'><strong>se</strong></span> <span class='ocrx_word' id='word_1_238' title='bbox 483 1819 721 1877; x_wconf 88' lang='lat' dir='ltr'><strong>dissitas</strong></span> <span class='ocrx_word' id='word_1_239' title='bbox 753 1822 1134 1894; x_wconf 87' lang='lat' dir='ltr'><strong>conjungeret</strong></span> <span class='ocrx_word' id='word_1_240' title='bbox 1165 1828 1222 1878; x_wconf 88' lang='lat' dir='ltr'><strong>et</strong></span> <span class='ocrx_word' id='word_1_241' title='bbox 1250 1824 1318 1878; x_wconf 94' lang='lat' dir='ltr'><strong>ad</strong></span> <span class='ocrx_word' id='word_1_242' title='bbox 1370 1821 1617 1879; x_wconf 90' lang='lat' dir='ltr'><strong>invicem</strong></span> <span class='ocrx_word' id='word_1_243' title='bbox 1657 1820 2030 1887; x_wconf 90' lang='lat' dir='ltr'><strong>conciliaret;</strong></span> 
     </span>
    </p>
   </div>
   <div class='ocr_carea' id='block_1_35' title="bbox 2150 1808 3790 1894">
    <p class='ocr_par' dir='ltr' id='par_1_35' title="bbox 2150 1813 3790 1892">
     <span class='ocr_line' id='line_1_35' title="bbox 2150 1813 3790 1892; baseline 0 -22"><span class='ocrx_word' id='word_1_244' title='bbox 2150 1813 2404 1885; x_wconf 69' lang='grc' dir='ltr'>Ξιλλήλων</span> <span class='ocrx_word' id='word_1_245' title='bbox 2437 1819 2505 1889; x_wconf 82' lang='grc' dir='ltr'><strong>τῇ</strong></span> <span class='ocrx_word' id='word_1_246' title='bbox 2539 1817 2740 1892; x_wconf 80' lang='grc' dir='ltr'>θεωρίᾳ</span> <span class='ocrx_word' id='word_1_247' title='bbox 2772 1813 3113 1888; x_wconf 68' lang='grc' dir='ltr'>διεστηκόταθ</span> <span class='ocrx_word' id='word_1_248' title='bbox 3149 1817 3176 1870; x_wconf 89' lang='grc' dir='ltr'>ὁ</span> <span class='ocrx_word' id='word_1_249' title='bbox 3221 1813 3279 1870; x_wconf 72' lang='grc' dir='ltr'>δὲ</span> <span class='ocrx_word' id='word_1_250' title='bbox 3310 1817 3444 1890; x_wconf 84' lang='grc'>(44),</span> <span class='ocrx_word' id='word_1_251' title='bbox 3485 1819 3646 1870; x_wconf 88' lang='grc' dir='ltr'>τοῦτο</span> <span class='ocrx_word' id='word_1_252' title='bbox 3697 1817 3790 1889; x_wconf 76' lang='grc' dir='ltr'>μὲν</span> 
     </span>
    </p>
   </div>
   <div class='ocr_carea' id='block_1_36' title="bbox 387 1907 2034 1981">
    <p class='ocr_par' dir='ltr' id='par_1_36' title="bbox 387 1907 2034 1981">
     <span class='ocr_line' id='line_1_36' title="bbox 387 1907 2034 1981; baseline 0.001 -19"><span class='ocrx_word' id='word_1_253' title='bbox 387 1907 486 1963; x_wconf 90' lang='lat' dir='ltr'><strong>ille</strong></span> <span class='ocrx_word' id='word_1_254' title='bbox 517 1924 650 1965; x_wconf 92' lang='lat' dir='ltr'><strong>vero</strong></span> <span class='ocrx_word' id='word_1_255' title='bbox 693 1909 801 1965; x_wconf 89' lang='lat' dir='ltr'><strong>hoc</strong></span> <span class='ocrx_word' id='word_1_256' title='bbox 845 1911 1000 1981; x_wconf 89' lang='lat' dir='ltr'><strong>quod</strong></span> <span class='ocrx_word' id='word_1_257' title='bbox 1050 1911 1385 1966; x_wconf 82' lang='lat' dir='ltr'><strong>faciendum</strong></span> <span class='ocrx_word' id='word_1_258' title='bbox 1440 1915 1564 1967; x_wconf 85' lang='lat' dir='ltr'><strong>erat</strong></span> <span class='ocrx_word' id='word_1_259' title='bbox 1613 1927 1725 1966; x_wconf 91' lang='lat' dir='ltr'><strong>non</strong></span> <span class='ocrx_word' id='word_1_260' title='bbox 1772 1909 1927 1980; x_wconf 84' lang='lat' dir='ltr'><strong>facit,</strong></span> <span class='ocrx_word' id='word_1_261' title='bbox 1979 1912 2034 1964; x_wconf 88' lang='lat' dir='ltr'><strong>et</strong></span> 
     </span>
    </p>
   </div>
   <div class='ocr_carea' id='block_1_37' title="bbox 387 1995 2031 2070">
    <p class='ocr_par' dir='ltr' id='par_1_37' title="bbox 387 1995 2031 2070">
     <span class='ocr_line' id='line_1_37' title="bbox 387 1995 2031 2070; baseline 0.001 -20"><span class='ocrx_word' id='word_1_262' title='bbox 387 1995 515 2052; x_wconf 93' lang='lat' dir='ltr'><strong>loco</strong></span> <span class='ocrx_word' id='word_1_263' title='bbox 549 1996 804 2068; x_wconf 86' lang='lat' dir='ltr'><strong>dicendi,</strong></span> <span class='ocrx_word' id='word_1_264' title='bbox 835 1997 1114 2068; x_wconf 88' lang='lat' dir='ltr'><strong>Spiritum</strong></span> <span class='ocrx_word' id='word_1_265' title='bbox 1144 2016 1177 2054; x_wconf 91' lang='lat' dir='ltr'><strong>a</strong></span> <span class='ocrx_word' id='word_1_266' title='bbox 1207 1999 1375 2056; x_wconf 86' lang='lat' dir='ltr'><strong>Patre</strong></span> <span class='ocrx_word' id='word_1_267' title='bbox 1405 2000 1733 2070; x_wconf 87' lang='lat' dir='ltr'><strong>procedere,</strong></span> <span class='ocrx_word' id='word_1_268' title='bbox 1759 1999 1814 2053; x_wconf 92' lang='lat' dir='ltr'><strong>in</strong></span> <span class='ocrx_word' id='word_1_269' title='bbox 1839 1999 2031 2069; x_wconf 88' lang='lat' dir='ltr'><strong>ipsum</strong></span> 
     </span>
    </p>
   </div>
   <div class='ocr_carea' id='block_1_38' title="bbox 388 2085 2032 2160">
    <p class='ocr_par' dir='ltr' id='par_1_38' title="bbox 388 2085 2032 2160">
     <span class='ocr_line' id='line_1_38' title="bbox 388 2085 2032 2160; baseline 0.002 -21"><span class='ocrx_word' id='word_1_270' title='bbox 388 2085 814 2156; x_wconf 88' lang='lat' dir='ltr'><strong>processionem</strong></span> <span class='ocrx_word' id='word_1_271' title='bbox 859 2086 1109 2156; x_wconf 85' lang='lat' dir='ltr'><strong>Spiritus</strong></span> <span class='ocrx_word' id='word_1_272' title='bbox 1155 2089 1478 2144; x_wconf 80' lang='lat' dir='ltr'><strong>transfert:</strong></span> <span class='ocrx_word' id='word_1_273' title='bbox 1535 2105 1650 2160; x_wconf 91' lang='lat' dir='ltr'><strong>quo</strong></span> <span class='ocrx_word' id='word_1_274' title='bbox 1699 2089 1871 2144; x_wconf 91' lang='lat' dir='ltr'><strong>modo</strong></span> <span class='ocrx_word' id='word_1_275' title='bbox 1921 2104 2032 2144; x_wconf 90' lang='lat' dir='ltr'><strong>non</strong></span> 
     </span>
    </p>
   </div>
   <div class='ocr_carea' id='block_1_39' title="bbox 388 2173 2030 2249">
    <p class='ocr_par' dir='ltr' id='par_1_39' title="bbox 388 2173 2030 2249">
     <span class='ocr_line' id='line_1_39' title="bbox 388 2173 2030 2249; baseline 0.002 -21"><span class='ocrx_word' id='word_1_276' title='bbox 388 2173 682 2230; x_wconf 86' lang='lat' dir='ltr'><strong>evidenter</strong></span> <span class='ocrx_word' id='word_1_277' title='bbox 711 2175 1014 2232; x_wconf 82' lang='lat' dir='ltr'><strong>evincitur.</strong></span> <span class='ocrx_word' id='word_1_278' title='bbox 1057 2176 1503 2233; x_wconf 85' lang='lat' dir='ltr'><strong>substantialem</strong></span> <span class='ocrx_word' id='word_1_279' title='bbox 1546 2182 1718 2249; x_wconf 88' lang='lat' dir='ltr'><strong>atque</strong></span> <span class='ocrx_word' id='word_1_280' title='bbox 1762 2176 2030 2233; x_wconf 86' lang='lat' dir='ltr'><strong>inattera-</strong></span> 
     </span>
    </p>
   </div>
   <div class='ocr_carea' id='block_1_40' title="bbox 386 2262 2034 2338">
    <p class='ocr_par' dir='ltr' id='par_1_40' title="bbox 386 2262 2034 2338">
     <span class='ocr_line' id='line_1_40' title="bbox 386 2262 2034 2338; baseline 0.001 -19"><span class='ocrx_word' id='word_1_281' title='bbox 386 2262 564 2320; x_wconf 87' lang='lat' dir='ltr'><strong>bilem</strong></span> <span class='ocrx_word' id='word_1_282' title='bbox 593 2263 892 2321; x_wconf 86' lang='lat' dir='ltr'><strong>veritatem</strong></span> <span class='ocrx_word' id='word_1_283' title='bbox 917 2281 949 2321; x_wconf 93' lang='lat' dir='ltr'><strong>a</strong></span> <span class='ocrx_word' id='word_1_284' title='bbox 970 2268 1024 2320; x_wconf 93' lang='lat' dir='ltr'><strong>te</strong></span> <span class='ocrx_word' id='word_1_285' title='bbox 1045 2265 1248 2338; x_wconf 91' lang='lat' dir='ltr'><strong>inique</strong></span> <span class='ocrx_word' id='word_1_286' title='bbox 1269 2266 1640 2322; x_wconf 61' lang='lat' dir='ltr'><strong>dissonantia</strong></span> <span class='ocrx_word' id='word_1_287' title='bbox 1659 2264 1988 2322; x_wconf 89' lang='lat' dir='ltr'><strong>insimulari</strong></span> <span class='ocrx_word' id='word_1_288' title='bbox 2006 2266 2034 2320; x_wconf 87' lang='lat'><strong>?</strong></span> 
     </span>
    </p>
   </div>
   <div class='ocr_carea' id='block_1_41' title="bbox 455 2353 2035 2430">
    <p class='ocr_par' dir='ltr' id='par_1_41' title="bbox 455 2353 2035 2430">
     <span class='ocr_line' id='line_1_41' title="bbox 455 2353 2035 2430; baseline 0.001 -21"><span class='ocrx_word' id='word_1_289' title='bbox 455 2353 546 2411; x_wconf 85' lang='grc'><strong>21.</strong></span> <span class='ocrx_word' id='word_1_290' title='bbox 581 2354 864 2422; x_wconf 89' lang='lat' dir='ltr'><strong>Quoniam</strong></span> <span class='ocrx_word' id='word_1_291' title='bbox 896 2371 1030 2412; x_wconf 89' lang='lat' dir='ltr'><strong>vero</strong></span> <span class='ocrx_word' id='word_1_292' title='bbox 1079 2355 1164 2412; x_wconf 78' lang='lat' dir='ltr'><strong>vel</strong></span> <span class='ocrx_word' id='word_1_293' title='bbox 1205 2373 1272 2413; x_wconf 90' lang='lat' dir='ltr'><strong>ea</strong></span> <span class='ocrx_word' id='word_1_294' title='bbox 1316 2374 1443 2428; x_wconf 76' lang='lat' dir='ltr'><strong>quae</strong></span> <span class='ocrx_word' id='word_1_295' title='bbox 1486 2356 1682 2430; x_wconf 89' lang='lat' dir='ltr'><strong>pueris</strong></span> <span class='ocrx_word' id='word_1_296' title='bbox 1721 2360 1859 2413; x_wconf 90' lang='lat' dir='ltr'><strong>sunt</strong></span> <span class='ocrx_word' id='word_1_297' title='bbox 1899 2360 2035 2412; x_wconf 90' lang='lat' dir='ltr'><strong>nota</strong></span> 
     </span>
    </p>
   </div>
   <div class='ocr_carea' id='block_1_42' title="bbox 391 2443 2038 2517">
    <p class='ocr_par' dir='ltr' id='par_1_42' title="bbox 391 2443 2038 2517">
     <span class='ocr_line' id='line_1_42' title="bbox 391 2443 2038 2517; baseline 0 -18"><span class='ocrx_word' id='word_1_298' title='bbox 391 2443 542 2500; x_wconf 89' lang='lat' dir='ltr'><strong>scire</strong></span> <span class='ocrx_word' id='word_1_299' title='bbox 573 2448 630 2500; x_wconf 91' lang='lat' dir='ltr'><strong>te</strong></span> <span class='ocrx_word' id='word_1_300' title='bbox 663 2444 843 2500; x_wconf 88' lang='lat' dir='ltr'><strong>vetuit</strong></span> <span class='ocrx_word' id='word_1_301' title='bbox 873 2461 1109 2501; x_wconf 90' lang='lat' dir='ltr'><strong>summa</strong></span> <span class='ocrx_word' id='word_1_302' title='bbox 1139 2445 1256 2514; x_wconf 92' lang='lat' dir='ltr'><strong>illa,</strong></span> <span class='ocrx_word' id='word_1_303' title='bbox 1291 2463 1405 2517; x_wconf 89' lang='lat' dir='ltr'><strong>qua</strong></span> <span class='ocrx_word' id='word_1_304' title='bbox 1435 2446 1604 2502; x_wconf 89' lang='lat' dir='ltr'><strong>etiam</strong></span> <span class='ocrx_word' id='word_1_305' title='bbox 1652 2446 1723 2501; x_wconf 91' lang='lat' dir='ltr'><strong>ad</strong></span> <span class='ocrx_word' id='word_1_306' title='bbox 1770 2444 2038 2516; x_wconf 84' lang='lat' dir='ltr'><strong>impossi-</strong></span> 
     </span>
    </p>
   </div>
   <div class='ocr_carea' id='block_1_43' title="bbox 389 2533 2032 2604">
    <p class='ocr_par' dir='ltr' id='par_1_43' title="bbox 389 2533 2032 2604">
     <span class='ocr_line' id='line_1_43' title="bbox 389 2533 2032 2604; baseline -0.001 -14"><span class='ocrx_word' id='word_1_307' title='bbox 389 2533 526 2590; x_wconf 87' lang='lat' dir='ltr'><strong>bilia</strong></span> <span class='ocrx_word' id='word_1_308' title='bbox 578 2533 876 2590; x_wconf 90' lang='lat' dir='ltr'><strong>contendis</strong></span> <span class='ocrx_word' id='word_1_309' title='bbox 921 2535 1237 2602; x_wconf 84' lang='lat' dir='ltr'><strong>temeritas,</strong></span> <span class='ocrx_word' id='word_1_310' title='bbox 1283 2551 1440 2591; x_wconf 91' lang='lat' dir='ltr'><strong>nunc</strong></span> <span class='ocrx_word' id='word_1_311' title='bbox 1489 2535 1717 2604; x_wconf 86' lang='lat' dir='ltr'><strong>saltem,</strong></span> <span class='ocrx_word' id='word_1_312' title='bbox 1759 2535 1869 2590; x_wconf 90' lang='lat' dir='ltr'><strong>etsi</strong></span> <span class='ocrx_word' id='word_1_313' title='bbox 1918 2551 2032 2590; x_wconf 90' lang='lat' dir='ltr'><strong>non</strong></span> 
     </span>
    </p>
   </div>
   <div class='ocr_carea' id='block_1_44' title="bbox 392 2622 2036 2695">
    <p class='ocr_par' dir='ltr' id='par_1_44' title="bbox 392 2622 2036 2695">
     <span class='ocr_line' id='line_1_44' title="bbox 392 2622 2036 2695; baseline 0.001 -18"><span class='ocrx_word' id='word_1_314' title='bbox 392 2623 556 2692; x_wconf 88' lang='lat' dir='ltr'><strong>prius</strong></span> <span class='ocrx_word' id='word_1_315' title='bbox 582 2622 905 2695; x_wconf 85' lang='lat' dir='ltr'><strong>intelligere</strong></span> <span class='ocrx_word' id='word_1_316' title='bbox 936 2625 1112 2681; x_wconf 91' lang='lat' dir='ltr'><strong>debes</strong></span> <span class='ocrx_word' id='word_1_317' title='bbox 1145 2625 1292 2680; x_wconf 90' lang='lat' dir='ltr'><strong>nihil</strong></span> <span class='ocrx_word' id='word_1_318' title='bbox 1321 2629 1441 2681; x_wconf 87' lang='lat' dir='ltr'><strong>tam</strong></span> <span class='ocrx_word' id='word_1_319' title='bbox 1474 2625 1624 2681; x_wconf 83' lang='lat' dir='ltr'><strong>clare</strong></span> <span class='ocrx_word' id='word_1_320' title='bbox 1657 2633 1763 2680; x_wconf 56' lang='lat' dir='ltr'><strong>luas</strong></span> <span class='ocrx_word' id='word_1_321' title='bbox 1795 2624 2036 2680; x_wconf 63' lang='lat' dir='ltr'><strong>vesaniae</strong></span> 
     </span>
    </p>
   </div>
   <div class='ocr_carea' id='block_1_45' title="bbox 393 2713 2034 2786">
    <p class='ocr_par' dir='ltr' id='par_1_45' title="bbox 393 2713 2034 2786">
     <span class='ocr_line' id='line_1_45' title="bbox 393 2713 2034 2786; baseline 0.001 -18"><span class='ocrx_word' id='word_1_322' title='bbox 393 2713 706 2781; x_wconf 85' lang='lat' dir='ltr'><strong>adversari,</strong></span> <span class='ocrx_word' id='word_1_323' title='bbox 743 2715 1236 2784; x_wconf 89' lang='lat' dir='ltr'><strong>quemadmodum</strong></span> <span class='ocrx_word' id='word_1_324' title='bbox 1269 2714 1390 2770; x_wconf 65' lang='lat' dir='ltr'><strong>haec</strong></span> <span class='ocrx_word' id='word_1_325' title='bbox 1421 2714 1654 2771; x_wconf 89' lang='lat' dir='ltr'><strong>Domini</strong></span> <span class='ocrx_word' id='word_1_326' title='bbox 1687 2719 1862 2786; x_wconf 91' lang='lat' dir='ltr'><strong>atque</strong></span> <span class='ocrx_word' id='word_1_327' title='bbox 1901 2713 2034 2770; x_wconf 89' lang='lat' dir='ltr'><strong>Sal-</strong></span> 
     </span>
    </p>
   </div>
   <div class='ocr_carea' id='block_1_46' title="bbox 392 2802 2036 2873">
    <p class='ocr_par' dir='ltr' id='par_1_46' title="bbox 392 2802 2036 2873">
     <span class='ocr_line' id='line_1_46' title="bbox 392 2802 2036 2873; baseline 0.001 -15"><span class='ocrx_word' id='word_1_328' title='bbox 392 2802 608 2859; x_wconf 89' lang='lat' dir='ltr'><strong>vatoris</strong></span> <span class='ocrx_word' id='word_1_329' title='bbox 641 2819 766 2859; x_wconf 81' lang='lat' dir='ltr'><strong>vox.</strong></span> <span class='ocrx_word' id='word_1_330' title='bbox 801 2804 858 2860; x_wconf 90' lang='lat' dir='ltr'><strong>Si</strong></span> <span class='ocrx_word' id='word_1_331' title='bbox 893 2805 1050 2860; x_wconf 90' lang='lat' dir='ltr'><strong>enim</strong></span> <span class='ocrx_word' id='word_1_332' title='bbox 1101 2805 1360 2861; x_wconf 90' lang='lat' dir='ltr'><strong>diceret:</strong></span> <span class='ocrx_word' id='word_1_333' title='bbox 1395 2806 1468 2861; x_wconf 82' lang='lat' dir='ltr'><strong>De</strong></span> <span class='ocrx_word' id='word_1_334' title='bbox 1516 2821 1601 2860; x_wconf 88' lang='lat' dir='ltr'><strong>me</strong></span> <span class='ocrx_word' id='word_1_335' title='bbox 1643 2803 1899 2873; x_wconf 72' lang='lat' dir='ltr'><strong>accipiet,</strong></span> <span class='ocrx_word' id='word_1_336' title='bbox 1932 2819 2036 2860; x_wconf 86' lang='lat' dir='ltr'><strong>nec</strong></span> 
     </span>
    </p>
   </div>
   <div class='ocr_carea' id='block_1_47' title="bbox 393 2891 2036 2964">
    <p class='ocr_par' dir='ltr' id='par_1_47' title="bbox 393 2891 2036 2964">
     <span class='ocr_line' id='line_1_47' title="bbox 393 2891 2036 2964; baseline 0.001 -19"><span class='ocrx_word' id='word_1_337' title='bbox 393 2891 478 2946; x_wconf 90' lang='lat' dir='ltr'><strong>sic</strong></span> <span class='ocrx_word' id='word_1_338' title='bbox 495 2892 730 2962; x_wconf 90' lang='lat' dir='ltr'><strong>quidem</strong></span> <span class='ocrx_word' id='word_1_339' title='bbox 755 2895 908 2964; x_wconf 88' lang='lat' dir='ltr'><strong>quod</strong></span> <span class='ocrx_word' id='word_1_340' title='bbox 933 2894 1132 2949; x_wconf 89' lang='lat' dir='ltr'><strong>studes</strong></span> <span class='ocrx_word' id='word_1_341' title='bbox 1154 2895 1542 2963; x_wconf 88' lang='lat' dir='ltr'><strong>evinceretur;</strong></span> <span class='ocrx_word' id='word_1_342' title='bbox 1572 2894 1810 2949; x_wconf 89' lang='lat' dir='ltr'><strong>haberet</strong></span> <span class='ocrx_word' id='word_1_343' title='bbox 1838 2897 2036 2948; x_wconf 91' lang='lat' dir='ltr'><strong>tamen</strong></span> 
     </span>
    </p>
   </div>
   <div class='ocr_carea' id='block_1_48' title="bbox 392 2980 2038 3055">
    <p class='ocr_par' dir='ltr' id='par_1_48' title="bbox 392 2980 2038 3055">
     <span class='ocr_line' id='line_1_48' title="bbox 392 2980 2038 3055; baseline 0 -19"><span class='ocrx_word' id='word_1_344' title='bbox 392 2980 648 3051; x_wconf 89' lang='lat' dir='ltr'><strong>aliquem</strong></span> <span class='ocrx_word' id='word_1_345' title='bbox 675 2987 1013 3053; x_wconf 79' lang='lat' dir='ltr'><strong>praetextum</strong></span> <span class='ocrx_word' id='word_1_346' title='bbox 1039 2999 1215 3039; x_wconf 88' lang='lat' dir='ltr'><strong>error.</strong></span> <span class='ocrx_word' id='word_1_347' title='bbox 1249 2983 1447 3055; x_wconf 89' lang='lat' dir='ltr'><strong>Neque</strong></span> <span class='ocrx_word' id='word_1_348' title='bbox 1479 2983 1631 3038; x_wconf 88' lang='lat' dir='ltr'><strong>enim</strong></span> <span class='ocrx_word' id='word_1_349' title='bbox 1676 2982 1936 3054; x_wconf 89' lang='lat' dir='ltr'><strong>accipere</strong></span> <span class='ocrx_word' id='word_1_350' title='bbox 1965 2981 2038 3036; x_wconf 87' lang='lat' dir='ltr'><strong>ab</strong></span> 
     </span>
    </p>
   </div>
   <div class='ocr_carea' id='block_1_49' title="bbox 393 3068 2034 3144">
    <p class='ocr_par' dir='ltr' id='par_1_49' title="bbox 393 3068 2034 3144">
     <span class='ocr_line' id='line_1_49' title="bbox 393 3068 2034 3144; baseline -0.001 -19"><span class='ocrx_word' id='word_1_351' title='bbox 393 3068 591 3141; x_wconf 89' lang='lat' dir='ltr'><strong>aliquo</strong></span> <span class='ocrx_word' id='word_1_352' title='bbox 635 3071 706 3126; x_wconf 88' lang='lat' dir='ltr'><strong>ob</strong></span> <span class='ocrx_word' id='word_1_353' title='bbox 750 3071 932 3128; x_wconf 88' lang='lat' dir='ltr'><strong>alium</strong></span> <span class='ocrx_word' id='word_1_354' title='bbox 967 3073 1304 3144; x_wconf 89' lang='lat' dir='ltr'><strong>quempiam</strong></span> <span class='ocrx_word' id='word_1_355' title='bbox 1346 3089 1520 3128; x_wconf 91' lang='lat' dir='ltr'><strong>usum</strong></span> <span class='ocrx_word' id='word_1_356' title='bbox 1564 3077 1621 3128; x_wconf 90' lang='lat' dir='ltr'><strong>et</strong></span> <span class='ocrx_word' id='word_1_357' title='bbox 1665 3070 2034 3128; x_wconf 87' lang='lat' dir='ltr'><strong>substantiali</strong></span> 
     </span>
    </p>
   </div>
   <div class='ocr_carea' id='block_1_50' title="bbox 390 3159 2033 3232">
    <p class='ocr_par' dir='ltr' id='par_1_50' title="bbox 390 3159 2033 3232">
     <span class='ocr_line' id='line_1_50' title="bbox 390 3159 2033 3232; baseline 0 -18"><span class='ocrx_word' id='word_1_358' title='bbox 390 3159 756 3230; x_wconf 85' lang='lat' dir='ltr'><strong>processione</strong></span> <span class='ocrx_word' id='word_1_359' title='bbox 783 3162 1092 3232; x_wconf 89' lang='lat' dir='ltr'><strong>procedere</strong></span> <span class='ocrx_word' id='word_1_360' title='bbox 1124 3162 1182 3216; x_wconf 92' lang='lat' dir='ltr'><strong>in</strong></span> <span class='ocrx_word' id='word_1_361' title='bbox 1230 3163 1498 3218; x_wconf 91' lang='lat' dir='ltr'><strong>eumdem</strong></span> <span class='ocrx_word' id='word_1_362' title='bbox 1550 3177 1784 3218; x_wconf 88' lang='lat' dir='ltr'><strong>sensum</strong></span> <span class='ocrx_word' id='word_1_363' title='bbox 1826 3174 2033 3217; x_wconf 89' lang='lat' dir='ltr'><strong>conve-</strong></span> 
     </span>
    </p>
   </div>
   <div class='ocr_carea' id='block_1_51' title="bbox 390 3247 2035 3319">
    <p class='ocr_par' dir='ltr' id='par_1_51' title="bbox 390 3247 2035 3319">
     <span class='ocr_line' id='line_1_51' title="bbox 390 3247 2035 3319; baseline 0.001 -17"><span class='ocrx_word' id='word_1_364' title='bbox 390 3247 599 3318; x_wconf 88' lang='lat' dir='ltr'><strong>niunt;</strong></span> <span class='ocrx_word' id='word_1_365' title='bbox 633 3249 882 3306; x_wconf 87' lang='lat' dir='ltr'><strong>multum</strong></span> <span class='ocrx_word' id='word_1_366' title='bbox 906 3251 1094 3319; x_wconf 88' lang='lat' dir='ltr'><strong>abest,</strong></span> <span class='ocrx_word' id='word_1_367' title='bbox 1120 3255 1186 3306; x_wconf 93' lang='lat' dir='ltr'><strong>ut</strong></span> <span class='ocrx_word' id='word_1_368' title='bbox 1207 3250 1314 3308; x_wconf 89' lang='lat' dir='ltr'><strong>hoc</strong></span> <span class='ocrx_word' id='word_1_369' title='bbox 1335 3252 1412 3307; x_wconf 83' lang='lat' dir='ltr'><strong>ita</strong></span> <span class='ocrx_word' id='word_1_370' title='bbox 1431 3267 1494 3308; x_wconf 90' lang='lat' dir='ltr'><strong>se</strong></span> <span class='ocrx_word' id='word_1_371' title='bbox 1515 3249 2035 3314; x_wconf 88' lang='lat' dir='ltr'><strong>habeat.Quoniam</strong></span> 
     </span>
    </p>
   </div>
   <div class='ocr_carea' id='block_1_52' title="bbox 385 3337 2032 3411">
    <p class='ocr_par' dir='ltr' id='par_1_52' title="bbox 385 3337 2032 3411">
     <span class='ocr_line' id='line_1_52' title="bbox 385 3337 2032 3411; baseline 0.002 -21"><span class='ocrx_word' id='word_1_372' title='bbox 385 3351 519 3392; x_wconf 87' lang='lat' dir='ltr'><strong>vero</strong></span> <span class='ocrx_word' id='word_1_373' title='bbox 551 3340 726 3392; x_wconf 86' lang='lat' dir='ltr'><strong>tantae</strong></span> <span class='ocrx_word' id='word_1_374' title='bbox 758 3337 1080 3409; x_wconf 87' lang='lat' dir='ltr'><strong>impietatis</strong></span> <span class='ocrx_word' id='word_1_375' title='bbox 1107 3339 1572 3411; x_wconf 89' lang='lat' dir='ltr'><strong>magnitudinem</strong></span> <span class='ocrx_word' id='word_1_376' title='bbox 1601 3339 1862 3396; x_wconf 87' lang='lat' dir='ltr'><strong>Salvator</strong></span> <span class='ocrx_word' id='word_1_377' title='bbox 1891 3355 2032 3409; x_wconf 74' lang='lat' dir='ltr'><strong>pras-</strong></span> 
     </span>
    </p>
   </div>
   <div class='ocr_carea' id='block_1_53' title="bbox 384 3425 2032 3501">
    <p class='ocr_par' dir='ltr' id='par_1_53' title="bbox 384 3425 2032 3501">
     <span class='ocr_line' id='line_1_53' title="bbox 384 3425 2032 3501; baseline 0.003 -22"><span class='ocrx_word' id='word_1_378' title='bbox 384 3425 616 3493; x_wconf 87' lang='lat' dir='ltr'><strong>videns,</strong></span> <span class='ocrx_word' id='word_1_379' title='bbox 651 3443 765 3482; x_wconf 90' lang='lat' dir='ltr'><strong>non</strong></span> <span class='ocrx_word' id='word_1_380' title='bbox 807 3427 980 3483; x_wconf 83' lang='lat' dir='ltr'><strong>talem</strong></span> <span class='ocrx_word' id='word_1_381' title='bbox 1031 3428 1225 3484; x_wconf 90' lang='lat' dir='ltr'><strong>emisit</strong></span> <span class='ocrx_word' id='word_1_382' title='bbox 1271 3445 1493 3496; x_wconf 88' lang='lat' dir='ltr'><strong>vocem,</strong></span> <span class='ocrx_word' id='word_1_383' title='bbox 1545 3447 1618 3486; x_wconf 90' lang='lat' dir='ltr'><strong>ne</strong></span> <span class='ocrx_word' id='word_1_384' title='bbox 1665 3428 1881 3485; x_wconf 88' lang='lat' dir='ltr'><strong>multos</strong></span> <span class='ocrx_word' id='word_1_385' title='bbox 1925 3445 2032 3501; x_wconf 92' lang='lat' dir='ltr'><strong>ope</strong></span> 
     </span>
    </p>
   </div>
   <div class='ocr_carea' id='block_1_54' title="bbox 387 3513 2032 3590">
    <p class='ocr_par' dir='ltr' id='par_1_54' title="bbox 387 3513 2032 3590">
     <span class='ocr_line' id='line_1_54' title="bbox 387 3513 2032 3590; baseline 0.003 -22"><span class='ocrx_word' id='word_1_386' title='bbox 387 3520 484 3569; x_wconf 89' lang='lat' dir='ltr'><strong>tua</strong></span> <span class='ocrx_word' id='word_1_387' title='bbox 515 3513 795 3570; x_wconf 63' lang='lat' dir='ltr'><strong>dmmonis</strong></span> <span class='ocrx_word' id='word_1_388' title='bbox 829 3514 1092 3586; x_wconf 88' lang='lat' dir='ltr'><strong>nequitia</strong></span> <span class='ocrx_word' id='word_1_389' title='bbox 1125 3517 1553 3588; x_wconf 90' lang='lat' dir='ltr'><strong>depasceretur,</strong></span> <span class='ocrx_word' id='word_1_390' title='bbox 1587 3517 1876 3590; x_wconf 91' lang='lat' dir='ltr'><strong>quomodo</strong></span> <span class='ocrx_word' id='word_1_391' title='bbox 1907 3516 2032 3574; x_wconf 91' lang='lat' dir='ltr'><strong>loco</strong></span> 
     </span>
    </p>
   </div>
   <div class='ocr_carea' id='block_1_55' title="bbox 385 3601 2033 3678">
    <p class='ocr_par' dir='ltr' id='par_1_55' title="bbox 385 3601 2033 3678">
     <span class='ocr_line' id='line_1_55' title="bbox 385 3601 2033 3678; baseline 0.004 -22"><span class='ocrx_word' id='word_1_392' title='bbox 385 3601 774 3659; x_wconf 88' lang='lat' dir='ltr'><strong>accusationis</strong></span> <span class='ocrx_word' id='word_1_393' title='bbox 804 3619 970 3674; x_wconf 90' lang='lat' dir='ltr'><strong>quam</strong></span> <span class='ocrx_word' id='word_1_394' title='bbox 1013 3604 1256 3660; x_wconf 90' lang='lat' dir='ltr'><strong>Domino</strong></span> <span class='ocrx_word' id='word_1_395' title='bbox 1305 3605 1583 3675; x_wconf 89' lang='lat' dir='ltr'><strong>intendis,</strong></span> <span class='ocrx_word' id='word_1_396' title='bbox 1629 3607 1702 3664; x_wconf 89' lang='lat' dir='ltr'><strong>ad</strong></span> <span class='ocrx_word' id='word_1_397' title='bbox 1743 3607 1871 3678; x_wconf 91' lang='lat' dir='ltr'><strong>ejus</strong></span> <span class='ocrx_word' id='word_1_398' title='bbox 1919 3605 2033 3663; x_wconf 91' lang='lat' dir='ltr'><strong>cle-</strong></span> 
     </span>
    </p>
   </div>
   <div class='ocr_carea' id='block_1_56' title="bbox 457 3771 943 3843">
    <p class='ocr_par' dir='ltr' id='par_1_56' title="bbox 457 3771 943 3843">
     <span class='ocr_line' id='line_1_56' title="bbox 457 3771 943 3843; baseline -0.006 -12"><span class='ocrx_word' id='word_1_399' title='bbox 457 3771 506 3809; x_wconf 78' lang='grc'><strong>⁴⁸</strong></span> <span class='ocrx_word' id='word_1_400' title='bbox 531 3772 700 3831; x_wconf 88' lang='lat' dir='ltr'><strong>Joan.</strong></span> <span class='ocrx_word' id='word_1_401' title='bbox 730 3789 822 3843; x_wconf 83' lang='lat' dir='ltr'><strong>xv,</strong></span> <span class='ocrx_word' id='word_1_402' title='bbox 855 3776 943 3831; x_wconf 86' lang='lat'><strong>26.</strong></span> 
     </span>
    </p>
   </div>
   <div class='ocr_carea' id='block_1_57' title="bbox 2145 1901 3782 1980">
    <p class='ocr_par' dir='ltr' id='par_1_57' title="bbox 2145 1901 3782 1980">
     <span class='ocr_line' id='line_1_57' title="bbox 2145 1901 3782 1980; baseline 0.001 -21"><span class='ocrx_word' id='word_1_403' title='bbox 2145 1901 2264 1960; x_wconf 77' lang='grc' dir='ltr'>δὲον</span> <span class='ocrx_word' id='word_1_404' title='bbox 2323 1903 2598 1980; x_wconf 73' lang='grc' dir='ltr'>πράττειν,</span> <span class='ocrx_word' id='word_1_405' title='bbox 2649 1905 2710 1960; x_wconf 81' lang='grc' dir='ltr'>οὗ</span> <span class='ocrx_word' id='word_1_406' title='bbox 2759 1911 2923 1960; x_wconf 82' lang='grc' dir='ltr'>ποιεῖ·</span> <span class='ocrx_word' id='word_1_407' title='bbox 2980 1906 3099 1961; x_wconf 80' lang='grc' dir='ltr'>ἀντὶ</span> <span class='ocrx_word' id='word_1_408' title='bbox 3149 1903 3204 1960; x_wconf 74' lang='grc' dir='ltr'>δὲ</span> <span class='ocrx_word' id='word_1_409' title='bbox 3249 1909 3346 1961; x_wconf 85' lang='grc' dir='ltr'><strong>τοῦ</strong></span> <span class='ocrx_word' id='word_1_410' title='bbox 3405 1903 3782 1980; x_wconf 79' lang='grc' dir='ltr'>ἐκπορεύεσθαι</span> 
     </span>
    </p>
   </div>
   <div class='ocr_carea' id='block_1_58' title="bbox 2142 1993 3792 2070">
    <p class='ocr_par' dir='ltr' id='par_1_58' title="bbox 2142 1993 3792 2070">
     <span class='ocr_line' id='line_1_58' title="bbox 2142 1993 3792 2070; baseline 0 -22"><span class='ocrx_word' id='word_1_411' title='bbox 2142 1994 2204 2048; x_wconf 87' lang='grc' dir='ltr'>τὸ</span> <span class='ocrx_word' id='word_1_412' title='bbox 2235 1999 2450 2067; x_wconf 81' lang='grc' dir='ltr'>Πνεῦμα</span> <span class='ocrx_word' id='word_1_413' title='bbox 2479 1999 2574 2050; x_wconf 89' lang='grc' dir='ltr'><strong>τοῦ</strong></span> <span class='ocrx_word' id='word_1_414' title='bbox 2608 1997 2819 2068; x_wconf 83' lang='grc' dir='ltr'>Πατρὸς</span> <span class='ocrx_word' id='word_1_415' title='bbox 2853 1994 2928 2057; x_wconf 83' lang='grc' dir='ltr'><strong>είς</strong></span> <span class='ocrx_word' id='word_1_416' title='bbox 2961 1995 3148 2050; x_wconf 75' lang='grc' dir='ltr'>ἑαυτὸν</span> <span class='ocrx_word' id='word_1_417' title='bbox 3184 1996 3282 2065; x_wconf 73' lang='grc' dir='ltr'>τὴν</span> <span class='ocrx_word' id='word_1_418' title='bbox 3331 1993 3643 2070; x_wconf 84' lang='grc' dir='ltr'>ἐκπύρευσιν</span> <span class='ocrx_word' id='word_1_419' title='bbox 3698 1999 3792 2049; x_wconf 90' lang='grc' dir='ltr'><strong>τοῦ</strong></span> 
     </span>
    </p>
   </div>
   <div class='ocr_carea' id='block_1_59' title="bbox 2147 2082 3789 2159">
    <p class='ocr_par' dir='ltr' id='par_1_59' title="bbox 2147 2082 3789 2159">
     <span class='ocr_line' id='line_1_59' title="bbox 2147 2082 3789 2159; baseline 0.001 -22"><span class='ocrx_word' id='word_1_420' title='bbox 2147 2084 2461 2157; x_wconf 74' lang='grc' dir='ltr'>Πνεῦματος</span> <span class='ocrx_word' id='word_1_421' title='bbox 2533 2085 2770 2158; x_wconf 81' lang='grc' dir='ltr'>μετάγει”</span> <span class='ocrx_word' id='word_1_422' title='bbox 2835 2089 2954 2149; x_wconf 84' lang='grc' dir='ltr'><strong>πῶς</strong></span> <span class='ocrx_word' id='word_1_423' title='bbox 3019 2083 3149 2159; x_wconf 78' lang='grc' dir='ltr'>οὐχὶ</span> <span class='ocrx_word' id='word_1_424' title='bbox 3213 2085 3311 2153; x_wconf 79' lang='grc' dir='ltr'>τήν</span> <span class='ocrx_word' id='word_1_425' title='bbox 3374 2085 3472 2152; x_wconf 77' lang='grc' dir='ltr'>σὴν</span> <span class='ocrx_word' id='word_1_426' title='bbox 3529 2082 3789 2157; x_wconf 77' lang='grc' dir='ltr'>ἔκθεσμον</span> 
     </span>
    </p>
   </div>
   <div class='ocr_carea' id='block_1_60' title="bbox 2151 2169 3794 2250">
    <p class='ocr_par' dir='ltr' id='par_1_60' title="bbox 2151 2169 3794 2250">
     <span class='ocr_line' id='line_1_60' title="bbox 2151 2169 3794 2250; baseline 0 -22"><span class='ocrx_word' id='word_1_427' title='bbox 2151 2169 2442 2250; x_wconf 68' lang='grc' dir='ltr'>διαφωνίαν</span> <span class='ocrx_word' id='word_1_428' title='bbox 2473 2180 2574 2243; x_wconf 80' lang='grc' dir='ltr'><strong>τῆς</strong></span> <span class='ocrx_word' id='word_1_429' title='bbox 2606 2174 2966 2229; x_wconf 75' lang='grc' dir='ltr'>ἐνυποστάτου</span> <span class='ocrx_word' id='word_1_430' title='bbox 2997 2173 3087 2229; x_wconf 86' lang='grc' dir='ltr'>καὶ</span> <span class='ocrx_word' id='word_1_431' title='bbox 3116 2171 3496 2228; x_wconf 84' lang='grc' dir='ltr'>ἀναλλοιώτου</span> <span class='ocrx_word' id='word_1_432' title='bbox 3541 2193 3794 2229; x_wconf 83' lang='grc' dir='ltr'>κατασκε-</span> 
     </span>
    </p>
   </div>
   <div class='ocr_carea' id='block_1_61' title="bbox 2149 2260 3786 2338">
    <p class='ocr_par' dir='ltr' id='par_1_61' title="bbox 2149 2260 3786 2338">
     <span class='ocr_line' id='line_1_61' title="bbox 2149 2260 3786 2338; baseline 0.002 -22"><span class='ocrx_word' id='word_1_433' title='bbox 2149 2260 2323 2331; x_wconf 78' lang='grc' dir='ltr'>δάζων</span> <span class='ocrx_word' id='word_1_434' title='bbox 2353 2265 2465 2336; x_wconf 90' lang='grc'>(45)</span> <span class='ocrx_word' id='word_1_435' title='bbox 2495 2261 2752 2334; x_wconf 82' lang='grc' dir='ltr'>ἀληθείας</span> <span class='ocrx_word' id='word_1_436' title='bbox 2783 2263 2890 2337; x_wconf 82' lang='grc' dir='ltr'><strong>οὐχ</strong></span> <span class='ocrx_word' id='word_1_437' title='bbox 2935 2261 3113 2326; x_wconf 71' lang='grc' dir='ltr'>ἑάλως</span> <span class='ocrx_word' id='word_1_438' title='bbox 3153 2260 3311 2332; x_wconf 82' lang='grc' dir='ltr'>δίκην</span> <span class='ocrx_word' id='word_1_439' title='bbox 3359 2261 3598 2338; x_wconf 78' lang='grc' dir='ltr'>ὀφείλων</span> <span class='ocrx_word' id='word_1_440' title='bbox 3767 2283 3786 2333; x_wconf 79' lang='grc' dir='ltr'><strong>ς</strong></span> 
     </span>
    </p>
   </div>
   <div class='ocr_carea' id='block_1_62' title="bbox 2215 2349 3786 2421">
    <p class='ocr_par' dir='ltr' id='par_1_62' title="bbox 2215 2349 3786 2421">
     <span class='ocr_line' id='line_1_62' title="bbox 2215 2349 3786 2421; baseline 0 -16"><span class='ocrx_word' id='word_1_441' title='bbox 2215 2353 2314 2408; x_wconf 82' lang='grc' dir='ltr'>κα’.</span> <span class='ocrx_word' id='word_1_442' title='bbox 2349 2350 2498 2408; x_wconf 81' lang='grc' dir='ltr'>Ἐπεὶ</span> <span class='ocrx_word' id='word_1_443' title='bbox 2533 2350 2589 2406; x_wconf 74' lang='grc' dir='ltr'>δέ.</span> <span class='ocrx_word' id='word_1_444' title='bbox 2620 2373 2676 2406; x_wconf 89' lang='grc' dir='ltr'><strong>σε</strong></span> <span class='ocrx_word' id='word_1_445' title='bbox 2703 2349 2826 2407; x_wconf 74' lang='grc' dir='ltr'>οὐδὲ</span> <span class='ocrx_word' id='word_1_446' title='bbox 2871 2354 2938 2407; x_wconf 86' lang='grc' dir='ltr'><strong>τὰ</strong></span> <span class='ocrx_word' id='word_1_447' title='bbox 2983 2359 3091 2408; x_wconf 82' lang='grc' dir='ltr'><strong>τῶν</strong></span> <span class='ocrx_word' id='word_1_448' title='bbox 3145 2349 3352 2408; x_wconf 87' lang='grc' dir='ltr'>παίδων</span> <span class='ocrx_word' id='word_1_449' title='bbox 3397 2349 3594 2407; x_wconf 76' lang='grc' dir='ltr'>εἰδέναι</span> <span class='ocrx_word' id='word_1_450' title='bbox 3632 2354 3658 2421; x_wconf 65' lang='grc' dir='ltr'>ἢ</span> <span class='ocrx_word' id='word_1_451' title='bbox 3689 2355 3786 2407; x_wconf 86' lang='grc' dir='ltr'><strong>τοῦ</strong></span> 
     </span>
    </p>
   </div>
   <div class='ocr_carea' id='block_1_63' title="bbox 2144 2439 3783 2517">
    <p class='ocr_par' dir='ltr' id='par_1_63' title="bbox 2144 2439 3783 2517">
     <span class='ocr_line' id='line_1_63' title="bbox 2144 2439 3783 2517; baseline -0.001 -21"><span class='ocrx_word' id='word_1_452' title='bbox 2144 2446 2262 2503; x_wconf 85' lang='grc' dir='ltr'>τοῖς</span> <span class='ocrx_word' id='word_1_453' title='bbox 2293 2439 2579 2503; x_wconf 73' lang='grc' dir='ltr'>ἀδυνάτοις</span> <span class='ocrx_word' id='word_1_454' title='bbox 2613 2439 2911 2517; x_wconf 71' lang='grc' dir='ltr'>ἐπιχειρεῖν</span> <span class='ocrx_word' id='word_1_455' title='bbox 2951 2442 3280 2517; x_wconf 76' lang='grc' dir='ltr'>ἀπεστέρησε</span> <span class='ocrx_word' id='word_1_456' title='bbox 3327 2444 3440 2515; x_wconf 82' lang='grc'>(47)</span> <span class='ocrx_word' id='word_1_457' title='bbox 3491 2441 3783 2516; x_wconf 77' lang='grc' dir='ltr'>θρασύτης,</span> 
     </span>
    </p>
   </div>
   <div class='ocr_carea' id='block_1_64' title="bbox 2147 2529 3784 2608">
    <p class='ocr_par' dir='ltr' id='par_1_64' title="bbox 2147 2529 3784 2608">
     <span class='ocr_line' id='line_1_64' title="bbox 2147 2529 3784 2608; baseline 0.001 -23"><span class='ocrx_word' id='word_1_458' title='bbox 2147 2529 2293 2586; x_wconf 80' lang='grc' dir='ltr'><strong>ἀλλά</strong></span> <span class='ocrx_word' id='word_1_459' title='bbox 2323 2551 2384 2608; x_wconf 89' lang='grc' dir='ltr'><strong>γε</strong></span> <span class='ocrx_word' id='word_1_460' title='bbox 2412 2534 2526 2599; x_wconf 88' lang='grc' dir='ltr'>νῦν,</span> <span class='ocrx_word' id='word_1_461' title='bbox 2560 2531 2604 2585; x_wconf 82' lang='grc' dir='ltr'><strong>εἰ</strong></span> <span class='ocrx_word' id='word_1_462' title='bbox 2644 2531 2733 2586; x_wconf 81' lang='grc' dir='ltr'><strong>καὶ</strong></span> <span class='ocrx_word' id='word_1_463' title='bbox 2789 2532 2865 2604; x_wconf 77' lang='grc' dir='ltr'>μή</span> <span class='ocrx_word' id='word_1_464' title='bbox 2915 2533 3203 2606; x_wconf 85' lang='grc' dir='ltr'>πρότερον,</span> <span class='ocrx_word' id='word_1_465' title='bbox 3258 2531 3490 2586; x_wconf 78' lang='grc' dir='ltr'>συνιέναι</span> <span class='ocrx_word' id='word_1_466' title='bbox 3541 2552 3598 2586; x_wconf 87' lang='grc' dir='ltr'><strong>σε</strong></span> <span class='ocrx_word' id='word_1_467' title='bbox 3647 2533 3784 2606; x_wconf 75' lang='grc' dir='ltr'>χρὴ,</span> 
     </span>
    </p>
   </div>
   <div class='ocr_carea' id='block_1_65' title="bbox 2146 2617 3788 2696">
    <p class='ocr_par' dir='ltr' id='par_1_65' title="bbox 2146 2617 3788 2696">
     <span class='ocr_line' id='line_1_65' title="bbox 2146 2617 3788 2696; baseline 0.001 -23"><span class='ocrx_word' id='word_1_468' title='bbox 2146 2620 2220 2682; x_wconf 83' lang='grc' dir='ltr'>ὡς</span> <span class='ocrx_word' id='word_1_469' title='bbox 2251 2617 2404 2674; x_wconf 76' lang='grc' dir='ltr'>οὐδὲν</span> <span class='ocrx_word' id='word_1_470' title='bbox 2438 2619 2579 2675; x_wconf 71' lang='grc' dir='ltr'>οὕτω</span> <span class='ocrx_word' id='word_1_471' title='bbox 2611 2623 2725 2692; x_wconf 79' lang='grc'>(48)</span> <span class='ocrx_word' id='word_1_472' title='bbox 2774 2623 2887 2694; x_wconf 70' lang='grc'><strong>[241</strong></span> <span class='ocrx_word' id='word_1_473' title='bbox 2939 2620 3209 2696; x_wconf 81' lang='grc' dir='ltr'>λαμπρῶς</span> <span class='ocrx_word' id='word_1_474' title='bbox 3256 2621 3467 2676; x_wconf 77' lang='grc' dir='ltr'>ἳσταται</span> <span class='ocrx_word' id='word_1_475' title='bbox 3513 2620 3648 2676; x_wconf 81' lang='grc' dir='ltr'>κατᾶ</span> <span class='ocrx_word' id='word_1_476' title='bbox 3686 2627 3788 2690; x_wconf 79' lang='grc' dir='ltr'><strong>τῆς</strong></span> 
     </span>
    </p>
   </div>
   <div class='ocr_carea' id='block_1_66' title="bbox 2149 2710 3792 2786">
    <p class='ocr_par' dir='ltr' id='par_1_66' title="bbox 2149 2710 3792 2786">
     <span class='ocr_line' id='line_1_66' title="bbox 2149 2710 3792 2786; baseline 0.001 -21"><span class='ocrx_word' id='word_1_477' title='bbox 2149 2717 2248 2780; x_wconf 82' lang='grc' dir='ltr'><strong>σῆς</strong></span> <span class='ocrx_word' id='word_1_478' title='bbox 2297 2711 2580 2778; x_wconf 84' lang='grc' dir='ltr'>ἀπονοίας,</span> <span class='ocrx_word' id='word_1_479' title='bbox 2631 2710 2704 2771; x_wconf 79' lang='grc' dir='ltr'><strong>ὡς</strong></span> <span class='ocrx_word' id='word_1_480' title='bbox 2754 2712 2787 2779; x_wconf 84' lang='grc' dir='ltr'><strong>ἡ</strong></span> <span class='ocrx_word' id='word_1_481' title='bbox 2836 2713 3136 2780; x_wconf 80' lang='grc' dir='ltr'>Δεσποτικὴ</span> <span class='ocrx_word' id='word_1_482' title='bbox 3185 2712 3276 2766; x_wconf 82' lang='grc' dir='ltr'><strong>καὶ</strong></span> <span class='ocrx_word' id='word_1_483' title='bbox 3327 2712 3608 2786; x_wconf 78' lang='grc' dir='ltr'>Σωτήριος</span> <span class='ocrx_word' id='word_1_484' title='bbox 3657 2712 3792 2780; x_wconf 75' lang='grc' dir='ltr'>αὕτη</span> 
     </span>
    </p>
   </div>
   <div class='ocr_carea' id='block_1_67' title="bbox 2150 2795 3798 2877">
    <p class='ocr_par' dir='ltr' id='par_1_67' title="bbox 2150 2795 3798 2877">
     <span class='ocr_line' id='line_1_67' title="bbox 2150 2795 3798 2877; baseline 0 -23"><span class='ocrx_word' id='word_1_485' title='bbox 2150 2802 2301 2877; x_wconf 70' lang='grc' dir='ltr'>φωνή</span> <span class='ocrx_word' id='word_1_486' title='bbox 2337 2801 2472 2873; x_wconf 61' lang='grc'>(49).</span> <span class='ocrx_word' id='word_1_487' title='bbox 2515 2800 2577 2856; x_wconf 77' lang='grc' dir='ltr'><strong>Εἰ</strong></span> <span class='ocrx_word' id='word_1_488' title='bbox 2630 2800 2724 2874; x_wconf 69' lang='grc' dir='ltr'>μὲν</span> <span class='ocrx_word' id='word_1_489' title='bbox 2776 2800 2878 2874; x_wconf 77' lang='grc' dir='ltr'><strong>γὰρ</strong></span> <span class='ocrx_word' id='word_1_490' title='bbox 2929 2795 3132 2876; x_wconf 78' lang='grc' dir='ltr'>ἔλεγεν·</span> <span class='ocrx_word' id='word_1_491' title='bbox 3190 2802 3277 2870; x_wconf 82' lang='grc' dir='ltr'>Ἐξ</span> <span class='ocrx_word' id='word_1_492' title='bbox 3333 2799 3466 2874; x_wconf 81' lang='grc' dir='ltr'>ἐμοῦ</span> <span class='ocrx_word' id='word_1_493' title='bbox 3687 2800 3798 2870; x_wconf 84' lang='grc' dir='ltr'>λή-</span> 
     </span>
    </p>
   </div>
   <div class='ocr_carea' id='block_1_68' title="bbox 2149 2884 3798 2964">
    <p class='ocr_par' dir='ltr' id='par_1_68' title="bbox 2149 2884 3798 2964">
     <span class='ocr_line' id='line_1_68' title="bbox 2149 2884 3798 2964; baseline 0 -20"><span class='ocrx_word' id='word_1_494' title='bbox 2149 2893 2326 2964; x_wconf 69' lang='grc' dir='ltr'>ψεται,</span> <span class='ocrx_word' id='word_1_495' title='bbox 2387 2886 2500 2944; x_wconf 81' lang='grc' dir='ltr'>οὐδ’</span> <span class='ocrx_word' id='word_1_496' title='bbox 2559 2889 2729 2949; x_wconf 80' lang='grc' dir='ltr'>οὕτως</span> <span class='ocrx_word' id='word_1_497' title='bbox 2774 2891 2836 2944; x_wconf 87' lang='grc' dir='ltr'>τό</span> <span class='ocrx_word' id='word_1_498' title='bbox 2890 2911 2976 2944; x_wconf 91' lang='grc' dir='ltr'><strong>σοι</strong></span> <span class='ocrx_word' id='word_1_499' title='bbox 3034 2887 3470 2964; x_wconf 80' lang='grc' dir='ltr'>σπουδαζόμενον</span> <span class='ocrx_word' id='word_1_500' title='bbox 3519 2884 3798 2961; x_wconf 76' lang='grc' dir='ltr'>ἐλάμϐανε</span> 
     </span>
    </p>
   </div>
   <div class='ocr_carea' id='block_1_69' title="bbox 2147 2977 3790 3057">
    <p class='ocr_par' dir='ltr' id='par_1_69' title="bbox 2147 2977 3790 3057">
     <span class='ocr_line' id='line_1_69' title="bbox 2147 2977 3790 3057; baseline 0.002 -25"><span class='ocrx_word' id='word_1_501' title='bbox 2147 2978 2330 3052; x_wconf 76' lang='grc' dir='ltr'>πέρας·</span> <span class='ocrx_word' id='word_1_502' title='bbox 2364 2977 2510 3046; x_wconf 72' lang='grc' dir='ltr'>πλὴν</span> <span class='ocrx_word' id='word_1_503' title='bbox 2562 2977 2687 3034; x_wconf 76' lang='grc' dir='ltr'>ἀλλ’</span> <span class='ocrx_word' id='word_1_504' title='bbox 2737 2979 2851 3057; x_wconf 71' lang='grc' dir='ltr'><strong>εἶ’χὲ</strong></span> <span class='ocrx_word' id='word_1_505' title='bbox 2897 2999 3018 3034; x_wconf 89' lang='grc' dir='ltr'>τινα</span> <span class='ocrx_word' id='word_1_506' title='bbox 3065 2979 3331 3056; x_wconf 73' lang='grc' dir='ltr'>πρόφασιν</span> <span class='ocrx_word' id='word_1_507' title='bbox 3365 2982 3400 3049; x_wconf 81' lang='grc' dir='ltr'>ἡ</span> <span class='ocrx_word' id='word_1_508' title='bbox 3431 2979 3606 3048; x_wconf 78' lang='grc' dir='ltr'>πλάνη</span> <span class='ocrx_word' id='word_1_509' title='bbox 3650 2980 3790 3052; x_wconf 80' lang='grc'>(51).</span> 
     </span>
    </p>
   </div>
   <div class='ocr_carea' id='block_1_70' title="bbox 2149 3064 3794 3144">
    <p class='ocr_par' dir='ltr' id='par_1_70' title="bbox 2149 3064 3794 3144">
     <span class='ocr_line' id='line_1_70' title="bbox 2149 3064 3794 3144; baseline 0 -22"><span class='ocrx_word' id='word_1_510' title='bbox 2149 3066 2288 3126; x_wconf 74' lang='grc' dir='ltr'>Οὐδὲ</span> <span class='ocrx_word' id='word_1_511' title='bbox 2315 3069 2416 3144; x_wconf 85' lang='grc' dir='ltr'><strong>γὰρ</strong></span> <span class='ocrx_word' id='word_1_512' title='bbox 2452 3064 2577 3122; x_wconf 75' lang='grc' dir='ltr'>οὐδὲ</span> <span class='ocrx_word' id='word_1_513' title='bbox 2625 3069 2734 3140; x_wconf 86' lang='lat'><strong>(52)</strong></span> <span class='ocrx_word' id='word_1_514' title='bbox 2787 3068 2849 3122; x_wconf 88' lang='grc' dir='ltr'>τὸ</span> <span class='ocrx_word' id='word_1_515' title='bbox 2898 3064 3197 3141; x_wconf 71' lang='grc' dir='ltr'>λαμϐάνειν</span> <span class='ocrx_word' id='word_1_516' title='bbox 3249 3069 3355 3122; x_wconf 87' lang='grc' dir='ltr'><strong>ἀπό</strong></span> <span class='ocrx_word' id='word_1_517' title='bbox 3402 3089 3547 3129; x_wconf 83' lang='grc' dir='ltr'>τινος</span> <span class='ocrx_word' id='word_1_518' title='bbox 3599 3067 3794 3142; x_wconf 84' lang='grc' dir='ltr'>χρείας</span> 
     </span>
    </p>
   </div>
   <div class='ocr_carea' id='block_1_71' title="bbox 2149 3155 3794 3232">
    <p class='ocr_par' dir='ltr' id='par_1_71' title="bbox 2149 3155 3794 3232">
     <span class='ocr_line' id='line_1_71' title="bbox 2149 3155 3794 3232; baseline 0.001 -21"><span class='ocrx_word' id='word_1_519' title='bbox 2149 3155 2328 3228; x_wconf 78' lang='grc' dir='ltr'>ἄλλης</span> <span class='ocrx_word' id='word_1_520' title='bbox 2359 3157 2541 3231; x_wconf 84' lang='grc' dir='ltr'>χάριν,</span> <span class='ocrx_word' id='word_1_521' title='bbox 2583 3157 2671 3211; x_wconf 84' lang='grc' dir='ltr'><strong>καὶ</strong></span> <span class='ocrx_word' id='word_1_522' title='bbox 2701 3157 2762 3211; x_wconf 89' lang='grc' dir='ltr'>τὸ</span> <span class='ocrx_word' id='word_1_523' title='bbox 2787 3157 2923 3232; x_wconf 87' lang='grc' dir='ltr'>πρὸς</span> <span class='ocrx_word' id='word_1_524' title='bbox 2974 3157 3224 3211; x_wconf 77' lang='grc' dir='ltr'>ούσίωσιν</span> <span class='ocrx_word' id='word_1_525' title='bbox 3265 3159 3379 3228; x_wconf 78' lang='grc'>(53)</span> <span class='ocrx_word' id='word_1_526' title='bbox 3409 3155 3794 3231; x_wconf 67' lang='grc' dir='ltr'>ἐκπορεύεσθαι</span> 
     </span>
    </p>
   </div>
   <div class='ocr_carea' id='block_1_72' title="bbox 2148 3243 3794 3322">
    <p class='ocr_par' dir='ltr' id='par_1_72' title="bbox 2148 3243 3794 3322">
     <span class='ocr_line' id='line_1_72' title="bbox 2148 3243 3794 3322; baseline 0.001 -22"><span class='ocrx_word' id='word_1_527' title='bbox 2148 3247 2222 3308; x_wconf 81' lang='grc' dir='ltr'>εἷς</span> <span class='ocrx_word' id='word_1_528' title='bbox 2252 3247 2414 3302; x_wconf 88' lang='grc' dir='ltr'>ταυτὸ</span> <span class='ocrx_word' id='word_1_529' title='bbox 2445 3247 2555 3318; x_wconf 86' lang='grc'>(54)</span> <span class='ocrx_word' id='word_1_530' title='bbox 2603 3246 2885 3321; x_wconf 73' lang='grc' dir='ltr'>συνάγεται</span> <span class='ocrx_word' id='word_1_531' title='bbox 2926 3251 2994 3320; x_wconf 81' lang='grc' dir='ltr'><strong>τῇ</strong></span> <span class='ocrx_word' id='word_1_532' title='bbox 3046 3243 3278 3317; x_wconf 78' lang='grc' dir='ltr'>διανοίᾳ·</span> <span class='ocrx_word' id='word_1_533' title='bbox 3330 3245 3546 3302; x_wconf 83' lang='grc' dir='ltr'>πολλοῦ</span> <span class='ocrx_word' id='word_1_534' title='bbox 3591 3267 3654 3322; x_wconf 89' lang='grc' dir='ltr'><strong>γε</strong></span> <span class='ocrx_word' id='word_1_535' title='bbox 3699 3247 3794 3302; x_wconf 72' lang='grc' dir='ltr'><strong>καὶ</strong></span> 
     </span>
    </p>
   </div>
   <div class='ocr_carea' id='block_1_73' title="bbox 2147 3330 3792 3410">
    <p class='ocr_par' dir='ltr' id='par_1_73' title="bbox 2147 3330 3792 3410">
     <span class='ocr_line' id='line_1_73' title="bbox 2147 3330 3792 3410; baseline 0 -20"><span class='ocrx_word' id='word_1_536' title='bbox 2147 3334 2247 3390; x_wconf 85' lang='grc' dir='ltr'>δεῖ.</span> <span class='ocrx_word' id='word_1_537' title='bbox 2301 3335 2447 3390; x_wconf 82' lang='grc' dir='ltr'>Ἐπεὶ</span> <span class='ocrx_word' id='word_1_538' title='bbox 2499 3331 2555 3388; x_wconf 74' lang='grc' dir='ltr'>δὲ</span> <span class='ocrx_word' id='word_1_539' title='bbox 2609 3342 2710 3405; x_wconf 75' lang='grc' dir='ltr'>τῆς</span> <span class='ocrx_word' id='word_1_540' title='bbox 2761 3335 3032 3404; x_wconf 82' lang='grc' dir='ltr'>τοσαύτης</span> <span class='ocrx_word' id='word_1_541' title='bbox 3074 3330 3320 3398; x_wconf 80' lang='grc' dir='ltr'>ἀσεϐείας</span> <span class='ocrx_word' id='word_1_542' title='bbox 3367 3337 3428 3390; x_wconf 88' lang='grc' dir='ltr'>τὸ</span> <span class='ocrx_word' id='word_1_543' title='bbox 3481 3335 3711 3410; x_wconf 74' lang='grc' dir='ltr'>μέγεθος</span> <span class='ocrx_word' id='word_1_544' title='bbox 3763 3337 3792 3390; x_wconf 88' lang='grc' dir='ltr'>ὁ</span> 
     </span>
    </p>
   </div>
   <div class='ocr_carea' id='block_1_74' title="bbox 2147 3422 3794 3502">
    <p class='ocr_par' dir='ltr' id='par_1_74' title="bbox 2147 3422 3794 3502">
     <span class='ocr_line' id='line_1_74' title="bbox 2147 3422 3794 3502; baseline 0.021 -34"><span class='ocrx_word' id='word_1_545' title='bbox 2147 3425 2344 3498; x_wconf 70' lang='grc' dir='ltr'>Σωτὴρ</span> <span class='ocrx_word' id='word_1_546' title='bbox 2375 3427 2626 3497; x_wconf 79' lang='grc' dir='ltr'>προορῶν</span> <span class='ocrx_word' id='word_1_547' title='bbox 2656 3422 2780 3479; x_wconf 73' lang='grc' dir='ltr'>οὐδὲ</span> <span class='ocrx_word' id='word_1_548' title='bbox 2810 3425 3066 3495; x_wconf 78' lang='grc' dir='ltr'>τοιαύτην</span> <span class='ocrx_word' id='word_1_549' title='bbox 3096 3423 3271 3500; x_wconf 77' lang='grc' dir='ltr'>ἀφῆκε</span> <span class='ocrx_word' id='word_1_550' title='bbox 3302 3426 3484 3502; x_wconf 67' lang='grc' dir='ltr'>φωνὴν</span> <span class='ocrx_word' id='word_1_551' title='bbox 3532 3427 3665 3499; x_wconf 76' lang='grc' dir='ltr'>(55)ν</span> <span class='ocrx_word' id='word_1_552' title='bbox 3699 3423 3794 3480; x_wconf 36' lang='grc' dir='ltr'>τίνα</span> 
     </span>
    </p>
   </div>
   <div class='ocr_carea' id='block_1_75' title="bbox 2149 3511 3795 3590">
    <p class='ocr_par' dir='ltr' id='par_1_75' title="bbox 2149 3511 3795 3590">
     <span class='ocr_line' id='line_1_75' title="bbox 2149 3511 3795 3590; baseline 0.001 -22"><span class='ocrx_word' id='word_1_553' title='bbox 2149 3515 2222 3589; x_wconf 75' lang='grc' dir='ltr'>μὴ</span> <span class='ocrx_word' id='word_1_554' title='bbox 2257 3512 2503 3576; x_wconf 79' lang='grc' dir='ltr'>πολλοὺς</span> <span class='ocrx_word' id='word_1_555' title='bbox 2538 3511 2626 3568; x_wconf 74' lang='grc' dir='ltr'><strong>διὰ</strong></span> <span class='ocrx_word' id='word_1_556' title='bbox 2656 3517 2752 3569; x_wconf 87' lang='grc' dir='ltr'><strong>σοῦ</strong></span> <span class='ocrx_word' id='word_1_557' title='bbox 2782 3516 2815 3583; x_wconf 82' lang='grc' dir='ltr'>ἠ</span> <span class='ocrx_word' id='word_1_558' title='bbox 2858 3517 2954 3569; x_wconf 87' lang='grc' dir='ltr'><strong>τοῦ</strong></span> <span class='ocrx_word' id='word_1_559' title='bbox 2987 3517 3233 3588; x_wconf 77' lang='grc' dir='ltr'>Πονηροῦ</span> <span class='ocrx_word' id='word_1_560' title='bbox 3272 3514 3573 3590; x_wconf 80' lang='grc' dir='ltr'>κακουργία</span> <span class='ocrx_word' id='word_1_561' title='bbox 3617 3535 3795 3570; x_wconf 83' lang='grc' dir='ltr'>κατα-</span> 
     </span>
    </p>
   </div>
   <div class='ocr_carea' id='block_1_76' title="bbox 2143 3603 3797 3681">
    <p class='ocr_par' dir='ltr' id='par_1_76' title="bbox 2143 3603 3797 3681">
     <span class='ocr_line' id='line_1_76' title="bbox 2143 3603 3797 3681; baseline 0.001 -22"><span class='ocrx_word' id='word_1_562' title='bbox 2143 3605 2356 3678; x_wconf 77' lang='grc' dir='ltr'>νεμηθῇ</span> <span class='ocrx_word' id='word_1_563' title='bbox 2407 3606 2545 3677; x_wconf 86' lang='grc'>(56),</span> <span class='ocrx_word' id='word_1_564' title='bbox 2586 3607 2723 3674; x_wconf 81' lang='grc' dir='ltr'>πῶς,</span> <span class='ocrx_word' id='word_1_565' title='bbox 2768 3603 2881 3658; x_wconf 82' lang='grc' dir='ltr'>ἀντὶ</span> <span class='ocrx_word' id='word_1_566' title='bbox 2928 3606 3025 3658; x_wconf 89' lang='grc' dir='ltr'><strong>τοῦ</strong></span> <span class='ocrx_word' id='word_1_567' title='bbox 3069 3609 3388 3681; x_wconf 84' lang='grc' dir='ltr'>κατηγορεῖν</span> <span class='ocrx_word' id='word_1_568' title='bbox 3436 3604 3528 3660; x_wconf 83' lang='grc' dir='ltr'>τὸν</span> <span class='ocrx_word' id='word_1_569' title='bbox 3583 3607 3797 3662; x_wconf 80' lang='grc' dir='ltr'>Δεσπόο</span> 
     </span>
    </p>
   </div>
   <div class='ocr_carea' id='block_1_77' title="bbox 1540 3969 2628 4031">
    <p class='ocr_par' dir='ltr' id='par_1_77' title="bbox 1540 3969 2628 4031">
     <span class='ocr_line' id='line_1_77' title="bbox 1540 3969 2628 4031; baseline 0.002 -2"><span class='ocrx_word' id='word_1_570' title='bbox 1540 3971 1788 4030; x_wconf 75' lang='lat' dir='ltr'><strong>VARI/E</strong></span> <span class='ocrx_word' id='word_1_571' title='bbox 1829 3971 2224 4030; x_wconf 83' lang='lat' dir='ltr'><strong>LECTIONES</strong></span> <span class='ocrx_word' id='word_1_572' title='bbox 2263 3973 2353 4030; x_wconf 89' lang='lat' dir='ltr'><strong>ET</strong></span> <span class='ocrx_word' id='word_1_573' title='bbox 2394 3969 2628 4031; x_wconf 69' lang='lat' dir='ltr'><strong>NOTAE.</strong></span> 
     </span>
    </p>
   </div>
   <div class='ocr_carea' id='block_1_78' title="bbox 451 4117 1096 4195">
    <p class='ocr_par' dir='ltr' id='par_1_78' title="bbox 451 4117 1096 4195">
     <span class='ocr_line' id='line_1_78' title="bbox 451 4117 1096 4195; baseline 0.008 -19"><span class='ocrx_word' id='word_1_574' title='bbox 451 4117 562 4193; x_wconf 87' lang='lat'><strong>(34)</strong></span> <span class='ocrx_word' id='word_1_575' title='bbox 595 4122 802 4195; x_wconf 25' lang='lat' dir='ltr'><strong>Mona:</strong></span> <span class='ocrx_word' id='word_1_576' title='bbox 825 4123 1096 4195; x_wconf 78' lang='grc' dir='ltr'>εὑρήσεις.</span> 
     </span>
    </p>
   </div>
   <div class='ocr_carea' id='block_1_79' title="bbox 450 4193 983 4264">
    <p class='ocr_par' dir='ltr' id='par_1_79' title="bbox 450 4193 983 4264">
     <span class='ocr_line' id='line_1_79' title="bbox 450 4193 983 4264; baseline 0.006 -16"><span class='ocrx_word' id='word_1_577' title='bbox 450 4195 569 4264; x_wconf 85' lang='grc'>(35)</span> <span class='ocrx_word' id='word_1_578' title='bbox 597 4195 714 4251; x_wconf 88' lang='lat' dir='ltr'><strong>Col.</strong></span> <span class='ocrx_word' id='word_1_579' title='bbox 749 4193 983 4252; x_wconf 82' lang='grc' dir='ltr'>ἀένναον.</span> 
     </span>
    </p>
   </div>
   <div class='ocr_carea' id='block_1_80' title="bbox 451 4265 2018 4341">
    <p class='ocr_par' dir='ltr' id='par_1_80' title="bbox 451 4265 2018 4341">
     <span class='ocr_line' id='line_1_80' title="bbox 451 4265 2018 4341; baseline 0.003 -21"><span class='ocrx_word' id='word_1_580' title='bbox 451 4265 562 4341; x_wconf 70' lang='grc' dir='ltr'>(3θ)</span> <span class='ocrx_word' id='word_1_581' title='bbox 595 4265 724 4321; x_wconf 72' lang='lat' dir='ltr'><strong>Haec</strong></span> <span class='ocrx_word' id='word_1_582' title='bbox 747 4267 1252 4341; x_wconf 15' lang='lat' dir='ltr'><strong>rursumiadducit</strong></span> <span class='ocrx_word' id='word_1_583' title='bbox 1282 4268 1444 4341; x_wconf 69' lang='lat' dir='ltr'><strong>Hugo</strong></span> <span class='ocrx_word' id='word_1_584' title='bbox 1475 4268 1820 4324; x_wconf 84' lang='lat' dir='ltr'><strong>Etherianus</strong></span> <span class='ocrx_word' id='word_1_585' title='bbox 1863 4270 1922 4341; x_wconf 90' lang='lat' dir='ltr'><strong>(l.</strong></span> <span class='ocrx_word' id='word_1_586' title='bbox 1959 4285 2018 4336; x_wconf 84' lang='lat' dir='ltr'><strong>ll,</strong></span> 
     </span>
    </p>
   </div>
   <div class='ocr_carea' id='block_1_81' title="bbox 379 4338 2025 4410">
    <p class='ocr_par' dir='ltr' id='par_1_81' title="bbox 379 4338 2025 4410">
     <span class='ocr_line' id='line_1_81' title="bbox 379 4338 2025 4410; baseline 0.004 -21"><span class='ocrx_word' id='word_1_587' title='bbox 379 4353 431 4410; x_wconf 61' lang='grc' dir='ltr'><strong>(ξ.</strong></span> <span class='ocrx_word' id='word_1_588' title='bbox 481 4338 592 4410; x_wconf 53' lang='lat'><strong>18,</strong></span> <span class='ocrx_word' id='word_1_589' title='bbox 629 4354 682 4410; x_wconf 70' lang='grc' dir='ltr'><strong>ρ.</strong></span> <span class='ocrx_word' id='word_1_590' title='bbox 739 4338 893 4410; x_wconf 69' lang='grc'>1233.</span> <span class='ocrx_word' id='word_1_591' title='bbox 959 4339 1020 4394; x_wconf 89' lang='grc' dir='ltr'><strong>Ε,</strong></span> <span class='ocrx_word' id='word_1_592' title='bbox 1083 4339 1211 4410; x_wconf 87' lang='lat' dir='ltr'><strong>F.):</strong></span> <span class='ocrx_word' id='word_1_593' title='bbox 1274 4361 1302 4388; x_wconf 87' lang='lat'><strong>«</strong></span> <span class='ocrx_word' id='word_1_594' title='bbox 1337 4339 1538 4393; x_wconf 86' lang='lat' dir='ltr'><strong>Etiam.</strong></span> <span class='ocrx_word' id='word_1_595' title='bbox 1602 4341 1711 4395; x_wconf 89' lang='lat' dir='ltr'><strong>Sed</strong></span> <span class='ocrx_word' id='word_1_596' title='bbox 1761 4338 2025 4396; x_wconf 80' lang='lat' dir='ltr'><strong>Salvator</strong></span> 
     </span>
    </p>
   </div>
   <div class='ocr_carea' id='block_1_82' title="bbox 378 4407 2024 4482">
    <p class='ocr_par' dir='ltr' id='par_1_82' title="bbox 378 4407 2024 4482">
     <span class='ocr_line' id='line_1_82' title="bbox 378 4407 2024 4482; baseline 0.004 -21"><span class='ocrx_word' id='word_1_597' title='bbox 378 4407 522 4482; x_wconf 81' lang='lat' dir='ltr'><strong>dixit</strong></span> <span class='ocrx_word' id='word_1_598' title='bbox 539 4407 857 4482; x_wconf 85' lang='lat' dir='ltr'><strong>discipulos</strong></span> <span class='ocrx_word' id='word_1_599' title='bbox 879 4407 1200 4482; x_wconf 68' lang='lat' dir='ltr'><strong>instruens,</strong></span> <span class='ocrx_word' id='word_1_600' title='bbox 1231 4410 1506 4482; x_wconf 84' lang='lat' dir='ltr'><strong>quoniam</strong></span> <span class='ocrx_word' id='word_1_601' title='bbox 1529 4411 1782 4482; x_wconf 89' lang='lat' dir='ltr'><strong>Spiritus</strong></span> <span class='ocrx_word' id='word_1_602' title='bbox 1806 4415 1874 4466; x_wconf 91' lang='lat' dir='ltr'><strong>de</strong></span> <span class='ocrx_word' id='word_1_603' title='bbox 1896 4429 2024 4468; x_wconf 90' lang='lat' dir='ltr'><strong>meo</strong></span> 
     </span>
    </p>
   </div>
   <div class='ocr_carea' id='block_1_83' title="bbox 377 4465 2100 4552">
    <p class='ocr_par' dir='ltr' id='par_1_83' title="bbox 377 4465 2100 4552">
     <span class='ocr_line' id='line_1_83' title="bbox 377 4465 2100 4552; baseline 0.002 -19"><span class='ocrx_word' id='word_1_604' title='bbox 377 4479 618 4552; x_wconf 82' lang='lat' dir='ltr'><strong>accipiet</strong></span> <span class='ocrx_word' id='word_1_605' title='bbox 639 4465 707 4552; x_wconf 38' lang='lat' dir='ltr'><strong>et‘~</strong></span> <span class='ocrx_word' id='word_1_606' title='bbox 723 4480 1098 4552; x_wconf 86' lang='lat' dir='ltr'><strong>annuntiabit</strong></span> <span class='ocrx_word' id='word_1_607' title='bbox 1120 4465 1301 4536; x_wconf 73' lang='lat' dir='ltr'><strong>vobis.</strong></span> <span class='ocrx_word' id='word_1_608' title='bbox 1328 4481 1392 4534; x_wconf 86' lang='lat' dir='ltr'><strong>Et</strong></span> <span class='ocrx_word' id='word_1_609' title='bbox 1415 4465 1802 4552; x_wconf 41' lang='lat' dir='ltr'><strong>quod‘utique</strong></span> <span class='ocrx_word' id='word_1_610' title='bbox 1828 4465 2021 4551; x_wconf 68' lang='lat' dir='ltr'><strong>lateas,</strong></span> <span class='ocrx_word' id='word_1_611' title='bbox 2055 4465 2100 4528; x_wconf 81' lang='lat' dir='ltr'>D</span> 
     </span>
    </p>
   </div>
   <div class='ocr_carea' id='block_1_84' title="bbox 377 4550 2018 4624">
    <p class='ocr_par' dir='ltr' id='par_1_84' title="bbox 377 4550 2018 4624">
     <span class='ocr_line' id='line_1_84' title="bbox 377 4550 2018 4624; baseline 0.003 -19"><span class='ocrx_word' id='word_1_612' title='bbox 377 4550 472 4620; x_wconf 90' lang='lat' dir='ltr'><strong>qui</strong></span> <span class='ocrx_word' id='word_1_613' title='bbox 506 4551 580 4624; x_wconf 83' lang='lat' dir='ltr'><strong>ad</strong></span> <span class='ocrx_word' id='word_1_614' title='bbox 615 4550 930 4607; x_wconf 80' lang='lat' dir='ltr'><strong>Salvatoris</strong></span> <span class='ocrx_word' id='word_1_615' title='bbox 961 4553 1293 4624; x_wconf 12' lang='lat' dir='ltr'><strong>coiniugeris</strong></span> <span class='ocrx_word' id='word_1_616' title='bbox 1324 4550 1546 4621; x_wconf 83' lang='lat' dir='ltr'><strong>vocem,</strong></span> <span class='ocrx_word' id='word_1_617' title='bbox 1582 4550 1792 4608; x_wconf 49' lang='lat' dir='ltr'><strong>non—ut</strong></span> <span class='ocrx_word' id='word_1_618' title='bbox 1845 4550 2018 4610; x_wconf 58' lang='lat' dir='ltr'><strong>advoé</strong></span> 
     </span>
    </p>
   </div>
   <div class='ocr_carea' id='block_1_85' title="bbox 375 4622 2018 4695">
    <p class='ocr_par' dir='ltr' id='par_1_85' title="bbox 375 4622 2018 4695">
     <span class='ocr_line' id='line_1_85' title="bbox 375 4622 2018 4695; baseline 0.005 -22"><span class='ocrx_word' id='word_1_619' title='bbox 375 4622 646 4695; x_wconf 83' lang='lat' dir='ltr'><strong>catricem</strong></span> <span class='ocrx_word' id='word_1_620' title='bbox 682 4640 905 4688; x_wconf 89' lang='lat' dir='ltr'><strong>sumas,</strong></span> <span class='ocrx_word' id='word_1_621' title='bbox 940 4623 1044 4678; x_wconf 87' lang='lat' dir='ltr'><strong>sed</strong></span> <span class='ocrx_word' id='word_1_622' title='bbox 1079 4622 1173 4678; x_wconf 79' lang='lat' dir='ltr'><strong>ubi</strong></span> <span class='ocrx_word' id='word_1_623' title='bbox 1209 4625 1312 4695; x_wconf 90' lang='lat' dir='ltr'><strong>(ut)</strong></span> <span class='ocrx_word' id='word_1_624' title='bbox 1347 4625 1542 4694; x_wconf 91' lang='lat' dir='ltr'><strong>ipsum</strong></span> <span class='ocrx_word' id='word_1_625' title='bbox 1579 4641 1678 4694; x_wconf 88' lang='lat' dir='ltr'><strong>per</strong></span> <span class='ocrx_word' id='word_1_626' title='bbox 1718 4626 2018 4682; x_wconf 87' lang='lat' dir='ltr'><strong>dissonan-</strong></span> 
     </span>
    </p>
   </div>
   <div class='ocr_carea' id='block_1_86' title="bbox 375 4691 2022 4768">
    <p class='ocr_par' dir='ltr' id='par_1_86' title="bbox 375 4691 2022 4768">
     <span class='ocr_line' id='line_1_86' title="bbox 375 4691 2022 4768; baseline 0.007 -25"><span class='ocrx_word' id='word_1_627' title='bbox 375 4691 513 4768; x_wconf 75' lang='lat' dir='ltr'><strong>tiam</strong></span> <span class='ocrx_word' id='word_1_628' title='bbox 547 4696 857 4768; x_wconf 2' lang='lat' dir='ltr'><strong>obiurges);</strong></span> <span class='ocrx_word' id='word_1_629' title='bbox 893 4695 975 4768; x_wconf 86' lang='lat' dir='ltr'><strong>sic</strong></span> <span class='ocrx_word' id='word_1_630' title='bbox 1015 4697 1171 4752; x_wconf 87' lang='lat' dir='ltr'><strong>enim</strong></span> <span class='ocrx_word' id='word_1_631' title='bbox 1208 4691 1323 4768; x_wconf 69' lang='lat' dir='ltr'><strong>tua</strong></span> <span class='ocrx_word' id='word_1_632' title='bbox 1361 4691 1690 4768; x_wconf 44' lang='lat' dir='ltr'><strong>lingua—est</strong></span> <span class='ocrx_word' id='word_1_633' title='bbox 1735 4699 1924 4754; x_wconf 88' lang='lat' dir='ltr'><strong>audax</strong></span> <span class='ocrx_word' id='word_1_634' title='bbox 1963 4703 2022 4754; x_wconf 90' lang='lat' dir='ltr'><strong>et</strong></span> 
     </span>
    </p>
   </div>
   <div class='ocr_carea' id='block_1_87' title="bbox 376 4764 2016 4839">
    <p class='ocr_par' dir='ltr' id='par_1_87' title="bbox 376 4764 2016 4839">
     <span class='ocr_line' id='line_1_87' title="bbox 376 4764 2016 4839; baseline 0.009 -27"><span class='ocrx_word' id='word_1_635' title='bbox 376 4764 690 4839; x_wconf 77' lang='lat' dir='ltr'><strong>impudica,</strong></span> <span class='ocrx_word' id='word_1_636' title='bbox 725 4764 784 4820; x_wconf 77' lang='lat' dir='ltr'><strong>ut</strong></span> <span class='ocrx_word' id='word_1_637' title='bbox 818 4767 873 4839; x_wconf 84' lang='lat' dir='ltr'><strong>in</strong></span> <span class='ocrx_word' id='word_1_638' title='bbox 919 4767 988 4822; x_wconf 89' lang='lat' dir='ltr'><strong>iis</strong></span> <span class='ocrx_word' id='word_1_639' title='bbox 1033 4784 1162 4838; x_wconf 67' lang='lat' dir='ltr'><strong>quis</strong></span> <span class='ocrx_word' id='word_1_640' title='bbox 1202 4764 1818 4838; x_wconf 70' lang='lat' dir='ltr'><strong>incomprehensibilia</strong></span> <span class='ocrx_word' id='word_1_641' title='bbox 1861 4779 2016 4839; x_wconf 85' lang='lat' dir='ltr'><strong>sunt,</strong></span> 
     </span>
    </p>
   </div>
   <div class='ocr_carea' id='block_1_88' title="bbox 374 4834 1618 4926">
    <p class='ocr_par' dir='ltr' id='par_1_88' title="bbox 374 4834 1618 4926">
     <span class='ocr_line' id='line_1_88' title="bbox 374 4834 1618 4926; baseline 0 -37"><span class='ocrx_word' id='word_1_642' title='bbox 374 4834 1028 4926; x_wconf 37' lang='lat' dir='ltr'><strong>ocgggi&#39;ocn‘esiconﬁngat</strong></span> <span class='ocrx_word' id='word_1_643' title='bbox 1049 4834 1113 4923; x_wconf 54' lang='lat'><strong>&#39;9}</strong></span> <span class='ocrx_word' id='word_1_644' title='bbox 1142 4834 1559 4926; x_wconf 63' lang='lat' dir='ltr'><strong>subintelligat.</strong></span> <span class='ocrx_word' id='word_1_645' title='bbox 1599 4862 1618 4889; x_wconf 76' lang='grc' dir='ltr'><strong>ο</strong></span> 
     </span>
    </p>
   </div>
   <div class='ocr_carea' id='block_1_89' title="bbox 447 4904 1468 4979">
    <p class='ocr_par' dir='ltr' id='par_1_89' title="bbox 447 4904 1468 4979">
     <span class='ocr_line' id='line_1_89' title="bbox 447 4904 1468 4979; baseline 0.011 -24"><span class='ocrx_word' id='word_1_646' title='bbox 677 4910 831 4979; x_wconf 73' lang='lat' dir='ltr'><strong>Mori.</strong></span> <span class='ocrx_word' id='word_1_647' title='bbox 860 4904 1112 4979; x_wconf 78' lang='grc' dir='ltr'>οὐδαμοῦ</span> <span class='ocrx_word' id='word_1_648' title='bbox 1142 4931 1245 4963; x_wconf 85' lang='grc' dir='ltr'><strong>που</strong></span> <span class='ocrx_word' id='word_1_649' title='bbox 1285 4904 1468 4971; x_wconf 73' lang='grc' dir='ltr'>τιθείςῖ</span> 
     </span>
    </p>
   </div>
   <div class='ocr_carea' id='block_1_90' title="bbox 448 4973 1266 5051">
    <p class='ocr_par' dir='ltr' id='par_1_90' title="bbox 448 4973 1266 5051">
     <span class='ocr_line' id='line_1_90' title="bbox 448 4973 1266 5051; baseline 0.013 -27"><span class='ocrx_word' id='word_1_650' title='bbox 590 4973 708 5051; x_wconf 60' lang='lat' dir='ltr'><strong>gul.</strong></span> <span class='ocrx_word' id='word_1_651' title='bbox 743 4977 903 5051; x_wconf 69' lang='grc' dir='ltr'>φησὶν</span> <span class='ocrx_word' id='word_1_652' title='bbox 939 4973 1019 5032; x_wconf 62' lang='lat' dir='ltr'><strong>Uti</strong></span> <span class='ocrx_word' id='word_1_653' title='bbox 1055 4981 1112 5034; x_wconf 84' lang='grc' dir='ltr'>ἐκ</span> <span class='ocrx_word' id='word_1_654' title='bbox 1139 5002 1188 5037; x_wconf 87' lang='grc' dir='ltr'><strong>τ.</strong></span> <span class='ocrx_word' id='word_1_655' title='bbox 1224 4981 1266 5035; x_wconf 78' lang='grc' dir='ltr'>ἐ.</span> 
     </span>
    </p>
   </div>
   <div class='ocr_carea' id='block_1_91' title="bbox 444 5045 1062 5120">
    <p class='ocr_par' dir='ltr' id='par_1_91' title="bbox 444 5045 1062 5120">
     <span class='ocr_line' id='line_1_91' title="bbox 444 5045 1062 5120; baseline 0.006 -21"><span class='ocrx_word' id='word_1_656' title='bbox 444 5045 556 5120; x_wconf 73' lang='grc'>(40)</span> <span class='ocrx_word' id='word_1_657' title='bbox 591 5045 1062 5120; x_wconf 48' lang='grc' dir='ltr'>Μοῐιξπρότερον.</span> 
     </span>
    </p>
   </div>
   <div class='ocr_carea' id='block_1_92' title="bbox 443 5117 1132 5188">
    <p class='ocr_par' dir='ltr' id='par_1_92' title="bbox 443 5117 1132 5188">
     <span class='ocr_line' id='line_1_92' title="bbox 443 5117 1132 5188; baseline 0.013 -20"><span class='ocrx_word' id='word_1_658' title='bbox 443 5117 558 5188; x_wconf 87' lang='grc'>(41)</span> <span class='ocrx_word' id='word_1_659' title='bbox 592 5118 745 5173; x_wconf 87' lang='lat' dir='ltr'><strong>Mon.</strong></span> <span class='ocrx_word' id='word_1_660' title='bbox 783 5117 1132 5188; x_wconf 72' lang='grc' dir='ltr'>μετελθόντα.</span> 
     </span>
    </p>
   </div>
   <div class='ocr_carea' id='block_1_93' title="bbox 443 5187 1125 5327">
    <p class='ocr_par' dir='ltr' id='par_1_93' title="bbox 443 5187 1125 5327">
     <span class='ocr_line' id='line_1_93' title="bbox 443 5187 1125 5327; baseline 0.013 -88"><span class='ocrx_word' id='word_1_661' title='bbox 443 5187 555 5327; x_wconf 77' lang='grc'>(42)</span> <span class='ocrx_word' id='word_1_662' title='bbox 587 5191 660 5242; x_wconf 73' lang='grc' dir='ltr'><strong>Τὰ</strong></span> <span class='ocrx_word' id='word_1_663' title='bbox 692 5187 851 5246; x_wconf 90' lang='lat' dir='ltr'><strong>deest</strong></span> <span class='ocrx_word' id='word_1_664' title='bbox 884 5195 938 5246; x_wconf 88' lang='lat' dir='ltr'><strong>in</strong></span> <span class='ocrx_word' id='word_1_665' title='bbox 975 5196 1125 5250; x_wconf 85' lang='lat' dir='ltr'><strong>Mon.</strong></span> 
     </span>
     <span class='ocr_line' id='line_1_94' title="bbox 443 5259 1125 5326; baseline 0.01 -15"><span class='ocrx_word' id='word_1_666' title='bbox 443 5259 531 5326; x_wconf 87' lang='grc'>(43</span> <span class='ocrx_word' id='word_1_667' title='bbox 580 5262 762 5317; x_wconf 90' lang='lat' dir='ltr'><strong>Palat.</strong></span> <span class='ocrx_word' id='word_1_668' title='bbox 799 5263 838 5320; x_wconf 88' lang='lat' dir='ltr'><strong>f.</strong></span> <span class='ocrx_word' id='word_1_669' title='bbox 870 5265 974 5318; x_wconf 86' lang='grc'><strong>217</strong></span> <span class='ocrx_word' id='word_1_670' title='bbox 1009 5266 1063 5320; x_wconf 93' lang='lat' dir='ltr'><strong>b.</strong></span> <span class='ocrx_word' id='word_1_671' title='bbox 1098 5286 1125 5318; x_wconf 88' lang='grc' dir='ltr'><strong>τ</strong></span> 
     </span>
    </p>
   </div>
   <div class='ocr_carea' id='block_1_94' title="bbox 442 5259 1395 5326">
    <p class='ocr_par' dir='ltr' id='par_1_94' title="bbox 442 5259 1395 5326">
     <span class='ocr_line' id='line_1_95' title="bbox 442 5259 1395 5326; baseline 0.01 -15"><span class='ocrx_word' id='word_1_672' title='bbox 442 5259 550 5326; x_wconf 88' lang='grc'>(43)</span> <span class='ocrx_word' id='word_1_673' title='bbox 580 5262 762 5317; x_wconf 84' lang='lat' dir='ltr'><strong>Palat.</strong></span> <span class='ocrx_word' id='word_1_674' title='bbox 799 5263 838 5320; x_wconf 71' lang='grc' dir='ltr'>ἲ.</span> <span class='ocrx_word' id='word_1_675' title='bbox 870 5265 974 5318; x_wconf 86' lang='grc'><strong>217</strong></span> <span class='ocrx_word' id='word_1_676' title='bbox 1009 5266 1063 5320; x_wconf 92' lang='lat' dir='ltr'><strong>b.</strong></span> <span class='ocrx_word' id='word_1_677' title='bbox 1098 5264 1395 5321; x_wconf 84' lang='grc' dir='ltr'>τοσούτων.</span> 
     </span>
    </p>
   </div>
   <div class='ocr_carea' id='block_1_95' title="bbox 439 5329 1204 5400">
    <p class='ocr_par' dir='ltr' id='par_1_95' title="bbox 439 5329 1204 5400">
     <span class='ocr_line' id='line_1_96' title="bbox 439 5329 1204 5400; baseline 0.009 -16"><span class='ocrx_word' id='word_1_678' title='bbox 439 5331 554 5400; x_wconf 78' lang='grc'>(44)</span> <span class='ocrx_word' id='word_1_679' title='bbox 584 5331 644 5387; x_wconf 81' lang='lat'><strong>&#39;0</strong></span> <span class='ocrx_word' id='word_1_680' title='bbox 676 5329 733 5386; x_wconf 76' lang='grc' dir='ltr'>δὲ</span> <span class='ocrx_word' id='word_1_681' title='bbox 765 5335 1008 5391; x_wconf 89' lang='lat' dir='ltr'><strong>deestin</strong></span> <span class='ocrx_word' id='word_1_682' title='bbox 1051 5337 1204 5391; x_wconf 88' lang='lat' dir='ltr'><strong>Men.</strong></span> 
     </span>
    </p>
   </div>
   <div class='ocr_carea' id='block_1_96' title="bbox 439 5403 1794 5477">
    <p class='ocr_par' dir='ltr' id='par_1_96' title="bbox 439 5403 1794 5477">
     <span class='ocr_line' id='line_1_97' title="bbox 439 5403 1794 5477; baseline 0.005 -18"><span class='ocrx_word' id='word_1_683' title='bbox 439 5403 762 5477; x_wconf 64' lang='lat' dir='ltr'><strong>Palat.</strong></span> <span class='ocrx_word' id='word_1_684' title='bbox 797 5404 1224 5476; x_wconf 76' lang='grc' dir='ltr'>κατασκεδσίζειν.</span> <span class='ocrx_word' id='word_1_685' title='bbox 1258 5409 1373 5463; x_wconf 89' lang='lat' dir='ltr'><strong>Col.</strong></span> <span class='ocrx_word' id='word_1_686' title='bbox 1409 5403 1794 5477; x_wconf 81' lang='grc' dir='ltr'>διασκεδάζειν.</span> 
     </span>
    </p>
   </div>
   <div class='ocr_carea' id='block_1_97' title="bbox 437 5475 2008 5552">
    <p class='ocr_par' dir='ltr' id='par_1_97' title="bbox 437 5475 2008 5552">
     <span class='ocr_line' id='line_1_98' title="bbox 437 5475 2008 5552; baseline 0.003 -23"><span class='ocrx_word' id='word_1_687' title='bbox 437 5475 550 5552; x_wconf 74' lang='grc'>(46)</span> <span class='ocrx_word' id='word_1_688' title='bbox 572 5475 731 5552; x_wconf 84' lang='lat' dir='ltr'><strong>Hugo</strong></span> <span class='ocrx_word' id='word_1_689' title='bbox 749 5477 944 5552; x_wconf 77' lang='lat' dir='ltr'><strong>Ether.</strong></span> <span class='ocrx_word' id='word_1_690' title='bbox 972 5479 1034 5550; x_wconf 91' lang='lat' dir='ltr'><strong>(l.</strong></span> <span class='ocrx_word' id='word_1_691' title='bbox 1060 5475 1135 5551; x_wconf 82' lang='grc' dir='ltr'><strong>ο.)</strong></span> <span class='ocrx_word' id='word_1_692' title='bbox 1161 5495 1174 5536; x_wconf 93' lang='lat'><strong>:</strong></span> <span class='ocrx_word' id='word_1_693' title='bbox 1196 5502 1224 5529; x_wconf 92' lang='grc'><strong>‹‹</strong></span> <span class='ocrx_word' id='word_1_694' title='bbox 1247 5481 1546 5544; x_wconf 88' lang='lat' dir='ltr'><strong>Quomodo</strong></span> <span class='ocrx_word' id='word_1_695' title='bbox 1569 5475 1727 5536; x_wconf 84' lang='lat' dir='ltr'><strong>tuam</strong></span> <span class='ocrx_word' id='word_1_696' title='bbox 1741 5480 2008 5552; x_wconf 81' lang='lat' dir='ltr'><strong>exlegem</strong></span> 
     </span>
    </p>
   </div>
   <div class='ocr_carea' id='block_1_98' title="bbox 2201 4127 3776 4204">
    <p class='ocr_par' dir='ltr' id='par_1_98' title="bbox 2201 4127 3776 4204">
     <span class='ocr_line' id='line_1_99' title="bbox 2201 4127 3776 4204; baseline 0.007 -23"><span class='ocrx_word' id='word_1_697' title='bbox 2201 4127 2596 4204; x_wconf 76' lang='lat' dir='ltr'><strong>(47)_Sic_Vat.</strong></span> <span class='ocrx_word' id='word_1_698' title='bbox 2651 4128 2836 4184; x_wconf 88' lang='lat' dir='ltr'><strong>Balat.</strong></span> <span class='ocrx_word' id='word_1_699' title='bbox 2887 4133 2944 4204; x_wconf 79' lang='lat' dir='ltr'><strong>et</strong></span> <span class='ocrx_word' id='word_1_700' title='bbox 2985 4129 3147 4204; x_wconf 76' lang='lat' dir='ltr'><strong>Ilugo</strong></span> <span class='ocrx_word' id='word_1_701' title='bbox 3186 4130 3404 4199; x_wconf 88' lang='lat' dir='ltr'><strong>Ether.,</strong></span> <span class='ocrx_word' id='word_1_702' title='bbox 3437 4132 3538 4204; x_wconf 89' lang='lat' dir='ltr'><strong>qui</strong></span> <span class='ocrx_word' id='word_1_703' title='bbox 3591 4135 3776 4192; x_wconf 80' lang='lat' dir='ltr'><strong>vertit</strong></span> 
     </span>
    </p>
   </div>
   <div class='ocr_carea' id='block_1_99' title="bbox 2132 4200 3102 4274">
    <p class='ocr_par' dir='ltr' id='par_1_99' title="bbox 2132 4200 3102 4274">
     <span class='ocr_line' id='line_1_100' title="bbox 2132 4200 3102 4274; baseline 0.003 -19"><span class='ocrx_word' id='word_1_704' title='bbox 2132 4200 2397 4274; x_wconf 47' lang='lat' dir='ltr'><strong>privavit,</strong></span> <span class='ocrx_word' id='word_1_705' title='bbox 2419 4200 2643 4274; x_wconf 81' lang='lat' dir='ltr'><strong>Monac.</strong></span> <span class='ocrx_word' id='word_1_706' title='bbox 2671 4217 2684 4257; x_wconf 90' lang='lat'><strong>:</strong></span> <span class='ocrx_word' id='word_1_707' title='bbox 2716 4200 3102 4274; x_wconf 72' lang='grc' dir='ltr'>παρεχώρησεῖ</span> 
     </span>
    </p>
   </div>
   <div class='ocr_carea' id='block_1_100' title="bbox 2204 4268 3355 4341">
    <p class='ocr_par' dir='ltr' id='par_1_100' title="bbox 2204 4268 3355 4341">
     <span class='ocr_line' id='line_1_101' title="bbox 2204 4268 3355 4341; baseline 0 -17"><span class='ocrx_word' id='word_1_708' title='bbox 2204 4271 2319 4341; x_wconf 84' lang='lat'><strong>(48)</strong></span> <span class='ocrx_word' id='word_1_709' title='bbox 2346 4271 2501 4327; x_wconf 89' lang='lat' dir='ltr'><strong>Mon.</strong></span> <span class='ocrx_word' id='word_1_710' title='bbox 2543 4268 2735 4333; x_wconf 80' lang='grc' dir='ltr'>οὕτως.</span> <span class='ocrx_word' id='word_1_711' title='bbox 2798 4268 2806 4273; x_wconf 94' lang='grc'>·</span> <span class='ocrx_word' id='word_1_712' title='bbox 2860 4268 2898 4274; x_wconf 82' lang='lat'><strong>&quot;</strong></span> <span class='ocrx_word' id='word_1_713' title='bbox 2949 4268 2958 4274; x_wconf 85' lang='lat'>&#39;</span> <span class='ocrx_word' id='word_1_714' title='bbox 3008 4268 3016 4272; x_wconf 74' lang='lat'><strong><em>&#39;</em></strong></span> <span class='ocrx_word' id='word_1_715' title='bbox 3067 4340 3070 4341; x_wconf 14' lang='grc' dir='ltr'>ί</span> <span class='ocrx_word' id='word_1_716' title='bbox 3351 4332 3355 4336; x_wconf 23' lang='grc' dir='ltr'><strong>ν</strong></span> 
     </span>
    </p>
   </div>
   <div class='ocr_carea' id='block_1_101' title="bbox 2205 4340 3789 4427">
    <p class='ocr_par' dir='ltr' id='par_1_101' title="bbox 2205 4340 3789 4427">
     <span class='ocr_line' id='line_1_102' title="bbox 2205 4340 3789 4427; baseline 0.006 -31"><span class='ocrx_word' id='word_1_717' title='bbox 2205 4340 2314 4413; x_wconf 82' lang='grc'>(49)</span> <span class='ocrx_word' id='word_1_718' title='bbox 2345 4343 2529 4427; x_wconf 45' lang='lat' dir='ltr'><strong>Palat;</strong></span> <span class='ocrx_word' id='word_1_719' title='bbox 2575 4343 2616 4397; x_wconf 71' lang='grc' dir='ltr'>Γ.</span> <span class='ocrx_word' id='word_1_720' title='bbox 2667 4343 2774 4427; x_wconf 57' lang='grc' dir='ltr'><strong>21β</strong></span> <span class='ocrx_word' id='word_1_721' title='bbox 2819 4361 2870 4398; x_wconf 89' lang='lat' dir='ltr'><strong>a.</strong></span> <span class='ocrx_word' id='word_1_722' title='bbox 2909 4361 2921 4400; x_wconf 90' lang='lat'><strong>:</strong></span> <span class='ocrx_word' id='word_1_723' title='bbox 2973 4346 3008 4412; x_wconf 82' lang='grc' dir='ltr'>ἠ</span> <span class='ocrx_word' id='word_1_724' title='bbox 3056 4340 3204 4427; x_wconf 75' lang='grc' dir='ltr'>δεσπ.</span> <span class='ocrx_word' id='word_1_725' title='bbox 3247 4365 3300 4404; x_wconf 88' lang='grc' dir='ltr'><strong>κ.</strong></span> <span class='ocrx_word' id='word_1_726' title='bbox 3351 4366 3483 4402; x_wconf 86' lang='grc' dir='ltr'>σωτ.</span> <span class='ocrx_word' id='word_1_727' title='bbox 3537 4347 3672 4418; x_wconf 79' lang='grc' dir='ltr'>αὐτή</span> <span class='ocrx_word' id='word_1_728' title='bbox 3724 4370 3789 4427; x_wconf 80' lang='grc' dir='ltr'><strong>φ.</strong></span> 
     </span>
    </p>
   </div>
   <div class='ocr_carea' id='block_1_102' title="bbox 2133 4410 3294 4495">
    <p class='ocr_par' dir='ltr' id='par_1_102' title="bbox 2133 4410 3294 4495">
     <span class='ocr_line' id='line_1_103' title="bbox 2133 4410 3294 4495; baseline 0.004 -27"><span class='ocrx_word' id='word_1_729' title='bbox 2133 4410 2401 4495; x_wconf 44' lang='lat' dir='ltr'><strong>Monach:</strong></span> <span class='ocrx_word' id='word_1_730' title='bbox 2502 4410 2822 4495; x_wconf 48' lang='lat'><strong>8503;333,</strong></span> <span class='ocrx_word' id='word_1_731' title='bbox 2855 4435 2906 4471; x_wconf 85' lang='grc' dir='ltr'><strong>κ.</strong></span> <span class='ocrx_word' id='word_1_732' title='bbox 2935 4410 3206 4495; x_wconf 62' lang='grc' dir='ltr'>σωτήριος</span> <span class='ocrx_word' id='word_1_733' title='bbox 3238 4437 3294 4495; x_wconf 76' lang='grc' dir='ltr'><strong>φ.</strong></span> 
     </span>
    </p>
   </div>
   <div class='ocr_carea' id='block_1_103' title="bbox 2207 4436 3328 4561">
    <p class='ocr_par' dir='ltr' id='par_1_103' title="bbox 2207 4436 3328 4561">
     <span class='ocr_line' id='line_1_104' title="bbox 2207 4436 3294 4495; baseline 0.006 -28"><span class='ocrx_word' id='word_1_734' title='bbox 2207 4436 2358 4468; x_wconf 64' lang='lat' dir='ltr'><strong>)UEC.</strong></span> <span class='ocrx_word' id='word_1_735' title='bbox 2389 4436 2401 4467; x_wconf 73' lang='grc' dir='ltr'>ζ</span> <span class='ocrx_word' id='word_1_736' title='bbox 2433 4436 2466 4481; x_wconf 84' lang='grc' dir='ltr'>η</span> <span class='ocrx_word' id='word_1_737' title='bbox 2502 4436 2654 4468; x_wconf 84' lang='grc' dir='ltr'>οεσπ.</span> <span class='ocrx_word' id='word_1_738' title='bbox 2687 4436 2822 4483; x_wconf 82' lang='grc' dir='ltr'>αυτη</span> <span class='ocrx_word' id='word_1_739' title='bbox 2855 4436 2906 4471; x_wconf 86' lang='grc' dir='ltr'>κ.</span> <span class='ocrx_word' id='word_1_740' title='bbox 2935 4436 3079 4486; x_wconf 77' lang='grc' dir='ltr'>σωτη</span> <span class='ocrx_word' id='word_1_741' title='bbox 3129 4437 3206 4478; x_wconf 60' lang='lat' dir='ltr'><strong>{OG</strong></span> <span class='ocrx_word' id='word_1_742' title='bbox 3238 4437 3294 4495; x_wconf 69' lang='grc' dir='ltr'><strong>φο</strong></span> 
     </span>
     <span class='ocr_line' id='line_1_105' title="bbox 2207 4436 3328 4561; baseline 0.006 -24"><span class='ocrx_word' id='word_1_743' title='bbox 2207 4486 2316 4561; x_wconf 70' lang='grc'>(50)</span> <span class='ocrx_word' id='word_1_744' title='bbox 2349 4484 2468 4561; x_wconf 62' lang='lat' dir='ltr'><strong>Qui.</strong></span> <span class='ocrx_word' id='word_1_745' title='bbox 2505 4488 2719 4561; x_wconf 68' lang='lat' dir='ltr'><strong>p._278,</strong></span> <span class='ocrx_word' id='word_1_746' title='bbox 2751 4484 2929 4561; x_wconf 83' lang='grc' dir='ltr'>ἔλεγεν</span> <span class='ocrx_word' id='word_1_747' title='bbox 2963 4488 3050 4541; x_wconf 82' lang='grc' dir='ltr'><strong>καὶ</strong></span> <span class='ocrx_word' id='word_1_748' title='bbox 3091 4436 3140 4557; x_wconf 55' lang='grc' dir='ltr'><strong>ἓξ</strong></span> <span class='ocrx_word' id='word_1_749' title='bbox 3170 4491 3328 4560; x_wconf 68' lang='grc' dir='ltr'>ἓμοῦ.</span> 
     </span>
    </p>
   </div>
   <div class='ocr_carea' id='block_1_104' title="bbox 2202 4556 3792 4632">
    <p class='ocr_par' dir='ltr' id='par_1_104' title="bbox 2202 4556 3792 4632">
     <span class='ocr_line' id='line_1_106' title="bbox 2202 4556 3792 4632; baseline 0.006 -22"><span class='ocrx_word' id='word_1_750' title='bbox 2202 4558 2316 4628; x_wconf 84' lang='grc'>(51)</span> <span class='ocrx_word' id='word_1_751' title='bbox 2347 4556 2520 4629; x_wconf 71' lang='grc' dir='ltr'>Ηυεζο</span> <span class='ocrx_word' id='word_1_752' title='bbox 2561 4558 2750 4614; x_wconf 87' lang='lat' dir='ltr'><strong>Ether.</strong></span> <span class='ocrx_word' id='word_1_753' title='bbox 2813 4556 2876 4628; x_wconf 81' lang='grc' dir='ltr'>(ι’.</span> <span class='ocrx_word' id='word_1_754' title='bbox 2918 4561 2992 4632; x_wconf 94' lang='lat' dir='ltr'><strong>c.)</strong></span> <span class='ocrx_word' id='word_1_755' title='bbox 3033 4577 3045 4614; x_wconf 92' lang='lat'><strong>:</strong></span> <span class='ocrx_word' id='word_1_756' title='bbox 3101 4583 3129 4610; x_wconf 85' lang='lat'>«</span> <span class='ocrx_word' id='word_1_757' title='bbox 3178 4556 3308 4618; x_wconf 86' lang='lat' dir='ltr'><strong>Ideo</strong></span> <span class='ocrx_word' id='word_1_758' title='bbox 3353 4569 3544 4620; x_wconf 88' lang='lat' dir='ltr'><strong>autem</strong></span> <span class='ocrx_word' id='word_1_759' title='bbox 3591 4571 3666 4632; x_wconf 91' lang='lat' dir='ltr'><strong>te,</strong></span> <span class='ocrx_word' id='word_1_760' title='bbox 3723 4568 3792 4620; x_wconf 88' lang='lat' dir='ltr'><strong>ut</strong></span> 
     </span>
    </p>
   </div>
   <div class='ocr_carea' id='block_1_105' title="bbox 2129 4635 3793 4706">
    <p class='ocr_par' dir='ltr' id='par_1_105' title="bbox 2129 4635 3793 4706">
     <span class='ocr_line' id='line_1_107' title="bbox 2129 4635 3793 4706; baseline 0.007 -26"><span class='ocrx_word' id='word_1_761' title='bbox 2129 4643 2257 4699; x_wconf 64' lang='lat' dir='ltr'><strong>quae</strong></span> <span class='ocrx_word' id='word_1_762' title='bbox 2289 4645 2600 4706; x_wconf 73' lang='lat' dir='ltr'><strong>puerorum</strong></span> <span class='ocrx_word' id='word_1_763' title='bbox 2629 4635 2788 4706; x_wconf 80' lang='lat' dir='ltr'><strong>sunt,</strong></span> <span class='ocrx_word' id='word_1_764' title='bbox 2833 4647 2947 4706; x_wconf 86' lang='lat' dir='ltr'><strong>non</strong></span> <span class='ocrx_word' id='word_1_765' title='bbox 2999 4648 3340 4704; x_wconf 87' lang='lat' dir='ltr'><strong>cognoscas,</strong></span> <span class='ocrx_word' id='word_1_766' title='bbox 3382 4635 3793 4706; x_wconf 88' lang='lat' dir='ltr'><strong>impossibilia</strong></span> 
     </span>
    </p>
   </div>
   <div class='ocr_carea' id='block_1_106' title="bbox 2129 4701 3791 4772">
    <p class='ocr_par' dir='ltr' id='par_1_106' title="bbox 2129 4701 3791 4772">
     <span class='ocr_line' id='line_1_108' title="bbox 2129 4701 3791 4772; baseline 0.005 -19"><span class='ocrx_word' id='word_1_767' title='bbox 2129 4701 2392 4754; x_wconf 87' lang='lat' dir='ltr'><strong>conando</strong></span> <span class='ocrx_word' id='word_1_768' title='bbox 2425 4701 2668 4771; x_wconf 90' lang='lat' dir='ltr'><strong>privavit</strong></span> <span class='ocrx_word' id='word_1_769' title='bbox 2698 4705 3008 4760; x_wconf 89' lang='lat' dir='ltr'><strong>temeritas.</strong></span> <span class='ocrx_word' id='word_1_770' title='bbox 3037 4701 3108 4758; x_wconf 71' lang='lat' dir='ltr'><strong>At</strong></span> <span class='ocrx_word' id='word_1_771' title='bbox 3141 4721 3274 4760; x_wconf 86' lang='lat' dir='ltr'><strong>vero</strong></span> <span class='ocrx_word' id='word_1_772' title='bbox 3306 4721 3428 4772; x_wconf 88' lang='lat' dir='ltr'><strong>age,</strong></span> <span class='ocrx_word' id='word_1_773' title='bbox 3463 4701 3643 4771; x_wconf 77' lang='lat' dir='ltr'><strong>nunc,</strong></span> <span class='ocrx_word' id='word_1_774' title='bbox 3668 4708 3791 4762; x_wconf 87' lang='lat' dir='ltr'><strong>etsi</strong></span> 
     </span>
    </p>
   </div>
   <div class='ocr_carea' id='block_1_107' title="bbox 2127 4772 3794 4847">
    <p class='ocr_par' dir='ltr' id='par_1_107' title="bbox 2127 4772 3794 4847">
     <span class='ocr_line' id='line_1_109' title="bbox 2127 4772 3794 4847; baseline 0.006 -23"><span class='ocrx_word' id='word_1_775' title='bbox 2127 4786 2242 4824; x_wconf 89' lang='lat' dir='ltr'><strong>non</strong></span> <span class='ocrx_word' id='word_1_776' title='bbox 2275 4772 2477 4847; x_wconf 79' lang='lat' dir='ltr'><strong>prius,</strong></span> <span class='ocrx_word' id='word_1_777' title='bbox 2532 4772 2854 4844; x_wconf 86' lang='lat' dir='ltr'><strong>intelligere</strong></span> <span class='ocrx_word' id='word_1_778' title='bbox 2903 4780 2958 4830; x_wconf 87' lang='lat' dir='ltr'><strong>te</strong></span> <span class='ocrx_word' id='word_1_779' title='bbox 3002 4781 3248 4847; x_wconf 86' lang='lat' dir='ltr'><strong>oportet,</strong></span> <span class='ocrx_word' id='word_1_780' title='bbox 3297 4778 3452 4847; x_wconf 91' lang='lat' dir='ltr'><strong>quod</strong></span> <span class='ocrx_word' id='word_1_781' title='bbox 3499 4779 3650 4833; x_wconf 88' lang='lat' dir='ltr'><strong>nihil</strong></span> <span class='ocrx_word' id='word_1_782' title='bbox 3702 4779 3794 4834; x_wconf 85' lang='lat' dir='ltr'><strong>sic</strong></span> 
     </span>
    </p>
   </div>
   <div class='ocr_carea' id='block_1_108' title="bbox 2130 4843 3797 4920">
    <p class='ocr_par' dir='ltr' id='par_1_108' title="bbox 2130 4843 3797 4920">
     <span class='ocr_line' id='line_1_110' title="bbox 2130 4843 3797 4920; baseline 0.007 -26"><span class='ocrx_word' id='word_1_783' title='bbox 2130 4843 2561 4920; x_wconf 51' lang='lat' dir='ltr'><strong>manitestestal</strong></span> <span class='ocrx_word' id='word_1_784' title='bbox 2585 4843 2785 4920; x_wconf 77' lang='lat' dir='ltr'><strong>contra</strong></span> <span class='ocrx_word' id='word_1_785' title='bbox 2808 4851 2969 4900; x_wconf 88' lang='lat' dir='ltr'><strong>tuam</strong></span> <span class='ocrx_word' id='word_1_786' title='bbox 2989 4843 3386 4920; x_wconf 74' lang='lat' dir='ltr'><strong>insolentiam,</strong></span> <span class='ocrx_word' id='word_1_787' title='bbox 3403 4850 3797 4920; x_wconf 85' lang='lat' dir='ltr'><strong>quemadmo-</strong></span> 
     </span>
    </p>
   </div>
   <div class='ocr_carea' id='block_1_109' title="bbox 2128 4913 3794 4977">
    <p class='ocr_par' dir='ltr' id='par_1_109' title="bbox 2128 4913 3794 4977">
     <span class='ocr_line' id='line_1_111' title="bbox 2128 4913 3794 4977; baseline 0.006 -11"><span class='ocrx_word' id='word_1_788' title='bbox 2128 4913 2265 4966; x_wconf 91' lang='lat' dir='ltr'><strong>dum</strong></span> <span class='ocrx_word' id='word_1_789' title='bbox 2294 4914 2591 4970; x_wconf 90' lang='lat' dir='ltr'><strong>Dominica</strong></span> <span class='ocrx_word' id='word_1_790' title='bbox 2611 4920 2668 4971; x_wconf 90' lang='lat' dir='ltr'><strong>et</strong></span> <span class='ocrx_word' id='word_1_791' title='bbox 2686 4917 2958 4972; x_wconf 85' lang='lat' dir='ltr'><strong>salutaris</strong></span> <span class='ocrx_word' id='word_1_792' title='bbox 2984 4919 3095 4974; x_wconf 91' lang='lat' dir='ltr'><strong>ista</strong></span> <span class='ocrx_word' id='word_1_793' title='bbox 3119 4935 3241 4974; x_wconf 86' lang='lat' dir='ltr'><strong>vox.</strong></span> <span class='ocrx_word' id='word_1_794' title='bbox 3269 4913 3485 4976; x_wconf 52' lang='lat' dir='ltr'><strong>Nam&#39;si</strong></span> <span class='ocrx_word' id='word_1_795' title='bbox 3504 4923 3794 4977; x_wconf 78' lang='lat' dir='ltr'><strong>dixisset:</strong></span> 
     </span>
    </p>
   </div>
   <div class='ocr_carea' id='block_1_110' title="bbox 2127 4985 3798 5065">
    <p class='ocr_par' dir='ltr' id='par_1_110' title="bbox 2127 4985 3798 5065">
     <span class='ocr_line' id='line_1_112' title="bbox 2127 4985 3798 5065; baseline 0.007 -29"><span class='ocrx_word' id='word_1_796' title='bbox 2127 4985 2200 5065; x_wconf 66' lang='grc' dir='ltr'>βε</span> <span class='ocrx_word' id='word_1_797' title='bbox 2227 5000 2314 5065; x_wconf 66' lang='lat' dir='ltr'><strong>me</strong></span> <span class='ocrx_word' id='word_1_798' title='bbox 2343 4987 2605 5057; x_wconf 78' lang='lat' dir='ltr'><strong>accipiet,</strong></span> <span class='ocrx_word' id='word_1_799' title='bbox 2640 5004 2826 5065; x_wconf 87' lang='lat' dir='ltr'><strong>neque</strong></span> <span class='ocrx_word' id='word_1_800' title='bbox 2855 4989 2936 5065; x_wconf 85' lang='lat' dir='ltr'><strong>sic</strong></span> <span class='ocrx_word' id='word_1_801' title='bbox 2968 4990 3300 5065; x_wconf 78' lang='lat' dir='ltr'><strong>adiuventio</strong></span> <span class='ocrx_word' id='word_1_802' title='bbox 3335 4996 3435 5046; x_wconf 88' lang='lat' dir='ltr'><strong>tua</strong></span> <span class='ocrx_word' id='word_1_803' title='bbox 3466 4994 3798 5063; x_wconf 86' lang='lat' dir='ltr'><strong>reperisset</strong></span> 
     </span>
    </p>
   </div>
   <div class='ocr_carea' id='block_1_111' title="bbox 2124 5060 3792 5137">
    <p class='ocr_par' dir='ltr' id='par_1_111' title="bbox 2124 5060 3792 5137">
     <span class='ocr_line' id='line_1_113' title="bbox 2124 5060 3792 5137; baseline 0.007 -29"><span class='ocrx_word' id='word_1_804' title='bbox 2124 5060 2440 5137; x_wconf 67' lang='lat' dir='ltr'><strong>terminum</strong></span> <span class='ocrx_word' id='word_1_805' title='bbox 2475 5075 2487 5124; x_wconf 91' lang='lat'>;</span> <span class='ocrx_word' id='word_1_806' title='bbox 2529 5075 2729 5114; x_wconf 83' lang='lat' dir='ltr'><strong>verum</strong></span> <span class='ocrx_word' id='word_1_807' title='bbox 2777 5060 3010 5116; x_wconf 88' lang='lat' dir='ltr'><strong>haberet</strong></span> <span class='ocrx_word' id='word_1_808' title='bbox 3051 5062 3303 5132; x_wconf 90' lang='lat' dir='ltr'><strong>aliquam</strong></span> <span class='ocrx_word' id='word_1_809' title='bbox 3347 5060 3792 5134; x_wconf 80' lang='lat' dir='ltr'><strong>compétentem</strong></span> 
     </span>
    </p>
   </div>
   <div class='ocr_carea' id='block_1_112' title="bbox 2123 5143 2757 5185">
    <p class='ocr_par' dir='ltr' id='par_1_112' title="bbox 2123 5143 2757 5185">
     <span class='ocr_line' id='line_1_114' title="bbox 2123 5143 2757 5185; baseline 0 -5"><span class='ocrx_word' id='word_1_810' title='bbox 2123 5143 2482 5183; x_wconf 71' lang='lat' dir='ltr'><strong>OCCESIODBm</strong></span> <span class='ocrx_word' id='word_1_811' title='bbox 2516 5145 2694 5185; x_wconf 78' lang='grc' dir='ltr'><strong>ΘΓΓΟΓ.</strong></span> <span class='ocrx_word' id='word_1_812' title='bbox 2729 5152 2757 5180; x_wconf 68' lang='grc' dir='ltr'><strong>ι)</strong></span> 
     </span>
    </p>
   </div>
   <div class='ocr_carea' id='block_1_113' title="bbox 2195 5198 3324 5270">
    <p class='ocr_par' dir='ltr' id='par_1_113' title="bbox 2195 5198 3324 5270">
     <span class='ocr_line' id='line_1_115' title="bbox 2195 5198 3324 5270; baseline 0.008 -19"><span class='ocrx_word' id='word_1_813' title='bbox 2195 5199 2304 5270; x_wconf 83' lang='lat'><strong>(52)</strong></span> <span class='ocrx_word' id='word_1_814' title='bbox 2335 5199 2450 5254; x_wconf 88' lang='lat' dir='ltr'><strong>Hoc</strong></span> <span class='ocrx_word' id='word_1_815' title='bbox 2480 5200 2721 5256; x_wconf 89' lang='lat' dir='ltr'><strong>alterum</strong></span> <span class='ocrx_word' id='word_1_816' title='bbox 2755 5198 2884 5255; x_wconf 77' lang='grc' dir='ltr'>οὐδὲ</span> <span class='ocrx_word' id='word_1_817' title='bbox 2914 5205 3075 5260; x_wconf 89' lang='lat' dir='ltr'><strong>abest</strong></span> <span class='ocrx_word' id='word_1_818' title='bbox 3103 5222 3136 5260; x_wconf 91' lang='lat' dir='ltr'><strong>a</strong></span> <span class='ocrx_word' id='word_1_819' title='bbox 3168 5205 3324 5261; x_wconf 88' lang='lat' dir='ltr'><strong>Mon.</strong></span> 
     </span>
    </p>
   </div>
   <div class='ocr_carea' id='block_1_114' title="bbox 2192 5271 2891 5362">
    <p class='ocr_par' dir='ltr' id='par_1_114' title="bbox 2192 5271 2891 5362">
     <span class='ocr_line' id='line_1_116' title="bbox 2192 5271 2891 5362; baseline 0 0"><span class='ocrx_word' id='word_1_820' title='bbox 2192 5271 2304 5362; x_wconf 62' lang='lat' dir='ltr'><strong>ea</strong></span> <span class='ocrx_word' id='word_1_821' title='bbox 2333 5272 2463 5362; x_wconf 53' lang='lat'>99!:</span> <span class='ocrx_word' id='word_1_822' title='bbox 2483 5271 2584 5360; x_wconf 57' lang='grc' dir='ltr'>καὶ,</span> <span class='ocrx_word' id='word_1_823' title='bbox 2605 5272 2891 5362; x_wconf 47' lang='lat'><strong>«962.06:-</strong></span> 
     </span>
    </p>
   </div>
   <div class='ocr_carea' id='block_1_115' title="bbox 2193 5341 2946 5413">
    <p class='ocr_par' dir='ltr' id='par_1_115' title="bbox 2193 5341 2946 5413">
     <span class='ocr_line' id='line_1_117' title="bbox 2193 5341 2946 5413; baseline 0.007 -19"><span class='ocrx_word' id='word_1_824' title='bbox 2193 5341 2306 5413; x_wconf 75' lang='lat'><strong>(54)</strong></span> <span class='ocrx_word' id='word_1_825' title='bbox 2340 5343 2492 5398; x_wconf 91' lang='lat' dir='ltr'><strong>Mon.</strong></span> <span class='ocrx_word' id='word_1_826' title='bbox 2527 5341 2678 5413; x_wconf 80' lang='grc' dir='ltr'>αὐτό.</span> <span class='ocrx_word' id='word_1_827' title='bbox 2713 5347 2806 5400; x_wconf 90' lang='lat' dir='ltr'><strong>Sic</strong></span> <span class='ocrx_word' id='word_1_828' title='bbox 2829 5347 2946 5402; x_wconf 88' lang='lat' dir='ltr'><strong>Col.</strong></span> 
     </span>
    </p>
   </div>
   <div class='ocr_carea' id='block_1_116' title="bbox 2201 5411 3560 5496">
    <p class='ocr_par' dir='ltr' id='par_1_116' title="bbox 2201 5411 3560 5496">
     <span class='ocr_line' id='line_1_118' title="bbox 2201 5411 3560 5496; baseline 0.004 -28"><span class='ocrx_word' id='word_1_829' title='bbox 2333 5415 2492 5496; x_wconf 54' lang='lat' dir='ltr'><strong>Adon.</strong></span> <span class='ocrx_word' id='word_1_830' title='bbox 2524 5411 2652 5496; x_wconf 58' lang='grc' dir='ltr'>Ξύδὲ</span> <span class='ocrx_word' id='word_1_831' title='bbox 2689 5417 2788 5496; x_wconf 62' lang='grc' dir='ltr'>τὴν</span> <span class='ocrx_word' id='word_1_832' title='bbox 2821 5416 3077 5496; x_wconf 47' lang='grc' dir='ltr'>τοιαύτη-ν</span> <span class='ocrx_word' id='word_1_833' title='bbox 3111 5418 3298 5496; x_wconf 71' lang='grc' dir='ltr'>φωνὴν</span> <span class='ocrx_word' id='word_1_834' title='bbox 3333 5419 3560 5496; x_wconf 79' lang='grc' dir='ltr'>ἀφῆκεν.</span> 
     </span>
    </p>
   </div>
   <div class='ocr_carea' id='block_1_117' title="bbox 2188 5485 3797 5562">
    <p class='ocr_par' dir='ltr' id='par_1_117' title="bbox 2188 5485 3797 5562">
     <span class='ocr_line' id='line_1_119' title="bbox 2188 5485 3797 5562; baseline 0.006 -24"><span class='ocrx_word' id='word_1_835' title='bbox 2188 5485 2493 5562; x_wconf 81' lang='lat' dir='ltr'><strong>(56)_Hugo</strong></span> <span class='ocrx_word' id='word_1_836' title='bbox 2524 5487 2720 5562; x_wconf 76' lang='lat' dir='ltr'><strong>Ether.</strong></span> <span class='ocrx_word' id='word_1_837' title='bbox 2754 5487 2794 5544; x_wconf 95' lang='lat'><strong>1.</strong></span> <span class='ocrx_word' id='word_1_838' title='bbox 2829 5506 2878 5545; x_wconf 84' lang='grc' dir='ltr'><strong>ο.</strong></span> <span class='ocrx_word' id='word_1_839' title='bbox 2909 5506 2921 5544; x_wconf 91' lang='lat'><strong>:</strong></span> <span class='ocrx_word' id='word_1_840' title='bbox 2964 5512 3001 5562; x_wconf 24' lang='grc' dir='ltr'><strong>Α‹‹</strong></span> <span class='ocrx_word' id='word_1_841' title='bbox 3033 5485 3343 5562; x_wconf 77' lang='lat' dir='ltr'><strong>Prepterea</strong></span> <span class='ocrx_word' id='word_1_842' title='bbox 3380 5485 3619 5548; x_wconf 77' lang='lat' dir='ltr'><strong>&#39;tantam</strong></span> <span class='ocrx_word' id='word_1_843' title='bbox 3671 5493 3797 5548; x_wconf 86' lang='lat' dir='ltr'><strong>im-</strong></span> 
     </span>
    </p>
   </div>
   <div class='ocr_carea' id='block_1_118' title="bbox 363 5544 3794 5636">
    <p class='ocr_par' dir='ltr' id='par_1_118' title="bbox 363 5544 3794 5636">
     <span class='ocr_line' id='line_1_120' title="bbox 363 5544 3794 5636; baseline 0.006 -35"><span class='ocrx_word' id='word_1_844' title='bbox 363 5544 843 5636; x_wconf 40' lang='lat' dir='ltr'><strong>(edgitls‘ex&#39;lege)</strong></span> <span class='ocrx_word' id='word_1_845' title='bbox 866 5544 1290 5636; x_wconf 72' lang='lat' dir='ltr'><strong>dissonantium</strong></span> <span class='ocrx_word' id='word_1_846' title='bbox 1303 5567 1449 5636; x_wconf 67' lang='lat' dir='ltr'><strong>quis</strong></span> <span class='ocrx_word' id='word_1_847' title='bbox 1470 5544 2004 5636; x_wconf 61' lang='lat' dir='ltr'><strong>incommutabilem</strong></span> <span class='ocrx_word' id='word_1_848' title='bbox 2116 5544 2851 5636; x_wconf 54' lang='lat' dir='ltr'><strong>pietatismvagnitudinem</strong></span> <span class='ocrx_word' id='word_1_849' title='bbox 2884 5544 3636 5636; x_wconf 49' lang='lat' dir='ltr'><strong>Saivaibi‘pibﬁaéﬁ&#39;ﬁb}</strong></span> <span class='ocrx_word' id='word_1_850' title='bbox 3673 5544 3794 5620; x_wconf 40' lang='lat' dir='ltr'><strong>hii-</strong></span> 
     </span>
    </p>
   </div>
   <div class='ocr_carea' id='block_1_119' title="bbox 363 5619 3796 5702">
    <p class='ocr_par' dir='ltr' id='par_1_119' title="bbox 363 5619 3796 5702">
     <span class='ocr_line' id='line_1_121' title="bbox 363 5619 3796 5702; baseline 0.006 -29"><span class='ocrx_word' id='word_1_851' title='bbox 363 5622 422 5674; x_wconf 91' lang='lat' dir='ltr'><strong>et</strong></span> <span class='ocrx_word' id='word_1_852' title='bbox 451 5619 1146 5702; x_wconf 64' lang='lat' dir='ltr'><strong>inalterabile_m_dissipat</strong></span> <span class='ocrx_word' id='word_1_853' title='bbox 1175 5619 1498 5686; x_wconf 79' lang='lat' dir='ltr'><strong>veritatem,</strong></span> <span class='ocrx_word' id='word_1_854' title='bbox 1539 5639 1656 5680; x_wconf 90' lang='lat' dir='ltr'><strong>non</strong></span> <span class='ocrx_word' id='word_1_855' title='bbox 1701 5625 2004 5683; x_wconf 85' lang='lat' dir='ltr'><strong>eoercuisti</strong></span> <span class='ocrx_word' id='word_1_856' title='bbox 2105 5619 2368 5702; x_wconf 82' lang='lat' dir='ltr'><strong>jusmodi</strong></span> <span class='ocrx_word' id='word_1_857' title='bbox 2416 5619 2616 5686; x_wconf 67' lang='lat' dir='ltr'><strong>emisit</strong></span> <span class='ocrx_word' id='word_1_858' title='bbox 2665 5646 2886 5702; x_wconf 90' lang='lat' dir='ltr'><strong>vocem,</strong></span> <span class='ocrx_word' id='word_1_859' title='bbox 2938 5649 3011 5691; x_wconf 91' lang='lat' dir='ltr'><strong>ne</strong></span> <span class='ocrx_word' id='word_1_860' title='bbox 3055 5619 3202 5690; x_wconf 74' lang='lat' dir='ltr'><strong>forte</strong></span> <span class='ocrx_word' id='word_1_861' title='bbox 3247 5633 3464 5691; x_wconf 90' lang='lat' dir='ltr'><strong>diaboli</strong></span> <span class='ocrx_word' id='word_1_862' title='bbox 3515 5619 3796 5694; x_wconf 66' lang='lat' dir='ltr'><strong>versutia</strong></span> 
     </span>
    </p>
   </div>
   <div class='ocr_carea' id='block_1_120' title="bbox 363 5693 1112 5766">
    <p class='ocr_par' dir='ltr' id='par_1_120' title="bbox 363 5693 1112 5766">
     <span class='ocr_line' id='line_1_122' title="bbox 363 5693 1112 5766; baseline 0.005 -18"><span class='ocrx_word' id='word_1_863' title='bbox 363 5705 497 5750; x_wconf 87' lang='lat' dir='ltr'><strong>cum</strong></span> <span class='ocrx_word' id='word_1_864' title='bbox 531 5707 759 5766; x_wconf 70' lang='lat' dir='ltr'><strong>pmnam</strong></span> <span class='ocrx_word' id='word_1_865' title='bbox 794 5693 1055 5752; x_wconf 80' lang='lat' dir='ltr'><strong>debeas?</strong></span> <span class='ocrx_word' id='word_1_866' title='bbox 1084 5717 1112 5746; x_wconf 86' lang='grc'><strong>››</strong></span> 
     </span>
    </p>
   </div>
   <div class='ocr_carea' id='block_1_121' title="bbox 2111 5697 2968 5774">
    <p class='ocr_par' dir='ltr' id='par_1_121' title="bbox 2111 5697 2968 5774">
     <span class='ocr_line' id='line_1_123' title="bbox 2111 5697 2968 5774; baseline 0.008 -18"><span class='ocrx_word' id='word_1_867' title='bbox 2111 5697 2328 5758; x_wconf 88' lang='lat' dir='ltr'><strong>multos</strong></span> <span class='ocrx_word' id='word_1_868' title='bbox 2358 5717 2462 5774; x_wconf 88' lang='lat' dir='ltr'><strong>per</strong></span> <span class='ocrx_word' id='word_1_869' title='bbox 2496 5704 2554 5758; x_wconf 91' lang='lat' dir='ltr'><strong>te</strong></span> <span class='ocrx_word' id='word_1_870' title='bbox 2586 5697 2906 5763; x_wconf 79' lang='lat' dir='ltr'><strong>devoraret.</strong></span> <span class='ocrx_word' id='word_1_871' title='bbox 2938 5726 2968 5755; x_wconf 88' lang='lat'>»</span> 
     </span>
    </p>
   </div>
  </div>
