4084 6210
361 375 478 437 303

359 618 484 673 quae
516 608 570 656 et
599 599 765 672 pueri
807 601 1043 664 norunt,
1079 595 1402 662 addiscere,
1435 593 1594 666 prius
1625 610 1798 665 quam
1843 593 2002 650 blas-

357 690 654 760 phemiam
677 687 953 745 efferres?
981 685 1282 750 Quomodo
1303 699 1434 740 vero
1469 700 1583 739 non
1610 683 1998 755 pertimescis,

355 779 490 836 licet
547 779 678 835 dolo
736 777 977 836 velanda
1038 775 1398 846 aptissimus,
1426 773 1506 829 ita
1553 777 1772 829 temere
1823 778 1999 844 atque

355 869 733 941 impudenter
762 865 950 922 verbis
982 863 1301 920 Dominicis
1331 861 1612 918 insultare
1643 865 1699 918 et
1735 860 1997 930 illudere,

356 963 414 1016 et
471 975 597 1029 quae
649 972 753 1012 nec
811 954 1090 1010 orationis
1139 952 1317 1009 series
1347 968 1453 1008 nec
1503 951 1800 1008 sententia:
1850 951 2000 1007 inte-

355 1048 538 1121 gritas
569 1045 875 1119 permittit,
910 1044 1030 1099 haec
1061 1060 1178 1099 non
1199 1043 1496 1100 erubescis
1529 1057 1788 1098 asserere
1813 1039 2004 1097 Domi-

356 1154 495 1192 num
530 1136 816 1192 afﬁrmare
846 1135 874 1189 ?
913 1135 1074 1189 Certe
1105 1133 1261 1188 enim
1301 1148 1499 1189 vocem
1530 1131 1594 1188 de
1625 1146 1709 1187 me
1737 1129 2004 1186 Christus

357 1243 471 1282 non
495 1224 856 1292 enuntiavit;
891 1226 954 1278 tu
985 1226 1202 1289 tamen,
1223 1220 1354 1276 licet
1386 1238 1502 1277 non
1524 1236 1681 1287 voce,
1710 1223 1768 1276 at
1798 1219 2004 1275 saltem

358 1314 580 1371 fraudis
635 1313 965 1370 exercendis
1014 1310 1207 1366 studio
1265 1326 1459 1367 vocem
1489 1311 1552 1366 de
1579 1325 1694 1367 meo
1743 1310 1802 1364 in
1853 1307 2006 1364 hanc

361 1405 534 1462 aliam
568 1404 629 1460 de
660 1419 747 1459 me
778 1402 1227 1470 transformans,
1260 1417 1643 1472 asserensque
1690 1397 2005 1456 Dominum

361 1494 632 1551 docuisse
663 1493 720 1548 id
754 1491 907 1564 quod
939 1491 1042 1546 tibi
1071 1490 1364 1560 peristam
1398 1489 1751 1546 locutionem
1780 1487 2009 1543 videtur

363 1585 700 1656 signiﬁcari,
733 1583 845 1638 tria
878 1582 996 1637 haec
1043 1581 1219 1637 simul
1271 1581 1321 1637 ei
1371 1597 1471 1653 per
1517 1579 1870 1635 calumniam
1903 1578 2008 1632 tri-

362 1675 496 1730 buis
526 1691 539 1728 :
584 1672 796 1728 dixisse
837 1687 1066 1741 nempe,
1096 1670 1246 1741 quod
1281 1686 1392 1725 non
1427 1669 1592 1736 dixit,
1629 1685 1740 1724 non
1793 1667 2009 1722 dixisse

364 1764 517 1834 quod
550 1763 717 1831 dixit,
752 1765 809 1816 et
839 1760 1189 1816 sententiam
1223 1760 1424 1815 docere
1457 1773 1635 1829 quam
1671 1773 1784 1812 non
1817 1755 2007 1811 solum

1559 367 1820 428 ΡΗΟΤΠ
1869 367 2390 430 PATBIARCH/E
2430 369 2546 430 ΟΡ.

428 512 518 567 23.
553 509 701 575 Quid
742 509 922 580 ergo?
958 507 1158 563 Nonne
1199 503 1495 576 oportebat
1528 505 1582 559 te
1613 503 1735 559 haec
1767 504 1996 574 saltem,
2028 511 2083 578 Α

3637 369 3759 431 304

2182 512 2280 584 κγ’·
2337 505 2396 559 Τί
2427 500 2559 573 οῦν;
2620 501 2719 557 οὐκ
2772 499 2878 557 ἔδει
2930 523 2986 556 σε
3034 506 3218 572 ταῦτα,
3265 504 3309 558 εἰ
3364 505 3437 576 μή
3489 526 3544 560 τι
3592 503 3760 560 ἄλλο·

2111 599 2216 673 πρὸ
2248 602 2344 654 τοῦ
2401 597 2768 671 βλασφημεῖν,
2824 594 2855 646 ἃ
2919 590 3008 646 καὶ
3071 589 3259 655 παῖδες
3318 592 3514 666 ἴσασιν,
3565 591 3766 649 εἰδέναι

2115 694 2330 759 ζητεῖν;
2365 691 2486 748 Πῶς
2514 683 2570 739 δέ
2604 705 2660 738 σε
2697 678 2865 760 φόϐος
2912 681 3009 736 οὐκ
3061 678 3242 752 ἔλαϐε,
3293 683 3470 738 καίτοι
3530 681 3768 758 δραστή-

2110 798 2226 853 ριον
2261 773 2388 831 ὄντα
2417 777 2618 850 κρύψαι
2667 773 3013 849 κακουργίαν,
3055 773 3246 844 ἀνέδην
3293 776 3407 846 (83)
3453 772 3598 829 οὕτω
3649 776 3766 848 (84)

2108 871 2214 930 τῶν
2277 869 2620 922 Δεσποτικῶν
2689 863 2950 940 ῥημάτων
3005 865 3392 939 κατορχεῖσθαι
3448 864 3542 918 καὶ
3598 885 3772 918 κατα-

2111 954 2434 1031 ψεύδεσθαις
2467 953 2555 1009 καὶ
2589 954 2618 1008 ἃ
2654 956 2793 1026 μήτε
2812 953 2874 1008 τὸ
2907 952 3206 1008 ἀκόλουθον
3254 957 3351 1008 τοῦ
3403 951 3570 1028 λόγου
3624 955 3767 1025 μήτε

2108 1053 2208 1115 τῆς
2269 1044 2506 1105 διανοίας
2558 1043 2832 1118 ἐπιτρέπει
2880 1044 2944 1098 τὸ
2994 1039 3334 1117 ἀνύϐριστον,
3367 1047 3534 1098 ταῦτα
3581 1042 3763 1117 λέγειν

2111 1134 2211 1190 οὐκ
2284 1135 2532 1209 ἐρυθριᾷς
2618 1135 2709 1188 τὸν
2789 1132 3062 1203 Δεσπότην
3148 1131 3538 1210 ἀποφαίνεσθαι
3604 1135 3764 1205 (85);

2114 1227 2208 1297 27]
2242 1226 2345 1281 Καὶ
2373 1225 2488 1299 γὰρ
2517 1223 2581 1278 τὸ
2617 1223 2731 1296 μὲν,
2765 1221 2816 1292 ἐξ
2856 1220 3018 1295 ἐμοῦ,
3052 1218 3310 1292 δηλονότι
3347 1223 3423 1294 μή
3451 1221 3762 1301 ἐφθέγξατο·

2116 1315 2176 1367 σὺ
2231 1311 2287 1368 δὲ
2319 1313 2362 1368 εἷ
2407 1314 2496 1367 καὶ
2560 1314 2635 1385 μή
2667 1315 2735 1376 τῇ
2784 1315 2960 1389 φωνῇ,
3024 1315 3247 1386 μηχανῇ
3281 1308 3337 1366 δὲ
3375 1315 3444 1385 τῇ
3482 1315 3579 1366 τοῦ
3626 1332 3765 1366 κακ-

2116 1409 2328 1479 ουργεῖν
2383 1404 2444 1458 τὸ
2502 1401 2561 1457 ἐκ
2614 1406 2710 1456 τοῦ
2767 1400 2900 1474 ἐμοῦ
2980 1397 3326 1474 μεταπλάσας
3403 1399 3478 1462 είς
3545 1401 3630 1468 τὸ,

2115 1491 2249 1564 ἐμοῦ
2281 1493 2417 1566 (86),
2449 1491 2538 1546 καὶ
2569 1491 2627 1546 τὸ
2661 1488 2749 1545 διά
2779 1489 2978 1560 ταύτης
3022 1512 3105 1545 σοι
3137 1489 3498 1564 νομιζόμενον
3550 1486 3764 1560 δηλοῦ-

2118 1585 2235 1638 σθαι
2262 1585 2377 1654 (87)
2406 1589 2507 1652 τῆς
2540 1585 2853 1658 προσφορᾶς
2884 1582 2974 1635 τὸν
3030 1586 3262 1655 Σωτῆρα
3312 1577 3580 1636 διδάσκειν
3628 1600 3764 1634 κατ-

2118 1677 2334 1746 ηγορῶν
2367 1673 2479 1745 ἅμα
2511 1671 2652 1744 ,τρία
2699 1675 2865 1725 ταῦτα
2914 1667 3212 1742 διαρρήδην
3259 1674 3630 1747 συκοφαντεῖς·
3685 1668 3766 1723 εἶ-

2118 1769 2234 1818 πεῖν
2271 1760 2300 1816 ὅ
2334 1763 2410 1837 μὴ
2469 1762 2606 1832 εἶπε,
2643 1764 2718 1834 μὴ
2763 1761 2928 1815 εἰπεῖν
2986 1761 3118 1835 ὅπερ
3168 1761 3305 1830 εἶπε,
3339 1760 3428 1814 καὶ
3459 1765 3583 1815 νοῦν
3617 1759 3766 1814 ἐκοι-

366 1871 480 1910 non
533 1851 882 1926 signiﬁcavit
927 1866 1083 1917 voce,
1117 1850 1219 1906 sed
1252 1855 1454 1905 contra
1502 1848 1695 1919 potius
1735 1845 2003 1902 doctrina:

2122 1851 2357 1922 δάσκειν,
2391 1852 2447 1907 ὅν
2478 1852 2538 1907 οῦ
2583 1852 2744 1926 μόνον
2780 1852 2878 1905 οὐκ
2910 1847 3157 1920 ἐδήλωσε
3185 1853 3253 1924 τῇ
3287 1853 3467 1925 φωνῇ,
3499 1849 3644 1905 ἀλλά
3677 1851 3767 1905 καὶ

361 1960 478 2000 suae
529 1941 823 1998 adversari
874 1939 1178 2012 perspicue
1213 1939 1506 2006 cernitur;
1540 1941 1595 1992 et
1624 1941 1829 2007 quarto
1871 1950 2003 1990 eum

359 2033 470 2088 sibi
521 2032 636 2102 ipsi
693 2031 986 2087 contraria
1035 2029 1394 2085 sancientem
1452 2027 1705 2082 inducis.
1747 2028 2005 2089 Quonam

355 2121 567 2192 pacto?
618 2123 740 2191 Ipse
789 2120 935 2175 dixit
979 2135 992 2173 :
1038 2119 1112 2173 De
1157 2133 1276 2173 meo
1322 2117 1571 2188 accipiet,
1633 2131 1747 2171 non
1807 2118 2004 2170 autem

354 2212 421 2267 de
455 2225 578 2274 me;
613 2214 679 2266 tu
712 2226 842 2266 vero
875 2211 1080 2264 docere
1127 2207 1324 2279 ipsum
1355 2207 1640 2275 afﬁrmas,
1677 2205 1829 2275 quod
1867 2217 2005 2259 voce

352 2300 466 2356 ista
495 2300 560 2356 de
590 2316 674 2355 me
705 2298 1008 2371 importari
1041 2296 1380 2365 existimas;
1430 2293 1804 2366 quamobrem
1848 2293 2004 2364 quod

355 2390 591 2462 quidem
624 2390 786 2458 dixit,
816 2387 970 2444 tollis
1007 2402 1072 2443 ac
1105 2402 1305 2457 negas,
1339 2385 1493 2455 quod
1527 2399 1657 2440 vero
1692 2399 1805 2439 non
1836 2381 1999 2452 dixit,

356 2478 520 2550 quasi
551 2478 772 2533 dictum
795 2475 1081 2532 obtrudis.
1098 2475 1321 2530 Clamas
1344 2473 1496 2529 enim
1511 2472 1809 2528 Christum
1823 2472 2001 2539 vocis,

359 2582 536 2638 quam
577 2583 697 2622 non
727 2563 1070 2632 enuntiavit,
1104 2563 1450 2618 sententiam
1484 2561 1785 2632 discipulis
1815 2561 2004 2617 tradi-

359 2655 518 2710 disse
547 2659 604 2710 et
640 2669 744 2726 per
772 2654 960 2724 ipsam
994 2653 1218 2719 docere,
1252 2653 1408 2723 quod
1440 2650 1776 2706 nullatenus
1829 2649 2002 2707 labiis

356 2746 481 2802 suis
512 2744 844 2817 purissimis
881 2742 1192 2816 protulisse
1219 2741 1609 2814 cognoscitur.
1628 2746 1695 2797 Et
1715 2742 2002 2814 sapientia

357 2835 593 2907 quidem
635 2835 734 2891 Dei
765 2850 866 2906 per
896 2851 956 2890 se
995 2833 1317 2890 subsistens
1347 2832 1630 2905 Spiritum
1674 2833 1845 2888 tradit
1877 2850 2003 2906 pro-

353 2925 555 2981 cedere
587 2941 620 2980 a
666 2924 864 2993 Patre;
909 2933 967 2979 tu
1018 2939 1151 2980 vero
1195 2923 1356 2979 omni
1404 2923 1762 2980 contendens
1809 2923 2000 2979 studio

352 3013 521 3070 illum
567 3012 737 3085 quasi
781 3013 1187 3070 dissonantem
1230 3013 1340 3068 sibi
1390 3015 1734 3084 redarguere
1789 3012 2000 3068 clamas

354 3102 548 3175 ipsum
582 3106 805 3158 mutato
838 3102 1080 3159 consilio
1127 3103 1419 3169 docuisse,
1452 3101 1732 3172 Spiritum
1765 3101 1834 3157 ab
1875 3101 1998 3173 ipso

2115 1942 2426 1998 τούναντίον
2466 1945 2533 2014 τῇ
2597 1938 2942 2016 μυσταγωγίᾳ
2989 1943 3056 2013 τῇ
3112 1939 3276 1994 αὐτοῦ
3303 1939 3618 2014 μαχόμενον
3652 1937 3768 1994 ἔστι

2118 2037 2299 2105 σαφῶς
2376 2033 2605 2106 καθορᾷν
2658 2047 2672 2061 ·
2745 2029 2834 2083 καὶ
2905 2027 3158 2101 τέταρτον
3242 2027 3769 2099 ἀτνινομοθετοῦντα

2118 2120 2348 2196 εἰσάγεις
2408 2122 2524 2193 (88)
2576 2118 2781 2174 ἑαυτόν.
2842 2121 2966 2181 Πῶς
3023 2116 3112 2171 καὶ
3167 2116 3284 2171 τίνα
3349 2117 3550 2190 τρόπον
3607 2119 3765 2190 (89);

2115 2209 2292 2273 Αὐτὸς
2326 2211 2421 2284 μὲν
2481 2210 2645 2264 εἶπεν·
2709 2215 2783 2264 Εκ
2818 2211 2914 2263 τοῦ
2981 2206 3118 2280 ἐμοῦ
3169 2207 3422 2281 λήψεται,
3473 2204 3602 2261 ἀλλ’
3641 2207 3765 2273 οῦκ,

2114 2299 2174 2354 ἐκ
2248 2300 2384 2373 ἐμοῦ
2441 2302 2569 2374 (90)·
2639 2299 2700 2352 σὺ
2761 2294 2820 2352 δὲ
2868 2294 3135 2352 διδάσκειν
3203 2297 3369 2352 αὐτὸν
3418 2293 3764 2372 διισχυρίζῇ,

2115 2389 2246 2462 ἅπερ
2279 2391 2312 2457 ἡ
2343 2387 2392 2457 ἐξ
2445 2387 2579 2461 ἐμοῦ
2628 2384 2769 2457 λέξις
2816 2384 2966 2441 δοκεῖ
3014 2408 3098 2441 σοι
3147 2383 3526 2461 παραδηλοῦν·
3561 2386 3698 2440 ὥστε
3735 2387 3767 2440 ὃ

2114 2479 2209 2551 μὲν
2271 2476 2508 2550 εἷ’ρηκεν,
2569 2478 2824 2551 ἀναιρεῖς·
2881 2477 2910 2532 ’ὁ
2970 2473 3026 2531 δὲ
3075 2475 3172 2530 οῦκ
3215 2470 3432 2554 ἔφησεν,
3479 2476 3556 2538 ὡς
3606 2476 3760 2550 είρηο

2116 2566 2272 2640 μένον
2317 2572 2648 2643 συγκροτεῖς.
2717 2567 2820 2622 Τὸν
2879 2569 2981 2643 γὰρ
3034 2572 3159 2622 νοῦν
3226 2568 3354 2641 βοᾷς
3411 2569 3478 2636 ἧς
3514 2566 3611 2622 οὐκ
3642 2569 3768 2622 εἶπε

2113 2659 2293 2734 φωνῆς
2325 2654 2666 2732 δογματίζειν
2700 2655 2858 2711 αὐτὸν
2917 2662 3033 2719 τοῖς
3096 2659 3366 2730 μαθηταῖς
3417 2656 3507 2712 καὶ
3555 2655 3627 2712 δι’
3675 2655 3771 2712 αὖ-

2108 2753 2208 2816 τῆς
2249 2744 2516 2800 διδάσκειν
2546 2747 2574 2800 ’ὁ
2609 2743 2872 2819 μηδόλως
2905 2746 3146 2822 ἐγνώσθη
3191 2747 3276 2802 διὰ
3319 2751 3424 2801 τῶν
3478 2747 3769 2823 ἀχράντων

2111 2834 2344 2912 χειλέων
2402 2835 2751 2912 προαγαγών.
2815 2837 2911 2889 Καὶ
2973 2838 3007 2904 ἡ
3063 2835 3155 2909 μὲν
3211 2834 3564 2898 ένυπόστατος
3596 2837 3770 2913 σοφία

2108 2931 2204 2981 τοῦ
2245 2930 2379 2982 Θεοῦ
2424 2927 2487 2980 τὸ
2540 2929 2759 2998 Πνεῦμα
2817 2931 3169 3003 μυσταγωγεῖ
3216 2926 3589 3002 ἐκπορεύεσθαι
3655 2932 3764 2982 τοῦ

2117 3016 2346 3086 Πατρός·
2409 3014 2471 3068 σὺ
2524 3012 2570 3068 δ’
2611 3015 2792 3090 ὥσπερ
2837 3014 3087 3094 ἐλέγχειν
3135 3020 3306 3071 πᾶσαν
3357 3018 3462 3090 (91)
3511 3013 3762 3085 σπουδὴν

2111 3104 2352 3160 ἐπελθὼν
2397 3105 2512 3178 (92)
2571 3102 2937 3182 διαφωνοῦντα
2984 3105 3122 3181 πρὸς
3183 3106 3394 3176 ἑαυτὸν,
3440 3107 3500 3160 τὸ
3545 3109 3769 3180 Πνεῦμα

351 3194 680 3265 procedere,
705 3197 760 3248 et
794 3210 826 3248 a
858 3191 1033 3265 priori
1067 3192 1307 3263 quidem
1338 3191 1630 3264 theologia
1663 3191 1997 3261 recessisse,

2117 3195 2327 3270 κράζεις
2383 3191 2788 3265 μεταδιδάσκειν
2851 3194 3253 3269 ἐκπορεύεσθαι,
3314 3195 3364 3268 ἐξ
3412 3196 3600 3263 αὐτοῦ,
3670 3196 3768 3250 καὶ

351 3299 455 3354 per
505 3282 827 3340 secundam
859 3299 988 3338 vero
1033 3281 1196 3338 illam
1243 3282 1493 3352 priorem
1542 3283 1850 3354 sprevisse,
1882 3283 1999 3338 imo

352 3387 457 3427 nec
489 3372 795 3442 posteriori
823 3373 1003 3427 robur
1031 3388 1199 3428 suum
1231 3371 1706 3427 conservasse.Si
1729 3372 1885 3427 enim
1918 3387 2002 3428 se-

351 3459 464 3514 mel
495 3461 694 3531 gratize
727 3460 1016 3530 theologia
1061 3461 1131 3514 ab
1182 3460 1431 3530 ipsamet
1461 3460 1645 3530 gratia
1700 3461 1999 3515 subverta-

351 3552 471 3614 tur,
505 3564 793 3620 nusquam
827 3549 992 3603 ﬁrma
1023 3549 1233 3619 poterit
1264 3564 1616 3619 permanere.

423 3725 510 3780 24.
546 3725 657 3781 Sed
679 3726 797 3796 jam
827 3730 1062 3797 tempus
1094 3725 1276 3793 adest,
1308 3726 1378 3782 ab
1429 3725 1593 3781 initio
1633 3727 1834 3784 audire
1873 3735 1996 3784 tum

349 3816 658 3873 verborum
719 3815 1151 3872 Dominicorum
1209 3815 1439 3879 seriem,
1484 3823 1602 3872 tum
1675 3818 1993 3888 sententiae,

352 3921 528 3977 quam
579 3906 753 3961 verba
795 3904 900 3961 illa
926 3903 1267 3976 important,
1292 3920 1536 3976 scopum
1567 3923 1581 3974 ;
1625 3905 1808 3963 multo
1839 3908 1993 3964 enim

348 3994 594 4052 validius
627 4011 727 4066 per
764 3993 867 4052 illa
904 3994 1220 4067 impietatis
1250 3993 1618 4066 impudentia
1637 3997 1912 4067 panditur
1941 4003 1995 4054 et

2111 3289 2207 3358 τῇς
2249 3287 2343 3359 μὲν
2394 3287 2662 3360 προτέρας
2710 3284 3015 3355 ἐξίστασθαι
3054 3284 3359 3362 θεολογίας,
3410 3284 3500 3340 διὰ
3548 3284 3604 3340 δὲ
3661 3291 3767 3352 τῇς

2111 3371 2363 3448 δευτέρας
2395 3373 2605 3446 ἐκείνης
2637 3396 2693 3429 τε
2723 3373 3077 3454 παραφαῦλον
3111 3378 3225 3448 (93)
3277 3382 3461 3430 ποιεῖν
3491 3377 3579 3430 καί
3635 3373 3769 3431 οῦδὲ

2109 3465 2248 3537 αὐτῇ
2289 3465 2350 3519 τὸ
2399 3464 2585 3538 κύριον
2630 3469 2934 3540 συντηρεῖν.
2989 3467 3102 3539 [28]
3159 3468 3334 3538 ’Ἄπαξ
3393 3465 3498 3539 γὰρ
3553 3472 3652 3535 τῆς
3709 3464 3769 3521 ἐν

2108 3554 2296 3629 χάριτι
2342 3552 2627 3629 θεολογίας
2689 3556 2793 3609 ὑπὸ
2850 3561 2948 3624 τῆς
3006 3555 3233 3630 χάριτος
3298 3558 3774 3631 περιτρεπομένης

2110 3639 2355 3713 οὐδαμοῦ
2385 3643 2447 3697 τὸ
2481 3637 2699 3713 βέϐαιον
2725 3644 2823 3712 τήν
2864 3640 3131 3716 διαμονὴν
3169 3642 3409 3717 εὑρήσει.

2213 3726 2255 3784 δι
2311 3733 2326 3754 ,ν
2445 3731 2497 3766 ἰ-
2625 3729 2666 3753 tu
2729 3733 2749 3744 -ι
2873 3731 2890 3762 ι
3273 3731 3287 3751 κ
3451 3733 3464 3750 ε
3556 3738 3582 3748 ~
3685 3734 3704 3752 ν

2175 3750 2208 3784 κ
2263 3774 2277 3788 .
2328 3737 2551 3785 Δκοδειν
2621 3749 2647 3785 ο
2723 3734 2920 3786 ανωθεν
2979 3731 3090 3787 ἐστι
3130 3752 3321 3806 καιρος
3376 3753 3466 3788 και
3515 3755 3624 3788 των
3660 3736 3769 3791 Iw-

2107 3823 2308 3892 ριακῶν
2338 3819 2541 3897 λογίων
2572 3825 2679 3876 τῶν
2717 3821 3017 3895 εἰρημένων
3061 3824 3174 3895 (94)
3205 3821 3296 3877 καὶ
3347 3829 3446 3892 τῆς
3499 3821 3763 3893 διανοίας,

2104 3911 2170 3977 ἧς
2199 3910 2268 3964 τὰ
2299 3909 2521 3986 ῥήματα
2573 3909 2992 3985 διερμηνεύουσι
3029 3912 3122 3966 τὸν
3179 3913 3379 3968 σκοπόν
3432 3915 3583 3988 (95)·
3637 3913 3768 3971 οὖδὶ

2105 3997 2208 4075 γὰρ
2251 3993 2498 4074 ἔλαττον,
2533 3999 2677 4057 ἀλλὰ
2717 4000 2805 4056 καὶ
2856 3999 3054 4074 πολλῷ
3089 3999 3304 4076 μᾶλλον
3344 3999 3414 4057 δι’
3444 4003 3625 4059 αὐτῶν
3658 4010 3728 4075 τῆ

1519 4158 1762 4214 VARUE
1801 4159 2192 4219 LECTIONES
2235 4164 2322 4220 ET
2358 4165 2586 4222 NOTAE.

357 4339 469 4396 ται,
503 4316 617 4396 οὐδ’
647 4317 822 4396 οῦς-ως
855 4318 1043 4396 αὐτοῖς
1076 4317 1226 4396 Δεἶχεν
1248 4315 1415 4396 ’ἰσχὺν
1447 4319 1482 4386 ἡ
1515 4316 1780 4396 ἐπήρειαί
1806 4319 1867 4396 οὐ
1897 4321 1999 4396 γὰρ

359 4385 533 4462 ἀεὶτὸ
565 4385 866 4462 λαμϐάνειν
898 4389 981 4462 εἰς,
1030 4385 1278 4462 τήνέτοῦ
1316 4385 1706 4462 ’ἐκπορεύεσθαι
1757 4385 1999 4462 διάνοιαν

360 4457 896 4536 λαμϐάνεταιράλγ
956 4457 1217 4536 ἔσθ’ξὸτε-
1264 4460 1356 4536 καὶ
1397 4457 1618 4536 πονλλῄν
1651 4463 1747 4536 τῄν
1787 4461 2000 4536 παραλ-

357 4528 534 4608 λαγὴν
563 4528 949 4608 ὑπαινίττεται·
983 4531 1126 4608 ἄλλο
1156 4532 1255 4606 γάρ
1294 4530 1412 4608 Δἐστι
1442 4533 1527 4608 τὸΔ
1556 4528 1874 4608 λαμϐάνειν]
1907 4536 1999 4589 καὶ

358 4601 704 4692 ἀπάρύεσθαη
734 4603 822 4681 ἀφ’
871 4605 1054 4692 ἑτέρας
1083 4601 1445 4692 ’ὑποστάσεως
1501 4601 1697 4692 Fresia-etv
1760 4601 1996 4661 ὑπόστα-

358 4674 577 4751 σιν,’καὶ
603 4674 752 4751 ,ἄλλο
780 4674 843 4733 τὸ
872 4674 1010 4751 πρὸς
1043 4675 1297 4731 οὐσίωσίν
1327 4696 1384 4730 τε
1426 4675 1515 4730 καὶ
1562 4674 1850 4732 ὑπόστασιν
1908 4678 1995 4732 έκ-

359 4750 702 4817 πορεύεσθαι.

430 4821 541 4890 (83)
574 4821 796 4877 Monac.
831 4818 1083 4877 ἀνέδωκε.

427 4891 545 4964 (βό)
571 4891 693 4964 βοὶ.
729 4910 783 4963 p.
816 4896 920 4947 279
953 4914 963 4948 :
1001 4891 1221 4964 ἀναίδην
1252 4890 1417 4947 οὕτω.

570 4961 1154 5039 Ἆοηξάπεφ-αίνεσθαι.

429 5034 540 5106 (86)
573 5031 667 5106 EE;
696 5033 757 5106 rc}
797 5033 847 5106 ἐξ
873 5031 1024 5106 ’ἐμοῦ
1054 5041 1216 5094 deest
1247 5037 1302 5093 in
1335 5039 1490 5094 Mon.

573 5104 693 5190 90L
730 5101 1019 5190 δηλοῦται.

572 5177 719 5250 Moti.
738 5175 1007 5250 εἰσάγειν.

431 5183 521 5245 (88
572 5183 719 5230 Mon.
755 5183 1007 5250 εἰσάγειν.

584 5246 919 5323 βοΙηέαυτὸν
949 5253 1065 5309 πῶς
1104 5250 1192 5303 καὶ
1223 5249 1340 5304 τίνα
1367 5250 1568 5323 τρόπον
1597 5267 1610 5317 ;

431 5320 544 5392 (90)
575 5321 734 5385 Quod
771 5321 1008 5376 Photius
1037 5323 1206 5377 toties
1239 5320 1510 5390 inculcat,
1545 5323 1604 5376 in
1637 5338 1702 5377 eo
1733 5321 2000 5377 Photiani

359 5407 562 5448 omnes
594 5408 962 5463 summopere
995 5394 1298 5449 insistunt.
1334 5393 1522 5449 Unum
1555 5410 1622 5449 ex
1663 5394 2002 5449 recentiori-

358 5464 466 5518 bus
495 5464 868 5536 adducamus.
898 5465 1280 5535 TheOphanes
1313 5465 1714 5536 Procopowicz
1745 5467 1999 5536 archiep.

358 5535 818 5600 Novogrodensis
880 5537 1072 5591 Tract.
1118 5538 1183 5591 de
1231 5553 1460 5605 process.
1492 5535 1615 5606 ’Sp.
1670 5539 1746 5602 S.,
1807 5535 2003 5592 Goths:

358 5625 410 5680 a.
447 5609 603 5680 1772,
645 5623 772 5680 cap.
809 5624 864 5676 x,
905 5609 938 5679 §
974 5609 1094 5680 170,
1131 5627 1182 5679 ρ.
1221 5609 1344 5677 199,
1395 5607 1599 5680 scribit
1633 5624 1645 5663 :
1700 5630 1726 5658 ‹‹
1789 5609 2001 5679 Gratis,

359 5679 476 5736 imo
507 5679 733 5737 frustra
749 5680 933 5737 Latini
957 5679 1018 5734 τὸ
1049 5681 1119 5736 de
1150 5695 1278 5735 meo
1309 5679 1604 5749 accipiunt
1643 5696 1743 5749 pro
1784 5681 1855 5736 de
1881 5697 2004 5747 me;

359 5751 646 5810 incumbit
685 5768 827 5810 sane
852 5751 938 5808 eis
954 5752 1222 5826 probare,
1253 5751 1315 5806 de
1349 5765 1466 5806 meo
1495 5749 1650 5806 idem
1678 5750 2008 5821 signiﬁcare

2111 4311 2265 4382 quod
2296 4312 2360 4368 de
2384 4328 2488 4369 me.
2527 4333 2554 4363 ››

2183 4384 2290 4452 (91)
2324 4387 2502 4437 Ιιᾶσαν
2535 4386 2698 4442 deest
2731 4385 2788 4440 in
2821 4386 2974 4442 Mon.

2181 4457 2288 4532 (92)
2320 4455 2413 4512 Sic
2446 4456 2617 4532 Palat.
2653 4457 2829 4532 13219
2861 4476 2936 4518 a.;
2991 4457 3175 4515 Vatic.
3231 4457 3766 4532 habuitﬁmltotbv,

2033 4519 2078 4582 D
2110 4519 2210 4603 sed
2236 4519 2448 4603 postea
2481 4528 2539 4603 in
2569 4525 2811 4603 ἐπελθὼν
2844 4535 3174 4587 correctum
3213 4535 3302 4586 est
3353 4547 3366 4586 :
3420 4530 3576 4587 Mon.
3634 4519 3769 4603 μετ-ἶ

2113 4594 2308 4651 ελθιίὶν.
2344 4599 2461 4656 Col.
2499 4597 2764 4657 ὑπελθών.

2180 4669 2290 4747 (93)
2321 4670 2473 4747 1:10.0-
2505 4670 2650 4747 ποιρᾷ
2688 4671 2915 4747 samem

2319 4742 2438 4818 go].
2471 4742 2563 4818 τδν
2585 4741 2785 4816 εἱρμὸν
2817 4746 2960 4815 (lege
2989 4743 3203 4818 εἱρμὸν)
3235 4764 3287 4802 κ.
3321 4765 3378 4800 τ.
3412 4741 3543 4800 δειν.

2199 4813 2292 4890 95)
2323 4813 2658 4890 TheOphan.
2685 4813 3113 4890 Procopovvici.
3143 4813 3189 4890 ιζ
3211 4820 3342 4886 c.,§
3375 4819 3500 4883 172,
3525 4833 3583 4890 p.
3615 4819 3764 4873 200:

2111 4902 2136 4935 α
2170 4887 2391 4961 Sensus
2413 4888 2719 4943 verborum
2751 4887 2964 4944 Christi
2986 4895 3076 4944 est
3096 4906 3108 4943 :
3128 4889 3401 4960 Spiritus,
3421 4887 3597 4961 quem
3624 4906 3766 4961 con-

2107 4955 2535 5030 solatoremhet
2581 4961 2874 5014 doctorem
2912 4961 3073 5015 vobis
3127 4955 3456 5030 promitto;
3491 4977 3607 5016 non
3661 4960 3770 5017 illa

2107 5027 2364 5096 quaedam
2396 5028 2508 5084 alia
2530 5031 2600 5104 ab
2632 5031 2887 5102 his,qum
2918 5037 2975 5088 et
3003 5049 3035 5086 a
3066 5027 3158 5104 me
3178 5027 3501 5104 percipitis,
3529 5033 3767 5104 docebit

2107 5115 2231 5181 vps,
2258 5115 2458 5181 verum
2490 5103 3292 5181 ea_dem‘mea_mysteria_,res
3323 5103 3391 5159 ad
3427 5120 3616 5181 meam
3643 5103 3766 5181 glo-

2109 5172 2254 5247 riam
2280 5172 2658 5242 pertinentes.
2683 5177 2816 5240 ροσε
2859 5172 2992 5231 licet
3025 5176 3096 5247 ad
3129 5174 3307 5230 Patris
3352 5176 3596 5231 tendant
3635 5172 3763 5247 glo-

2110 5244 2280 5318 riam,
2311 5247 2506 5300 tamen
2538 5251 2593 5301 et
2627 5262 2754 5301 mea
2785 5251 2927 5302 sunt
2958 5264 2970 5313 ;
3006 5246 3055 5302 ei
3099 5248 3336 5313 quidem
3385 5248 3598 5316 omnia,
3633 5244 3765 5318 qua:

2111 5317 2295 5390 Patris
2312 5321 2469 5390 sunt,
2489 5321 2756 5390 tamquze
2778 5319 2835 5372 in
2860 5323 3072 5374 natura
3093 5318 3359 5387 Deitatis,
3376 5323 3514 5382 vita,
3531 5317 3764 5390 sapien-

2113 5387 2212 5461 tia,
2246 5388 2686 5461 omnipotentis,
2719 5394 2854 5461 etc.,
2889 5405 3062 5461 quam
3115 5406 3239 5460 qua
3272 5395 3433 5446 extra
3479 5387 3622 5445 sunt
3651 5407 3766 5445 coe-

2113 5457 2260 5523 lum,
2298 5457 2466 5526 terra,
2499 5460 2711 5532 angeli,
2745 5457 3035 5530 homines,
3060 5457 3305 5517 eventus
3326 5462 3484 5526 varii,
3517 5466 3574 5517 et
3603 5477 3770 5516 com-

2114 5533 2278 5585 muni
2336 5536 2393 5604 et
2443 5531 2722 5603 singulari
2796 5534 3164 5604 providentia
3222 5534 3492 5599 ﬁuentes,
3553 5537 3771 5588 cuncta

2111 5602 2386 5672 mysteria.
2446 5602 2812 5677 mea‘etiam'
2861 5613 3016 5660 sunt.
3059 5627 3086 5654 »
3117 5609 3247 5661 Haec
3298 5607 3601 5677 jejuniora
3631 5611 3774 5661 sunt

2115 5689 2292 5746 quam
2323 5691 2391 5732 ea
2421 5691 2549 5749 quae
2581 5674 2821 5732 Photius
2849 5677 3087 5748 profert.
