4084 6210
299 378 405 440 305

1404 379 1502 436 DE
1545 379 1608 438 S.
1659 377 2015 442 SPlRlTUS
2062 380 2594 442 MYSTAGOGIA.

3585 397 3703 458 306

297 506 538 572 ἀσεϐείας
587 507 966 581 στηλιτεύεται
1025 508 1088 564 τὸ
1152 506 1386 570 ἀναιδές.
1464 515 1613 565 Μετα
1693 532 1796 587 γαρ
1882 513 1939 568 τὸ

2059 515 2392 605 conﬁgitur.
2428 517 2745 588 Postquam
2778 520 2934 578 enim
2969 523 3112 579 dixit
3147 544 3159 582 :
3198 527 3344 584 Vada
3363 529 3432 586 ad
3452 532 3699 605 Patrem,

299 601 486 670 εἰπεῖν,
538 599 624 655 ὅτι
668 602 784 672 (96)
845 599 1162 674 Πορεύομαι
1211 600 1347 674 πρὸς
1395 600 1484 654 τὸν
1535 596 1771 674 Πατέρα,
1809 602 1942 655 ὑπο-

295 692 492 749 κατιὼν
533 690 727 764 ἐπάγει
775 688 1013 766 ῥήμασιν
1064 690 1232 744 αὐτοῦ
1278 691 1414 763 (97).
1460 689 1618 748 Ἀλλ’
1665 689 1746 746 ὅτι
1778 695 1946 746 ταῦτα

298 781 584 851 λελάληκα
635 783 772 855 (97⁸)
816 780 967 852 ὑμῖν,
1019 778 1168 850 λύπη
1215 782 1327 854 (98)
1375 779 1738 855 πεπλήρωκεν
1789 782 1942 854 ὑμῶν

293 874 392 941 τήν
432 868 679 946 καρδίαν.
730 868 890 927 Ἀλλ’
949 869 1060 944 ἐγὼ
1117 870 1216 939 τήν
1283 868 1543 940 ἀληθειαν
1587 869 1730 945 λέγω
1787 872 1937 944 ὑμῖν·

297 963 580 1040 συμφέρει,
645 960 736 1014 ἳνα
797 959 902 1035 ἐγὼ
969 958 1240 1014 ἀπέλθω·
1310 959 1396 1014 ἐὰν
1480 961 1585 1036 γὰρ
1670 960 1774 1035 ἐγὼ
1862 961 1938 1033 μὴ

293 1051 538 1124 ἀπέλθω,
599 1052 628 1106 6
687 1048 1049 1123 Παράκλητος
1103 1049 1202 1104 οὐκ
1266 1049 1541 1105 ἐλεύσεται
1598 1051 1734 1125 πρὸς
1778 1051 1939 1124 ὑμᾶς.

290 1143 391 1198 Καὶ
450 1145 569 1214 μετ’
620 1138 828 1214 ὀλίγον.
906 1139 1024 1194 Ἔτι
1092 1137 1279 1194 πολλὰ
1346 1137 1459 1215 ἔχω
1526 1139 1701 1214 λέγειν
1789 1141 1941 1213 ὑμῖν,

291 1229 418 1286 ἀλλ’
472 1229 536 1284 οὗ
597 1227 817 1284 δύνασθε
890 1229 1176 1303 βαστάζειν
1261 1227 1403 1302 ἄρτι’
1483 1230 1608 1285 ὅταν
1681 1226 1739 1284 δὲ
1810 1227 1942 1304 ἔλθῃ

287 1321 517 1388 ἐκεῖνος,
563 1319 630 1372 τὸ
687 1321 906 1390 Πνεῦμα
961 1323 1062 1385 τῆς
1119 1317 1402 1390 ἀληθείας,
1474 1315 1739 1390 ὁδηγήσει
1800 1319 1939 1391 ὑμᾶς

285 1408 362 1471 εἷς
429 1413 606 1463 πᾶσαν
672 1407 772 1474 τὴν
858 1406 1135 1476 ἀλήθειαν·
1219 1405 1280 1461 ού
1365 1408 1467 1483 γὰρ
1551 1405 1784 1477 λαλήσει
1851 1406 1942 1483 ἀφ’

285 1501 503 1570 ἑαυτοῦ,
570 1498 700 1555 ἀλλ’
764 1499 863 1554 ’ὀσα
930 1495 988 1552 ἂν
1076 1497 1299 1572 ἀκούσῃ,
1385 1497 1618 1570 λαλήσει

283 1587 567 1664 ἐρχόμενα
632 1587 918 1664 ἀναγγελεῖ
984 1587 1128 1662 ὑμῖν.
1199 1587 1380 1642 Πάντα
1445 1585 1543 1642 ὅσα
1589 1582 1706 1662 ἔχει
1747 1588 1774 1642 ὁ
1828 1593 1942 1642 Πα-

280 1683 412 1758 τήρ,
463 1681 574 1754 ἐμὲ
629 1679 778 1736 ἐστι’
840 1677 930 1735 διὰ
984 1684 1149 1737 τοῦτο
1200 1680 1372 1752 εἶπον,
1419 1678 1500 1735 ὅτι
1550 1679 1610 1736 ἐκ
1658 1685 1754 1736 τοῦ
1805 1679 1941 1753 ἐμοῦ

284 1770 526 1844 λήψεται
583 1770 675 1825 καὶ
729 1768 1028 1846 ἀναγγελεῖ
1083 1769 1208 1842 ὑμῖν
1263 1771 1395 1842 (99).
1461 1770 1576 1843 Ἆρ’
1618 1769 1747 1846 οὐχῖ
1778 1773 1941 1824 ταῦτα

1703 1499 1792 1553 καὶ
1874 1497 1942 1552 τὰ

2055 604 2250 660 subdit
2281 605 2370 661 bis
2403 605 2546 676 ipsis
2576 607 2766 664 verbis
2802 626 2815 664 :
2849 611 2952 666 Sed
2978 615 3113 683 quia
3159 615 3272 671 haec
3319 619 3531 676 locutus
3577 604 3699 676 sunt

2053 695 2203 749 vobis
2221 693 2284 748 ιθ.
2321 693 2548 750 tristitia
2580 694 2834 768 implevit
2863 715 2956 756 cor
2983 707 3242 760 vestrum.
3277 706 3378 763 Sed
3415 724 3510 776 ego
3548 711 3700 766 veri-

2049 786 2213 837 tatem
2242 782 2361 837 dico
2411 783 2559 839 vobis
2587 803 2605 840 :
2645 787 2880 856 expedit,
2926 799 2985 845 ut
3032 807 3126 862 ego
3173 795 3390 854 vadum.
3439 797 3502 853 Si
3548 801 3702 856 enim

2048 886 2158 926 non
2189 870 2394 939 abiero,
2430 875 2753 930 Paracletus
2782 892 2890 930 non
2923 881 3099 934 veniet
3129 882 3198 937 ad
3229 899 3315 939 vos
3343 883 3409 940 ⁵ο.
3464 887 3532 942 Et
3565 893 3698 958 post

2051 976 2282 1031 pauca:
2333 961 2520 1016 Adhuc
2559 962 2746 1019 multa
2793 965 2959 1022 habeo
3006 971 3155 1024 vobis
3195 971 3407 1042 dicere;
3453 976 3549 1030 sed
3590 993 3702 1032 non

2045 1053 2272 1121 potestis
2299 1058 2522 1121 portare
2551 1054 2725 1108 modo.
2761 1053 2895 1110 Cum
2923 1062 3112 1113 autem
3161 1065 3372 1118 venerit
3421 1065 3521 1120 ille
3573 1066 3703 1135 Spi-

2051 1139 2196 1194 ritus
2237 1141 2511 1210 veritatis,
2563 1141 2769 1198 docebit
2819 1161 2908 1200 vos
2963 1162 3178 1202 omnem
3225 1153 3529 1207 veritatem.
3581 1155 3698 1210 Non

2049 1227 2198 1283 enim
2227 1228 2536 1300 toquetura
2589 1235 2894 1304 semetipso,
2925 1235 3016 1288 sed
3090 1253 3424 1312 quaecunque
3478 1243 3691 1312 audiet,

2049 1317 2298 1387 loquetur
2325 1325 2375 1373 et
2403 1335 2522 1388 quae
2551 1323 2785 1374 ventura
2813 1331 2941 1377 sunt
2971 1329 3330 1384 annuntiabit
3368 1331 3534 1386 vobis.
3586 1333 3694 1388 lite

2048 1422 2134 1462 me
2160 1405 2512 1477 ctariﬁcabit,
2539 1410 2670 1478 quia
2699 1409 2761 1464 de
2793 1427 2908 1467 meo
2943 1414 3192 1486 accipiet,
3236 1422 3286 1472 et
3331 1421 3694 1479 annuntiabit

2047 1500 2216 1555 vobis.
2279 1499 2475 1556 Omnia
2525 1516 2866 1574 quaecunque
2939 1505 3098 1561 habet
3153 1513 3340 1576 Pater,
3385 1528 3506 1567 mea
3552 1517 3698 1569 sunt.

2051 1593 2353 1659 Propterea
2383 1589 2526 1657 dixi,
2559 1593 2688 1662 quia
2719 1591 2786 1647 de
2808 1609 2921 1649 meo
2970 1599 3201 1667 accipiet
3238 1607 3289 1653 et
3337 1605 3697 1660 unnuntiabit

2049 1677 2278 1734 vobis“.
2310 1679 2397 1734 An
2429 1696 2542 1734 non
2579 1684 2716 1736 sunt
2746 1681 2867 1739 haec
2903 1701 3071 1741 sacra
3101 1689 3157 1742 et
3188 1687 3386 1743 divina
3415 1692 3650 1748 oracula
3671 1691 3699 1746 ⁵2

2049 1767 2132 1822 An
2169 1783 2284 1824 non
2316 1767 2437 1824 haec
2481 1769 2636 1826 clare
2676 1771 3122 1843 intelligendum
3161 1776 3432 1834 exhibent
3473 1784 3698 1853 myste-

283 1859 407 1932 ἱερά
433 1860 526 1915 καὶ
558 1859 873 1938 θεόχρηστα
895 1857 1077 1933 λόγια,
1109 1859 1284 1914 καὶτὸ
1315 1865 1414 1928 τῆς
1449 1853 1716 1920 εὐσεϐείας
1739 1861 1939 1931 μυστή-

2052 1857 2195 1912 rium
2229 1857 2461 1928 pietatis
2479 1858 2506 1914 ‘2
2533 1859 2616 1915 An
2636 1876 2750 1915 non
2773 1877 3012 1918 causam
3039 1865 3434 1934 manifestant,
3461 1850 3695 1942 propter

281 1970 408 2024 ριον
443 1949 504 2004 οὗ
534 1950 833 2024 παρέχεται
866 1951 1046 2025 σαφῶς
1086 1945 1286 2002 ἐννοεῖν
1323 1965 1337 2016 ;
1367 1947 1458 2003 καὶ
1497 1949 1595 2016 τήν
1624 1947 1796 2003 αἰτίαν
1840 1949 1941 2003 οὐκ

275 2038 594 2118 ἐμφανίζει.
653 2040 766 2111 [29]
829 2035 898 2092 δι’
955 2036 1021 2106 ἢν
1081 2036 1250 2092 εἰπεῖν
1283 2041 1450 2092 ταῦτα
1504 2034 1938 2110 ἐδικαίωσεν(1),

274 2128 368 2184 καὶ
413 2128 515 2196 τήν
575 2126 627 2199 ἐξ
675 2127 856 2201 ἀρχῆς
910 2125 1296 2202 μυσταγωγίαν
1358 2125 1458 2181 οὐκ
1505 2126 1776 2200 ἀκήρατον
1819 2146 1938 2180 συν-

272 2221 458 2292 τηρεῖ,
520 2215 611 2270 καὶ
649 2221 822 2270 πᾶσιν
882 2214 943 2270 ού
1009 2213 1358 2289 καταισχύνει
1435 2215 1793 2292 συκοφαντίαν
1863 2217 1936 2288 (2)

273 2307 366 2360 καὶ
419 2299 737 2366 δυσσεϐείας
813 2305 1025 2374 ἀπάσης
1102 2302 1353 2359 ἐκκόπτει
1427 2303 1728 2382 ἀφορμήν;
1790 2303 1938 2359 Ἐπεὶ

274 2395 386 2471 γὰρ
444 2391 559 2449 οἶδε
626 2395 701 2468 (3)
754 2393 882 2454 τοὺς
939 2394 1184 2467 μαθητὰς
1241 2393 1316 2454 sic
1345 2392 1577 2466 ἀθυμίαν
1606 2392 1938 2448 καταπεσόν-

273 2505 399 2551 τας,
469 2483 660 2557 ὅτιπερ
709 2482 896 2547 αὐτοῖς
951 2483 1139 2556 παρὼν
1207 2483 1401 2538 ἀπεῖπε
1453 2483 1546 2538 τὸν
1599 2484 1734 2538 κατὰ
1780 2486 1940 2554 σῶμα

272 2574 570 2648 χωρισμὸν
604 2571 693 2627 καὶ
726 2571 811 2628 ὅτι
841 2574 919 2646 (4)
946 2571 1232 2646 πορεύεται
1261 2573 1397 2646 πρὸς
1436 2573 1528 2627 τὸν
1583 2570 1818 2646 Πατέρα,
1851 2570 1940 2626 διὰ

267 2668 441 2718 ταῦτα
473 2665 550 2734 (5)
607 2663 839 2724 τούτους
896 2659 1028 2717 ἰδὼν
1087 2661 1164 2724 εἷς
1219 2661 1514 2740 κατηφείας
1561 2660 1829 2738 λογισμὸν
1862 2665 1940 2734 (6)

265 2754 695 2830 καθενεχτέντας
732 2751 1240 2825 (7),ἀνακτώμενός
1426 2773 1485 2808 τε
1539 2753 1626 2806 καὶ
1673 2753 1766 2807 σὺν
1806 2751 1942 2823 ἁλη-

273 2841 400 2911 θεὶᾳ
428 2843 810 2914 ψυχαγωγῶν,
842 2845 1062 2915 πρῶτον
1093 2843 1168 2913 (9)
1221 2841 1338 2914 μὲν,
1397 2841 1479 2895 ὅτι
1525 2841 1785 2918 συμφέρει
1845 2841 1942 2896 αὐ-

265 2934 392 2992 τοῖς
446 2929 512 2984 τὸ
570 2927 826 2984 ἃπελθεῖν
881 2929 1042 2985 αὐτὸν
1101 2932 1233 3004 (10),
1262 2927 1618 3000 ξέκδιδάσκειο
1653 2931 1769 2985 εἶτα
1799 2927 1942 3006 διερ-

265 3018 529 3092 μηνεύων
584 3018 676 3072 καὶ
737 3019 850 3092 (11)
917 3018 1067 3080 ὅπως
1126 3019 1408 3095 συμφέρει,
1471 3020 1591 3076 Ἐὰν
1645 3021 1748 3097 γὰρ
1799 3020 1928 3096 ἐγὼ,

2046 1961 2220 2015 quam
2253 1962 2321 2004 ea
2349 1946 2537 2002 dicere
2566 1947 2750 2005 voluit
2779 1949 3087 2007 Servator?
3127 1956 3214 2009 An
3238 1972 3353 2012 non
3380 1957 3696 2014 doctrinam

2045 2034 2295 2092 abinitio
2309 2036 2583 2092 traditam
2609 2036 2890 2094 illibatam
2921 2041 3195 2096 servant?
3211 2044 3296 2097 An
3315 2060 3429 2099 non
3453 2061 3690 2103 omnem

2044 2123 2398 2180 calumniam
2430 2125 2798 2180 confundunt
2829 2143 3183 2200 omnemque
3200 2135 3462 2188 reserant
3482 2133 3696 2205 impie-

2048 2213 2186 2270 tatis
2225 2212 2472 2268 ansam?
2521 2214 2807 2279 Quoniam
2856 2216 3012 2272 enim
3061 2217 3205 2274 vidit
3263 2218 3580 2292 discipulos
3628 2222 3686 2277 in

2047 2301 2385 2360 mmstitiam
2419 2301 2724 2374 collapsos,
2773 2305 2908 2375 quia
2946 2307 3092 2378 ipsis
3131 2323 3388 2376 praesens
3432 2309 3691 2366 declara-

2050 2397 2208 2449 verat
2227 2392 2484 2448 futuram
2504 2408 2671 2448 suam
2693 2409 2794 2464 per
2815 2410 3026 2467 corpus
3048 2395 3129 2467 sej
3140 2397 3471 2454 unctionem
3493 2416 3689 2457 suam-

2050 2498 2164 2554 que
2201 2482 2272 2537 ad
2314 2481 2544 2537 Patrem
2586 2482 3027 2554 profectionem,
3070 2491 3370 2557 propterea
3411 2488 3554 2545 istos
3597 2489 3690 2544 in-

2045 2571 2228 2627 tuitus
2275 2569 2336 2626 in
2377 2573 2618 2626 moestas
2659 2571 3040 2642 cogitationes
3090 2575 3410 2642 demersos,
3460 2577 3688 2648 erigens

2047 2660 2179 2717 illos
2210 2675 2462 2730 veraque
2492 2659 2890 2716 consolatione
2920 2661 3206 2730 reﬁciens,
3241 2665 3429 2734 primo
3459 2665 3689 2736 quidem

2051 2749 2319 2822 expedire
2373 2749 2517 2821 ipsis
2568 2765 2629 2804 se
2683 2749 2842 2804 abire
2887 2750 3087 2818 docet;
3138 2752 3347 2808 deinde
3394 2754 3692 2826 explicans

2052 2855 2299 2912 quoque,
2331 2839 2623 2910 quomodo
2653 2838 2709 2893 id
2743 2838 3024 2910 eXpediat,
3061 2840 3124 2897 Si
3151 2841 3301 2897 enim
3330 2858 3445 2914 ego,
3481 2843 3687 2915 inquit,

2049 2946 2160 2986 non
2207 2930 2414 2996 abiero,
2462 2929 2779 2984 Paracletus
2834 2944 2943 2984 non
2991 2932 3166 2986 veniet
3226 2931 3296 2986 ad
3341 2946 3432 2987 vos
3469 2930 3538 2988 ⁵³.
3589 2931 3685 2988 Hae

2039 3019 2330 3092 siquidem
2361 3034 2528 3074 voces
2566 3018 2637 3072 ad
2677 3017 2926 3088 Spiritus
2969 3018 3288 3076 sublimem
3318 3021 3682 3092 majestatem

257 3109 422 3183 φησί,
489 3109 569 3180 μή
638 3107 882 3178 ἀπέλθω,
959 3109 987 3163 ὁ
1055 3107 1414 3183 Παράκλητος
1475 3108 1574 3164 οὐκ
1655 3109 1930 3168 ἐλεύσεται

2052 3113 2200 3181 ipsos
2213 3108 2468 3165 excitant
2483 3105 2926 3177 sublevantque,
2943 3109 3374 3178 quemadmodu
3386 3125 3441 3164 m
3465 3113 3522 3163 et
3542 3109 3682 3164 ista:

254 3177 398 3274 πρὸς
435 3177 601 3270 ὑμᾶς.
630 3196 702 3254 Ai
733 3194 791 3252 δὲ
820 3197 1067 3252 τοιαῦται
1098 3177 1273 3272 φωναὶ
1325 3195 1582 3268 δηλονότι
1631 3200 1744 3271 (12)
1795 3200 1932 3273 πρὸς

2052 3177 2160 3256 Non
2191 3199 2416 3270 potestis
2444 3200 2668 3268 portare
2696 3195 2853 3251 modo
2867 3195 2934 3253 ⁵³.
2960 3177 3078 3252 Sed
3122 3197 3351 3266 quando
3381 3197 3410 3252 ?
3449 3197 3681 3266 Quando

250 3287 308 3343 τὸ
381 3286 687 3363 μεγαλεῖον
733 3285 928 3348 αὐτοὺς
975 3291 1072 3342 τοῦ
1132 3286 1444 3360 Πνεύματος
1481 3287 1810 3362 ἀνυψοῦσθαι
1845 3284 1930 3341 δι-

2052 3289 2248 3345 uenerit
2279 3287 2514 3358 Spiritus
2544 3285 2818 3352 veritatis,
2850 3285 2945 3340 ille
2973 3284 3181 3342 docebit
3199 3302 3289 3342 vos
3309 3302 3523 3342 omnem
3543 3287 3684 3342 veri-

252 3381 575 3432 ιινισιντῶσιν⁸
647 3375 830 3450 ὥσπερ
897 3377 988 3431 καὶ
1042 3375 1127 3446 τὸ,
1183 3375 1256 3431 Ού
1313 3373 1537 3431 δύνασθε
1569 3378 1680 3449 (13)
1729 3377 1929 3450 βαστά-

2052 3383 2205 3435 Eatem
2227 3376 2292 3432 5‘.
2325 3375 2448 3431 Alia
2477 3389 2685 3430 rursus
2715 3373 2808 3430 hic
2835 3373 3105 3430 miranda
3147 3375 3398 3446 Spiritus
3437 3375 3680 3447 emergit

256 3471 368 3536 ζειν
411 3463 559 3540 ἄρτι.
613 3464 789 3522 Ἀλλὰ
830 3466 1010 3535 πότε;
1067 3467 1229 3520 Ὅταν
1282 3459 1414 3540 ἔλθῃ
1463 3464 1527 3520 τὸ
1575 3469 1795 3540 Πνεῦμα
1827 3473 1929 3536 τῆς

2052 3466 2434 3540 πίονοειιιὶνε,
2503 3481 2632 3536 quas
2697 3464 3002 3536 discipulis
3071 3464 3356 3536 explicata
3419 3468 3678 3521 mentem

254 3554 548 3626 ἀληθείας·
610 3553 782 3610 ἐκεῖνο
837 3557 949 3628 (14)
1001 3555 1106 3630 γὰρ
1156 3554 1296 3629 ὑμᾶς
1354 3552 1620 3631 ὁδηγήσει
1671 3558 1786 3630 (15)
1851 3556 1928 3620 εἰς

2057 3557 2269 3614 llorum
2300 3556 2360 3612 in
2390 3555 2738 3610 immensam
2786 3553 3155 3611 altitudinem
3194 3553 3399 3621 elevat,
3452 3553 3513 3609 in
3565 3569 3680 3624 qua

255 3651 439 3700 πᾶσαν
531 3645 633 3713 τήν
707 3643 986 3712 ἀλήθειαν.
1037 3643 1220 3701 ’Ἄλλο
1294 3643 1458 3699 πάλιν
1541 3643 1764 3698 ἐνταῦθα
1827 3649 1925 3701 τοῦ

2052 3647 2285 3717 Spiritus
2317 3645 2570 3716 dignitas
2600 3659 2779 3714 supra
2811 3644 3046 3699 modum
3077 3643 3224 3716 ipsis
3254 3643 3530 3700 enitebat.

256 3734 591 3807 Πνεῦματος
651 3731 879 3806 μέγεθος
918 3733 1288 3810 ἀναφυόμενον
1346 3733 1653 3806 θαυμαστὸν
1709 3733 1798 3788 καὶ
1853 3739 1970 3796 τοῖς
2031 3735 2299 3808 μαθηταῖς
2367 3731 2836 3803 ἁναπτυσσόμενον
2903 3732 2991 3785 καὶ
3074 3731 3402 3806 μετεωρίζον
3499 3729 3674 3784 αὐτῶν

253 3827 365 3894 τήν
401 3819 649 3878 διάνοιαν
677 3823 753 3885 εἰς
785 3821 985 3899 ἄφατον
1018 3822 1173 3897 ὕψος,
1209 3821 1260 3878 ἐν
1289 3823 1334 3895 ᾦ
1363 3826 1460 3877 τοῦ
1488 3823 1800 3894 Πνεύματος
1832 3822 2017 3887 αὐτοῖς
2055 3825 2172 3879 καθ’
2205 3819 2514 3896 ὑπερϐολὴν
2548 3818 2817 3892 διέλαμπε
2847 3821 2910 3875 τὸ
2935 3821 3170 3893 ἀξίωμα.

327 3917 436 3970 κε’.
489 3916 550 3969 Τί
615 3912 752 3982 οῦν;
811 3913 974 3976 Εἰκὸς
1025 3917 1090 3984 ἦν
1151 3914 1338 3976 αὐτοῖς
1395 3911 1503 3968 ὧδέ
1560 3934 1662 3967 που
1691 3912 1939 3988 περὶτοῦ

2117 3918 2207 3970 25.
2241 3915 2385 3979 Quid
2418 3929 2554 3984 ergo
2582 3911 2610 3967 ‘t
2634 3911 2821 3967 Facile
2861 3918 2982 3967 erat
3019 3913 3178 3983 ipsis,
3225 3911 3332 3968 bas
3375 3914 3557 3970 ferme
3597 3931 3697 3970 co-

263 4006 595 4076 Πνεύματος
651 4002 986 4078 ἀνηγμένοις
1043 4001 1450 4079 διαλογίζεσθαι
1523 4004 1660 4076 (16).
1739 4001 1814 4056 Σὺ
1882 3999 1939 4057 δέ

2052 4004 2364 4078 gitationes
2396 4005 2464 4059 de
2493 4001 2709 4073 Spiritu
2741 4001 2799 4056 in
2845 4001 3042 4057 animo
3100 4003 3365 4073 agitare:
3435 4007 3496 4057 tu
3556 4019 3688 4059 vero

259 4093 489 4166 παρὼν,
546 4092 592 4146 ὦ
651 4090 944 4148 διδάσκαλε
989 4095 1121 4167 [30],
1167 4094 1450 4168 βαστάζειν
1483 4094 1630 4165 ἡμᾶς
1659 4091 1720 4146 τὸ
1774 4092 1938 4166 βάρος

2052 4108 2323 4166 praesens,
2356 4107 2388 4146 ο
2419 4089 2717 4161 magister,
2749 4089 2902 4145 vires
2933 4089 3102 4144 nobis
3133 4105 3246 4144 non
3279 4089 3692 4161 suppeditabas

262 4185 381 4239 οὐκ
410 4181 653 4256 ἐνίσχυες
701 4183 815 4255 (17)
874 4187 983 4238 τῶν
1027 4180 1378 4258 ἁπορῥήτων.
1427 4185 1489 4238 Ὁ
1548 4179 1605 4236 δὲ
1648 4181 1939 4256 Παρᾶκλη-

2052 4181 2335 4254 portando
2371 4194 2714 4236 arcanorum
2747 4177 2927 4234 oneri.
2961 4177 3296 4233 Paracletus
3341 4182 3536 4234 autem
3587 4195 3692 4235 su-

257 4293 364 4334 τος
421 4271 671 4326 ἐπελθὼν
741 4269 995 4346 βελτίους
1051 4273 1200 4347 ἡμᾶς
1228 4273 1315 4326 καὶ
1350 4271 1741 4347 ἰσχυροτέρους
1771 4270 1848 4335 εἷς
1875 4272 1936 4327 τὸ

2052 4271 2390 4343 perveniens
2439 4268 2689 4342 aptiores
2751 4283 2854 4322 nos
2909 4265 3330 4336 validioresque
3401 4266 3694 4338 gestanda

261 4362 452 4440 φέρειν
511 4359 690 4414 αὐτῶν
756 4361 854 4428 τήν
940 4363 1135 4433 γνῶσιν
1210 4356 1430 4436 ἁϐαρῶς
1513 4360 1926 4435 παρασκευάσει.

2052 4361 2285 4417 illorum
2315 4359 2630 4431 cognitioni
2662 4357 2881 4429 absque
2901 4372 3077 4412 onere
3105 4355 3332 4412 efﬁciet.
3366 4356 3436 4411 Et
3467 4361 3528 4410 tu
3561 4356 3690 4427 qui-

263 4451 373 4508 Καὶ
403 4449 467 4505 σὺ
504 4449 603 4522 μὲν
655 4446 745 4503 ἐπὶ
802 4451 919 4521 (18)
979 4450 1177 4524 μέρους
1207 4452 1342 4522 ἡμῖν
1399 4450 1498 4518 τήν
1533 4447 1794 4520 ἀλήθειαν
1840 4449 1936 4503 ἀν-

2052 4451 2182 4508 dem
2213 4466 2282 4506 ex
2313 4455 2474 4522 parte
2505 4447 2674 4504 nobis
2704 4445 2969 4504 revelasti
2995 4461 3008 4512 ;
3032 4443 3130 4500 ille
3159 4447 3356 4499 autem
3377 4443 3436 4499 in
3455 4459 3686 4500 omnem

341 4578 389 4614 ⁴⁹
415 4578 596 4635 Joan.
631 4593 751 4645 xxv,
781 4575 895 4645 28;
929 4592 1048 4648 xvx,
1076 4577 1132 4646 5,
1209 4576 1254 4613 ⁸ο
1277 4578 1450 4635 Joan.
1481 4595 1598 4646 xvx,
1627 4579 1683 4644 6,
1711 4578 1769 4634 7.
1847 4577 1890 4613 ⁸¹
1921 4577 1938 4632 i

2052 4619 2067 4649 ,
2097 4577 2284 4633 12-15.
2363 4577 2408 4611 ⁵²
2440 4575 2583 4644 ibid,
2621 4576 2702 4631 17.
2783 4574 2827 4608 ⁵³
2856 4573 2998 4644 ibid,
3033 4574 3118 4628 12.
3193 4569 3241 4604 54
3271 4570 3416 4639 ibid,
3451 4570 3538 4624 15.

1451 4747 1692 4804 VABIIE
1733 4746 2128 4805 LECTIONES
2169 4747 2254 4802 ET
2291 4744 2525 4801 NOT/E.

2119 4883 2197 4954 (8)
2227 4881 2384 4954 Men.
2418 4874 2789 4954 ἀνακτωμενοί
2818 4895 2896 4930 τε.

2120 4952 2197 5024 (9)
2230 4953 2386 5024 Men.
2419 4952 2629 5022 πρῶτα.

2143 5017 2228 5097 10)
2261 5021 2422 5097 αὐτὸν
2461 5017 2624 5097 deest
2652 5019 2722 5097 i_n_
2744 5017 2899 5074 Mon.

2145 5090 2231 5170 11)
2262 5093 2352 5148 καί
2385 5096 2546 5170 deest
2574 5092 2634 5146 in
2653 5090 2824 5170 “Mon.

2117 5159 2232 5238 (12)
2261 5171 2410 5222 Mon.
2445 5161 2614 5238 δῆλον
2649 5159 2756 5218 ὅτι.

2117 5233 2225 5310 (13)
2258 5239 2425 5310 Mon._
2449 5233 2707 5306 δύναμαι.

2145 5306 2229 5379 14)
2259 5309 2376 5365 Col.
2410 5306 2635 5379 ἐκεῖνος.

2146 5375 2904 5457 15⁷)Μορρδδηγήεειέιιξᾶςο
3037 5452 3046 5457 _
3162 5447 3178 5457 .
3265 5446 3314 5457 -.
3599 5441 3656 5457 ..

2149 5441 2236 5524 16)
2270 5451 2484 5508 Exhinc
2513 5441 2792 5522 discipuli
2813 5449 3116 5519 loquentes
3147 5447 3218 5504 de
3259 5443 3473 5503 Christi
3503 5441 3692 5500 verbis

2047 5524 2429 5580 inducuntur.

2463 5591 2742 5668 βαστάζεις
2766 5593 2913 5664 ἡμᾶς
2945 5590 3006 5644 τὸ
3030 5591 3196 5664 βάρος
3227 5588 3324 5644 οὐκ
3353 5583 3690 5658 ἐνισχύοντες

2051 5669 2110 5738 (f.
2143 5665 2195 5720 ἐν
2205 5665 2532 5738 ι’σχύοντας.)

2119 5739 2234 5813 (18)
2261 5735 2420 5796 Μοιι.
2453 5735 2581 5793 ἀπό.

370 4887 467 4955 96)
496 4886 624 4955 ’Ὁτι
656 4882 818 4955 deest
848 4882 907 4939 in
941 4883 1070 4955 cod.
1107 4882 1331 4955 Monac.

497 4954 624 5029 qu.
935 4951 1174 5029 ρήμασέν
1203 4952 1412 5015 αὐτοῖς.

374 5023 490 5100 97')
513 5023 688 5100 Mpn}
723 5023 1023 5100 λελάληκα
1039 5024 1229 5080 ταῦτα.

373 5095 625 5169 98)(301.
655 5096 719 5169 ὑ.⁸
741 5098 776 5163 ἡ
808 5095 980 5166 λύπη.

373 5105 464 5169 se)
499 5105 705 5154 (101.6.
741 5105 776 5163 ἡ
810 5105 980 5166 λύπη.

353 5105 469 5244 199)
517 5169 643 5244 (_30_|_.
696 5166 851 5243 ἀναγ.
896 5169 1047 5244 ύμῖνο
1100 5167 1308 5244 ἐκεῖνος
1355 5165 1453 5241 ἐμὲ
1503 5163 1714 5238 δοξάσει
1763 5169 1845 5224 ὅτι
1877 5167 1936 5223 ἐκ

274 5237 379 5296 τοῦ
532 5239 774 5316 λήψεται
810 5237 1190 5316 ξιξ-ἀναγγελεῖ
1221 5239 1368 5312 ὑμῖν.

380 5312 492 5386 1)⁷ὁ
533 5313 726 5386 σωτήρ
759 5313 920 5370 addit
947 5312 1175 5386 Monac.
1203 5317 1261 5370 et
1289 5312 1409 5368 Col.

378 5383 432 5456 2)
463 5383 705 5457 Κρηθέα(
724 5383 1105 5457 συκοφαντίας.

384 5451 438 5513 3)
462 5455 584 5513 Col.
611 5451 752 5511 ῗδεν.

389 5523 440 5594 4)
471 5527 632 5583 M011.
666 5523 877 5594 ὅτιπερ.

384 5594 442 5655 5)
474 5599 640 5655 Mon.
676 5594 766 5652 διὰ
794 5601 976 5653 τοῦτο.

383 5669 436 5746 εξ)
466 5670 591 5746 9.01-
629 5669 960 5746 λογισμφιὲςο

383 5675 436 5740 6)
466 5675 591 5727 Col.
629 5675 960 5746 λογισμούς.

364 5675 444 5818 (7)
471 5741 628 5800 Man.
662 5740 1051 5817 καταχθέντας.

356 5316 381 5674 ἓ
