4084 6210
362 397 478 460 307
1563 391 1831 455 PHOTII
1887 391 2420 455 PATRIARCHIE
2461 393 2576 456 ΟΡ.
3662 390 3784 453 308

363 549 472 590 nos
510 531 759 587 deducet
788 527 1111 586 veritatem.
1146 528 1225 583 Ae
1258 530 1311 583 te
1339 525 1571 598 quidem
1609 526 1884 598 mysteria
1905 527 2008 582 do-
2042 587 2043 592 η

2158 523 2402 598 κάλυψας
2434 526 2570 598 (19)’
2613 522 2812 586 ἐκεῖνος
2844 519 2901 579 δὲ
2943 518 3202 599 ὁδηγήσει
3235 522 3383 595 ἡμᾶς
3415 524 3523 594 (20)
3553 521 3631 586 είς
3679 527 3789 578 πῖ·

364 623 528 676 cente
556 619 747 674 adhuc
774 633 1016 690 egemus
1047 620 1104 672 et
1135 614 1423 687 sapientia
1452 618 1508 670 et
1535 615 1750 670 virtute
1779 619 1836 670 et
1875 615 2022 669 veri-

2158 635 2228 668 rav
2270 616 2369 683 τήν
2411 614 2693 686 ἀλήθειανο
2744 613 2830 667 καὶ
2867 615 2960 667 σοῦ
3026 613 3118 684 μὶν
3178 616 3668 688 μυσταγωγοῦντος
3709 608 3788 668 ἔτι

365 716 498 778 tale,
543 707 642 763 ille
685 722 815 763 vero
861 705 1176 763 adveniens
1222 703 1417 760 omnia
1461 704 1628 759 nobis
1679 704 2026 775 perfruenda

2158 702 2366 776 ἰεόμεθα
2414 703 2503 758 καὶ
2552 702 2740 780 σοφίας
2814 703 2902 756 καὶ
2980 698 3256 774 δυνάμεως
3325 701 3415 756 καὶ
3498 700 3788 772 ἀληθείας⁸

366 797 660 854 uberrime
709 795 1006 868 praebebit.
1046 795 1102 850 Si
1152 809 1288 866 ergo
1337 797 1421 860 tu,
1468 792 1876 849 substantialis
1926 809 2017 850 sa-

2158 798 2332 854 κεῖνος
2382 790 2438 846 δὲ
2486 791 2874 867 παραγεγονὼς
2921 790 3134 844 πάντων
3180 791 3315 862 ἡμῖν
3365 791 3463 860 τήν
3533 788 3786 845 ἀπόλαυ·

368 887 593 960 pientia
621 893 676 942 et
707 885 940 953 veritas,
977 884 1098 941 haec
1127 884 1317 949 doces,
1350 899 1466 939 non
1500 884 1702 954 utique
1725 882 2020 954 ambigere

2158 903 2210 935 ἰν
2272 881 2502 958 ἄφθονον
2564 881 2863 956 παράσχοι.
2925 879 2986 935 Εἰ
3036 878 3215 934 τοίνυν
3274 878 3335 934 σὺ
3381 883 3640 951 ταῦτα,ἠ
3699 881 3786 936 έν·

368 993 478 1033 nos
511 977 697 1042 decet,
732 977 1007 1046 majorem
1041 988 1274 1046 quoque
1304 973 1584 1031 honorem
1619 989 1684 1031 ac
1715 972 1954 1046 gloriam
1988 991 2022 1030 a

2158 970 2429 1032 ιπόστατος
2471 971 2632 1046 σοφία
2683 969 2774 1023 καὶ
2825 967 3077 1039 ἃλήθεια,
3125 965 3416 1038 διδάσκεις,
3463 971 3565 1024 οὐκ
3611 967 3788 1024 ἐπιδι-

374 1065 542 1122 nobis
574 1064 816 1136 Spiritui
844 1079 974 1122 esse
1004 1063 1399 1119 tribuendam.

2158 1060 2342 1130 ’τάζειν
2371 1061 2518 1133 ἡμᾶς
2561 1065 2808 1132 προσῆκε
2836 1059 2924 1114 καὶ
2958 1065 3058 1128 τῆς
3107 1057 3242 1132 πρὸς
3271 1059 3333 1112 τὸ
3377 1063 3559 1132 μεῖζον
3625 1058 3786 1132 ἐξαλ-

2132 1147 2438 1220 λαττούσης
2468 1155 2637 1223 τιμῆς
2687 1169 2746 1204 τε
2782 1147 2870 1203 καὶ
2904 1145 3064 1218 δόξης
3093 1147 3156 1202 τὸ
3190 1151 3409 1222 Πνεῦμα
3458 1150 3587 1222 παρ’
3615 1150 3784 1222 ἡμῶν

2132 1240 2409 1308 ἀξιοῦσθαι
2436 1242 2564 1311 (21).

2202 1329 2334 1403 κζ’.
2370 1326 2588 1398 Ἐπειδὴ
2650 1328 2740 1382 οὗν
2786 1327 2852 1382 τὰ
2911 1326 3096 1401 ὑψηλά
3141 1328 3266 1399 περὶ
3321 1327 3418 1382 τοῦ
3475 1325 3793 1399 Πνειόματος

2133 1417 2431 1493 εἰσηγεῖται
2486 1419 2601 1491 (22)
2657 1417 2748 1490 μὲν
2819 1421 2936 1477 τοῖς
2999 1418 3268 1490 μαθηταῖς
3327 1416 3354 1469 6
3397 1415 3617 1490 Σωτήρ,
3649 1417 3796 1470 ἀπο-

367 1527 532 1579 vens,
556 1508 855 1580 simulque
875 1523 1068 1562 veram
1093 1508 1164 1564 de
1177 1507 1396 1580 Spiritu
1413 1508 1732 1564 doctrinam
1753 1507 1984 1566 tradens
2006 1525 2020 1576 ;

2158 1507 2523 1581 κευαζὸμενός
2589 1528 2648 1562 τε
2709 1506 2882 1562 αὐτῶν
2938 1507 2998 1562 τὸ
3057 1508 3325 1580 ἀθυμοῦν,
3357 1505 3472 1579 ἅμα
3502 1503 3558 1560 δὲ
3586 1505 3700 1575 ,καὶ
3732 1506 3800 1561 τὸ

375 1599 705 1655 humanum
759 1600 954 1652 autem
1008 1600 1131 1652 erat
1186 1596 1639 1669 cogitationibus
1687 1613 1803 1653 non
1853 1596 2022 1668 plane

2158 1601 2357 1670 Ινεῦμα
2400 1595 2452 1650 ἐν
2500 1595 2729 1667 ἀληθείᾳ
2777 1593 3074 1670 θεολογῶν,
3121 1594 3424 1670 λογισμοῖς
3481 1591 3530 1648 δ’
3581 1593 3795 1667 ἀνθρώ-

369 1687 535 1760 puris
594 1684 1020 1756 discipulorum
1075 1684 1282 1758 agitari
1316 1691 1537 1742 mentes
1610 1685 1801 1758 (facile
1866 1687 2022 1742 enim

2158 1705 2286 1741 τινον
2340 1687 2404 1755 ἦν
2579 1685 2678 1740 οὐκ
2735 1683 2971 1760 εὖαγέσιν
3027 1683 3479 1758 ἃνακυμαίνεσθαι
3528 1683 3620 1739 τὸν
3665 1687 3796 1738 νοῦν

374 1777 572 1835 anima
628 1792 874 1832 mmrore
931 1783 1194 1847 correpta
1247 1775 1365 1832 vim
1416 1777 1724 1848 judicandi
1774 1776 2022 1849 caligine

2158 1779 2237 1829 κῶν
2263 1777 2544 1850 μαθητῶνο
2580 1771 2752 1829 δεινὸν
2789 1775 2890 1849 γὰρ
2923 1776 2956 1843 ἡ
2990 1775 3142 1850 ψυχή
3188 1773 3336 1848 λύπῃ
3375 1774 3592 1846 (24-25)
3622 1773 3792 1827 κάτο-

372 1866 726 1939 perturbans
768 1865 918 1935 quod
969 1863 1220 1920 salutare
1281 1874 1366 1920 est
1423 1866 1482 1920 in
1541 1866 1777 1922 noxium
1836 1869 2025 1938 potest

2158 1885 2234 1937 εος
2286 1866 2550 1940 γενομένη
2604 1863 2695 1919 καὶ
2746 1864 2810 1918 τὸ
2848 1865 3162 1938 κριστήριον
3206 1862 3381 1937 ἂχλύϊ
3411 1859 3791 1916 συναναθολώ-

375 1954 779 2026 detorquere);
815 1961 1134 2025 pr0ptsrea,
1171 1969 1241 2008 ne
1268 1954 1550 2026 Spiritum
1577 1954 1720 2010 Filio
1752 1956 2023 2026 majorem

2158 1955 2402 2027 raaa(‘26)
2445 1960 2545 2022 τῆς
2594 1946 2905 2026 μεταϐολῆς
2951 1952 3014 2007 τὸ
3055 1954 3326 2025 σωτήριον
3371 1951 3789 2023 ἀντεμεθέλκειν

377 2045 802 2102 arbitrarentur
873 2046 1069 2112 utpote
1136 2043 1354 2113 majora
1436 2044 1810 2115 praebentem,
1889 2060 2029 2100 neve

2158 2040 2214 2103 ,ίς
2271 2041 2335 2096 τὸ
2394 2036 2688 2115 βλαϐερόν·
2752 2038 2841 2095 διά
2897 2046 3064 2096 τοῦτο
3123 2041 3198 2103 ὡς
3257 2041 3315 2095 ἃν
3357 2041 3528 2114 μὴτὸ
3565 2045 3794 2113 Πνεῦμα

379 2133 498 2189 illis
527 2131 644 2189 ulla
676 2131 945 2204 cogitatio
995 2130 1324 2187 oboriretur
1361 2133 2028 2190 consubstantialitatem

2158 2136 2326 2200 ιεῖζον
2383 2127 2783 2204 παραδέξωνται
2840 2133 2935 2184 τοῦ
2993 2131 3150 2200 Υἱοῦ,
3211 2131 3299 2184 ἅτε
3358 2127 3424 2198 δὴ
3485 2130 3552 2184 τὰ
3616 2130 3795 2202 μείζω

387 2221 608 2278 laedens
636 2219 1147 2292 aequalitatemque
1179 2219 1440 2290 ipsorum
1471 2220 1530 2276 in
1573 2222 2031 2294 inmqualitatem

2158 2219 2537 2296 παρεχόμενον,
2617 2221 2705 2273 καὶ
2777 2218 3048 2294 λογισμὸς
3135 2218 3318 2281 αὐτοῖς
3393 2217 3611 2274 ἐπέλθοι
3693 2219 3800 2286 τὴν

381 2308 737 2378 distrahens,
772 2311 837 2364 ut
868 2308 1126 2381 optimus
1159 2312 1215 2364 et
1257 2325 1560 2382 corporum
1605 2313 1662 2365 et
1701 2311 2030 2369 animarum

2158 2310 2413 2389 ὧμοφυΐαν
2475 2305 2707 2385 ὑϐρίζων
2748 2313 2834 2365 καὶ
2891 2312 2951 2365 τὸ
3005 2310 3252 2384 ἰσότιμον
3298 2311 3478 2366 αὐτῶν
3509 2309 3585 2373 είς
3617 2311 3799 2365 ἀνισό-

435 1332 526 1386 26.
561 1329 845 1397 Quoniam
883 1329 1058 1400 igitur
1095 1328 1373 1385 sublimia
1414 1329 1535 1386 haec
1569 1331 1640 1386 de
1688 1330 1907 1400 Spiritu
1939 1329 2024 1386 di-

366 1418 613 1493 scipulis
642 1419 879 1492 exponit
907 1417 1190 1488 Salvator,
1234 1419 1570 1475 mmstitiam
1605 1420 1678 1476 ab
1708 1419 1826 1474 illis
1859 1434 2021 1475 amo-

385 2400 673 2470 medious,
706 2398 962 2457 salutare
992 2403 1282 2471 praeparat
1312 2399 1827 2458 medicamentum.

461 2666 550 2721 27.
584 2665 745 2730 Quod
777 2664 822 2720 si
854 2665 1147 2736 apostolos
1178 2664 1469 2734 eiusmodi
1510 2664 1890 2738 cogitationes
1929 2682 2034 2722 nec

392 2759 662 2816 tenebant
683 2771 788 2814 nec
814 2756 1108 2829 agitabant
1132 2773 1236 2813 nec
1258 2756 1578 2812 turbabant
1598 2757 1862 2826 (fortasse
1884 2757 2038 2814 enim

399 2846 662 2903 sanctius
694 2849 783 2902 est
815 2843 1004 2911 fateri,
1035 2859 1270 2901 sacrum
1293 2843 1455 2899 illum
1486 2847 1694 2899 coetum
1719 2860 1832 2899 non
1864 2845 2038 2901 fuisse

400 2933 747 3007 hujusmodi
777 2933 1105 2990 confusioni
1136 2949 1202 2989 ac
1233 2933 1668 2989 conturbationi
1699 2934 2039 3007 obnoxium)

400 3029 657 3082 attamen
707 3022 945 3078 malitiae
976 3023 1242 3078 inventor
1269 3026 1326 3078 et
1381 3024 1586 3078 artifex
1635 3021 1850 3078 bonum
1902 3023 2041 3079 mali

404 3113 596 3187 specie
649 3111 1155 3168 circumvestiendi
1207 3112 1597 3182 peritissimus
1665 3111 1879 3168 multos
1939 3130 2041 3184 po-

2139 2422 2280 2471 τητα
2337 2399 2600 2469 διασπῶν,
2661 2401 2736 2464 ὡς
2790 2397 3014 2476 ἄριστος
3070 2402 3158 2456 καὶ
3209 2403 3323 2474 (27)
3362 2403 3468 2455 τῶν
3521 2401 3797 2473 σωμάτων

2143 2491 2231 2544 καὶ
2261 2493 2369 2544 τῶν
2402 2492 2598 2564 ψυχῶν
2633 2488 2816 2564 ίατρὸς
2846 2489 2908 2544 τὸ
2956 2491 3230 2566 σωτήριον
3279 2483 3803 2564 προκαταϐάλλεται

2145 2578 2452 2657 φάρμακον.

2218 2670 2331 2742 [31]
2363 2669 2461 2738 κζ’.
2497 2669 2556 2724 Εἰ
2589 2665 2646 2723 δέ
2673 2689 2733 2743 γε
2761 2666 2886 2730 τοὺς
2937 2668 3179 2741 μαθητὰς
3225 2670 3299 2742 μή
3342 2673 3618 2743 συνεῖχον,
3655 2666 3801 2740 μηδ’

2148 2753 2435 2812 ἂνεσόϐουν
2482 2760 2616 2831 (28),
2693 2755 2832 2830 μηδέ
2912 2758 3298 2832 συνετάραττον
3384 2759 3495 2831 (29)
3549 2761 3800 2812 τοιοῦτοι

2150 2847 2408 2920 λογισμοὶ
2467 2846 2716 2921 (κρείττω
2765 2849 2868 2924 γὰρ
2917 2854 3015 2916 τῆς
3056 2847 3314 2918 τοιαύτης
3359 2847 3672 2923 συγχύσεως
3699 2846 3802 2900 καὶ

2143 2942 2392 3011 ταραχῆς
2473 2936 2564 2991 τὸν
2631 2937 2772 3010 ἱερὸν
2859 2935 3064 2991 ἐκεῖνον
3141 2936 3309 3012 ’χόρὸν
3401 2929 3797 3010 εὐλαϐέστερον

2151 3025 2284 3088 ἴσως
2313 3027 2424 3098 (30)
2465 3024 2808 3100 ὁμολογεῖν),
2856 3023 2988 3080 ἀλλ’
3033 3024 3123 3080 οὖν
3166 3026 3194 3080 ὁ
3231 3031 3331 3094 τῆς
3358 3023 3546 3088 κακίας
3573 3023 3804 3097 εὑρετὴς

2151 3116 2240 3169 καὶ
2295 3115 2549 3188 τεχνίτης
2610 3115 2672 3170 τὸ
2729 3113 2947 3190 βέλτιον
2990 3118 3060 3188 τῇ
3099 3118 3196 3170 τοῦ
3237 3113 3487 3189 χείρονος
3538 3114 3808 3190 φαντασίᾳ

403 3205 617 3262 tuisset
648 3219 766 3259 sum
800 3201 1025 3258 fraudis
1059 3203 1309 3274 praedam
1342 3202 1568 3260 efficere
1598 3201 2043 3274 opinionemque

2159 3198 2498 3276 περιϐαλεῖν,
2530 3201 2777 3265 πολλοὺς
2822 3202 2880 3257 ἂν
2932 3201 3059 3277 ἔσχε
3097 3205 3203 3276 (31)
3254 3210 3353 3272 τῆς
3406 3201 3606 3264 οἰκείας
3635 3203 3806 3272 ποιή-

401 3294 738 3351 hazreticam
793 3293 1106 3348 animabus
1163 3292 1468 3348 hominum
1529 3293 1814 3362 inserere;
1867 3310 2043 3365 quam

402 3402 520 3440 una
550 3400 683 3440 cum
719 3383 848 3454 ipsa
904 3382 1102 3438 fraude
1153 3383 1484 3454 fraudisque
1533 3383 1752 3439 artifice
1796 3384 2045 3438 confun-

403 3474 544 3528 dens
598 3489 664 3527 ac
723 3471 1019 3541 dissipans
1077 3470 1334 3526 Salvator
1400 3476 1567 3527 acute
1616 3472 1930 3528 admodum
1989 3476 2046 3528 et

403 3559 594 3614 divine
651 3558 881 3628 adjecit,
943 3559 1121 3628 quod,
1179 3559 1294 3614 Non
1354 3559 1607 3629 loquetur
1641 3576 1676 3614 a
1739 3562 2041 3630 semetipso,

402 3651 492 3704 sed
549 3661 882 3720 quaecunque
937 3646 1198 3712 audierit,
1261 3647 1598 3718 loquetur“.
1678 3650 1818 3705 Nam
1868 3635 1926 3705 et
1975 3651 2045 3707 de

402 3735 595 3808 seipse
625 3739 798 3790 antea
847 3734 1104 3790 dixerat:
1140 3735 1335 3791 Omnia
1382 3751 1725 3810 quaecunque
1769 3738 1960 3795 audiui
2005 3756 2046 3796 a

404 3831 572 3883 Patre
599 3841 738 3895 meo,
763 3835 891 3883 ποια
919 3827 1033 3897 feci
1057 3827 1204 3883 vobis
1232 3826 1296 3880 ⁵⁸.
1331 3830 1409 3885 Ae
1461 3830 1509 3885 si
1555 3831 1774 3887 diceret
1807 3849 1820 3886 :
1883 3833 2044 3890 Uter-

405 3932 517 3987 que
549 3919 812 3972 nostrum
846 3933 914 3972 ex
946 3921 1109 3973 Patre
1155 3917 1328 3974 habet
1367 3919 1571 3976 docere
1616 3925 1673 3976 et
1714 3920 2047 3980 illuminare

403 4010 630 4061 mentes
660 4010 901 4061 vestras.
936 4007 1068 4062 Ideo
1101 4013 1152 4062 st
1185 4007 1319 4078 quia
1343 4007 1400 4062 in
1427 4025 1733 4082 progressu
1758 4013 2047 4068 sermonis

403 4094 548 4150 dixit
577 4095 828 4150 dePatre
843 4110 944 4150 suo
962 4112 975 4150 :
995 4096 1173 4166 Egote
1194 4097 1514 4168 clariﬁcavi
1533 4115 1701 4170 super
1721 4106 1925 4156 terram
1957 4100 2005 4135 ⁵⁷
2031 4119 2046 4157 :

401 4183 521 4238 imo
551 4187 607 4240 et
638 4183 802 4241 Pater
833 4184 1040 4240 Filium
1082 4185 1382 4242 clarificat.
1435 4187 1577 4244 Nam
1629 4193 1678 4244 at
1719 4191 2048 4261 clariﬁcavi,

399 4273 612 4344 inquit,
627 4280 677 4327 et
697 4274 898 4327 iterum
918 4273 1236 4343 clariﬁcabo
1257 4275 1300 4309 ⁸⁸
1323 4292 1337 4342 ;
1363 4292 1518 4332 nunc
1539 4293 1671 4333 vero
1694 4283 1751 4334 et
1771 4279 2051 4350 Spiritum

403 4361 677 4416 clarificat
711 4359 889 4414 Filius
921 4375 1024 4431 per
1056 4362 1362 4430 praedictas
1384 4363 1666 4420 sublimes
1699 4366 2051 4440 divinaeque

402 4465 572 4506 voces
607 4466 619 4505 :
654 4447 782 4503 ideo
816 4448 989 4520 paulo
1023 4455 1154 4519 post
1181 4451 1382 4506 subdit
1414 4468 1427 4507 :
1461 4452 1571 4508 Ille
1593 4470 1678 4510 me
1699 4457 2052 4528 clariﬁcabit,

405 4538 1296 4610 ubiqueconsubstantialitatem
1322 4544 2045 4615 naturaqueidentitatem

405 4643 471 4684 ac
502 4627 800 4701 dignitatis
843 4629 1230 4698 aequalitatem
1274 4629 1551 4688 inviolata
1589 4648 1848 4691 servans.
1890 4639 1967 4691 Ac
1997 4639 2046 4692 si

405 4717 540 4785 quis
569 4717 762 4773 dicat:
795 4717 1116 4775 Commune
1146 4723 1236 4775 est
1273 4723 1819 4794 supersubstantiali
1856 4741 1920 4780 ac
1951 4742 2049 4781 su-

2155 3295 2341 3348 σασθαι
2409 3293 2630 3366 θήραμα
2708 3298 2968 3366 μηχανῆς
3039 3293 3126 3346 καὶ
3217 3289 3374 3364 δόξαν
3433 3290 3810 3366 αἱρετίζουσαν

2153 3387 2506 3454 κατασπεῖραι
2563 3383 2674 3454 (32)
2725 3386 2842 3442 ταῖς
2901 3384 3007 3436 τῶν
3066 3380 3364 3456 ἀνθρώπων
3421 3382 3629 3454 ψυχαῖς
3667 3399 3680 3412 ⁸
3737 3380 3809 3449 ἢν

2152 3471 2290 3545 αὐτῇ
2356 3465 2637 3543 καταϐολῇ
2687 3469 2777 3523 καὶ
2835 3468 2980 3541 αὐτῷ
3032 3469 3254 3546 τεχνίτῃ
3309 3471 3692 3544 καταισχύνων
3746 3488 3810 3523 τε

2152 3560 2241 3614 καὶ
2273 3556 2632 3627 διασκεδάζων
2659 3559 2686 3612 6
2725 3559 2921 3633 Σωτὴρ
2955 3557 3119 3628 ὀξέως
3175 3559 3266 3614 καὶ
3309 3559 3626 3633 θεοπρεπῶς
3684 3556 3808 3633 ἐπιτ

2154 3648 2302 3726 φέρει
2370 3646 2570 3722 λέγων,
2642 3648 2716 3710 ὡς
2791 3631 3160 3718 Οὐήλαλήσει
3220 3648 3310 3726 ἀφ’
3374 3631 3590 3717 ἑαυτοῦ,
3670 3631 3812 3700 ἀλλ’

2153 3738 2253 3792 ’ὀσα
2310 3737 2370 3792 ἂν
2431 3737 2658 3810 ἀκουσῃ,
2715 3733 2969 3806 λαλήσει·
3029 3737 3117 3790 καὶ
3166 3735 3266 3811 γάρ
3322 3735 3411 3790 καὶ
3482 3737 3596 3808 (33)
3677 3734 3809 3808 περὶ

2154 3828 2320 3883 αὑτοῦ
2379 3828 2444 3895 ἦν
2504 3825 2872 3901 προειρηκὼς,
2954 3826 3036 3881 ὃτι
3103 3825 3336 3880 ΙΙάνταᾶ
3374 3822 3583 3894 ἤκουσα
3659 3823 3812 3896 παρὰ

2155 3921 2250 3972 τοῦ
2311 3915 2542 3990 Πατρός,
2614 3937 2741 3988 μου,
2808 3913 3072 3990 ἐγνώρισα
3143 3915 3294 3986 ὑμῖν,
3362 3916 3498 3969 οἷον
3571 3916 3809 3987 Ἀμφοῖν

2156 4011 2292 4081 ἡμῖν
2328 4007 2386 4063 ἐκ
2432 4011 2528 4062 τοῦ
2581 4006 2787 4080 Πατρός
2839 4003 2951 4058 ἐστι
2999 4005 3061 4060 τὸ
3098 4001 3367 4058 διδάσκειν
3417 4002 3504 4058 καὶ
3554 4000 3812 4081 φωτίζειν

2155 4099 2250 4160 τὰς
2285 4095 2520 4158 διανοίας
2553 4098 2733 4168 ἡμῶν.
2779 4095 2870 4149 Διὸ
2901 4093 2992 4149 καὶ
3033 4091 3172 4149 διότι
3217 4094 3426 4167 προϊὼν
3471 4091 3640 4172 ἔφησε
3683 4091 3811 4166 περὶ

2155 4196 2252 4246 τοῦ
2321 4189 2552 4264 Πατρὸς,
2611 4188 2694 4242 ὅτι
2757 4188 2900 4262 Ἐγώ
2967 4208 3025 4242 σε
3091 4184 3314 4256 ἐδόξασα
3379 4184 3466 4240 ἐπὶ
3531 4190 3632 4252 τῆς
3677 4189 3808 4260 γῆς·

2157 4278 2303 4335 ἀλλά
2367 4277 2457 4332 καὶ
2507 4278 2534 4332 6
2579 4277 2768 4350 Πατὴρ
2828 4273 3036 4346 δοξάζει
3088 4275 3180 4330 τὸν
3232 4273 3372 4328 Υἱόψ
3425 4272 3515 4328 καὶ
3579 4269 3811 4342 ἐδόξασα

2156 4369 2277 4443 γάρ,
2327 4361 2450 4445 ἔφη,
2499 4365 2590 4420 καὶ
2642 4361 2888 4436 δοξάσω*
2937 4363 3053 4419 νυνὶ
3093 4361 3151 4419 δὲ
3207 4363 3296 4419 καὶ
3346 4362 3409 4418 τὸ
3451 4365 3671 4433 Πνεῦμα
3718 4357 3815 4415 δο-

2158 4458 2300 4528 ξάζει
2347 4458 2374 4512 ὁ
2424 4457 2542 4518 Υἱὸς
2591 4452 2682 4508 δια
2721 4457 2829 4508 τῶν
2874 4453 3288 4529 προειρημένων
3333 4449 3562 4526 ὑψηλῶν
3597 4471 3658 4504 τε
3719 4451 3811 4504 καὶ

2157 4549 2468 4621 θεοπρεπῶν
2525 4551 2735 4624 φωνῶν·
2791 4543 2884 4601 διὰ
2934 4547 3094 4598 τοῦτο
3143 4542 3256 4614 μετ’
3304 4540 3491 4616 ὀλίγον
3545 4535 3814 4615 ἐπιφέρει,

2162 4636 2243 4690 ὅτι
2291 4640 2534 4698 Ἐκεῖνος
2584 4634 2681 4709 ἐμὲ
2729 4633 2966 4706 δοξάσει,
3036 4633 3320 4706 πανταχοῦ
3383 4630 3446 4684 τὸ
3515 4625 3814 4701 ὁμοούσιον

2161 4726 2250 4779 καὶ
2296 4725 2534 4803 ὁμοφυὶς
2582 4725 2672 4780 καὶ
2723 4725 2785 4780 τὸ
2839 4730 2939 4793 τῆς
2998 4720 3294 4795 ὁμοτιμίας
3345 4718 3558 4792 ἀξίωμα
3605 4717 3822 4792 ἀκήραο

477 4869 528 4905 ⁵⁵
556 4871 725 4929 Joan.
747 4887 840 4941 xv,
879 4875 964 4930 15.
1039 4875 1088 4910 ⁵⁸
1118 4876 1258 4935 ibid.
1334 4876 1565 4941 ⁵⁷10811.
1598 4895 1736 4950 xvn,
1767 4881 1819 4939 4.
1896 4880 1946 4915 ⁵⁸
1968 4881 2038 4938 Jo

2170 4895 2269 4945 xu,
2299 4883 2391 4936 28.

1573 5031 1818 5089 νΔΗῐίΕ
1859 5033 2252 5092 LECTIONES
2292 5033 2383 5090 ET
2423 5032 2655 5090 NOTAE.

479 5178 597 5318 (19g
625 5177 744 5235 Col.
780 5196 835 5249 p.
867 5179 967 5236 281
1007 5197 1019 5236 :
1053 5179 1426 5256 ἀπεκάλυψας.

481 5253 576 5318 (20
632 5249 790 5306 Mon.
826 5250 982 5318 ὑμᾶς.

632 5249 790 5306 Mon.
826 5250 982 5324 ὑμᾶς.

483 5323 627 5405 (21).
645 5325 960 5405 H-ucusque
984 5326 1376 5405 _ratiocinatio
1436 5331 1718 5402 apostolis
1758 5331 2062 5405 attributa,

418 5393 807 5480 quaghotius
834 5393 1074 5480 propius
1116 5397 1184 5452 ad
1221 5393 1510 5457 intentum
1542 5420 1714 5460 suum
1747 5403 1989 5460 accedit.

635 5465 788 5543 Mor).
826 5465 1136 5543 ἆφηγεῖται.
1166 5537 1201 5543 Α,
1277 5540 1288 5543 _
1339 5542 1344 5543 γ
2019 5479 2054 5528 Ἴ

415 5537 608 5682 ⁸ιό(ῗέὂ)
666 5537 824 5594 Mon.
872 5537 1098 5612 λογισμ.
1161 5537 1216 5594 δὲ
1266 5540 1570 5614 ἀνθρώποις
1627 5544 1820 5620 (ἀνοις)
1869 5547 1933 5617 ἢν
1967 5547 2066 5603 οὐκ

444 5629 473 5662 υ
554 5650 566 5663 .

417 5752 574 5814 Men.

489 5677 707 5755 (24-25)
758 5681 877 5740 Col.
935 5677 1106 5738 δεινὸν
1151 5682 1250 5760 γὰρ
1312 5683 1360 5738 εἴ
1524 5687 1575 5740 λ.
1629 5686 1774 5764 λύπῃ
1813 5693 1972 5750 deest
2005 5693 2063 5747 in

2242 5190 2357 5261 (26)
2386 5195 2542 5261 Men.
2576 5186 2984 5243 συνθολώσασα.

2244 5259 2354 5334 (27)
2379 5259 2467 5316 καί
2499 5265 2659 5318 ἀθεεὶ
2691 5261 2748 5316 in
2779 5261 2930 5334 Mori.

2242 5322 2349 5404 (28)
2382 5334 2475 5389 Sic
2507 5334 2730 5390 Monac.
2767 5334 2805 5388 f.
2851 5332 2957 5386 455
2987 5330 3061 5402 b;
3111 5329 3240 5386 Val.
3291 5331 3331 5386 f.
3375 5328 3481 5383 199
3529 5325 3563 5382 b
3616 5343 3630 5383 :
3691 5322 3830 5398 μήδ’

2173 5404 2231 5459 ἂν
2273 5405 2510 5459 ἐσύνουν.

2247 5479 2354 5548 (29)
2388 5479 2514 5534 Mon
2533 5519 2544 5532 .
2572 5473 3053 5548 συνεταράττοντο.

2391 5550 2536 5624 ΜΘΗ.
2567 5545 2707 5608 τίσος.

2242 5608 2358 5692 (31)
2391 5621 2544 5677 Mon.
2579 5610 2914 5692 περιϐαλῶν,
2956 5613 3203 5677 πολλοὺς
3233 5608 3381 5687 ἔσχε.

2246 5687 2356 5762 (32)
2390 5693 2545 5748 Mon.
2578 5687 2975 5762 κατασπείρειν.

2245 5759 2350 5837 (33)
2381 5763 2640 5821 Alterum
2679 5761 2768 5816 καί
2801 5759 2960 5819 deest
2998 5760 3058 5818 in
3090 5759 3248 5818 Mon.
