4084 6210
312 365 432 426 309

1429 359 1530 420 DE
1577 358 1648 458 S.‘
1689 359 2046 420 SPIRlTUS
2095 359 2628 426 MYS'I‘AGOGIA.

3608 386 3726 447 310

309 520 402 557 τον
433 501 740 574 συντηριῖη·
775 497 850 560 ὡς
880 495 942 552 ἄν
983 515 1064 557 τις
1105 492 1252 550 εἷ’ποι
1303 495 1436 568 (34)*
1491 492 1680 548 Κοινόν
1720 491 1832 550 ἐστι
1866 499 1942 562 τῆ

2077 496 2511 587 pergloriﬁcatae
2550 501 2842 574 Trinitati,
2880 505 3116 564 alteram
3159 510 3230 566 ab
3264 512 3444 570 altera
3475 533 3725 587 persona

316 589 638 663 ὑπερουσίου
703 587 792 642 καὶ
857 581 1387 661 ὑπερδεδοξασμὲνης
1469 584 1580 655 (35)
1639 584 1751 655 [3'2]
1804 583 1964 656 Τριά-

316 676 407 741 δος
435 678 497 734 τὸ
531 679 655 752 παρ’
687 675 955 746 ἀλλήλων
997 673 1220 748 ἀρρήτῳ
1275 672 1431 749 λόγῳ
1471 669 1780 740 δοξάζεσθαι
1826 673 1960 745 (36).

313 770 530 840 Δοξάζει
586 769 680 824 τὸν
737 768 947 842 Πατέρα
987 767 1015 821 6
1066 764 1212 835 Υἱὸς,
1260 763 1406 819 ἀλλὰ
1455 761 1542 816 καὶ
1576 765 1603 816 ὁ
1639 764 1824 836 Πατήρ
1871 765 1961 816 τὸν

310 859 456 926 Υἱὸν,
516 855 729 929 δοξάζει
769 859 882 931 (37)
923 857 1012 910 καὶ
1063 854 1126 910 τὸ
1175 857 1414 926 Πνεῦμα·
1467 853 1555 906 καὶ
1607 853 1710 928 γὰρ
1760 851 1956 907 ἐκεῖθεν

312 947 461 1018 αὖτῷ
520 928 626 1002 τῶν
697 928 1056 1021 χαρισμάτων
1104 944 1131 998 6
1189 939 1427 1002 πλοῦτος
1492 941 1750 1014 πηγάζει·
1816 928 1999 995 ἀλλὰ.

307 1036 400 1092 καὶ
439 1037 504 1091 τὸ
553 1039 772 1109 Πνεῦμα
818 1034 910 1089 τὸν
963 1033 1197 1106 Πατέρα,
1248 1030 1331 1085 ὅτι
1382 1027 1589 1104 ἐρευνᾷ,
1643 1027 1855 1100 μᾶλλον
1902 1029 1959 1084 δὲ

311 1124 420 1183 οἶδε
448 1127 515 1182 τὰ
553 1126 692 1201 βάθη
735 1130 834 1182 τοῦ
884 1128 1019 1182 Θεοῦ
1069 1125 1180 1197 (38)
1229 1122 1318 1176 καὶ
1370 1119 1745 1176 ἀποκαλύπτει
1797 1121 1955 1189 αὐτὰ,

306 1216 544 1273 καθόσον
604 1218 718 1290 (39)
773 1213 916 1271 ἐστὶν
975 1211 1282 1287 ἀνθρωπίνῃ
1339 1211 1493 1288 φύσει
1551 1209 1780 1280 ληπτὸν,
1838 1215 1955 1273 τοῖς

303 1307 742 1381 παρασκευακόσι
820 1303 1045 1364 ἑαυτοὺς
1122 1296 1465 1370 ἐπιτηδείους
1543 1297 1784 1368 δέξασθαι
1854 1299 1952 1367 τὴν

303 1395 362 1452 ἐκ
390 1402 493 1466 τῆς
545 1397 659 1470 (40)
709 1393 1042 1471 θεογνωσίας
1099 1389 1294 1464 αὐγήν.
1364 1388 1580 1457 Δοξάζει
1637 1386 1714 1459 δὲ,
1772 1385 1954 1463 ὥσπερ

303 1482 541 1556 εζοηται,
590 1486 682 1536 νῦν
729 1483 759 1536 6'
803 1503 860 1536 τε
909 1479 1032 1540 Υἱὸς
1082 1477 1146 1533 τὸ
1206 1479 1424 1550 Πνεῦμα
1471 1476 1559 1530 καὶ
1619 1476 1681 1529 τὸ
1735 1479 1954 1547 Πνεῦμα

299 1575 389 1628 τὸν
423 1574 574 1641 Υίὸν,
623 1571 710 1628 καὶ
761 1570 902 1626 ἔστιν
957 1570 1133 1624 αὑτῶν
1182 1566 1364 1642 ὥσπερ
1412 1565 1590 1620 κοινὸν
1632 1567 1666 1634 ἡ
1704 1562 1954 1639 βασιλεία

298 1663 386 1717 καὶ
421 1664 457 1731 ἡ
491 1659 722 1734 δύναμις
765 1660 856 1714 καὶ
903 1658 966 1714 τὸ
1013 1658 1236 1732 κράτος,
1289 1654 1430 1709 οὕτω
1469 1654 1557 1708 καὶ
1603 1655 1638 1722 ἠ
1671 1649 1816 1724 δόξα,
1860 1653 1948 1708 καὶ

301 1750 360 1807 οὗ
401 1745 566 1824 μόνον
603 1752 712 1824 (41)
754 1751 789 1818 ἡ
839 1747 967 1823 παρ’
1021 1748 1182 1819 ἡμῶν
1231 1743 1622 1822 ἀναφερομένη,
1669 1740 1814 1798 ἀλλᾶ
1860 1742 1949 1797 καὶ

299 1841 371 1909 ἢν
407 1837 558 1895 uinci
601 1836 857 1913 δέχονται
890 1837 1018 1911 παρ’
1047 1835 1252 1890 ἑαυτῶν
1287 1835 1422 1906 (42).

372 1930 482 2000 κη’.
542 1930 781 1990 Ἐκεῖνος
840 1927 936 1999 ἐμὲ
996 1923 1226 1997 δοξάσει·
1269 1922 1568 1989 τουτέστιν,
1629 1916 1751 1976 οὔτε
1809 1917 1948 1975 διότι

302 2015 463 2088 δόξαν
521 2019 704 2091 ἂνῆψα
759 2021 839 2087 τῷ
898 2012 1268 2089 ΙΙαρακλήτῳ,
1339 2008 1427 2064 διὰ
1500 2014 1663 2064 τοῦτο
1725 2009 1951 2082 μείζονα

299 2105 463 2162 αῦτόν
525 2105 890 2184 ἀπεφηνάμην
936 2104 1093 2177 ἐμοῦ,
1146 2099 1268 2156 οὔτε
1325 2097 1488 2154 πάλιν
1538 2096 1677 2153 διότι
1727 2096 1946 2168 ἐκεῖνος,

298 2191 432 2272 ἔφην
473 2198 609 2271 (43),
670 2193 887 2264 Δοξάσει
933 2191 1051 2265 ἐμὲ,
1103 2191 1334 2264 έμαυτὸν
1394 2185 1594 2242 ἐκείνον
1644 2186 1947 2262 προτίθημι

295 2289 364 2359 τῇ
417 2289 580 2360 τιμῇ.
647 2283 864 2354 Δοξάσει
919 2281 1037 2355 έμὲ,
1104 2279 1379 2336 τουτέστιν
1449 2275 1571 2331 ὅσον
1633 2275 1834 2330 ἐκείνου
1883 2278 1946 2332 τὸ

297 2380 435 2453 ὕψος
465 2381 772 2446 κατανοεῖς,
802 2375 902 2443 τήν
930 2375 1070 2447 ἐμήν
1121 2369 1192 2427 δι’
1229 2371 1396 2426 αὐτοῦ
1446 2367 1600 2440 δόξαν
1648 2366 1816 2424 ἔνεστί
1861 2390 1944 2424 σοι

295 2469 652 2542 ἀναθεωρεῖνο
713 2465 804 2520 καὶ
851 2464 951 2540 γὰρ
1002 2461 1184 2536 ὥσπερ
1215 2459 1325 2538 ἐγὼ
1356 2459 1389 2514 ’ὰ
1418 2458 1627 2529 ἤκουσα
1664 2459 1808 2533 παρὰ
1851 2461 1947 2514 τοῦ

299 2558 534 2633 Πατρὸς,
569 2553 787 2628 ἐδίδαξα
819 2555 980 2628 ὑμᾶς,
1015 2553 1159 2609 οὕτω
1189 2552 1432 2613 κάκεῖνος
1478 2550 1712 2623 λήψεται
1761 2548 1820 2604 ἐκ
1845 2553 1948 2604 τοῦ

292 2647 434 2720 ἐμοῦ
463 2647 552 2702 καὶ
585 2645 985 2725 φωταγωγήσει
1019 2645 1128 2716 (44)
1169 2643 1328 2715 ὑμᾶς·
1361 2639 1553 2710 ἐπίσης
1584 2641 1618 2708 ἡ
1651 2642 1758 2692 τῶν
1788 2657 1949 2713 χαρι-

292 2758 518 2810 σματων
553 2738 668 2810 [33]
701 2731 920 2794 ἀένναος
952 2734 1066 2804 (45)
1096 2734 1257 2806 ἡμῶν
1292 2729 1445 2804 βρύει
1475 2729 1582 2799 (46)
1612 2727 1760 2802 πηγὴ
1813 2729 1945 2800 (47),

295 2824 490 2895 ἐπίσης
543 2828 579 2894 ἡ
642 2823 692 2894 ἐξ
755 2819 932 2877 ἀϊδίου
989 2819 1226 2895 πρόοδος
1265 2818 1324 2873 ἐκ
1376 2822 1476 2874 τοῦ
1544 2817 1754 2889 Πατρὸς
1809 2818 1945 2890 (48),

293 2915 491 2984 ἐπίσης
529 2915 595 2969 τὸ
628 2911 925 2986 ὁμοούσιον
955 2910 1045 2965 καὶ
1097 2909 1361 2986 ὁμοφυές·
1407 2906 1582 2962 πάντα
1619 2908 1718 2976 τήν
1766 2904 1942 2961 ἰσοτι-

292 3004 421 3077 μίαν
509 3007 880 3078 μυσταγωγεῖ.
951 2999 1286 3072 πανταχόθεν
1351 2998 1412 3052 τὸ
1483 3001 1666 3070 μεῖζον
1733 2995 1824 3050 καὶ
1887 2996 1949 3050 τὸ

288 3093 519 3150 ἔλαττον
554 3090 933 3148 ἂπελαύνεται.

1987 1818 2035 1883 Β

2075 583 2354 640 ineffabili
2411 589 2632 645 ratione
2663 592 2991 662 gloriﬁcari.
3038 598 3335 656 Gloriﬁcat
3379 583 3606 662 Patrem
3641 609 3726 664 Fi-

2075 672 2211 742 lius,
2245 676 2345 730 sed
2379 681 2434 730 et
2466 681 2634 733 Pater
2657 680 2863 736 Filium
2897 684 3181 753 glorificat
3225 694 3400 761 atque
3431 694 3719 766 Spiritus;

2073 779 2327 835 namque
2372 765 2505 821 inde
2549 768 2598 822 ei
2643 769 2924 826 donorum
2972 775 3181 831 divitire
3214 780 3631 850 alﬂuuut;sed
3668 765 3728 844 et

2071 850 2323 922 Spiritus
2385 853 2629 924 Patrem,
2678 861 2951 928 quoniam
2999 871 3304 936 scrutatur,
3359 870 3477 927 imo
3529 877 3723 946 potius

2069 942 2247 1013 novit,
2296 946 2572 1014 profunda
2629 947 2722 1002 Dei
2775 948 2839 1018 59,
2902 967 3082 1023 eaque
3143 958 3372 1026 revelat,
3429 942 3718 1032 quatenus

2069 1037 2292 1125 queunt
2323 1035 2393 1089 ab
2411 1034 2687 1125 bumana
2719 1048 2923 1096 natura
2954 1044 3194 1117 percipi,
3227 1048 3298 1103 iis
3331 1051 3430 1120 qui
3463 1068 3524 1108 se
3559 1055 3716 1125 ipsos

2069 1121 2136 1176 ad
2171 1121 2358 1177 lucem
2393 1123 2596 1180 divinae
2629 1129 2972 1197 cognitionis
3005 1135 3441 1205 suscipiendam
3470 1121 3711 1199 idoneos

2066 1209 2390 1282 dignosque
2421 1217 2904 1285 comparaverint.
2940 1220 3412 1294 Glorificatvero,
3443 1233 3504 1283 ut
3536 1233 3709 1286 modo

2066 1301 2285 1358 dictum
2315 1308 2420 1371 est,
2450 1310 2508 1361 et
2538 1307 2722 1364 Filius
2755 1310 3036 1382 Spiritum
3088 1319 3144 1370 et
3195 1316 3448 1388 Spiritus
3477 1321 3708 1389 Filium,

2065 1396 2261 1481 estque
2292 1393 2458 1465 ipsis,
2488 1398 2980 1466 quemadmodum
3024 1420 3330 1462 commune
3381 1425 3625 1481 regnum
3655 1417 3714 1468 et

2063 1476 2249 1533 virtus
2297 1482 2353 1532 et
2401 1481 2678 1549 potentia,
2729 1482 2808 1537 ita
2856 1488 2912 1539 et
2961 1485 3164 1558 gloria,
3226 1506 3339 1545 non
3399 1476 3472 1548 ea
3519 1495 3709 1552 solum

2063 1583 2192 1637 quae
2222 1585 2256 1622 a
2286 1569 2454 1626 nobis
2485 1571 2741 1640 oll‘ertur,
2767 1575 2866 1629 sed
2913 1577 3086 1632 etiam
3119 1595 3293 1649 quam
3329 1581 3439 1652 ipsi
3489 1600 3522 1638 a
3569 1585 3711 1655 ipsis

2062 1657 2173 1711 reci
2181 1656 2366 1728 piunt.

2130 1923 2221 1981 28.
2255 1926 2354 1980 Ille
2385 1942 2472 1982 me
2501 1927 2832 1998 clariﬁcabit
2879 1931 2943 2000 ⁸ο,
2977 1931 3086 1988 hoc
3129 1938 3248 1990 est:
3283 1951 3386 1993 nec
3417 1940 3556 2009 quia
3587 1939 3709 2012 glo-

2061 2013 2206 2068 riam
2254 2014 2424 2068 tribui
2456 2016 2760 2085 Paraclito,
2794 2017 2919 2074 ideo
2968 2022 3250 2091 majorem
3283 2040 3375 2081 me
3405 2027 3571 2082 illum
3607 2031 3709 2084 de-

2060 2105 2270 2160 claravi
2294 2126 2308 2171 ;
2331 2121 2518 2176 neque
2564 2123 2767 2163 rursus
2789 2110 2920 2177 quia
2943 2112 3060 2165 dixi
3083 2128 3095 2166 :
3117 2113 3219 2168 Ille
3238 2129 3323 2168 me
3349 2116 3704 2186 clariﬁrralrit,

2061 2209 2153 2250 me
2185 2195 2377 2264 ipsum
2409 2196 2458 2250 ei
2491 2195 2710 2252 honore
2759 2200 3034 2256 antefero.
3068 2202 3148 2256 Me
3193 2204 3550 2274 clariﬁcabit,
3593 2208 3700 2264 hoc

2061 2287 2182 2340 est:
2215 2289 2505 2355 quantum
2552 2285 2711 2342 illius
2757 2287 3123 2346 altitudinem
3175 2292 3480 2366 intelligis,
3515 2312 3702 2352 meam

2061 2389 2164 2445 per
2193 2372 2358 2428 illum
2391 2372 2875 2444 glorificatiouem
2923 2383 3086 2449 potes
3118 2383 3523 2456 contemplari.
3558 2385 3704 2440 Nam

2061 2464 2214 2520 sicut
2245 2479 2350 2536 ego
2396 2479 2522 2536 quae
2573 2466 2765 2522 audivi
2800 2484 2832 2523 a
2863 2468 3028 2525 Patre
3061 2486 3158 2526 vos
3193 2473 3383 2534 docui.
3415 2473 3498 2529 ita
3521 2483 3573 2530 et
3605 2475 3702 2530 ille

2058 2554 2298 2626 accipiet
2331 2555 2401 2610 de
2433 2571 2562 2610 meo
2613 2560 2669 2611 et
2716 2553 3036 2614 illustrabit
3079 2577 3202 2617 vos.
3240 2561 3562 2634 [Equaliter
3611 2581 3705 2636 pe-

2058 2644 2254 2701 rennis
2287 2647 2620 2700 nostrorum
2645 2645 2927 2702 donorum
2952 2654 3184 2706 emanat
3204 2651 3372 2720 fons;
3405 2653 3706 2724 requaliter

2057 2732 2413 2804 sempiterna
2430 2748 2460 2788 e
2480 2737 2641 2789 Patre
2664 2737 2976 2804 processio,
3000 2738 3295 2809 equaliter
3321 2742 3705 2796 consubstan-

2057 2821 2273 2878 tialitas
2304 2826 2359 2877 et
2389 2826 2608 2878 natura
2641 2823 2948 2894 identitas;
2985 2829 3179 2884 omnia
3211 2828 3454 2885 honoris
3484 2835 3542 2886 et
3573 2847 3702 2901 gra-

2064 2911 2174 2965 dus
2203 2911 2588 2983 mqualitatem
2621 2903 2922 2980 indicant;
2957 2916 3348 2990 undequaque
3378 2919 3617 2989 majoris
3649 2923 3705 2976 et

2061 2999 2305 3055 minoris
2336 2999 2481 3055 ratio
2514 2999 2872 3058 eliminatur.

359 3185 459 3240 κθ’.
516 3182 654 3240 Εἶτα
711 3180 899 3250 εἰπὼν,
957 3178 1042 3234 ὅτι
1102 3179 1360 3252 λήψεται,
1421 3175 1693 3251 λαμπρῶς
1750 3175 1942 3245 ἀνακη-

2126 3179 2213 3233 29.
2263 3178 2502 3246 Deinde,
2556 3195 2685 3235 cum
2731 3181 2994 3248 dixisset,
3044 3185 3198 3254 quod
3247 3186 3496 3258 accipiet,
3549 3187 3699 3242 clare

288 3273 502 3350 ρύττει,
565 3272 654 3326 καὶ
716 3270 798 3350 ἐφ’
842 3271 888 3342 ᾦ
955 3269 1212 3343 λήψεταιο
1283 3264 1407 3322 οὐδὲ
1470 3266 1570 3342 γὰρ
1636 3265 1733 3320 ’ίνα
1783 3264 1944 3321 ἐκπο-

285 3363 479 3435 ρευθῇ,
540 3361 730 3438 φησὶν,
782 3356 898 3414 οὐδ’
943 3356 1035 3412 ’ἱνα
1088 3357 1298 3430 ὑποστῇ
1357 3355 1618 3430 (πρόσεχε
1673 3361 1792 3417 ταῖς
1848 3365 1944 3410 Δε-

283 3455 596 3522 σποτικαῖς,
626 3448 896 3523 ἄνθρωπε,
931 3449 1186 3522 φωναῖς)”
1229 3443 1376 3500 ἀλλὰ
1426 3441 1516 3498 διὰ
1562 3445 1618 3499 τί
1665 3443 1938 3518 λήψεται;

282 3536 377 3595 διὰ
451 3537 572 3608 τίς
638 3539 798 3592 Ὥστε
886 3539 997 3610 (49)
1087 3535 1153 3590 τά

2053 3269 2228 3324 etiam
2261 3268 2536 3339 praedicat
2579 3284 2812 3324 causam
2862 3287 2964 3325 cur
3003 3271 3285 3342 accipiet;
3321 3291 3508 3346 neque
3539 3275 3694 3332 enim

2055 3362 2120 3413 ut
2149 3357 2452 3427 procedeat
2473 3357 2573 3425 ait,
2595 3373 2782 3428 neque
2805 3362 2867 3412 ut
2885 3359 3166 3415 subsistat
3188 3360 3693 3434 (attende,qu:sso.

2055 3446 2366 3502 Dominicis
2395 3446 2694 3517 vocibus):
2729 3447 2829 3502 sed
2861 3463 2963 3503 cur
2999 3449 3280 3520 :accipict,
3311 3467 3413 3506 cur
3433 3451 3461 3505 Ἰ
3487 3453 3548 3509 Ut
3571 3468 3696 3523 quae

1249 3533 1524 3609 ἐρχόμενα
1627 3531 1937 3609 ἀναγγεῖλαι

2059 3539 2280 3592 ventura
2310 3539 2435 3591 sunt
2475 3536 2766 3591 annuntiat
2814 3535 2982 3592 vobis.
3034 3537 3097 3592 ld
3147 3538 3304 3595 enim
3355 3556 3481 3596 cum
3529 3542 3693 3613 prius

281 3630 414 3704 ὑμῖν
663 3628 753 3683 καὶ
810 3626 914 3703 γὰρ
971 3630 1132 3681 τοῦτο
1189 3623 1770 3700 προαναφθεγξάμενος
1819 3623 1939 3678 ἐπι-

2059 3625 2398 3682 asseruisset
2432 3625 2696 3695 obsignat
2727 3641 2930 3680 rursus
2955 3626 3229 3698 inquiens
3257 3644 3268 3683 :
3304 3629 3373 3684 De
3403 3646 3521 3687 meo
3547 3632 3691 3686 aceto

281 3719 573 3796 σφραγίζει
632 3715 798 3772 πάλιν
843 3715 1038 3791 λέγων’
1092 3716 1184 3770 Ἐκ
1223 3717 1320 3768 τοῦ
1377 3713 1514 3786 ἐμοῦ
1571 3711 1804 3786 λήψεται
1843 3714 1934 3767 καὶ

2059 3717 2176 3783 ciet,
2225 3722 2276 3769 et
2321 3714 2678 3769 annuntiabat
2728 3715 2892 3769 vobis.
2941 3714 3162 3772 Clarius
3224 3733 3355 3773 vero
3395 3719 3691 3790 explicans

278 3807 572 3883 ἀναγγελεῖ
654 3807 804 3878 ὑμῖν.
890 3804 1224 3881 Σαφέστερον
1301 3799 1346 3856 δ’
1405 3801 1823 3868 ἀνακαλύπτων,
1879 3803 1931 3856 τί

2059 3806 2185 3876 χιιὶά
2219 3805 2328 3860 sibi
2363 3803 2603 3859 velitbis
2628 3805 2812 3860 verbis
2838 3821 2849 3858 :
2874 3806 2943 3862 De
2965 3822 3083 3860 meo
3107 3807 3356 3879 accipiet,
3380 3809 3688 3867 confestim

271 3897 415 3954 ποτέ
481 3896 628 3951 ἐστιν
691 3894 720 3950 6
774 3895 940 3970 λέγει,
1009 3895 1102 3949 Ἐκ
1158 3893 1272 3967 (51)
1329 3895 1424 3946 τοῦ
1482 3887 1618 3963 ἒμοῦ
1674 3891 1927 3963 λήψεται,

2042 3894 2236 3949 addit:
2285 3891 2483 3949 Omnia
2524 3909 2857 3966 quacunque
2912 3895 3071 3950 habet
3120 3897 3305 3965 Pater,
3375 3914 3496 3954 mea
3537 3904 3680 3955 sunt.

258 3987 553 4059 συντόμως
612 3985 820 4060 ἐπάγειο
892 3983 1066 4039 Πάντα
1133 3981 1232 4037 ὅσα
1292 3980 1405 4056 ἔχει
1457 3981 1486 4034 6
1539 3980 1747 4053 Πατὴρ,
1824 3977 1929 4050 ἐμά

2059 3982 2223 4046 )uare
2268 3981 2518 4052 Spiritus
2576 3998 2706 4037 mea
2752 3983 3046 4053 accipiens
3092 3988 3150 4039 et
3204 3986 3275 4040 de
3333 4001 3461 4042 meo
3521 3988 3682 4043 Patre

257 4076 433 4145 ἐστιν,
465 4073 608 4131 ὥστε
644 4074 712 4130 τά
741 4073 847 4147 ἐμὰ
889 4068 1186 4147 λαμϐάνων
1233 4073 1324 4126 καὶ
1375 4072 1488 4143 (52)
1537 4067 1598 4124 ἐκ
1643 4073 1741 4123 τοῦ
1789 4067 1928 4141 ἐμοῦ

2059 4069 2267 4141 tccipit.
2299 4069 2413 4126 Nec
2443 4087 2572 4128 vero
2603 4088 2667 4127 eo
2700 4087 2886 4144 usque
2917 4077 3147 4128 tantum
3198 4076 3496 4129 sententias
3524 4076 3678 4145 ejus-

260 4167 482 4242 Πατρὸς
521 4160 817 4240 λαμϐάνει.
875 4163 974 4220 Καὶ
1025 4159 1149 4218 οὐδὲ
1197 4165 1309 4234 (53)
1363 4159 1532 4235 μέχρι
1579 4159 1781 4215 τούτου
1822 4159 1921 4228 τὴν

2059 4160 2166 4216 lem
2222 4159 2665 4230 explicationem
2729 4161 2967 4232 profert,
3024 4162 3123 4218 sed
3177 4163 3367 4218 adhuc
3419 4164 3675 4220 exactius

335 4314 384 4350 5’
411 4317 434 4372 Ι
465 4317 599 4373 Cor.
632 4332 696 4384 ιι,
730 4315 817 4370 10.
850 4313 898 4350 ⁸ο
925 4317 1093 4370 Joan.
1125 4329 1242 4379 xw,
1275 4311 1360 4368 14.

1432 4455 1668 4513 VARl/E
1708 4455 2099 4514 LECTIONES
2139 4456 2230 4512 ET
2269 4455 2500 4514 NOTE.

337 4589 451 4659 (34)
481 4586 649 4657 Apud
678 4583 897 4659 Maium
930 4583 1054 4659 loco
1085 4598 1217 4659 mox
1246 4582 1476 4659 citando
1510 4597 1524 4637 :
1556 4577 1708 4654 εθίπῃ.
1949 4584 1994 4648 ι)

481 4651 639 4715 Mbn.
674 4653 1070 4728 δεδοξασμένης
1104 4655 1231 4728 sine
1261 4651 1415 4728 ὑπέρ.

479 4730 690 4798 Verba,
724 4720 825 4781 Stat
839 4720 1000 4803 τοῦτο
1027 4720 1150 4798 ’μετ’
1177 4722 1271 4803 ῥλ.
1301 4720 1383 4803 -έ
1412 4720 1721 4803 δοξοέζεισθαι
1777 4739 1908 4803 cum

259 4792 649 4880 inscriptione
675 4792 698 4857 ἐ
733 4798 954 4880 Φωτίου
993 4792 1334 4871 πατριάρχου
1367 4792 1564 4880 ἐκποῦί
1592 4793 1758 4880 λόγου
1788 4792 1912 4876 περὶ

261 4879 363 4943 τῆς
393 4865 494 4927 τόδ
545 4871 702 4947 ἁγίου
758 4870 1063 4943 πνεύματος
1102 4865 1512 4942 ’μυσταγωγίας
1568 4865 1822 4924 Citantur
1853 4865 1912 4922 in

263 4947 512 5000 concilio
544 4943 1188 5000 Constantinonolitano
1229 4957 1382 4995 anno
1442 4940 1581 4994 1156
1628 4939 1687 4994 in
1736 4953 1914 4994 causa

263 4959 512 5002 concilio
544 4959 1188 5012 uonstanunopourano
1229 4959 1382 4995 anno
1442 4959 1581 4994 1100
1628 4959 1687 4994 ιιι
1736 4959 1910 4994 causa

264 5017 555 5075 Sotericbi
579 5014 870 5095 celebrato
902 5013 1054 5095 inter
1102 5014 1218 5095 alia
1264 5012 1514 5095 Patrum
1536 5015 1591 5093 et
1635 5010 1910 5095 ecclesia-

266 5090 556 5146 sticorum
611 5085 962 5157 scriptorum
1019 5083 1376 5140 testimonia.
1437 5082 1570 5153 (Mai
1647 5081 1908 5153 Spicileg.

2244 4581 2465 4656 Monac.
2500 4577 2626 4656 ἔφη.

2125 4653 2216 4728 44)
2247 4653 2376 4728 Meo
2389 4693 2401 4707 .
2433 4653 2865 4728 φωταγωγῆσαι.

2093 4723 2211 4795 (45)
2243 4723 2382 4779 ἀενν.
2417 4723 2578 4781 deest
2604 4723 2667 4780 in
2691 4723 2852 4782 'Mon.

2095 4796 2209 4870 (46)
2243 4795 2398 4870 MQD-
2431 4795 2595 4870 E39512,-

2097 4864 2208 4945 (ἔιῖ)
2240 4866 2360 4945 9.01-
2396 4864 2527 4945 XFP:
2560 4869 2720 4945 ﬁt“?
2748 4865 2856 4945 ᾆέὲ·
2895 4864 3052 4945 βρῷεε
3076 4889 3136 4924 π·

2096 4935 2206 5010 (48)
2241 4935 2627 5010 Μοηίίέπίσης
2657 4935 2708 5010 ἐξ
2739 4935 2849 4996 ἀϊδ.
2881 4935 3119 5010 πρόοδος
3150 4940 3184 5009 ἡ
3215 4936 3274 4994 ἐκ
3302 4939 3398 4994 τοῦ
3428 4963 3487 5000 π.

2239 5009 2383 5064 Mon.
2417 5007 2620 5084 ὥσπερ.

2096 5081 2209 5155 (50)
2266 5085 2432 5155 ﬁngo
2491 5079 2832 5155 Etherianus
2878 5079 2920 5135 1.
2980 5098 3154 5155 1‘1,c.
3216 5085 3300 5154 18,
3362 5101 3416 5155 p.
3472 5087 3654 5142 1233:

266 5163 418 5218 Rom.
452 5161 528 5224 x,
560 5175 611 5228 p.
647 5158 736 5225 38,
769 5157 881 5228 39).

336 5179 418 5218 an.
455 5175 528 5224 λ,
597 5199 611 5213 .
647 5175 736 5225 se,
769 5175 881 5228 συ).

336 5233 453 5304 (37)
487 5175 717 5304 Δοὲοἱζει⁸
741 5225 996 5304 ἀεθεῌῑι
1029 5225 1252 5304 Monac.

481 5289 1000 5374 Mob.":6v__7r_a_vtépa
1028 5295 1234 5370 ἐρευνᾷ,
1274 5293 1485 5368 μᾶλλον
1517 5290 1594 5358 δὲ,
1633 5313 1684 5349 κ.
1718 5313 1770 5350 τ.
1802 5289 1858 5352 λ.

339 5369 451 5446 (39)
489 5375 642 5430 Men.
675 5371 796 5446 καθῖ
827 5369 975 5446 ὅσον.

336 5435 450 5519 (40)
482 5442 840 5519 Μοῑιεξολτήν
863 5439 1070 5519 έκεῖθεν
1095 5440 1193 5519 τῆς
1221 5440 1398 5519 θεογν.
1426 5435 1555 5519 αύγ.

342 5508 452 5587 (41)
483 5517 608 5590 Col.
641 5508 885 5590 δέξῃ-ού
907 5513 1118 5590 μόνον,
1154 5508 1459 5590 ἀθθειςκαί.
1664 5579 1708 5590 ﬂ
1853 5580 1863 5590 .

339 5579 454 5660 (42)
517 5586 612 5642 Καὶ
673 5579 814 5641 ἔστιν
865 5579 1038 5660 αύτῷν
1203 5581 1329 5656 παρ’
1377 5580 1602 5660 ἑαυτῶν.
1664 5579 1810 5660 Haec
1852 5580 1908 5636 in

268 5651 472 5718 eadem
507 5660 732 5730 synodo
762 5656 1106 5730 Byzantina,
1124 5656 1202 5730 de
1231 5651 1351 5730 qua
1383 5653 1666 5730 diximus,
1708 5651 1910 5730 eodem

269 5734 446 5792 modo
477 5723 833 5803 allegantur'.
867 5728 1057 5804 (Apud
1087 5723 1305 5785 Maium
1339 5724 1380 5784 l.
1410 5741 1484 5796 c.,
1517 5740 1572 5797 p.
1605 5724 1693 5794 39,
1728 5723 1838 5796 40).

2025 5173 2069 5226 «_
2087 5152 2230 5208 Cum
2260 5153 2494 5226 dixisset
2528 5169 2540 5226 ς
2575 5153 2854 5226 Quoniam
2887 5153 3155 5226 accipiet,
3206 5152 3512 5213 manifeste
3558 5161 3656 5214 dc-

2025 5223 2310 5300 clarat,_et
2341 5225 2412 5280 ad
2443 5225 2581 5300 quid
2617 5224 2863 5300 accipiat
2904 5240 2916 5300 ξ
2951 5223 3068 5300 non
3098 5227 3254 5282 enim
3287 5235 3350 5284 ut
3386 5232 3660 5300 procedat

2023 5300 2124 5370 aut
2153 5294 2435 5351 subsistat
2461 5294 2726 5370 (attende
2761 5296 3084 5354 Dominicas
3115 5315 3306 5367 voces,
3349 5294 3606 5370 o'hcmo)
3643 5319 3656 5369 ;

2023 5368 2122 5452 sed
2157 5383 2334 5452 quare
2364 5368 2654 5439 accipiet?
2677 5370 2745 5424 Ut
2776 5384 2902 5439 quae
2957 5379 3201 5427 ventura
3245 5377 3384 5428 sunt
3431 5368 3660 5429 annua?

2024 5438 2120 5494 tiet
2153 5438 2335 5494 vobis.
2372 5461 2400 5488 »
2495 5438 2504 5439 “
2795 5438 2810 5439 “

2024 5510 2296 5593 Μ(51)β.
2330 5509 2503 5567 Vatic.
2537 5510 2574 5566 f.
2620 5511 2726 5566 200
2775 5529 2828 5580 a,
2877 5514 3060 5569 semel
3107 5531 3210 5586 pro
3253 5513 3311 5568 ἐκ
3359 5515 3522 5587 ponit
3572 5511 3661 5567 aut

2024 5580 2117 5637 Sic
2149 5580 2265 5636 Col.
3107 5580 3126 5586 “

2095 5653 2210 5724 (52)
2239 5651 2344 5706 Καί
2377 5653 2630 5724 dcestin
2663 5653 2884 5712 Monac.
2919 5661 2977 5712 et
3006 5658 3063 5711 in
3097 5657 3214 5712 Col.

2094 5723 2209 5795 (53)
2244 5725 2396 5782 Mon.
2431 5725 2458 5779 ὁ
2493 5723 2678 5798 μέχρι.
