4058 6216
307 329 420 390 331

370 463 462 520 53.
494 461 774 520 Praedieat
803 460 979 533 igitur
1011 457 1260 515 Ecclesia
1289 459 1347 514 et
1375 455 1585 513 Filium
1615 471 1744 512 esse
1765 453 1949 511 Patris
1977 456 2030 522 Α

297 557 356 610 et
383 555 614 609 Patrem
646 567 775 608 esse
825 549 997 614 Filii;
1032 553 1171 604 unt
1194 547 1350 604 enim
1393 544 1952 613 consubstantiales;

297 656 490 712 neque
513 645 709 696 tamen
733 639 866 709 quia
895 637 1108 692 dicitur
1148 639 1462 706 generatus
1503 634 1685 690 Filius
1713 651 1747 690 a
1785 634 1954 689 Patre

1507 320 1770 383 PHOTII
1817 317 2340 384 PATRIARCHE
2383 323 2500 384 GP.

3587 319 3706 380 332

2131 456 2225 529 νγ’.
2263 458 2374 529 [ζ’.]
2439 455 2741 533 Ἱερολογεῖ
2775 454 2954 512 τοίνυν
3011 457 3048 525 ἡ
3107 453 3408 526 Ἐκκλησία
3465 455 3558 510 καὶ
3612 457 3708 511 τὸν

2062 544 2189 598 Υἱὸν
2221 545 2358 600 εἶναι
2388 550 2486 601 τοῦ
2544 548 2778 622 ΙΙατρὸς,
2837 547 2928 601 καὶ
2984 545 3078 601 τὸν
3109 545 3319 620 Πατέρα
3371 547 3470 600 τοῦ
3527 545 3659 600 Υίοῦ
3691 563 3703 578 ·

2061 631 2288 709 καὶγὰρ
2336 636 2604 708 ὁμοούσια
2637 653 2650 669 ⁸
2704 636 2793 691 καὶ
2827 635 2889 690 οὐ
2940 631 3118 705 δήπου
3177 631 3318 690 διότι
3367 634 3707 707 θεολογεῖται

297 734 354 786 et
374 733 542 785 Pater
563 727 776 783 dicitur
799 741 926 782 esse
958 723 1109 792 Filii,
1133 724 1347 780 idcirco
1370 723 1627 780 vicissim
1660 722 1935 778 afﬁrmare

2058 726 2407 796 γεγεννῆσθαι
2439 727 2466 780 ὁ
2515 725 2639 788 Υἱὸς
2685 725 2746 781 ἐκ
2801 729 2897 780 τοῦ
2929 725 3161 800 Πατρὸς,
3200 723 3290 779 καὶ
3340 722 3482 779 διότι
3535 723 3705 798 λὲγε-

294 817 494 874 licebit
531 819 759 872 Patrem
808 832 842 870 a
887 813 1029 869 Filio
1077 812 1366 884 generari.
1403 812 1490 868 lta
1541 828 1675 885 ergo
1718 811 1950 882 quando

297 909 552 964 dicimus
595 904 876 977 Spiritum
925 918 1053 959 esse
1086 903 1272 958 Patris
1305 917 1372 959 ac
1402 900 1530 958 Filii
1573 902 1952 958 consubstan-

297 997 606 1052 tialitatem
629 995 868 1066 quidem
891 993 1017 1063 ejus
1035 1008 1167 1049 cum
1193 997 1442 1064 utroque
1464 1007 1532 1048 ex
1562 992 1802 1048 vocibus
1823 989 1951 1046 istis

296 1085 620 1156 colligimus
646 1101 658 1152 ;
684 1082 905 1139 scimus
937 1087 1132 1139 autem
1165 1081 1444 1153 Spiritum
1475 1080 1950 1137 consubstantia-

292 1173 407 1232 lem
437 1187 566 1229 esse
603 1172 780 1241 Patri,
814 1172 953 1243 quia
983 1187 1050 1227 ex
1099 1170 1223 1244 ipso
1255 1171 1549 1242 procedat,
1591 1173 1788 1242 atque,
1820 1183 1952 1225 con-

291 1261 746 1319 substantialem
783 1261 945 1330 Filio,
970 1277 1085 1316 non
1117 1260 1256 1332 quia
1277 1260 1551 1332 procedat
1576 1258 1753 1332 (absit
1776 1257 1787 1312 l
1814 1274 1949 1316 nam

290 1367 397 1409 nec
428 1351 610 1408 Filius
641 1349 1160 1406 consubstantialis
1194 1352 1281 1404 est
1310 1347 1552 1420 Spiritui
1596 1351 1828 1420 propter
1847 1363 1948 1420 ge-

289 1441 696 1510 nerationem),
735 1439 836 1495 sed
889 1437 1024 1510 quia
1071 1455 1137 1494 ex
1186 1453 1304 1494 una
1355 1437 1716 1509 indivisaque
1770 1453 1948 1495 causa

2057 837 2145 873 ται
2174 815 2263 870 καὶ
2297 817 2324 870 ὁ
2355 817 2544 890 Πατήρ
2574 820 2670 872 τοῦ
2693 813 2950 887 Υίοῦ,διᾶ
2984 819 3145 870 τοῦτο
3170 815 3262 869 καὶ
3297 817 3404 887 [53]
3437 813 3708 870 ἀνάπαλιν

2060 903 2490 984 δυσφημήσομεν
2522 909 2636 979 (43)
2669 926 2683 940 ’
2735 903 2909 968 οὕτως
2954 903 3050 958 οῦν
3099 901 3360 959 κάπειδὰν
3392 905 3504 976 (44)
3555 904 3704 979 ἱερο-

2058 995 2330 1071 λογοῦμεν
2376 995 2440 1050 τὸ
2517 996 2740 1069 Πνεῦμα
2811 995 2948 1050 εἶναι
3005 998 3102 1050 τοῦ
3161 994 3373 1069 Πατρὸς
3447 997 3540 1048 καί
3606 997 3706 1049 τοῦ

2057 1086 2206 1156 Υἱοῦ,
2255 1086 2318 1140 τὸ
2369 1085 2463 1157 μὲν
2509 1083 2802 1159 ὁμοούσιον
2849 1087 3065 1146 πάντως
3111 1087 3252 1156 πρὸς
3301 1083 3553 1158 ἑκάτερον
3584 1086 3704 1156 (45)

2054 1177 2176 1236 ταῖς
2208 1178 2412 1251 φωναῖς
2457 1174 2841 1250 συνεισάγομεν
2877 1191 2891 1205 ⁶
2955 1172 3108 1246 ἴσμεν
3162 1171 3212 1226 δ’
3259 1173 3343 1228 δτι
3395 1171 3701 1246 ὁμουῦσιον

2059 1264 2154 1336 μὲν
2210 1261 2321 1318 ἐστι
2388 1267 2467 1335 τῷ
2519 1264 2714 1338 Πατρὶ,
2775 1261 2918 1319 διότι
2977 1262 3027 1336 ἐξ
3085 1262 3252 1318 αὐτοῦ
3310 1258 3700 1336 ἕκπορεύεταιο

2056 1351 2347 1424 ὁμοούσιον
2390 1349 2448 1407 δὲ
2494 1357 2572 1425 τῷ
2621 1353 2751 1424 Υίῷ,
2784 1352 2887 1407 οὐκ
2932 1349 3016 1407 ὅτι
3061 1349 3414 1426 ἒκπορεόεται
3453 1345 3656 1426 (ἄπαγε
3683 1368 3699 1384 ο

2054 1439 2169 1496 ἐπει
2231 1439 2371 1514 μηδὲ
2427 1440 2676 1504 κάκεῖνος
2720 1443 2832 1514 (46)
2891 1442 3044 1513 αὖτῷ
3100 1437 3191 1494 διὰ
3238 1441 3338 1508 τήν
3399 1437 3698 1516 γέννησιν),

295 1531 367 1585 ab
398 1535 617 1587 aeterno
666 1526 845 1584 simul
895 1526 1215 1599 eodemque
1266 1527 1468 1584 ordine
1509 1531 1755 1599 uterque
1802 1544 1935 1600 pro-

2058 1527 2181 1584 ἀλλ’
2212 1531 2298 1585 δτι
2336 1530 2387 1601 ἐξ
2419 1529 2535 1589 ἒνὸς
2577 1530 2666 1585 καὶ
2709 1529 3005 1604 ἀμερίστου
3036 1529 3214 1586 αἰτίου
3256 1531 3363 1606 πρὸ
3393 1530 3608 1586 αἰώνων
3641 1552 3700 1588 τε

299 1619 424 1677 diit.
2050 1621 2138 1675 καὶ
2172 1622 2462 1696 ὁμοταγῶς
2493 1619 2728 1696 ἐκατέρῳ
2755 1621 2790 1690 ἡ
2822 1617 3059 1696 πρόοδος
3087 1622 3220 1694 (47).

359 1711 448 1764 54.
482 1708 760 1781 Spiritum
800 1709 936 1765 Filii
971 1709 1082 1766 sui.
1131 1707 1417 1780 Intellige,
1451 1708 1644 1775 sodes,
1669 1723 1776 1764 nec
1804 1705 1935 1763 velis

2123 1705 2224 1768 νδ’.
2257 1710 2378 1783 [η’.]
2420 1709 2489 1763 Τὸ
2541 1712 2755 1779 Πνεῦμα
2801 1712 2898 1763 τοῦ
2945 1709 3074 1764 Υἶοῦ
3122 1709 3291 1765 αὐτοῦ
3338 1713 3476 1782 (48).
3505 1710 3696 1780 Σύνες,

291 1779 552 1857 divinam
585 1801 1017 1872 salutaremque
1037 1815 1235 1856 vocem
1285 1779 1565 1870 praeconis
1595 1798 1850 1854 veritatis
1885 1797 1935 1856 in

2058 1797 2100 1853 ὦ
2159 1797 2339 1866 οὗτος,
2405 1795 2496 1852 καί
2553 1800 2629 1870 μή
2671 1798 2770 1866 τὴν
2825 1801 2924 1852 τοῦ
2980 1799 3222 1872 κήρυκος
3278 1805 3378 1869 τῆς
3433 1799 3699 1870 ἀληθείας

288 1889 564 1962 perniciei
598 1890 897 1945 materiam
929 1888 1035 1944 tibi
1075 1893 1427 1945 convertere.
1465 1887 1589 1946 Non
1625 1891 1712 1943 est
1739 1903 1935 1959 opero-

2058 1886 2316 1964 θεόσοφόν
2359 1905 2418 1940 τε
2464 1885 2555 1940 καὶ
2613 1887 2886 1960 σωτήριον
2943 1886 3128 1962 φωνὴν
3181 1885 3431 1961 ὀλεθρίου
3487 1887 3698 1950 πάθους

287 1995 419 2036 sum
469 1978 834 2050 resipiscere,
886 1994 1000 2035 non
1046 1983 1136 2034 est
1168 1978 1242 2034 ad
1271 1977 1382 2034 hoc
1430 1976 1666 2051 ingenio
1698 1977 1935 2033 acutiori

2058 1980 2234 2048 σαυτῷ
2291 1974 2618 2049 συσκευάζῃς
2668 1976 2776 2048 (49)
2837 1973 3107 2030 ὑπόθεσιν.
3169 1973 3278 2030 Οὐκ
3333 1972 3472 2031 ἔστιν
3530 1975 3698 2052 ἐργώ-

285 2085 450 2137 opus,
484 2066 638 2138 quod
668 2065 854 2122 valeat
883 2067 944 2121 in
975 2065 1263 2123 abditiora
1302 2065 1583 2138 mysteria
1617 2069 1942 2137 penetrare.

283 2156 456 2211 Aliud
499 2155 792 2228 significat
829 2154 1073 2226 Spiritu:
1103 2156 1242 2212 Filii
1261 2153 1369 2211 sui.
1418 2158 1476 2210 et
1522 2153 1675 2211 aliud
1709 2155 1946 2229 denotat

281 2245 523 2319 Spiritus
551 2262 622 2304 ex
666 2247 835 2303 Patre
869 2245 1185 2319 procedens.
1235 2250 1349 2303 Nec
1387 2249 1444 2303 te
1474 2245 1798 2302 similitudo
1845 2262 1941 2302 ca-

282 2353 455 2394 suum
505 2336 565 2392 in
611 2353 816 2393 casum
881 2335 1317 2407 irreparabilem
1369 2334 1698 2406 compellat.
1759 2334 1942 2392 Multa

283 2427 443 2482 enim
491 2425 682 2496 verba,
741 2441 866 2497 quae
925 2425 1107 2482 simili
1157 2425 1476 2481 eﬂ‘eruntur
1520 2424 1680 2482 vocis
1730 2424 1936 2493 forma,

285 2515 538 2572 similem
567 2531 809 2572 sensum
842 2513 1180 2570 nullatenus
1228 2513 1522 2579 exhibent,
1566 2512 1940 2586 plurimaque

284 2604 391 2660 tibi
441 2604 550 2661 hoc
594 2604 719 2661 loco
784 2604 962 2660 verba
1017 2601 1310 2674 ejusmodi
1375 2617 1758 2671 recenserem,
1819 2602 1934 2659 nisi

287 2700 654 2757 contumacia
704 2704 807 2757 tua
840 2716 1035 2757 meum
1079 2699 1346 2756 studium
1386 2699 1446 2756 in
1495 2699 1782 2756 desidiam
1813 2715 1936 2757 ver-

288 2796 462 2852 teret.

355 3145 446 3201 55.
522 3143 606 3200 Tu
660 3156 791 3198 vero
830 3139 1072 3198 forsitan
1149 3137 1546 3208 afﬁrmaveris,
1620 3139 1738 3196 imo
1815 3138 1931 3196 tuis

288 3243 546 3301 serviens
561 3239 792 3314 legibus
810 3237 1048 3296 omnino
1070 3237 1295 3309 cogeris
1310 3237 1382 3294 ab
1400 3237 1509 3294 hac
1532 3253 1647 3294 non
1669 3238 1935 3294 recedere

287 3333 676 3391 absurditate:
721 3330 1002 3401 quoniam
1048 3327 1230 3384 Filius
1257 3345 1373 3384 non
1427 3327 1620 3384 solum
1660 3326 1937 3399 splendor

287 3422 473 3478 Patris
503 3425 561 3476 et
589 3420 789 3475 lumen
810 3419 881 3472 de
911 3416 1134 3472 lumine
1163 3433 1197 3470 a
1226 3416 1438 3471 nostris
1475 3414 1760 3486 theologis
1789 3433 1937 3472 nun-

289 3513 554 3578 cupatur,
605 3508 702 3561 sed
752 3510 808 3560 et
845 3505 970 3575 ipse
1013 3502 1128 3556 ait:
1164 3504 1274 3571 Ego
1319 3511 1448 3558 sunt
1494 3503 1594 3558 tua:
1630 3503 1849 3570 mundi,
1880 3510 1938 3562 et

289 3595 568 3669 quoniam
591 3597 680 3649 est
707 3591 906 3647 lumen
942 3589 1154 3645 lumini
1177 3591 1696 3658 consubstantiale,
1755 3593 1936 3652 Filius

2054 2062 2153 2135 δης
2210 2067 2245 2133 ἠ
2296 2064 2586 2139 ἀνάνηψις,
2655 2063 2754 2119 οὐκ
2807 2063 3057 2139 ὀξυτέρας
3095 2061 3264 2120 δεῖται
3329 2065 3520 2144 φρενὸς
3578 2065 3696 2121 οὐδ’

2052 2149 2375 2228 ἐμϐαθύνειν
2457 2151 2770 2228 ἒῤῥωμένης
2852 2158 2970 2216 τοῖς
3053 2154 3447 2232 κρυφιωτέροις
3527 2159 3690 2230 (5Ο)⁶

2051 2246 2164 2318 [54]
2195 2242 2338 2299 ἄλλο
2369 2245 2480 2317 (51)
2514 2243 2789 2316 σημαίνει,
2817 2243 2891 2298 Τὸ
2931 2248 3152 2317 Πνεῦμα
3182 2248 3280 2299 τοῦ
3327 2246 3456 2299 Υἱοῦ
3495 2245 3694 2317 αὐτοῦ,

2048 2335 2139 2389 καὶ
2167 2331 2350 2407 ἕτερον
2397 2336 2511 2406 (52)
2571 2338 2938 2409 μυσταγωγεῖ,
2984 2335 3055 2388 Τὸ
3115 2337 3332 2406 Πνεῦμα
3367 2335 3431 2390 τὸ
3480 2333 3542 2390 ἐκ
3593 2344 3694 2390 τοῦ

2050 2423 2260 2496 Πατρὸς
2293 2421 2720 2496 ἐκπορευόμενον
2750 2424 2884 2496 (53).
2917 2419 3063 2478 Μθδὲ
3093 2443 3150 2478 σε
3190 2425 3226 2492 ἡ
3278 2424 3546 2498 ὁμοιότης
3575 2428 3691 2498 (54)

2047 2517 2153 2569 τῶν
2221 2513 2478 2568 πτώσεων
2513 2515 2627 2587 (55)
2683 2513 2760 2575 εἷς
2835 2511 3050 2569 ἀνίατον
3108 2513 3475 2571 ωνελαυνὲτω
3543 2519 3694 2570 πτῶ-

2051 2623 2126 2674 μα
2155 2603 2293 2676 (56).
2351 2599 2546 2657 Πολλά
2598 2603 2702 2676 γὰρ
2753 2606 2862 2657 τῶν
2922 2601 3186 2678 ῥημάτων
3215 2605 3334 2678 (57)
3369 2609 3450 2677 τῷ
3508 2605 3692 2680 ὁμοίῳ

2045 2690 2400 2767 προαγόμενα
2445 2698 2547 2762 τῆς
2603 2698 2785 2770 φωνῆς
2825 2692 2984 2765 τύπῳ
3037 2692 3098 2748 οὐ
3154 2694 3246 2750 τὸν
3309 2694 3501 2768 ὅμοιον
3556 2700 3685 2752 νοῦν

2046 2782 2308 2856 οὐμενοῦν
2357 2777 2472 2836 οὐδ’
2520 2779 2676 2856 ἐγγὺς
2725 2777 3065 2856 διερμηνεύιι
3116 2801 3131 2816 ο
3189 2783 3280 2838 καὶ
3327 2783 3579 2841 πλεῖστον
3622 2783 3685 2841 ἄν

2046 2893 2129 2928 σοι
2170 2870 2432 2928 τοιούτων
2473 2873 2585 2944 (58)
2615 2869 2920 2946 κατάλογον
2961 2871 3312 2946 ἠθροισάμην
3347 2875 3478 2948 (59),
3521 2875 3567 2928 εἰ
3599 2882 3685 2948 μὴ

2044 2983 2144 3018 σου
2193 2961 2253 3016 τὸ
2301 2960 2513 3021 ἀπειθὲς
2543 2961 2654 3032 (60)
2697 2960 2796 3030 τὴν
2847 2958 2988 3034 ἐμὴν
3044 2959 3288 3031 σπουδήν
3351 2958 3686 3036 μτὲὅαλλεν

2043 3051 2120 3115 εἷς
2148 3047 2322 3108 ὄκνον.

2111 3143 2206 3198 νει,
2255 3139 2364 3213 [θ’,]
2424 3139 2498 3193 Σὺ
2558 3135 2604 3192 δ’
2658 3136 2720 3193 ἂν
2770 3139 2886 3210 (61)
2941 3135 3081 3202 ’ίσως
3136 3139 3305 3196 εἰπειν
3355 3143 3686 3219 ὑπαχθείης,

2047 3230 2259 3307 μᾶλλον
2329 3226 2386 3284 δὶ
2451 3233 2567 3292 τοῖς
2642 3232 2756 3290 σοῖς
2825 3225 3098 3284 δουλεύων
3170 3230 3366 3305 νόμοις
3440 3233 3686 3309 ἀνάγκην

2043 3318 2192 3400 ἔχεις
2223 3321 2345 3393 (62)
2397 3318 2473 3390 μή
2523 3315 2842 3394 ἀφίστασθαι
2891 3323 2992 3386 τῆς
3040 3317 3264 3383 ἀτοπίας
3299 3341 3312 3354 ·
3363 3323 3586 3392 Ἐπειδή
3625 3325 3698 3380 τὸ

2045 3411 2372 3485 ἀπαύγασμα
2428 3411 2528 3463 τοῦ
2569 3407 2783 3482 Πατρὸς
2813 3409 2928 3480 (63)
2984 3407 3074 3462 καὶ
3128 3408 3192 3464 τὸ
3247 3409 3307 3465 ἐκ
3360 3415 3459 3467 τοῦ
3508 3413 3694 3490 φωτὸς

2046 3506 2161 3576 φῶς
2202 3500 2230 3554 ὁ
2275 3498 2399 3560 Υἱὸς
2449 3497 2513 3552 οὐ
2565 3500 2726 3552 τοῦτο
2769 3495 2934 3568 μόνον
2983 3496 3347 3575 θεολογεῖται,
3402 3499 3549 3557 ἀλλᾶ
3596 3503 3692 3558 καὶ

2044 3585 2202 3651 αὐτός
2234 3590 2350 3662 (64)
2401 3606 2565 3664 φησεν
2598 3606 2611 3620 ·
2667 3583 2812 3661 Ἐγὼ
2856 3585 2971 3658 εἶμι
3019 3587 3081 3642 τὸ
3129 3593 3242 3666 φῶς
3300 3593 3398 3645 τοῦ
3449 3593 3692 3666 κόσμου,

1447 3679 1685 3737 VARle
1725 3681 2112 3741 LECTIONES
2154 3680 2240 3736 ET
2278 3679 2512 3735 ΝΟΤίΕ.

359 3775 475 3856 (43)
505 3767 1144 3856 901-.3usaieiwe-

357 3842 469 3916 (44)
503 3843 688 3899 Palat.
723 3842 899 3916 L229
924 3859 978 3897 a.
1005 3842 1112 3916 καῖ’
1147 3885 1162 3901 ,

358 3912 470 3989 (45)
503 3915 660 3974 Mon.
692 3912 828 3988 πρὸς
874 3912 1116 3988 ὲκατὲρες
1161 3912 1651 3989 (superscriptum
1717 3948 1785 3959 —
1809 3919 1932 3993 ους)

328 3989 379 4017 ἒ.-
408 3991 613 4017 ...-.....τ-
670 3988 834 4017 Unnn
869 3987 1042 4017 Ωιι-Α..
1085 4004 1120 4017 τι
1157 3989 1228 4017 0n
1259 4005 1290 4017 ιιι
1320 3989 1459 4017 οεοεε
1499 4005 1511 4017 ο
1538 3989 1904 4017 Π,......ι.-ι....

284 3987 379 4074 τὰς
408 3991 636 4071 φωναῖς.
670 3987 836 4058 Hugo
869 3987 1062 4043 Ether.
1085 3989 1228 4054 11,20
1258 3987 1461 4071 p.3135
1488 3987 1511 4043 *ε
1538 3987 1935 4073 βοηευὺειαηέ

283 4061 681 4142 tialequtdem
711 4057 784 4115 ad
815 4065 1134 4142 utrumque
1163 4075 1403 4116 omnino
1433 4063 1703 4131 vocibus;
1733 4070 1788 4118 et
1815 4079 1931 4120 non

290 4133 740 4205 signiﬁcatione,
772 4132 1094 4188 reddimu.

358 4205 468 4262 (46)
495 4205 648 4260 Mon.
686 4199 816 4262 μηδ’
848 4207 1071 4262 ὲκεῖνος.
1115 4201 1207 4257 Sic
1237 4201 1333 4257 Col

358 4205 468 4274 (46)
495 4205 648 4260 Mon.
686 4205 816 4274 μηδ’
848 4207 1071 4262 ἐκεῖνος.
1115 4205 1207 4257 Sio
1237 4205 1358 4258 Col.

358 4277 472 4356 (47)
502 4275 666 4356 Hugo
717 4274 1064 4356 Etberianus
1096 4273 1157 4356 ι..
1181 4289 1231 4328 ο.
1263 4273 1542 4356 Pbotium
1574 4273 1878 4356 alloquens
1911 4316 1924 4332 .

295 4366 317 4396 ι
336 4343 416 4403 Ad
443 4343 549 4402 hoc
569 4343 763 4400 autem
784 4343 1166 4415 fateris,quod_
1183 4351 1550 4400 sacrosancte
1571 4343 1923 4415 confitearis,

1203 3885 1215 3898 .
1247 3841 1515 3917 (rasura).

2047 3770 2346 3845 ᾀλλότριον
2396 3768 2529 3845 εἶναι
2576 3765 2666 3845 καὶ
2702 3769 2777 3845 μὴ
2827 3767 3037 3845 δμοίως
3085 3769 3174 3825 καὶ
3215 3771 3343 3844 παρ’
3391 3771 3562 3830 αὐτοῦ
3607 3771 3695 3829 δί-

2047 3839 2258 3910 δοσθαί,
2293 3840 2633 3916 Πνεῦμαμκαὶ
2661 3839 2757 3894 τοῦ
2789 3839 2916 3916 Υἱοῦ
2948 3839 3187 3916 λέγετπι.

2117 3916 2230 3987 (48)
2261 3913 2479 3987 lp_cod.
2505 3912 2946 3987 _Mon.Acap_.A3i.

2113 3984 2227 4057 (49)
2284 3985 2439 4041 Men.
2497 3984 2535 4039 f.

2045 4057 2339 4126 σκευάζεις.

2115 4123 2235 4202 (50)
2255 4129 2413 4204 Mon.
2443 4123 2894 4204 κορυφιωτὲροις.

2113 4197 2222 4272 (51)
2254 4202 2406 4258 Men.
2441 4197 2636 4272 suae.

2110 4268 2224 4347 (52)
2256 4273 2410 4347 Men.
2436 4268 2599 4347 ἄλλο.

2115 4343 2224 4417 (53)
2281 4345 2438 4420 Hanc
2466 4343 2685 4420 _I_’hot_ii
2755 4343 3141 4420 assertionem
3196 4345 3381 4420 refert
3437 4348 3681 4420 Beccus,

2603 3984 2728 4053 459,
2790 3984 2940 4041 460:
3004 3984 3210 4048 Πόθους
3286 3990 3466 4060 σαυτῷ
3522 4007 3691 4045 κατα-

288 4419 585 4497 $piritum
625 4414 972 4497 esse‘i’atris
996 4421 1058 4497 et
1088 4413 1258 4497 Filii;
1307 4413 1927 4497 sedetsubstantiale
1960 4431 2006 4497 ι)
2037 4413 2274 4497 ιἰι,
2337 4417 2408 4472 ad
2465 4415 2750 4497 Ibeodor.
2807 4417 3063 4488 Sugdaete
3117 4417 3297 4491 episc.
3353 4434 3404 4474 c.
3467 4421 3523 4475 7.
3583 4413 3679 4478 Gr;

289 4485 353 4564 (Ιῖ
386 4485 901 4564 consubstantiale)
943 4485 1016 4564 ad
1058 4489 1370 4564 utrumque
1407 4490 1639 4564 tantum
1687 4489 1928 4564 vocibus
1960 4485 2001 4497 ”
2040 4488 2361 4564 Ονιζιοιίεμ,

286 4557 548 4634 applicas
577 4560 635 4614 in
665 4558 822 4634 hunc
867 4558 1106 4634 modum
1159 4557 1380 4634 fetido;
1404 4558 1720 4634 Δ«βςξὶῐῐιυε
1773 4561 1930 4634 quod

287 4627 798 4704 consubstantialis
827 4637 912 4685 est
945 4629 1181 4704 quidem
1208 4627 1368 4704 Patri
1398 4629 1751 4704 Spiritus,eo
1776 4627 1924 4704 quod

286 4720 355 4759 ex
383 4705 510 4774 ipso
553 4701 831 4774 procedit,
879 4699 1398 4774 consubstantialis
1427 4699 1558 4757 vero
1613 4699 1924 4774 Filiofnon

285 4771 436 4845 quod
469 4790 538 4829 ex
553 4771 685 4844 ipso
720 4771 994 4844 procedat
1025 4771 1200 4845 (absit
1227 4771 1238 4826 !
1273 4773 1408 4844 quia
1439 4789 1624 4844 neque
1662 4773 1762 4830 ille
1794 4775 1926 4832 huic

284 4844 389 4919 per
401 4845 985 4919 generationem),sed
1001 4844 1273 4919 quoniam
1287 4861 1357 4919 ex
1380 4851 1570 4919 unaet
1583 4845 1923 4919 indivisibili

287 4916 465 4974 causa
485 4926 613 4972 ante
636 4916 846 4989 saecula
869 4918 1164 4987 wqualiter
1187 4918 1414 4989 utrique
1430 4916 1770 4988 (ed.utique)
1798 4935 1924 4989 pro-

287 4989 560 5059 gressio.»
596 4987 800 5042 Photio
832 4992 1134 5056 prmiverat
1164 4987 1582 5055 Theo’doretus,
1602 4987 1698 5059 qui
1722 4987 1924 5044 contra

287 5060 477 5133 Cyrilli
511 5059 801 5133 anathem.
824 5059 878 5122 9,
903 5059 1214 5133 insurgens
1232 5059 1480 5133 scripsit
1510 5059 1676 5131 (Opp.
1701 5062 1920 5133 H5118.

285 5126 380 5189 ea.
414 5133 595 5187 Paris.
632 5131 792 5196 1642)
823 5148 835 5186 :
888 5126 1052 5200 (Ἰδιον
1077 5126 1138 5183 ⁷δέ
1193 5128 1255 5182 τὸ
1287 5134 1328 5182 Il
1343 5126 1526 5200 νεῦμα
1551 5126 1647 5184 τῦῦ
1697 5126 1845 5200 Υίοῦ,
1877 5131 1923 5185 εί

291 5203 383 5274 μὲν
431 5202 515 5280 ὡς⁵
547 5201 784 5280 δμφφυὲς
820 5198 909 5254 καὶ
934 5199 1018 5280 ὶὲδς,
1055 5201 1266 5280 [Ias-pos
1315 5196 1743 5280 ἐκπορευόμενον
1794 5196 1920 5280 ἔφη,

288 5267 810 5352 συνομολοῆήςέομεν
860 5270 1055 5352 καὶ-ὼε
1102 5267 1297 5352 εὐσεξῆ
1355 5267 1613 5352 δεξόμεθα
1658 5273 1758 5352 τήν

283 5348 390 5418 νήνν
417 5339 432 5376 ί
463 5345 510 5399 εἶ
542 5339 598 5398 δὲ
631 5339 728 5406 ’ὡς’
754 5342 804 5413 ἐξ
849 5343 983 5418 Υἱοῦ,
1099 5339 1171 5396 δι’
1195 5339 1919 5418 αὐτοῦιίίπαρξινᾳὲχονξὼς

285 5363 382 5416 νην
417 5363 430 5376 ·
463 5363 510 5399 ει
542 5363 598 5398 οε
647 5365 720 5406 ως
754 5363 804 5413 se;
854 5363 976 5396 ιιου
1016 5363 1050 5411 η
1099 5363 1168 5396 οι-
1200 5363 1362 5397 αυτου
1407 5363 1513 5401 υπα
1553 5363 1630 5413 ςιν
1662 5363 1812 5416 εγον,
1845 5363 1916 5406 ως

285 5417 620 5544 Ελάσφημον
677 5418 838 5470 τοῦτο
901 5415 988 5468 καὶ
1047 5413 1121 5475 ὠς
1191 5409 1440 5478 δυσσεϐὲς
1515 5363 1916 5490 Ξπορῥίῷομεν·

336 5491 558 5544 hotium
591 5495 915 5544 seouuntur
944 5487 1052 5541 hac
1083 5487 1142 5541 in
1175 5503 1234 5543 re
1263 5488 1386 5544 eius
1426 5489 1664 5544 asseclaa
1694 5506 1916 5544 omnes.

336 5487 558 5545 hoti'um
591 5495 915 5558 sequuntur
944 5487 1052 5541 hac
1083 5487 1142 5541 in
1175 5503 1234 5543 re
1263 5488 1386 5557 ejus
1426 5487 1669 5545 asseclaa'
1694 5487 1916 5546 omnes.

284 5561 634 5618 Cf.Andron.
671 5561 1036 5616 Camaterum
1069 5559 1226 5631 apud
1257 5558 1503 5617 Beccum
1537 5561 1630 5616 Gr.
1668 5561 1819 5617 Orth.
1854 5577 1916 5629 ιι,

329 5676 342 5720 τ
388 5629 1340 5720 300;.391lnsﬁ.Messallae?!-
1390 5632 1594 5720 ‘¥"2$;
1639 5632 1918 5720 211996;

284 5649 342 5764 ﬁ.
388 5649 514 5702 5W,
551 5649 676 5702 6Ul,
721 5649 778 5687 et
825 5649 1080 5713 marcum
1115 5649 1340 5711 βραδυ.
1390 5649 1594 5720 εγιιοε.
1639 5649 1704 5686 ιι
1731 5649 1918 5718 quoa;

346 5722 442 5766 0n.
488 5705 557 5761 27
589 5705 628 5762 f.
677 5703 784 5760 236
811 5701 895 5777 b),
925 5702 1028 5758 ubl
1075 5704 1156 5758 alt
1189 5717 1204 5758 :
1235 5703 1342 5757 ‘Iva
1374 5723 1452 5775 μη
1504 5697 1631 5777 δοξῃ
1664 5721 1760 5756 του
1792 5703 1919 5757 Υἱου

2109 4489 2264 4546 Ἠιοίί.
2298 4505 2361 4554 u,
2395 4505 2453 4560 p.
2488 4487 2611 4542 142.
2898 4487 2916 4488 ί

2109 4560 2410 4642 ($393199-
2449 4555 2722 4642 Mﬁigs
2761 4556 2961 4628 ὁμοιω.

2109 4631 2476 4706 (55)AScilic_et
2505 4631 2718 4706 similis
2763 4647 2936 4706 casus
2978 4631 3395 4702 grammaticus
3439 4633 3686 4706 (geniti-

2036 4701 2183 4774 vus).
2205 4701 2388 4774 Ludit
2417 4701 2475 4754 in
2511 4701 2704 4757 verbis
2733 4704 2942 4763 πτῶσις
2975 4701 3030 4759 ἐι
3059 4705 3284 4774 πτῶμα.

2104 4772 2218 4844 (56)
2249 4772 2367 4828 Col.
2399 4774 2638 4844 τραῦμα.

2104 4841 2218 4916 (57)
2250 4845 2404 4899 Mon.
2436 4841 2748 4914 ὀνομάτων,

2103 4919 2218 4987 (58)
2250 4916 2402 4972 Mon.
2431 4917 2700 4972 τοιοῦτον.

2109 4989 2221 5060 (59)
2253 4987 2312 5042 In
2365 4988 2457 5044 his
2504 4988 2842 5060 colligendis
2885 4987 3158 5044 Photium
3210 4989 3462 5044 multum
3513 4989 3680 5047 labo-

2031 5059 2450 5132 rasse'iprseter
2483 5059 2922 5132 Vocabularium
2969 5061 3156 5116 eidem
3205 5061 3521 5132 ascriptum
3575 5079 3676 5132 qu.

2031 5079 2192 5116 rasse
2282 5079 2450 5116 rseter
2490 5079 2922 5116 vocanunanum
2969 5079 3156 5116 eidem
3205 5079 3521 5132 ascriptum
3620 5079 3675 5118 υ.

2031 5079 2397 5259 gsmepllaiﬁocb.
2427 5132 2494 5186 21
2531 5135 2651 5204 (ap.
2684 5131 2894 5189 Maiam
2932 5133 3069 5188 Vell.
3119 5132 3238 5188 Scr.
3273 5132 3312 5199 l,
3365 5149 3421 5205 p.
3472 5079 3675 5208 59:65)

2032 5218 2299 5259 οειθοαιι.

2101 5275 2214 5348 (
2246 5275 2377 5348 Men
2389 5318 2399 5329 .
2427 5271 2636 5348 d~aa0_é_:_.

2033 5416 2043 5428 η
2100 5343 2466 5471 (gingiuae.
2500 5343 2625 5400 Οὐδ’
2655 5343 2715 5399 ἂν
2745 5343 2826 5401 ’ίσ.
2870 5348 2933 5404 In
2964 5345 3148 5403 Palat.
3183 5346 3454 5420 signatur
3497 5365 3548 5405 c.
3597 5348 3665 5419 η’.

2033 5434 2091 5471 In
2173 5437 2201 5471 a
2237 5459 2248 5471 .
2329 5459 2341 5471 .

2029 5418 2091 5472 in
2128 5418 2248 5474 Vat.
2279 5418 2341 5472 θ’.

2100 5491 2210 5558 (62)
2241 5490 2396 5562 Mon.
2439 5485 2605 5562 ἔχειν.

2099 5561 2214 5703 (63)
2245 5561 2327 5617 Cf.
2362 5561 2537 5618 Hobr.
2579 5578 2618 5628 ι,
2651 5561 2706 5616 3.

2121 5633 2210 5703 64)
2247 5637 2403 5691 Mon.
2445 5631 2601 5690 αὐτά.

2121 5631 2210 5704 64)
2247 5637 2403 5691 Mon.
2445 5631 2601 5690 αὐτά.
