4058 6216
325 393 445 453 347

1537 377 1798 440 PHOTII
1841 376 2366 440 PATRIARCHE
2408 375 2524 438 ΟΡ.

3605 378 3726 438 348

326 525 671 586 condemno.
696 523 786 590 At,
820 519 1040 592 inquis,
1064 517 1152 574 illi
1207 516 1330 572 haec
1388 513 1775 586 scripserunt,
1797 521 1851 569 et
1907 513 1968 569 in

2097 511 2490 586 ταψηφίζομαι.
2549 507 2744 578 Ἀλλὰ,
2803 509 2937 587 φησὶ
2987 511 3123 582 (95),
3207 508 3502 590 γεγράφασι
3561 515 3735 566 ταῦτα

326 618 557 674 illorum
577 613 742 670 libris
761 611 1109 675 continetur,
1130 607 1405 679 Spiritum
1426 622 1459 660 a
1482 604 1621 662 Filio
1640 606 1968 675 procedere.

329 710 537 766 Verum
571 704 710 776 quid
738 701 891 756 hoc?
923 700 980 755 Si
1036 699 1191 754 enim
1248 695 1457 752 melius
1513 696 1697 752 edocti
1747 703 1973 752 senten-

331 798 472 853 tiam
506 811 621 850 non
655 793 977 858 mutarunt,
999 788 1043 843 si
1067 786 1248 858 justis
1293 785 1463 842 evicti
1506 784 1867 858 argumentis
1898 783 1970 840 ab

327 901 522 942 errore
553 899 666 939 non
697 881 1082 946 recesserunt,
1117 883 1286 933 tuum
1318 891 1462 947 opus
1493 875 1639 932 dicis
1687 880 1974 947 tuumque

329 973 816 1031 inemendabilem
850 968 1112 1024 animum
1150 966 1286 1039 (alia
1318 983 1524 1024 rursus
1571 966 1690 1022 hmo
1731 972 1820 1023 est
1867 968 1975 1023 ad-

330 1080 528 1123 versus
562 1065 765 1116 Patres
800 1065 929 1114 tuos
960 1057 1277 1125 calumnia)
1307 1056 1542 1112 illorum
1573 1056 1848 1112 doctrinae
1880 1074 1973 1113 ac.

332 1158 565 1224 ceptum
599 1149 798 1204 refers.
834 1147 890 1201 Si
919 1162 1215 1216 vero,quze
1246 1149 1334 1201 est
1355 1161 1549 1201 rerum
1582 1146 1974 1203 humanarum

333 1241 605 1308 conditio,
637 1239 770 1294 licet
807 1236 1155 1305 caeteroquin
1183 1235 1420 1306 optimis
1449 1236 1766 1307 quibusque
1796 1237 1973 1292 virtu-

333 1331 488 1388 tibus
521 1327 836 1396 ornati,vel
860 1343 926 1381 ex
957 1324 1284 1396 ignorantia
1313 1325 1560 1394 quadam
1591 1324 1740 1397 lapsi
1763 1326 1852 1381 vel
1872 1341 1976 1382 ne-

333 1420 613 1494 gligentia
644 1417 864 1487 abrepti
888 1424 1047 1481 sunt,
1071 1431 1183 1470 non
1217 1418 1411 1469 tamen
1443 1414 1728 1470 admoniti
1758 1416 1980 1471 restite-

336 1513 474 1566 runt
502 1513 602 1564 aut
632 1508 702 1563 ad
734 1505 1118 1563 correctiones
1161 1502 1425 1558 animum
1471 1504 1836 1573 pertinaciter
1884 1505 1980 1560 ob-

335 1595 801 1667 durabant,quid
835 1594 942 1649 hoc
971 1594 1042 1647 ad
1072 1596 1128 1647 te
1148 1590 1175 1646 ?
1197 1591 1498 1658 Quomodo
1519 1608 1650 1649 vero
1673 1594 1730 1648 in
1755 1593 1848 1662 iis,
1880 1595 1979 1665 qui

336 1687 482 1744 nihil
499 1687 690 1742 simile
704 1684 819 1739 tuis
833 1682 1090 1737 moribus
1105 1680 1457 1748 habuerunt,
1479 1682 1803 1753 perfugium
1820 1683 1973 1738 inve-

338 1778 464 1834 nies
497 1792 672 1847 pzenaa
703 1771 1051 1828 inevitabilis
1097 1764 1503 1826 evitandis?Si
1547 1772 1705 1827 enim
1753 1788 1974 1838 eorum,

2079 603 2168 655 καὶ
2199 604 2314 660 τοῖς
2339 598 2550 654 ἐκείνων
2587 597 2776 672 λόγοις
2809 597 3217 676 ἐμπεριέχεται,
3260 600 3324 653 τὸ
3372 604 3592 670 Πνεῦμα
3638 603 3738 655 τοῦ

2079 691 2207 744 Υἱοῦ
2238 688 2640 762 ἐκπαρεύεσθαι.
2821 687 2918 742 Καὶ
2963 687 3017 741 τί
3065 689 3265 758 τοῦτο;
3319 688 3376 744 El
3433 688 3528 761 μὶν
3578 686 3733 744 διδα-

2080 778 2298 857 χθέντες
2336 777 2396 832 οὐ
2449 777 2750 850 μετέθεντο,
2798 775 2842 830 εί
2890 780 3007 838 τοῖς
3058 773 3290 839 δικαίοις
3354 775 3616 853 ἐλέγχοις
3666 778 3735 833 οὐ

2055 862 2448 941 ·μετεϐάλοντο
2498 868 2632 939 (96),
2676 865 2735 919 τὸ
2781 864 2872 919 σὸν
2917 862 3075 938 ἔργον
3119 863 3296 940 λέγεις
3345 865 3436 919 καὶ
3480 867 3582 935 τήν
3631 867 3730 934 σὴν

2083 961 2440 1030 ἀνουθέτητον
2469 960 2698 1033 γνώμην
2729 956 2898 1031 (άλλη
2933 955 3099 1011 πάλιν
3127 957 3264 1027 αὕτη
3295 957 3432 1012 κατά
3459 962 3566 1012 τῶν
3620 963 3732 1012 σῶν

2084 1051 2338 1124 Πατέρων
2387 1047 2740 1120 συκοφαντία)
2787 1046 2864 1108 εἰς
2906 1047 3006 1116 τὴν
3050 1045 3266 1102 ἐκείνων
3318 1047 3595 1124 ἀναφέρεις
3654 1045 3738 1102 δι-

2085 1135 2400 1195 δασκαλίαν.
2433 1137 2498 1193 Εἰ
2539 1134 2594 1192 δὲ
2636 1137 2722 1190 οἷα
2769 1137 2834 1190 τὰ
2877 1135 3196 1211 ἀνθρώπινα
3240 1137 3422 1191 καίτοι
3471 1137 3540 1191 τά
3585 1135 3736 1191 ἄλλα

2083 1233 2200 1290 τοῖς
2232 1227 2473 1302 ἀρίστοις
2514 1225 2925 1298 ένευθυμοῦντες
2986 1227 3100 1299 (97)
3132 1226 3166 1295 ἢ
3201 1224 3392 1302 ἀγνοίᾳ
3438 1226 3546 1281 τινὶ
3577 1247 3738 1300 περι-

2087 1317 2273 1372 έπεσον
2342 1316 2377 1386 ἢ
2437 1314 2786 1391 παροράματι
2875 1314 3282 1389 ὑπηνέχθησαν,
3338 1314 3436 1369 οὐκ
3483 1316 3737 1369 ἀντεῖπον

2088 1405 2146 1462 δὲ
2176 1403 2554 1479 διδασκόμενοι
2588 1401 2712 1458 οὐδὲ
2741 1404 2876 1478 πρὸς
2906 1403 2970 1458 τὸ
3018 1406 3306 1459 νουθετοῦν
3357 1401 3733 1473 ἀπηυθαδειά-

2086 1516 2243 1550 σαντο
2272 1497 2412 1567 (98),
2444 1494 2496 1550 τί
2523 1498 2683 1548 τοῦτο
2714 1495 2847 1568 πρὸς
2878 1494 2936 1548 σέ
2965 1512 2978 1561 ;
3028 1497 3155 1554 Πῶς
3199 1489 3255 1547 δὲ
3307 1493 3554 1566 εὑρήσεις
3603 1493 3740 1547 ἐκει-

2088 1605 2214 1648 νους
2269 1584 2585 1660 καταφυγὴν
2638 1584 2710 1636 ὧν
2755 1578 2906 1636 οὐδὲν
2957 1581 3150 1654 ὅμοιον
3199 1582 3336 1655 πρὸς
3382 1582 3448 1636 τά
3498 1581 3582 1651 σα,
3629 1583 3734 1650 τήν

2083 1675 2320 1750 ἄφυκτον
2380 1672 2537 1744 δίκην
2597 1674 2890 1750 ἀποφυγεῖν
2948 1675 3103 1745 (99);
3153 1672 3214 1726 El
3247 1673 3350 1747 γὰρ
3402 1673 3476 1726 ὧν
3521 1673 3583 1726 σὺ
3637 1673 3735 1745 μὲν

2085 1764 2380 1826 ἀπολαύεις
2411 1763 2640 1824 ἐκείνοις
2672 1760 2797 1817 οὐδὲ
2826 1763 3018 1836 γέγονε
3081 1767 3395 1837 μετασχεῖν,
3425 1761 3653 1818 πολλῶν
3691 1751 3739 1816 δ’

341 1841 556 1940 quibus
587 1873 643 1919 tu
669 1862 955 1928 abundas,
989 1859 1073 1915 illi
1097 1876 1167 1915 ne
1198 1859 1399 1915 leviter
1415 1860 1646 1930 quidem
1673 1862 1981 1934 participes

2097 1855 2276 1911 Ξίλλων
2335 1854 2649 1927 προσόντων
2710 1851 2894 1912 αὐτοῖς
2965 1850 3237 1923 θαύματος
3296 1850 3482 1922 ἀξίων,
3544 1849 3614 1905 δι’
3663 1852 3737 1906 ῶν

341 1958 474 2015 facti
507 1959 661 2023 sunt,
686 1954 782 2009 sed
819 1952 1011 2025 potius
1042 1950 1313 2021 plurimis
1344 1949 1474 2006 aliis
1496 1950 1847 2007 admiranda
1870 1951 1982 2006 vir-

334 2046 474 2104 tutis
507 2043 851 2116 pietatisque
873 2040 1296 2112 speciminibus
1312 2041 1500 2095 ornati
1523 2039 1772 2112 impium
1813 2046 1977 2099 tuum

338 2138 546 2207 dogma
568 2150 634 2190 ex
653 2129 978 2202 ignorantia
993 2133 1096 2184 aut
1117 2129 1471 2199 negligentia
1501 2129 1976 2201 pronuntiarunt,

337 2226 476 2298 quid
501 2229 562 2279 tu
582 2224 906 2278 humanum
931 2220 1164 2276 illorum
1189 2219 1476 2276 defectum
1498 2226 1773 2291 tanquam
1796 2220 1978 2292 legem

336 2314 516 2387 impie
548 2311 819 2369 credendi
853 2310 959 2366 tibi
989 2309 1296 2365 constituis
1327 2323 1513 2380 exque
1554 2309 1658 2364 hac
1705 2314 1807 2366 tua
1855 2309 1980 2380 lege

336 2404 490 2472 illo,
524 2401 625 2473 qui
657 2399 737 2455 uil
769 2397 1056 2469 ejusmodi
1115 2397 1379 2452 sanxisse
1437 2395 1783 2466 deprehensi
1816 2401 1976 2464 sunt,

338 2496 574 2566 iniquos
625 2489 887 2562 legisque
936 2486 1244 2542 violatores
1291 2486 1551 2542 declaras
1600 2492 1982 2554 extremasque

337 2580 654 2654 impietatis
687 2581 793 2636 sub
845 2578 1058 2634 amoris
1099 2576 1629 2648 benevolentiaque
1667 2577 1822 2634 larva
1853 2593 1980 2634 reos

334 2669 612 2744 judicas?
638 2668 760 2725 Non
795 2669 945 2724 bona
982 2672 1218 2723 tuorum
1261 2669 1401 2722 sunt
1429 2667 1761 2724 studiorum
1803 2683 1978 2725 cona-

340 2767 625 2832 tuumque
657 2758 913 2829 praemia.
934 2757 1047 2812 Sed
1069 2755 1199 2812 vide
1219 2755 1540 2828 impietatis
1554 2772 1848 2814 excessum
1873 2760 1983 2813 im-

341 2850 618 2923 probique
640 2847 1033 2920 insipientiam
1066 2845 1268 2901 animi.
1305 2847 1366 2901 In
1393 2862 1568 2902 suum
1593 2846 1983 2918 patrocinium

341 2935 548 2986 vocant
577 2929 919 2985 Dominum:
953 2925 1297 2998 deprehensi
1329 2927 1564 2982 fuerunt
1597 2927 1906 2984 mendaces
1931 2931 1987 2982 et

341 3017 836 3084 calumniatores;
887 3016 1242 3071 advocarunt
1303 3019 1582 3085 patronos
1651 3016 1984 3087 apostolos;

341 3107 588 3164 convicti
637 3110 775 3162 sunt
795 3105 936 3160 istos
967 3119 1195 3175 quoque
1241 3104 1444 3159 eodem
1468 3104 1638 3160 modo
1670 3103 1985 3160 calumniis

339 3197 692 3264 efﬁcientes;
725 3164 1116 3265 confugerunt
1143 3208 1346 3249 rursus
1375 3193 1446 3249 ad
1479 3193 1739 3260 Pratres;
1773 3197 1830 3248 et
1863 3193 1988 3249 loco
2019 3164 2069 3230 Ο

339 3288 580 3345 honoris
610 3288 909 3359 ingentem
941 3284 1082 3356 ipsis
1121 3283 1550 3356 blasphemiam
1585 3284 1916 3340 offundunt.

413 3380 502 3434 69.
538 3383 609 3434 Et
641 3377 836 3434 Patres
867 3376 1103 3448 quidem
1137 3379 1365 3439 vocant.
1397 3376 1479 3430 ita
1505 3379 1611 3443 est,
1646 3376 1747 3431 sed
1781 3392 1894 3430 non
1928 3378 1994 3430 ut

345 3471 579 3524 Patrum
613 3466 726 3522 illis
756 3467 1039 3522 honorem
1068 3465 1340 3530 tribuant,
1365 3480 1565 3520 verum
1598 3469 1663 3519 ut
1691 3464 1993 3521 inveniant

347 3574 461 3630 qua
510 3557 736 3629 possint
791 3555 1011 3610 ratione
1066 3553 1189 3610 fieri
1237 3553 1560 3625 parricidae.
1622 3552 1822 3625 Neque
1877 3554 1993 3609 divi

348 3645 511 3701 Pauli
544 3646 988 3717 perhorrescunt
1032 3657 1254 3712 vocem,
1288 3658 1465 3714 quam
1516 3646 1712 3698 tamen
1779 3648 1836 3700 et
1883 3643 1996 3715 ipsi

345 3740 551 3793 contra
581 3735 776 3790 Patres
808 3749 943 3790 suos
985 3749 1100 3789 non
1157 3732 1284 3788 sine
1337 3732 1561 3804 ingenti
1601 3732 1826 3789 malitia
1851 3749 1996 3788 con-

346 3828 639 3897 torquent.
665 3823 766 3879 Hio
796 3822 976 3891 enim,
1019 3822 1118 3894 qui
1148 3825 1496 3894 potestatem
1527 3823 1746 3894 accepit
1775 3822 1995 3895 ligandi

351 3931 418 3971 ac
440 3914 722 3984 solvendi,
753 3918 809 3969 et
849 3928 990 3969 sane
1018 3911 1251 3968 vinculo
1282 3912 1582 3968 tremendo
1614 3911 1794 3968 simul
1816 3917 1873 3968 et
1907 3929 1998 3969 va-

350 4003 468 4060 lido
491 4002 954 4076 (pertingitenim
980 4002 1051 4058 ad
1068 4001 1263 4074 ipsum
1279 4017 1523 4073 regnum
1540 4001 1864 4074 caelorum);
1879 4001 1995 4069 hic,

351 4092 848 4167 inquam,ingenti
878 4094 1152 4165 claraque
1199 4092 1488 4148 exclamat
1508 4109 1645 4149 voce
1676 4111 1688 4149 :
1724 4093 1870 4149 Licet
1900 4109 1997 4148 nos

346 4194 445 4241 aut
475 4185 705 4254 angelus
759 4185 826 4240 de
871 4184 1007 4239 cwlo
1052 4183 1388 4252 evangelise:
1431 4182 1583 4238 vobis
1626 4186 1998 4254 praeterquam

350 4273 492 4345 quod
513 4272 1012 4342 euangelizavimu:
1042 4270 1210 4336 vobis,
1233 4269 1528 4324 anathema
1572 4273 1642 4326 sit
1685 4273 1750 4327 ⁸⁸⁸.
1788 4271 1998 4327 Paulus

351 4378 563 4418 sonora
593 4367 650 4416 et
681 4375 983 4429 nunquam
1016 4362 1218 4414 tacens
1249 4357 1522 4413 Ecclesia:
1564 4359 1725 4428 tuba,
1750 4359 1837 4415 vir
1868 4365 1996 4415 tan-

423 4485 471 4520 "
503 4483 686 4542 Galat.
721 4501 761 4550 ι,
793 4485 846 4536 8.

2094 1943 2256 2019 ἄρετή
2301 1939 2599 2015 διαλάμπει
2642 1941 2732 1995 καὶ
2790 1935 3054 2007 εὐσέϐεια,
3101 1939 3163 1995 τὰ
3213 1942 3303 1994 σὸν
3351 1939 3399 2009 ἐξ
3451 1939 3672 2017 ἀγνοίας
3701 1942 3736 2010 ἢ

2092 2033 2228 2089 κατά
2283 2031 2581 2106 παρόρασιν
2640 2030 2844 2106 ἐρρήθη
2900 2025 3237 2102 δυσσέϐημα,
3293 2028 3346 2084 τί
3391 2029 3456 2084 τὸ
3517 2027 3736 2085 ἐκείνων

2088 2123 2422 2195 ἀνθρώπινον
2455 2123 2566 2193 [69]
2599 2119 2825 2191 ἥττημα
2871 2120 2946 2191 (1)
2998 2118 3164 2191 νόμον
3226 2119 3319 2192 μὶν
3367 2113 3508 2172 ὥστε
3550 2115 3739 2174 δυσσε-

2089 2208 2202 2266 ϐεῖν
2263 2213 2437 2282 ἑαυτῷ
2485 2208 2861 2284 συνεισφέρεις,
2895 2205 2955 2262 ἐκ
3003 2203 3060 2261 δὲ
3104 2211 3203 2262 τοῦ
3253 2211 3348 2262 σοῦ
3391 2207 3567 2280 νόμου
3613 2207 3741 2271 τοὺς

2094 2299 2261 2376 μηδὲν
2284 2303 2500 2354 τοιοῦτο
2519 2300 2832 2370 νομοθετεῖν
2857 2297 3203 2374 φωραθέντας
3225 2296 3574 2370 παρανόμους
3606 2296 3743 2352 ἀπο-

2091 2388 2318 2466 φαίνεις,
2351 2389 2440 2442 καὶ
2474 2383 2718 2450 ἀσεϐείας
2749 2386 2986 2460 ἐσχάτης
3038 2385 3091 2440 ἐν
3132 2385 3465 2461 προσωπείῳ
3505 2392 3744 2460 στοργῆς

2089 2479 2177 2534 καὶ
2210 2476 2419 2540 εὐνοίας
2453 2473 2609 2546 δίκην
2642 2476 2929 2546 ἀπαιτεῖς;
2962 2474 3028 2529 οὐ
3061 2474 3164 2550 γὰρ
3203 2472 3347 2530 καλά
3387 2495 3472 2529 σοι
3506 2477 3588 2547 (2)
3635 2480 3742 2529 τῶν

2089 2567 2485 2643 ἀγωνισμάτων
2542 2567 2612 2620 τά
2654 2565 2926 2640 ἐπίχειρα.
2978 2565 3136 2621 Ἀλλ’
3187 2562 3286 2639 ὅρα
3341 2571 3440 2634 τῆς
3490 2559 3739 2619 ἀσεϐείας

2090 2661 2190 2728 τὴν
2220 2653 2532 2733 ὑπερϐολὴν
2560 2656 2650 2712 καὶ
2681 2663 2781 2727 τῆς
2811 2654 3159 2731 κακοσχόλου
3191 2659 3419 2730 γνώμης
3464 2656 3526 2712 τὸ
3573 2655 3738 2711 ἀσύν-

2093 2769 2232 2807 ετον.
2280 2747 2375 2812 Εἷς
2429 2745 2755 2823 συνηγορίαν
2812 2742 3000 2820 ἄγουσι
3058 2746 3149 2800 τὸν
3209 2745 3510 2815 Δεσπότην,
3560 2747 3744 2824 πεφώ-

2095 2857 2282 2914 ρανται
2352 2839 2428 2910 (3)
2505 2839 2979 2914 συκοφαντοῦντες·
3060 2833 3316 2890 ἐκάλεσαν
3405 2834 3742 2910 συνηγόρους

2091 2929 2220 2990 τοὺς
2256 2927 2528 3000 μαθητὰς,
2563 2927 2806 2982 ἑάλωσαν
2859 2925 3136 2987 κάκείνους
3186 2926 3275 2980 τὸν
3331 2925 3487 2980 αὐτὸν
3535 2925 3745 2999 τρόπον

2095 3011 2520 3092 περιϐάλλοντες
2607 3012 3010 3092 συκοφαντίαις
3069 3012 3366 3092 κατέφυγον
3424 3011 3586 3068 πάλιν
3659 3013 3743 3075 εἷς

2098 3105 2357 3180 Πατέρας,
2393 3103 2482 3159 καὶ
2513 3103 2634 3158 ἀντὶ
2677 3110 2847 3177 τιμῆς
2902 3103 3150 3179 μεγάλην
3199 3103 3374 3160 αὐτῶν
3417 3103 3754 3182 καταχέουσι

2108 3193 2324 3273 βλασφη
2337 3194 2481 3266 μίαν.

2175 3374 2266 3443 ξθ’.
2301 3369 2415 3446 [δ’-1
2457 3371 2557 3427 Καὶ
2590 3373 2828 3446 Πατέρας
2879 3371 2974 3444 μὲν
3024 3368 3252 3426 καλοῦσι
3303 3369 3555 3445 (καλοῦσι
3606 3372 3758 3448 γὰρ),

2102 3461 2230 3518 ἀλλ’
2262 3463 2374 3538 οὐχ
2396 3460 2484 3516 ἵνα
2511 3463 2574 3516 τὸ
2607 3465 2714 3515 τῶν
2743 3458 2998 3536 Πατέρων
3031 3459 3370 3534 ἀπονείμωσι
3410 3458 3594 3537 γέρας,
3625 3458 3764 3515 ἀλλ’

2097 3552 2172 3608 ’ἶν’
2204 3555 2282 3627 (4)
2315 3554 2590 3624 εὑρήσωσι
2632 3553 2708 3626 (5)
2755 3549 2828 3604 δι’
2871 3552 2945 3605 ὧν
2994 3549 3054 3606 ἂν
3103 3551 3348 3628 γένοιντο
3396 3549 3758 3627 πατραλοῖαι.

2104 3645 2202 3700 Καὶ
2235 3641 2359 3698 οὐδὲ
2387 3643 2484 3710 τήν
2515 3647 2612 3697 τοῦ
2642 3640 2922 3697 θεσπεσίου
2953 3640 3175 3697 Παύλου
3209 3641 3495 3719 φρίττουσι
3545 3643 3760 3720 φωνὴν,

2104 3736 2170 3804 ἢν
2226 3733 2380 3787 αὐτοὶ
2439 3733 2578 3786 κατᾶ
2630 3736 2738 3786 τῶν
2800 3731 3051 3804 Πατέρων
3101 3729 3276 3785 αὐτῶν
3343 3731 3478 3803 μετά
3532 3728 3762 3798 πολλῆς

2105 3821 2504 3897 ἀπορρίπτουσι
2553 3827 2654 3890 τῆς
2706 3817 3058 3895 κακουργίας.
3105 3820 3205 3875 Καὶ
3253 3819 3357 3895 γὰρ
3409 3820 3568 3881 οὗτος
3599 3820 3628 3874 ὁ
3656 3820 3761 3888 τὴν

2105 3911 2343 3986 ἐξουσίαν
2403 3905 2590 3965 λαϐὼν
2652 3907 2866 3983 δεσμεῖν
2921 3908 3011 3964 καὶ
3070 3907 3237 3980 λύεἰν,
3287 3909 3378 3964 καὶ
3418 3910 3482 3964 τὸ
3527 3913 3626 3964 τοῦ
3672 3905 3766 3964 δε-

2108 4006 2250 4075 σμοῦ
2291 3995 2520 4079 φοϐερὸν
2569 3999 2681 4074 ἄμα
2730 3997 2819 4054 καὶ
2875 3999 3129 4073 κραταιὸν
3185 3997 3374 4074 (μέχρι
3431 3997 3537 4073 γὰρ
3588 3998 3769 4067 αὐτῆς

2107 4090 2425 4169 ἀναφέρεται
2490 4095 2590 4158 τῆς
2671 4085 2952 4163 βασιλείας
3000 4093 3108 4142 τῶν
3159 4088 3449 4162 οὐρανῶν),
3489 4087 3651 4149 οὗτος
3688 4084 3762 4157 δὴ

2112 4180 2321 4255 μεγάλῃ
2354 4179 2444 4234 καὶ
2477 4175 2777 4250 διαπρυσίῳ
2816 4175 3042 4252 κέκραγε
3085 4180 3153 4250 τῇ
3204 4181 3384 4252 φωνῇ’
3436 4175 3550 4233 Κᾶν
3596 4179 3772 4249 ἡμεῖς

2106 4265 2142 4336 ἤ
2210 4267 2440 4342 ἅγγελος
2509 4266 2558 4336 ἐξ
2651 4265 2882 4340 οὐρανοῦ
2955 4264 3372 4342 εὐαγγελίζηται
3472 4267 3548 4337 (6)
3631 4265 3770 4338 ὑμῖν

2107 4359 2234 4432 παρ’
2265 4358 2294 4412 ’ὀ
2335 4360 2416 4431 (7)
2465 4355 2926 4432 εὐαγγελιζόμεθα
2972 4354 3124 4429 ὑμῖν,
3176 4355 3414 4430 ἀνάθεμα
3461 4348 3601 4410 ἔστω

1542 4609 1785 4668 VARI/15
1813 4611 2204 4670 LECTIONES
2235 4612 2323 4669 ET
2356 4611 2588 4672 NOTJE.

447 4736 538 4792 95)
571 4734 690 4792 Col.

422 4736 538 4806 (95)
571 4736 690 4792 Col.
725 4736 870 4814 φασί.

425 4807 533 4872 (96)
567 4808 746 4880 Palat,
781 4810 956 4880 £235
985 4826 1038 4878 a,
1076 4803 1502 4879 μετεϐάλλοντο.

425 4880 536 4952 (97)
573 4879 757 4937 Vatia.
825 4879 1244 4943 ένευθυνοῦντες.
1304 4881 1323 4902 ⁶
1381 4881 1502 4940 Col.
1570 4879 1996 4952 ένευθηνοῦντες.

354 4950 650 5079 ἒέιΡειΙιιιη
685 4955 854 5025 cujus
880 4954 1178 5011 lectionem
1194 4954 1615 5027 adoptavimus,
1649 4955 1706 5010 in
1735 4950 1774 5027 μ
1795 4971 2002 5012 rasura

357 5038 467 5080 ΘΒΚ..

433 5095 544 5166 (98)
600 5096 778 5152 Palat.
860 5094 1358 5166 ἀπηυθαδιάσαντο.
1444 5097 1537 5153 Sic
1603 5097 1723 5155 Col.
1783 5098 2000 5153 Forma:

359 5163 694 5242 αὐθαδειάζω
725 5173 782 5223 et
811 5164 1119 5242 αὐθαδιάζω
1160 5170 1489 5242 promiscue
1522 5174 1856 5242 occurrunt.

430 5239 542 5313 (99)
585 5245 682 5310 Ep.
718 5241 789 5313 ad
833 5239 1075 5311 Aquilei.
1127 5239 1384 5312 archiep.
1420 5259 1432 5297 :
1485 5241 1576 5313 El,
1608 5241 1700 5313 μὲν
1752 5240 2001 5313 ὑπομνη-

359 5310 568 5388 σθέντες
619 5311 739 5388 περὶ
799 5310 911 5388 τοῦ)
943 5310 1673 5388 προκειμένουςκεφιιιλαίουΔ
1697 5315 1824 5388 τῶν-
1854 5310 2000 5388 εἰρη-

362 5385 539 5456 μένων
591 5381 1101 5456 ιίατέρωνμάντεῖπε
1145 5381 1206 5436 τὸ
1267 5381 1542 5456 σύνταγμα
1587 5383 1677 5438 καὶ
1730 5383 1866 5456 πρὸς
1914 5381 2000 5436 ἔν-

359 5451 538 5530 στασίν
591 5451 741 5530 τινα
780 5452 868 5507 καὶ
927 5454 1193 5508 ἀπείθειαν
1238 5451 1686 5530 ’ἀπεθρασύνετω
1746 5451 1997 5510 δίέτεινάν

360 5546 419 5601 τε
447 5529 514 5598 τῇ
547 5524 682 5601 αὐτῇ
714 5529 1038 5601 παρατροπῇ
1088 5532 1187 5595 τῆς
1234 5522 1420 5601 δόξης,
1467 5525 1554 5580 καί
1598 5526 1860 5601 ἐπ’-αὐτῇ
1904 5527 1996 5601 τᾲν

362 5596 666 5675 βίονήμετά-
693 5596 840 5675 τοξυςΔ
863 5596 1132 5675 ἐλέγχους
1151 5596 1554 5675 -κατέστρεψαν,
1612 5598 1817 5675 ἀνάγκη
1837 5596 1845 5601 ’
1867 5597 2002 5654 τού-

362 5618 481 5673 μιον
514 5618 648 5670 μετα
693 5618 819 5658 τους
869 5618 956 5653 εΛε
998 5618 1132 5673 χους
1170 5618 1554 5671 κατεστρεψαν,
1612 5618 1817 5675 αναγκη
1867 5619 2000 5654 του-

357 5669 484 5730 τοὺς
541 5618 1049 5742 συναποϐάλλεσθαι
1108 5673 1188 5741 τῷ
1255 5671 1586 5742 φρονήματι,
1639 5668 1710 5742 -Εί
1763 5667 1818 5724 δὲ
1868 5689 2000 5742 παρ-

361 5741 680 5819 εφθέγξαντο
717 5741 809 5814 μὲν
858 5743 892 5811 ἢ
947 5739 1035 5796 διά
1079 5739 1201 5796 τινα
1248 5739 1450 5796 αἷτίαν
1479 5745 1570 5795 νῦν
1627 5739 1998 5813 ἀγνοουμένην

725 4734 870 4814 φα-σίἶ

2032 4747 2077 4811 D
2110 4740 2244 4810 ἡμῖν
2276 4745 2376 4811 τῆς
2419 4735 2718 4811 εὐθύτητος
2766 4731 3150 4811 ἐξετράπησαν,
3205 4730 3434 4811 οὐξεμία
3477 4728 3545 4811 δέ
3588 4735 3768 4811 (3)31;-

2111 4802 2194 4871 σίς
2233 4802 2416 4880 αὐτοῖς
2448 4802 2894 4880 προσενήνεκται,
2925 4802 3044 4880 οὐδ’
3075 4802 3152 4868 εἷς
3185 4802 3424 4880 μάθησιν
3472 4806 3575 4880 τῆς
3607 4802 3770 4880 ἀλη-

2111 4882 2278 4952 θείας,
2314 4874 2720 4952 οὐδγείςίαύτούς
2773 4875 3130 4952 παρεκάλεσε,
3167 4874 3404 4952 Πατέρας
3454 4876 3552 4952 μὶν
3608 4874 3765 4952 οὐδέν

2111 4897 2278 4949 υειας,
2314 4897 2494 4940 ουοεις
2525 4897 2720 4939 αυτους
2773 4897 3130 4952 παρεκαλεσε,
3167 4897 3404 4950 ιιατερας
3497 4897 3552 4931 εν
3608 4897 3765 4933 ουοεν

2110 4950 2334 5078 ἕλιὸττον
2366 4951 2584 5019 αὐτοὺς,
2640 4951 2684 5006 εἰ
2727 4950 2816 5004 καὶ
2871 4950 2946 5023 μὴ
3003 4952 3163 5003 τοῦτο
3221 4949 3399 5019 εἶπον,
3454 4897 3768 5024 fut-{pallid-

2115 5045 2180 5078 με
2218 5045 2268 5078 α.

2157 5045 2268 5080 ευα.

2114 5046 2268 5166 MK).
2292 5098 2469 5154 Palat.
2506 5095 2569 5150 τὸ
2599 5092 2803 5166 ἐκεῖνον
2833 5091 3178 5166 ἀνθρωπίνου
3207 5092 3330 5162 ἤττ.

2182 5163 2257 5242 (2)
2289 5170 2412 5243 Col.
2441 5188 2496 5243 p.
2666 5183 2681 5243 _:
2723 5163 2866 5220 καλά
2894 5163 3011 5243 σου.

2181 5237 2259 5312 (3)
2288 5237 2475 5297 Vatic.
2508 5242 2548 5295 f.
2578 5239 2768 5312 204a.
2801 5237 3166 5312 πεφώνανται.

2182 5308 2256 5383 (4)
2289 5314 2460 5369 Palat.
2491 5313 2533 5383 7f.
2560 5311 2669 5365 235
2700 5310 2757 5377 b,
2792 5308 2826 5377 ἢ
2861 5308 2976 5382 ε’ὐρ.

2204 5382 2253 5450 5)
2288 5385 2417 5458 vat.
2451 5382 2760 5458 caprinum.

2203 5448 2259 5527 6)
2290 5457 2384 5513 Sic
2413 5448 2530 5512 Col'.
2567 5448 2748 5528 Palat.
2783 5448 3208 5528 εὐαγγελίζεται.

2185 5523 2266 5600 (7)
2297 5529 2482 5600 Vatic.
2514 5523 2676 5600 παρό.

2181 5595 2256 5671 (8)
2289 5599 2412 5658 Gal.
2465 5616 2505 5668 ι,
2543 5595 2604 5656 8.
2642 5597 2727 5654 Ad
2767 5596 2874 5653 hoc
2949 5595 3201 5669 Apostoli
3251 5595 3508 5671 pilatum
3554 5595 3761 5671 pariter

2110 5665 2380 5798 provqcsat
2410 5665 2574 5728 Phot.
2617 5684 2816 5742 opusc.
2860 5665 3062 5726 contra
3094 5671 3207 5725 vet.
3250 5667 3444 5725 Rome
3476 5665 3757 5734 asseclas,

2110 5757 2232 5798 cae.
2341 5784 2352 5798 .

2109 5757 2232 5814 cap.
2267 5757 2352 5799 ιδ.
