4058 6216
319 348 436 412 353

1431 346 1530 406 DE
1572 345 1637 407 S.
1683 345 2040 407 SPIBITUS
2091 343 2626 410 MYSTAGOGIA.

3605 361 3725 421 354

319 497 468 534 νοιαν
517 473 836 550 εἰρημένον,
885 471 1066 552 δόγμα
1093 475 1181 530 καὶ
1231 475 1400 548 νόμον
1451 479 1623 530 ποιῶν
1653 473 1833 547 σαυτῷ
1874 473 1959 548 μὲν

2082 477 2554 547 pronuntiarunt,
2600 497 2704 553 pro
2751 483 3024 554 dogmate
3072 503 3138 542 ac
3181 485 3306 559 lege
3337 504 3574 546 sumens
3613 491 3724 547 tibi

321 567 624 637 ἀνοήθητον
657 566 774 638 {30)
828 568 929 634 τήν
985 563 1260 620 ἀπώλειαν
1316 562 1560 641 ἐπάγεις,
1619 564 1859 626 ἐκείνους
1911 560 1966 617 δὲ

320 657 700 732 συγκατασπᾷν
740 657 810 728 τῇ
843 657 911 728 σῇ
942 653 1274 734 φιλονεικεῖς
1304 653 1538 727 ἀπονοίᾳ
1565 657 1676 727 (31)
1709 680 1724 724 ς

389 746 487 820 ογ’.
718 744 880 799 Εἶπεν
942 744 970 798 6
1024 751 1124 814 τῆς
1167 743 1495 817 οἰκουμένης
1547 744 1716 820 κήρυξ
1775 743 1803 798 6
1861 746 1967 798 τῶν

317 833 649 910 ἆπορῥήτων
706 833 936 907 θεωρὸς,
995 835 1022 889 6
1077 835 1177 903 τὴν
1233 833 1572 906 ἀνθρωπίνην
1637 833 1793 910 φύσιν
1849 836 1967 894 τοῖς

312 924 435 978 καθ’
467 921 658 977 ἑαυτὸν
695 919 1028 999 ἐξευγενίσας
1067 923 1296 998 τρόποις
1331 939 1344 952 ⁸
1397 925 1542 978 εἶπεν
1580 920 1784 984 ἐκεῖνος
1829 921 1965 996 πρὸς

313 1012 440 1075 τοὺς
473 1009 834 1082 Ἐλληνιστᾶς
857 1010 1054 1085 πολλῷ
1083 1016 1161 1085 τῷ
1190 1011 1578 1087 λόγῳρέοντας
1607 1009 1962 1092 ἀντιφερόμε-

313 1123 406 1164 νος
471 1100 560 1156 καὶ
616 1102 717 1170 τήν
773 1099 987 1156 ἐκείνων
1054 1100 1221 1180 ὀφρὺν
1277 1100 1386 1156 ἄνω
1441 1099 1758 1176 τεινομένην
1815 1098 1963 1156 κάτω

313 1189 727 1265 παρασκευάσας
772 1189 964 1258 νεύειν,
1009 1189 1222 1265 μᾶλλον
1265 1187 1321 1245 δὲ
1369 1191 1504 1266 πρὸς
1550 1191 1650 1259 τὴν
1691 1189 1963 1245 ἀσθένειαν

314 1278 492 1334 αὐτῶν
552 1279 880 1355 συγκατιὼν,
937 1277 992 1332 τί
1058 1279 1211 1348 sine;
1271 1278 1638 1355 Διερχόμενος
1695 1277 1783 1333 καὶ
1841 1279 1960 1334 ἄνα-

313 1368 534 1442 θεωρῶν
586 1367 655 1422 τὰ
703 1361 1015 1440 σεϐάσματα
1071 1367 1246 1440 ὑμῶν,
1295 1367 1449 1443 εὗρον
1509 1367 1598 1422 καὶ
1663 1367 1850 1441 βωμὸν
1909 1365 1962 1422 ἐν

312 1456 362 1528 ᾧ
428 1454 796 1532 ἐπεγέγραπτο
831 1476 846 1490 ο
925 1455 1219 1532 ’Δγνώστῳ
1311 1461 1428 1530 Θεῷ
1459 1475 1473 1489 ·
1559 1457 1617 1512 ὃν
1704 1454 1796 1510 οὖν
1871 1457 1962 1533 ἆγ-

311 1548 567 1606 νοοῦντες
679 1542 966 1616 εὐσεϐεῖτε,
1067 1549 1258 1600 τοῦτον
1365 1546 1476 1622 ἐγὼ
1601 1543 1960 1622 καταγγέλλω

313 1635 446 1709 ὑμῖν
478 1636 608 1706 (32).
647 1633 708 1688 Τί
762 1633 896 1706 οῦνς
939 1635 1018 1690 Δι’
1063 1635 1137 1689 ὧν
1175 1641 1275 1706 τῆς
1321 1637 1436 1710 (33)
1465 1637 1577 1709 [74]
1629 1632 1960 1705 Ἐκκλησίας

311 1725 344 1779 ὁ
379 1721 709 1786 διδάσκαλος
738 1723 867 1789 τοὺς
913 1723 1199 1796 Ἑλλήνων
1241 1726 1442 1800 σοφοὺς
1491 1724 1680 1799 ἐθήρα,
1728 1726 1817 1780 καὶ
1859 1732 1960 1795 τῆς

2075 567 2313 638 quidem
2355 568 2470 640 ipsi
2520 571 2955 643 irreparabilem
3003 591 3164 632 creas
3215 578 3552 648 perniciem,
3594 579 3724 636 illos

2073 669 2206 710 vero
2237 654 2297 710 in
2329 661 2490 712 tuam
2523 659 2788 731 abripere
2819 662 3118 719 vesaniam
3149 667 3457 722 contendis
3478 666 3505 721 ?

2144 743 2236 799 75.
2277 742 2433 800 Dixit
2470 745 2627 802 orbis
2656 751 2945 805 terrarum
2976 767 3185 822 praeco,
3221 770 3562 812 arcanorum
3589 772 3721 812 con-

2073 831 2405 903 templator,
2438 835 2539 906 qui
2573 835 2894 895 humanam
2928 845 3198 898 naturam
3228 842 3565 916 insignibus
3596 844 3720 901 suis

2075 923 2334 979 moribus
2364 925 2714 995 nobilitavit,
2749 928 2893 984 dixit
2922 929 3020 986 ille
3039 933 3320 990 adversus
3340 934 3721 992 Athenienses

2073 1019 2274 1070 ornato
2306 1030 2370 1070 ac
2401 1014 2580 1072 ﬂuido
2603 1016 2830 1072 dicendi
2856 1034 3065 1090 genere
3087 1020 3372 1092 pollentes
3390 1023 3716 1094 disputans,

2071 1101 2412 1174 illorumque
2441 1103 2666 1160 animos
2715 1105 2966 1162 nimium
3015 1107 3198 1165 elatos
3249 1111 3602 1168 submittens
3653 1131 3718 1169 ac

2071 1192 2423 1262 deprimens,
2474 1192 2592 1250 imo
2645 1195 2839 1266 potius
2891 1195 2966 1251 ad
3021 1195 3260 1254 illorum
3310 1199 3715 1257 inﬁrmitatem

2071 1297 2198 1337 sese
2229 1283 2702 1354 aecommodans,
2737 1283 2878 1356 quid
2904 1284 3078 1355 igitur
3099 1287 3288 1343 dixit?
3319 1289 3645 1347 Praeteriens
3664 1293 3716 1346 et

2067 1370 2258 1427 videns
2288 1372 2589 1428 simulacra
2617 1377 2813 1443 vestra,
2864 1373 3055 1430 inveni
3081 1381 3134 1431 et
3162 1391 3316 1432 eram
3346 1379 3406 1433 in
3435 1395 3548 1450 qua
3577 1381 3715 1435 scri-

2065 1469 2224 1532 ptum
2255 1470 2401 1518 erat:
2435 1464 2618 1533 Ignoto
2640 1463 2763 1519 Deo.
2791 1462 2954 1530 Quem
2982 1463 3160 1535 igitur
3182 1468 3497 1536 ignorantes
3511 1469 3712 1538 colitis,

2069 1549 2218 1606 hunc
2261 1567 2359 1620 ego
2393 1553 2690 1616 _annuntio
2739 1553 2886 1608 vobis
2929 1554 2993 1607 7‘.
3027 1554 3174 1620 Quid
3225 1555 3452 1627 igitur?
3480 1559 3580 1624 Ea,
3619 1573 3718 1627 per

2069 1656 2195 1711 quas
2229 1640 2442 1696 Paulus
2477 1641 2741 1698 Ecclesia:
2796 1643 2999 1699 doctor
3048 1645 3334 1716 sapientes
3383 1645 3713 1703 Grecorum

2069 1730 2474 1801 aucupabatur
2503 1735 2674 1800 atque
2705 1747 2773 1786 ex
2809 1731 3107 1804 impietate
3129 1734 3199 1789 ad
3219 1735 3488 1806 pietatem
3517 1752 3718 1792 manu-

311 1812 560 1878 ἀσεϐείας
607 1817 745 1893 πρὸς
793 1819 890 1885 τὴν
943 1812 1213 1872 εὐσέϐειαν
1265 1817 1626 1894 ἐχειραγώγει
1682 1819 1771 1872 καὶ
1832 1838 1957 1890 μετο

2074 1799 2290 1875 ducens
2323 1799 2726 1890 transferebat,
2758 1799 3186 1893 haec,'inquam,
3211 1799 3271 1878 tu
3314 1841 3412 1895 pro
3447 1825 3716 1896 dogmate

308 1906 490 1982 έφερε,
515 1910 683 1961 ταῦτα
731 1907 794 1960 σὺ
834 1904 1010 1982 δόγμα
1059 1909 1194 1982 (33⁸)
1240 1909 1510 1978 ποιήσεις,
1541 1907 1631 1963 καὶ
1670 1907 1955 1981 κηρύττειν

304 1997 616 2070 τολμήσεις
644 1998 736 2054 τὸν
767 1999 1086 2074 καθαιρέτην
1117 2003 1226 2054 τῶν
1261 1997 1506 2055 εἰδώλων
1539 1997 1956 2076 καταγγέλλειν,

307 2087 371 2142 ὃν
408 2082 623 2144 ἐσέϐετο
672 2088 764 2143 καί
822 2086 1099 2162 ὠνόμαζεν
1156 2089 1184 2144 6
1246 2086 1620 2161 Ἑλληνισμὸς
1675 2087 1953 2162 ἄγνωσοτν

311 2177 446 2232 Θεόν
475 2194 489 2245 ;
520 2176 593 2232 Οὐ
613 2178 714 2253 γὰρ
745 2175 1052 2250 θαυμαστόν
1077 2197 1172 2233 σου
1191 2177 1254 2232 τὸ
1282 2181 1382 2244 τῆς
1415 2177 1601 2256 σοφίας
1633 2175 1956 2254 δραστήριον

308 2265 400 2320 καὶ
435 2270 544 2322 τῶν
585 2265 944 2341 κακοσχόλων
989 2268 1022 2336 ἠ
1065 2265 1250 2337 πλοκὴ
1295 2269 1664 2346 σοφισμάτων.
1716 2267 1961 2341 Ἀνειμέ-

309 2377 406 2418 νος
436 2355 505 2425 ἦν
532 2357 560 2411 6
595 2357 783 2431 βωμὸς
807 2361 886 2429 τῷ
917 2355 1049 2412 Πανί
1080 2359 1214 2430 (34)’
1243 2359 1277 2428 ἡ
1302 2355 1359 2412 δὲ
1386 2361 1493 2412 τῶν
1521 2359 1765 2429 Ἀθηνῶν
1797 2357 1962 2423 πόλις

309 2449 411 2500 τοῦ
443 2445 762 2520 τιμωμένου
810 2445 944 2507 τέως
981 2447 1056 2520 μή
1111 2445 1372 2510 συνιέντες
1411 2449 1474 2502 τὸ
1521 2443 1699 2520 ὄνομα
1727 2446 1958 2523 ἐπέγρα-

312 2555 415 2613 φον
455 2537 534 2606 τῷ
582 2536 760 2608 βωμῷ
795 2555 807 2569 ⁸
864 2536 1158 2610 Ἀγνώστῳ
1207 2537 1344 2607 Θεῷ.
1408 2535 1560 2592 Ἐπεὶ
1599 2537 1705 2611 γὰρ
1755 2537 1814 2592 ἐκ
1849 2543 1958 2593 τῶν

309 2628 670 2701 προφητικῶν
711 2629 984 2700 χρησμῶν
1011 2626 1100 2680 καὶ
1146 2630 1255 2680 τῶν
1306 2630 1646 2680 Δεσποτικῶν
1686 2625 1890 2703 λογίων
1931 2628 1959 2682 6

313 2711 617 2787 περιδέξιος
663 2713 868 2777 ἐκεῖνος
897 2715 987 2770 καὶ
1038 2715 1287 2792 οὐράνιος
1325 2712 1615 2791 ἅνθρωπος
1667 2717 1743 2790 μὴ
1784 2718 1962 2772 πειθό-

317 2823 474 2876 μενον
504 2803 647 2877 ἐώρα
674 2805 737 2859 τὸ
780 2803 1129 2876 Ἑλληνικὸν,
1165 2805 1216 2877 ἐξ
1255 2807 1434 2862 αὐτῶν
1486 2805 1678 2869 αὐτοὺς
1709 2811 1817 2862 τῶν
1848 2808 1962 2862 θεο-

311 2897 526 2968 στυγῶν
571 2889 929 2968 σεϐασμάτων
957 2895 1035 2958 εἰς
1085 2895 1148 2950 τὸ
1175 2899 1272 2950 τοῦ
1322 2900 1672 2970 Δημιουργοῦ
1725 2917 1960 2969 μετακα-

309 2983 492 3040 λεῖται
524 2979 682 3047 σέϐας
717 3001 731 3016 ⁶
779 2983 828 3054 ἐξ
863 2985 1038 3040 αὐτῶν
1080 2990 1187 3041 τῶν
1228 2990 1325 3042 τοῦ
1377 2981 1642 3042 διαϐόλου
1674 3007 1958 3062 προγραμ·

312 3073 504 3146 μάτων
530 3081 630 3144 τῆς
662 3071 830 3130 αὐτοῦ
873 3074 1307 3154 καταψηφίζεται
1353 3073 1672 3151 τυραννίδος
1700 3092 1714 3108 ’
1746 3074 1806 3132 ἐκ
1845 3082 1953 3133 τῶν

311 3126 1089 3242 sese;magis:
1104 3126 1188 3219 ττὲ
1236 3126 1446 3239 κράτοέ
1464 3163 1630 3220 αὐτοῦ
1649 3126 1760 3235 ’τῆς
1808 3165 1959 3236 ἐξου-
1989 3126 2032 3193 C

312 3250 431 3313 σίας
466 3270 479 3283 ⁸
513 3251 621 3307 ἀπὸ
675 3255 776 3318 τῆς
833 3250 1050 3322 πλάνης
1107 3257 1345 3329 γεωργεῖ
1394 3253 1494 3322 τήν
1535 3249 1842 3308 εὐσέϐειαν·
1903 3255 1963 3309 ἐκ

308 3346 416 3410 τῆς
449 3338 727 3403 ἀπωλείας
761 3340 1032 3416 βλαστοὺς
1063 3343 1198 3415 ἡμῖν
1237 3336 1612 3416 προϐάλλεται
1646 3341 1955 3416 σωτηρίας·

314 3427 377 3482 ἐκ
401 3435 503 3498 τῆς
531 3433 634 3485 τοῦ
665 3427 929 3486 διαϐόλου
959 3429 1188 3505 παγίδος
1231 3429 1307 3493 εἰς
1335 3431 1428 3486 τὸν
1462 3429 1670 3507 δρόμον
1722 3429 1960 3505 ἐνισχύει

311 3518 412 3570 τοῦ
442 3515 776 3592 Εὐαγγελίου
813 3536 828 3550 ο
883 3513 1120 3592 βαλϐίδα
1165 3522 1402 3573 ποιεῖται
1432 3521 1533 3589 τήν
1582 3519 1826 3598 κορυφὴν
1858 3523 1959 3586 τῆς

317 3605 646 3670 ἀποστασίας
681 3610 782 3678 τῆς
844 3605 1080 3676 εἰσόδου,
1139 3606 1210 3663 δι’
1239 3610 1306 3677 ἧς
1366 3609 1430 3677 ἦν
1491 3607 1675 3672 αὐτοῖς
1734 3608 1811 3670 εἰς
1865 3608 1959 3662 τὸν

313 3701 581 3774 νυμφῶνα
611 3702 848 3772 Χριστοῦ
896 3699 985 3754 καὶ
1036 3700 1138 3769 τήν
1187 3699 1455 3774 ἄχραντον
1502 3697 1668 3754 αὐτοῦ
1713 3695 1961 3753 παστάδα

313 3786 578 3841 εἰσελθεῖν
605 3788 704 3857 τήν
757 3787 1089 3859 Ἐκκλησίαν
1117 3791 1248 3862 (35).
1311 3789 1497 3850 Οὕτως
1552 3787 1618 3856 ἧν
1679 3787 1884 3850 ἐκεῖνος
1930 3787 1958 3841 6

311 3875 604 3950 μετάρσιος
663 3881 790 3938 νοῦς
846 3874 938 3932 διὰ
990 3881 1097 3932 τῶν
1157 3875 1344 3932 ὅπλων
1401 3879 1499 3931 τοῦ
1555 3875 1758 3950 ἐχθροῦ
1800 3875 1958 3930 αὐτὸν

2069 1907 2319 1979 accipies
2366 1913 2424 1965 et
2469 1925 2720 1965 asserere
2769 1911 3034 1979 audebis,
3088 1929 3122 1966 a
3182 1912 3356 1969 Paulo
3424 1914 3712 1971 idolorum

2069 1997 2517 2055 eversoreillum
2553 1999 2873 2069 praedicari,
2907 2016 3080 2070 quem
3114 2001 3421 2072 gentilium
3446 2020 3605 2060 error
3625 2021 3716 2062 co-

2073 2085 2228 2142 lebat
2275 2086 2725 2158 nominabatque
2781 2086 3046 2158 ignotum
3104 2091 3334 2146 Deum?
3381 2096 3503 2148 Non
3554 2095 3710 2149 enim

2074 2176 2220 2231 mira
2249 2177 2522 2232 accedere
2550 2176 2720 2232 nobis
2758 2176 2930 2232 debet
2959 2177 3041 2232 tui
3067 2178 3286 2250 ingenii
3315 2179 3374 2235 in
3411 2180 3713 2238 fallacibus

2072 2266 2316 2338 argutiis
2345 2265 2696 2323 consuendis
2745 2265 2999 2322 solertia.
3053 2269 3321 2327 Erectum
3363 2279 3484 2328 erat
3532 2272 3712 2329 altare

2073 2354 2216 2410 illud
2235 2355 2408 2423 Pani;
2442 2355 2579 2412 urbs
2608 2359 2800 2412 autem
2831 2356 3188 2415 Athenarum
3213 2376 3426 2416 nomen
3447 2361 3575 2430 ejus
3607 2361 3710 2432 qui

2075 2443 2135 2499 in
2184 2459 2249 2500 eo
2315 2444 2609 2501 colebatur
2672 2444 2902 2500 interim
2960 2446 3238 2518 ignorans
3291 2448 3710 2521 inscripserat:

2072 2537 2261 2604 Ignoto
2307 2535 2437 2590 Dea.
2486 2535 2612 2590 Jam
2665 2551 2798 2590 vero
2849 2537 3128 2604 quoniam
3187 2555 3256 2594 ex
3303 2538 3717 2610 prophetarum

2074 2621 2323 2679 oraculis
2351 2622 2674 2695 Christique
2705 2622 2948 2694 Domini
2997 2623 3246 2696 eloquiis
3282 2628 3552 2699 egregius
3597 2627 3722 2684 ille-

2073 2713 2436 2785 cmlestisque
2483 2713 2572 2768 vir
2633 2715 2888 2784 videbat,
2956 2716 3418 2789 haudquaquam
3468 2717 3716 2789 gentiles

2073 2802 2246 2873 ﬂecti,
2265 2818 2333 2858 ex
2361 2802 2626 2874 ipsismet
2645 2809 3016 2865 exsecrandis
3051 2807 3383 2865 simulacris
3403 2807 3472 2862 ad
3497 2807 3714 2863 cultum

2072 2909 2170 2949 eos
2218 2897 2442 2948 revocat
2491 2891 2840 2966 Conditoris,
2892 2902 2948 2954 et
2988 2914 3058 2954 ex
3113 2897 3260 2969 ipsis
3319 2895 3533 2952 diaboli
3580 2913 3717 2968 pro-

2073 2983 2504 3055 grammatibus
2535 2987 2837 3054 potestatis
2885 2988 3150 3058 ejusdem
3183 2987 3546 3059 tyrannidem
3577 3003 3719 3042 con-

2070 3073 2332 3141 demnat,
2391 3087 2460 3128 ex
2516 3074 2898 3132 munimentis
2957 3078 3082 3149 ejus
3149 3075 3484 3131 fortissimis
3539 3075 3719 3132 robur

2071 3160 2374 3233 potestatis
2403 3159 2592 3231 ipsius
2623 3164 2844 3228 evertit,
2877 3165 2949 3221 ab
2980 3181 3172 3220 errore
3205 3163 3374 3220 metit
3420 3162 3712 3234 pietatem,

2071 3268 2136 3308 ex
2167 3250 2494 3324 perditione
2522 3253 2787 3323 germina
2813 3255 2980 3311 nobis
3012 3254 3223 3311 salutis
3254 3254 3489 3326 profert,
3522 3269 3552 3308 e
3590 3253 3715 3308 dia-

2071 3341 2186 3398 boli
2218 3340 2419 3412 laqueo
2442 3339 2513 3395 ad
2545 3357 2788 3399 cursum
2813 3343 3374 3416 Evangeliiexcitat;
3408 3357 3709 3398 summum

2071 3429 2412 3489 defectionis
2461 3433 2732 3490 verticem
2782 3434 2887 3490 vias
2931 3434 3068 3491 facit
3117 3432 3378 3500 initium,
3436 3447 3553 3503 qua
3599 3431 3716 3503 ipsi

2071 3530 2308 3595 possent
2336 3525 2398 3582 in
2431 3525 2770 3594 Ecclesiam,
2801 3524 3183 3596 purissimum
3207 3528 3384 3594 atque
3411 3521 3716 3577 intemera-

2069 3615 2197 3668 tum
2227 3613 2441 3670 Cbristi
2470 3613 2822 3681 thalamum,
2855 3613 3100 3684 ingredi.
3126 3613 3282 3668 Adeo
3306 3611 3555 3684 pollebat
3578 3609 3719 3666 sub.

2069 3700 2226 3759 limis
2255 3703 2356 3760 illa
2377 3721 2544 3761 mens
2573 3721 2673 3777 per
2704 3704 2829 3775 ipsa
2860 3702 3082 3760 inimici
3107 3719 3273 3758 arma
3294 3701 3488 3774 ipsum
3519 3699 3717 3756 inimi—

2069 3801 2204 3842 cum
2255 3789 2560 3847 confodere
2613 3806 2678 3844 ac
2747 3788 3040 3860 subigere.
3097 3788 3247 3855 Quid
3295 3787 3474 3858 igitur
3501 3786 3528 3840 ‘l
3573 3785 3719 3850 Quia

2069 3874 2284 3931 Paulus
2314 3876 2492 3933 armis
2533 3877 2755 3932 inimici
2795 3877 3008 3932 delevit
3055 3877 3386 3941 inimicum,
3417 3874 3622 3931 ideone
3654 3881 3713 3928 tu

312 3965 772 4038 κατατιτρώσκειν
824 3966 914 4020 τὸν
969 3963 1166 4040 ἐχθρὸν
1211 3963 1302 4018 καὶ
1361 3965 1474 4037 [75]
1532 3961 1959 4038 αἰχμαλωτίζειι

2078 3963 2293 4020 honore
2325 3965 2731 4022 armainimici
2765 3965 3124 4036 prosequeris
3169 3969 3226 4020 et
3255 3963 3450 4019 divina
3493 3979 3716 4018 nuncu-

306 4049 640 4127 δραστήριός
700 4075 758 4110 τε
787 4055 878 4110 καὶ
936 4056 1034 4123 τὴν
1085 4053 1284 4108 ἄνωθεν
1346 4053 1520 4124 ἐαυτῷ
1549 4053 1727 4132 φέρειν
1783 4051 1966 4126 ἰσχύν·

301 4139 371 4196 Τί
412 4136 542 4209 οῦν;
596 4138 745 4194 Διότι
797 4137 1011 4202 Παῦλος
1055 4146 1174 4204 τοῖς
1213 4139 1410 4204 ὅπλοις
1456 4145 1554 4198 τοῦ
1599 4141 1800 4218 ἐχθροῦ
1841 4143 1968 4197 καθ-

377 4293 428 4329 ⁴¹⁸
455 4294 582 4349 Act.
614 4309 751 4355 xvn,
785 4294 874 4349 23.

2078 4054 2246 4128 pabis
2269 4057 2636 4126 arma,'atque
2661 4055 2719 4110 in
2741 4057 2900 4109 tuam
2923 4053 3107 4124 ipsius
3129 4051 3435 4124 protrudes
3457 4051 3670 4107 caedem
3689 4050 3716 4104 τ

2079 4144 2147 4200 Et
2177 4151 2310 4216 quot
2339 4143 2452 4199 alia
2472 4141 2690 4200 similia
2719 4140 2981 4212 exempla
3007 4141 3163 4213 apud
3191 4140 3365 4205 hunc,
3390 4139 3493 4210 qui
3516 4137 3715 4196 omnia

1489 4469 1722 4526 νΑειιΑι
1761 4467 2148 4527 LECTIONES
2187 4469 2280 4526 ET
2317 4468 2544 4526 ΝΟΤᾸΞ.

397 4620 488 4690 30)
520 4618 678 4677 Fort.
711 4614 1062 4690 ἀϐοήθητων.
1085 4614 1321 4690 ’Δϐοήθ.
1352 4621 1527 4680 habet
1551 4623 1671 4679 Col.

397 4620 488 4690 30)
520 4619 678 4677 Fort.
711 4619 1062 4690 ἀϐοήθητων.
1085 4619 1321 4690 ’Δϐοήθ.
1352 4621 1527 4680 habet
1551 4623 1671 4679 Col.

373 4619 506 4764 {3i}
526 4691 627 4747 His
659 4707 917 4749 consona
946 4692 1127 4764 tradit
1148 4693 1629 4764 _ep.ad_Aquilei.:_
1659 4693 1805 4748 Πόσα
1830 4689 1875 4746 δ’
1899 4691 1961 4747 ἄν

300 4761 395 4838 τις
425 4761 558 4834 ὑπὲρ
591 4764 702 4838 τιῖξν
754 4761 1050 4838 μακαρίων,
1079 4761 1293 4838 ἀνδρῶν
1320 4761 1546 4838 ἐκείνων
1577 4762 1723 4838 εζποι
1749 4782 1764 4832 ;
1801 4765 1963 4838 πόσα-ι

1991 4632 2036 4697 ι)
2069 4625 2125 4678 et
2155 4622 2253 4678 alii
2283 4639 2376 4697 ap.
2401 4622 2628 4697 cornei.
2661 4639 2694 4679 a
2724 4623 2965 4697 Lapsin
2986 4623 3047 4681 b.
3073 4623 3116 4697 l.
3143 4624 3221 4697 D_e
3253 4623 3343 4682 his
3372 4624 3561 4681 verbis
3593 4625 3716 4682 dis-

2077 4699 2243 4766 putat
2290 4694 2531 4767 Pbotius
2574 4710 2664 4767 ep.
2701 4694 2888 4767 esse
2935 4695 3024 4767 J0.

2077 4699 2243 4766 putat
2290 4695 2531 4751 Pbotius
2574 4710 2664 4767 ep.
2715 4695 2786 4748 62
2816 4695 2888 4750 ad
2935 4695 3024 4752 J0.
3068 4695 3306 4767 philos.,
3365 4714 3419 4768 p.
3475 4697 3576 4752 114
3618 4699 3713 4753 ed.

2077 4770 2256 4854 goat.
2288 4765 2545 4854 [ἐξαιρῌὶιῖ
2567 4783 2624 4854 q.
2794 4766 2984 4854 (apud,
3005 4765 3375 4854 Montfaucoﬁn
3401 4768 3548 4854 l‘tz’bl;
3574 4768 3718 4825 Cois-

301 4833 410 4922 γᾲρ
440 4831 788 4923 neptem-foci:
830 4831 1464 4923 πραγματωνπολλοὺςι
1507 4831 1966 4923 ἐξεϐιξίζοντο,;τᾶ
2075 4835 2177 4923 lin:
2213 4853 2280 4920 ρξ’
2516 4831 2612 4923 Δίἆ
2638 4836 2691 4890 τί
2724 4831 2939 4923 Παῦλος
2971 4836 3282 4923 Ἀθηναιοές
3321 4835 3717 4923 διαλεγόμενος

306 4902 1062 4983 μξνῃπαραφθέγξασθαιίξτᾶ
1110 4903 1166 4961 δὲ
1206 4907 1351 4983 *πρὸς
1410 4902 1722 4983 οἰκονομίαν
1770 4902 1961 4983 εἰπεῖν,

303 4972 374 5029 τὰ
406 4972 463 5031 δὲ
492 4972 585 5030 καὶ
614 4972 758 5046 ’τῶν
777 4972 1150 5032 ἀπειθούντων
1203 4972 1639 5046 ἐπαναστάντων,
1668 4979 1736 5033 τὰ
1786 4975 1844 5032 δὲ
1872 4972 1962 5032 καί

302 5047 499 5124 ἀγνοίᾳ
534 5049 624 5124 sic:
768 5048 1188 5124 περιολισθεῖσιν
1217 5050 1573 5124 ἀνθρώπιναί
1619 5045 1834 5124 Ἄλλος,
1856 5051 1925 5124 γᾶ

301 5117 442 5210 sese;
465 5117 1002 5212 robc'atpuiéov'r’ac
1021 5117 1657 5212 8tcp~ax6kévoq,ﬂa:il‘tloc
1810 5117 1963 5176 ἀσθέ-

303 5189 422 5244 νεία
450 5189 759 5264 συγκατιὼν
789 5197 894 5246 τῶν
927 5189 1236 5264 ἀκροατῶν,
1253 5189 1425 5256 ἄλλος
1457 5192 1598 5249 ἄλλο
1620 5215 1673 5248 τι
1691 5189 1959 5264 διαπρατ-

299 5259 658 5340 τόμενοςκαὶ
703 5264 795 5318 τὸν
853 5259 1044 5340 κιαιρὸν
1094 5259 1238 5340 ἔχων
1290 5265 1477 5340 πολλὰ
1521 5272 1621 5340 τῆς
1679 5259 1958 5340 ἀκριϐείας

304 5335 630 5425 καθυῇεῖναι
661 5333 1220 5425 παρακαλοῦνταζῖπξ
1265 5336 1411 5425 τέλει
1443 5337 1671 5425 μείζονι,
1703 5333 1791 5388 καὶ
1842 5335 1961 5425 εἷπε

299 5406 394 5460 καὶ
434 5404 653 5481 ἔπραξε,
694 5404 908 5480 δι’μήτε
957 5404 1145 5464 λαλεῖν
1195 5410 1332 5484 ἡμῖν
1379 5404 1521 5482 μήτε
1553 5404 1819 5482 ’πράττειν
1873 5404 1958 5477 ἔξ-

304 5497 474 5534 εστιν.

374 5549 493 5623 (32)
515 5551 642 5606 Act.
669 5566 805 5619 xvu,
834 5552 925 5608 23.
954 5552 1151 5610 Varias
1171 5553 1405 5610 Patrum
1438 5551 1956 5623 theologorumque

306 5621 393 5679 de
415 5621 526 5679 hcc
548 5625 713 5679 textu
744 5625 1070 5682 sententias
1102 5636 1365 5682 recenset
1395 5621 1680 5680 Baronius
1711 5624 1782 5679 ad
1809 5621 1956 5678 a.‘52

302 5694 418 5752 n.8
445 5710 572 5768 seq.
595 5693 698 5750 His
729 5695 1022 5753 addantur
1053 5697 1256 5754 Isidor.
1287 5695 1478 5754 Pelus.
1514 5696 1613 5756 lib.
1650 5711 1727 5768 IV,
1749 5711 1839 5768 ep.
1861 5695 1952 5765 60,

2072 4903 2325 4986 studii)!
2357 4903 2510 4986 ἰδίων
2523 4904 2975 4986 *ἐπιγραμμάτων
3006 4903 3188 4986 αὐτοῖς
3221 4903 3532 4986 διαλέγεται

2289 4980 2406 5051 Col.
2441 4997 2495 5050 p.
2520 4977 2683 5051 321⁷2⁷
2710 4977 2866 5051 ὁτῆς
2899 4977 3156 5050 Ἐκκλησ.

2143 5049 2276 5123 (33⁸)
2309 5049 2644 5123 ΟοΙέΤαῦτά
2684 5070 2780 5104 σου
2809 5049 3073 5123 δόγματα.

2165 5123 2253 5195 34)
2285 5124 2370 5179 Cf.
2403 5122 2701 5195 Chrysost.
2732 5122 2894 5178 hom.
2924 5125 2980 5177 in
3021 5126 3149 5180 Act.
3183 5140 3302 5195 ap.,
3335 5140 3384 5178 c.
3421 5125 3506 5179 17.

2167 5194 2256 5259 35)
2287 5195 2586 5264 Cbrysost.
2623 5194 2716 5250 Or.
2746 5195 2802 5248 in
2834 5195 3146 5264 S.Paulum
3180 5194 3332 5262 apud
3361 5195 3628 5251 Pholium
3655 5197 3710 5250 in

2068 5263 2374 5340 Bibl._cod.
2408 5263 2562 5340 270_:_
2591 5265 2694 5321 Τὸν
2741 5264 2928 5340 βωμρν
2955 5269 3053 5320 τοῦ
3103 5263 3367 5340 διαϐόλου
3394 5268 3710 5340 Δσυνήγορον

2067 5335 2336 5413 πεποίηκε
2381 5335 2801 5413 τρῦΑΧριστοῦλ
2830 5335 2894 5392 τὸ
2951 5343 3080 5413 τῆς-
3106 5335 3323 5413 πλάνης
3391 5335 3713 5413 ἐπίγραμμα

2070 5405 2221 5487 imis-9‘
2240 5413 2340 5487 τῆς
2373 5405 2634 5487 ἀληθείας
2685 5407 2966 5487 ἐφθέγγετο
2997 5427 3010 5440 ⁸
3041 5408 3094 5487 μὴ
3128 5405 3326 5487 στήληῄ
3358 5415 3457 5478 τῆς
3497 5405 3718 5487 ’ἆπᾶτῂς

2067 5474 2436 5555 ἐστηλίτευσε-
2462 5474 2563 5555 την
2605 5474 2868 5555 ﬁndi:va
2917 5474 3105 5555 ἐπειδῇ
3144 5474 3225 5555 ἰτᾶι⁷
3258 5474 3368 5555 τῶν
3414 5474 3714 5555 προφητῶν

2067 5501 2418 5546 εστηΛιτευσε
2462 5501 2563 5546 την
2605 5501 2747 5535 απατ
2791 5501 2816 5533 ν
2850 5501 2864 5513 υ
2917 5501 3105 5548 επειοη
3144 5501 3210 5534 τα
3258 5501 3366 5534 των
3416 5501 3456 5535 π
3496 5501 3713 5555 οφητων

2066 5547 2376 5626 Ἀθηναίοις
2402 5549 2469 5626 ᾖν
2517 5501 2951 5626 δυσπαράτδεκτα,
2980 5552 3009 5606 6
3062 5551 3253 5626 βωμὸς
3283 5551 3397 5626 καὶ-
3423 5501 3491 5606 τί
3527 5549 3713 5626 γράμο

2068 5618 2211 5692 ματα
2251 5625 2356 5675 τῶν
2408 5618 2777 5700 δαιμόνων’τῇ
2825 5618 2988 5700 σοφία
3034 5618 3255 5678 Παύλου
3304 5618 3576 5698 ἐκήρυσσέ
3611 5618 3710 5688 τῆν

2068 5686 2360 5750 εὐσέϐειαν.
2389 5713 2440 5748 κ.
2474 5715 2525 5750 τ.
2559 5692 2614 5750 λ.

2065 5710 2360 5767 ευσεοειαν,
2389 5713 2440 5748 κ.
2474 5715 2525 5755 τ.
2559 5710 2614 5752 Α.
