4058 6216
295 357 416 418 357

1409 355 1511 416 DE
1551 357 1616 416 S.
1664 353 2016 418 SPIRITUS
2063 354 2592 418 MYSTAGOGIA.

3577 367 3695 431 358

294 489 386 542 καὶ
414 508 543 552 τους
579 489 688 543 ἀπὸ
728 487 938 548 Δύσεως
977 484 1398 560 παρατρέχομεν
1433 503 1446 517 ·
1507 483 1800 560 Εἰρηναῖόν
1835 486 1935 559 [77-

2063 492 2120 544 et
2169 493 2365 544 Patres
2411 488 2796 546 occidentales
2844 492 3226 563 praeterimus,
3261 497 3542 554 [renteum
3594 502 3700 557 Dei

290 599 352 634 τε
407 578 500 634 τὸν
548 577 811 653 ἀρχιερέα
866 579 1000 632 Θεοῦ
1038 575 1130 630 καὶ
1168 576 1268 645 τήν
1314 579 1424 630 τῶν
1479 575 1639 648 ἱερῶν
1695 573 1938 653 ἐφορείαν

291 673 401 722 τῶν
431 666 788 745 Δουγδοόνων
822 665 1136 741 δεξάμενον
1167 666 1256 720 καὶ
1298 664 1626 723 Ἱππόλυτον
1655 667 1747 720 τὸν
1779 665 1940 719 αὐτοῦ

298 758 550 829 μαθητὴν
604 756 695 813 καὶ
755 757 808 813 ἐν
848 757 1165 832 ἀρχιερεῦσι
1227 754 1472 830 μάρτυρα
1527 755 1641 827 (49)
1673 771 1686 785 ·
1743 752 1939 828 ἄνδρας

292 846 629 920 θαυμασίους
659 848 753 920 μὲν
787 844 841 902 ἐν
873 844 1134 912 πολλοῖς,
1165 840 1274 899 ἔσθ’
1306 845 1396 899 ὅτε
1425 841 1482 898 δὲ
1521 849 1621 912 τῆς
1661 838 1940 916 ἀκριϐείας

294 935 492 1012 λόγους
569 935 745 992 αὐτῶν
824 935 999 998 ἐνίους
1066 934 1166 990 οὐκ
1233 930 1663 994 ἀναστέλλοντας
1718 930 1944 988 κατασύ-

295 1026 502 1098 ρεσθαι.

360 1121 455 1178 ος⁹.
500 1115 640 1189 [ια’.]
673 1115 788 1172 Ἀθ’
847 1113 940 1169 οὖν
997 1113 1089 1168 καὶ
1135 1113 1270 1167 κατᾶ
1326 1111 1535 1168 τούτων
1595 1113 1846 1166 ἁπάντων
1879 1109 1942 1165 τὸ

291 1204 380 1259 σὸν
447 1205 809 1278 προκομίσεις
868 1201 1220 1278 διλήμματον
1283 1204 1396 1276 (50)
1457 1201 1548 1257 καὶ
1618 1203 1715 1265 τὰς
1771 1202 1942 1280 ὀφρῦς

288 1294 576 1350 ἀνατείνων
607 1293 768 1370 ἐρεῖς·
803 1296 873 1350 Ἣ
932 1291 1014 1350 δεῖ
1069 1292 1196 1356 τοὺς
1252 1289 1449 1368 ἄνδρας
1479 1296 1726 1367 τιμῶντα
1775 1293 1864 1347 καὶ
1908 1292 1941 1346 ἃ

285 1381 502 1444 τούτοις
551 1382 856 1460 γέγραπται
919 1384 994 1457 μὴ
1056 1379 1592 1460 παραγράφεσθαι,ἢ
1651 1402 1943 1458 παραγρα-

283 1473 555 1551 φομένους
616 1479 724 1530 τῶν
790 1473 1053 1550 ῥημάτων
1115 1468 1226 1528 ἔνια
1279 1474 1366 1528 καὶ
1431 1471 1626 1534 αὐτοὺς
1702 1472 1939 1536 ἐκείνους

287 1565 852 1641 συμπαραγράφεσθαι
883 1565 1034 1639 (51);
1088 1563 1186 1618 Καὶ
1230 1567 1348 1625 πῶς
1399 1561 1529 1640 οὐχὶ
1581 1559 1794 1636 μᾶλλον
1850 1563 1940 1618 καὶ

288 1651 626 1728 δικαιότερον
680 1654 744 1709 τὸ
794 1652 887 1708 σὸν
948 1653 1098 1708 οὗτοι
1151 1651 1288 1708 κατὰ
1338 1655 1435 1707 σοῦ
1491 1649 1788 1725 πεθιδέξιον
1843 1651 1941 1708 οὐκ

287 1743 760 1817 ἀντιστρέψουσιν,
817 1743 1128 1816 ”Ανθρωπε,
1203 1740 1473 1816 λέγοντες,
1537 1740 1591 1796 τί
1653 1741 1936 1804 συνάπτεις

2052 579 2412 634 sacerdotem
2443 583 2500 634 et
2525 580 3000 651 Lugdunensium
3023 583 3422 657 episcopatum
3441 596 3697 659 nactum,

2052 671 2108 722 et
2135 665 2533 738 Hippolytum,
2558 666 2741 738 ipsius
2763 669 3114 743 discipulum
3138 684 3194 729 et
3218 675 3366 731 inter
3394 677 3698 746 pontiﬁces

2054 765 2387 831 martyrem,
2420 759 2576 815 viros
2610 759 2910 818 mirandos
2939 762 3175 834 quidem
3228 765 3583 836 inplurimis,
3615 769 3698 826 in-

2051 848 2282 903 terdum
2339 851 2534 904 tamen
2593 850 2664 906 ab
2715 850 3084 908 exactissima
3156 855 3418 913 veritatis
3493 874 3700 914 norma

2052 936 2268 993 alicubi
2301 937 2696 996 deflectentes.

2121 1115 2212 1172 76.
2245 1117 2330 1172 An
2367 1117 2545 1189 igitur
2576 1123 2634 1175 et
2664 1124 2864 1177 contra
2893 1122 2998 1180 hos
3030 1141 3234 1182 omnes
3264 1130 3432 1183 tuum
3462 1129 3700 1200 objicies

2052 1204 2324 1262 dilemma
2367 1207 2635 1282 elatoque
2683 1213 2995 1282 supercilio
3054 1215 3251 1272 dices:
3301 1220 3415 1273 Aut
3470 1224 3701 1291 oportet

2050 1293 2158 1350 hos
2190 1295 2342 1352 viros
2374 1297 2587 1355 honore
2618 1301 2886 1372 prosequi
2917 1307 2974 1358 et
3005 1320 3132 1374 quae
3183 1306 3416 1363 fuerunt
3445 1308 3516 1364 ab
3546 1309 3694 1380 ipsis

2051 1385 2264 1456 scripta
2295 1403 2410 1443 non
2445 1388 2704 1458 rejicere,
2745 1396 2845 1445 aut
2893 1391 2944 1447 si
2974 1393 3256 1450 nonnulla
3286 1411 3485 1452 eorum
3519 1399 3696 1454 verba

2051 1475 2369 1546 rejicimus,
2400 1475 2530 1533 illos
2555 1477 2716 1548 ipsos
2754 1479 2932 1536 simul
2968 1497 3240 1554 respuere
3271 1485 3550 1542 debemus
3572 1486 3599 1539 ‘2
3630 1488 3699 1542 Et

2049 1567 2340 1634 quomodo
2371 1582 2488 1622 non
2520 1568 2714 1637 potius
2745 1571 2922 1640 atque
2950 1571 3173 1640 aequius
3197 1577 3366 1628 tuum
3405 1573 3513 1629 hoc
3535 1575 3695 1644 inge-

2048 1655 2280 1711 niosum
2314 1660 2726 1726 argumentum
2757 1658 2855 1713 isti
2906 1659 2965 1714 in
3019 1664 3073 1716 te
3123 1662 3557 1733 retorquebunt,
3603 1666 3697 1719 di-

2049 1749 2284 1800 centes:
2317 1744 2465 1807 Quid
2499 1761 2565 1801 ea
2595 1747 2926 1820 conjungie,
2960 1765 2990 1803 o
3024 1748 3220 1821 homo,
3269 1768 3396 1822 quae
3418 1753 3700 1826 conjungi

283 1831 348 1886 τὰ
376 1830 696 1900 ἀσύναπτα;
743 1830 808 1887 Εἰ
841 1830 935 1904 μὲν
983 1828 1206 1902 ἀληθῶς
1255 1830 1495 1904 Πατέρας
1543 1833 1692 1903 ἡμᾶς
1731 1829 1935 1898 καλεῖς,

2051 1835 2389 1904 nequeunt?
2415 1835 2472 1888 Si
2501 1851 2630 1892 vere
2665 1853 2771 1892 nos
2803 1817 2995 1894 Patres
3027 1817 3358 1911 nuncupas,
3402 1817 3697 1912 quomodo

281 1925 398 1982 πῶς
441 1918 506 1976 οὗ
550 1919 787 2000 φρίττεις
835 1918 1178 1990 ἀνθοπλίζειν
1219 1921 1357 1975 κατὰ
1403 1919 1682 1995 Πατέρων,
1735 1919 1824 1974 καὶ
1874 1920 1936 1974 τὸ

291 2010 618 2085 βαρύτατον,
676 2011 811 2076 κατὰ
869 2014 965 2066 τοῦ
1002 2014 1188 2066 κοινοῦ
1245 2011 1519 2066 Δεσπότου
1577 2011 1790 2064 πάντων
1846 2011 1936 2064 καὶ

283 2101 680 2173 Δημιουργοῦ;
750 2097 810 2154 Εἰ
870 2095 916 2152 δ’
973 2099 1110 2169 ἅπαξ
1172 2097 1554 2172 ἐνασελγαίνειν
1616 2096 1939 2170 σπούδασμά

286 2207 370 2243 σοι
419 2188 544 2242 καθ’
602 2189 786 2260 ἡμῶν,
835 2191 954 2250 πῶς
1001 2187 1062 2242 οὐ
1111 2189 1356 2260 μέμηνας
1404 2186 1653 2264 ἐμφανῶς
1701 2185 1939 2261 Πατέρας

281 2298 339 2332 τε
368 2277 486 2349 ἅμα
529 2275 716 2332 καλῶν
758 2276 848 2332 καὶ
895 2279 989 2340 τὰς
1033 2276 1373 2352 πατραλοίας
1427 2281 1616 2352 χεῖρας
1663 2276 1935 2331 ἐπανατεί-

281 2389 390 2423 νων
421 2370 598 2441 ἡμῖνς
653 2369 750 2423 Καὶ
783 2366 873 2423 διὰ
916 2368 1101 2424 πόσων
1134 2368 1194 2423 ἃν
1245 2368 1440 2441 ἑτέρων
1482 2365 1692 2422 διέλθοι
1739 2366 1800 2421 τὸ
1846 2367 1936 2421 σὸν

282 2456 418 2512 κατὰ
449 2460 548 2512 τοῦ
579 2458 880 2534 φερόμενον
912 2457 1154 2537 σόφισμα
1184 2458 1338 2530 (52)!
1381 2455 1558 2514 Ἀλλὰ
1599 2456 1702 2533 γὰρ
1753 2455 1934 2530 ὥσπερ

274 2547 400 2608 τοῦς
433 2545 762 2622 εἰρημένους
827 2550 1090 2618 Πατέρας,
1122 2546 1265 2602 οὕτω
1314 2542 1500 2616 δήκαὶ
1545 2549 1712 2602 ταῦτα
1759 2542 1934 2618 ἐῶμεν

279 2656 345 2691 τα
368 2639 494 2692 νῦν.

360 2725 475 2800 [78]
509 2726 604 2794 οζ’.
804 2727 911 2796 Τὴν
939 2725 1124 2800 μέντοι
1161 2723 1438 2800 βασίλειον
1467 2725 1671 2793 στολὴν
1705 2727 1928 2798 (53·54),

288 2815 376 2869 τὸν
413 2815 581 2890 μέγαν
613 2813 893 2872 Βασίλειον
931 2814 1014 2878 τίς
1047 2813 1146 2870 οὐκ
1170 2811 1288 2870 οἶδε
1315 2816 1503 2890 ψυχῆς
1531 2814 1626 2885 μὲν
1657 2814 1929 2885 θαλάμοις

283 2903 554 2979 ἀκήρατον
617 2909 981 2979 συντηροῦντα
1048 2905 1147 2973 τὴν
1217 2897 1512 2971 εὐσέϐειαν,
1589 2903 1931 2976 ὑποσιγῶντα

283 2989 337 3047 δὲ
393 2996 498 3046 τοῦ
539 2993 853 3067 Πνεύματος
905 2993 1007 3061 τὴν
1065 2993 1358 3063 θειότητα;
1417 2995 1481 3046 Ὢ
1537 2993 1722 3066 ψυχῆς
1783 2994 1924 3047 θεῖον

281 3080 506 3152 ζεοόσης
533 3081 784 3158 φίλτρον,
817 3083 920 3150 τὴν
949 3079 1132 3158 φλόγα
1177 3079 1234 3136 δὲ
1271 3081 1408 3142 τέως
1449 3079 1549 3135 οὐκ
1577 3079 1653 3143 εἰς
1685 3081 1744 3135 τὸ
1789 3079 1928 3153 λαμ-

280 3172 543 3246 πρότερον
605 3169 1086 3245 ἀναῤῥιπιζοόσης,
1149 3168 1238 3225 ’ίνα
1297 3172 1373 3244 μή
1437 3171 1626 3224 θᾶττον
1695 3190 1928 3224 συναπο-

283 3254 481 3335 σὸεσθῇ
527 3264 667 3333 αὐτῇ
715 3256 937 3335 προόδῳ
988 3258 1080 3314 καὶ
1119 3259 1256 3332 αὐτῇ
1315 3258 1618 3335 παρῥησίας
1678 3257 1928 3332 λαμπρό-

281 3370 402 3420 τητι
694 3349 866 3411 Οὗτος
934 3346 1026 3403 οὖν
1083 3346 1386 3421 οἰκονομῶν
1463 3346 1515 3401 ἐν
1564 3347 1739 3422 κρίσει
1805 3347 1930 3408 τοὺς

289 3436 486 3512 λόγους
541 3437 706 3492 αὐτοῦ
745 3441 857 3512 (56)
921 3436 1012 3492 καὶ
1074 3435 1287 3510 μᾶλλον
1347 3435 1804 3510 ἀνακηρύττεσθαι
1859 3439 1928 3509 τῇ

288 3529 416 3582 κατᾶ
507 3528 702 3600 μικρὸν
796 3522 1036 3581 ἐπιδόσει
1116 3523 1420 3598 μεθοδεύων
1479 3526 1578 3594 τήν
1657 3519 1928 3579 εὐσέϐειαν

287 3613 525 3688 (ἐπειδὰν
556 3617 678 3690 γὰρ
724 3615 904 3688 ἡρέμα
932 3619 1051 3677 ταῖς
1094 3618 1201 3670 τῶν
1241 3612 1542 3688 ἀνθρώπων
1594 3616 1798 3688 ψυχαῖς
1828 3611 1930 3685 ἐμο

285 3700 596 3774 ϐαθόνοιτο,
651 3705 1008 3778 κραταιοτέρα
1056 3707 1154 3759 τοῦ
1213 3699 1483 3776 δόγματος
1533 3705 1568 3772 ἡ
1619 3702 1754 3780 φλὸξ
1804 3701 1930 3756 ἀνα-

286 3791 493 3850 δίδοται
544 3797 660 3867 (57)
693 3814 706 3827 ⁸
755 3799 833 3866 τῷ
865 3794 1026 3869 τάχει
1071 3789 1128 3846 δὲ
1166 3791 1258 3846 καὶ
1300 3795 1370 3866 τῇ
1420 3792 1591 3865 ἀθρόᾳ
1637 3786 1929 3865 προσϐολῇ

283 3890 377 3953 τῆς
423 3880 787 3957 λαμπηδόνος
819 3881 1093 3943 πολλάκις
1129 3883 1191 3936 τὸ
1239 3882 1426 3956 νοερὸν
1477 3880 1654 3953 ὄμμα,
1696 3880 1786 3935 καὶ
1840 3879 1935 3951 μά-

286 3972 440 4028 λιστα
484 3977 597 4029 τῶν
652 3971 906 4044 πολλῶν,
964 3970 1399 4045 ἐξαμαυροῦσθαι
1457 3966 1636 4040 ε’ίωθε,
1693 3968 1931 4042 καθάπερ

287 4065 372 4118 καὶ
417 4063 674 4136 ἀστραπῦ⁸
713 4063 808 4124 τὰς
853 4061 1004 4135 ὄψεις
1050 4059 1376 4129 ἐπισκοτίζει
1425 4058 1516 4113 καὶ
1567 4058 1806 4131 μάλιστα
1835 4058 1931 4120 τὰς

288 4152 660 4227 ἀσθενέστερον
713 4148 1053 4226 διακειμένας
1091 4152 1258 4224 [58]),
1309 4147 1399 4204 διὰ
1445 4153 1606 4205 τοῦτο
1657 4153 1786 4224 σιγᾷ
1836 4148 1932 4222 μὲν

287 4243 314 4296 ὃ
341 4241 449 4319 πρὸ
481 4241 686 4304 παντὸς
715 4239 892 4297 ἄλλου
921 4239 1206 4314 κηρύσσειν
1240 4237 1606 4314 ἐπυρπολεῖτο
1640 4257 1652 4272 ·
1705 4235 1933 4313 ἔπραττε

1957 3130 2009 3197 C

2050 1938 2166 1977 non
2196 1923 2558 1979 exhorrescis
2589 1940 2753 1980 arma
2801 1925 2862 1981 in
2893 1925 3093 1982 Patres
3141 1943 3373 1984 sumere
3424 1931 3694 2002 quodque

2047 2016 2137 2068 est
2184 2013 2622 2083 gravissimum,
2677 2014 2736 2068 in
2787 2013 2982 2085 ipsum
3024 2032 3394 2073 communem
3427 2021 3692 2075 omnium

2049 2101 2358 2156 Dominum
2387 2105 2562 2172 atque
2593 2102 2962 2157 Conditorem
2985 2102 3012 2156 ‘f
3033 2103 3090 2159 Si
3117 2109 3310 2160 autem
3333 2107 3511 2162 semel
3535 2112 3695 2178 petu-

2045 2189 2228 2246 lantia
2257 2190 2568 2246 adversum
2599 2206 2708 2246 nos
2754 2191 2838 2246 uti
2886 2191 3218 2262 decrevisti,
3251 2195 3540 2265 quomodo
3573 2212 3692 2252 non

2045 2278 2344 2334 luculente
2377 2278 2624 2344 insanis,
2657 2279 2798 2334 dum
2832 2278 3029 2336 Patres
3072 2297 3178 2337 nos
3226 2281 3398 2338 simul
3429 2299 3602 2339 vocas
3634 2288 3693 2339 et

2043 2367 2445 2440 parricidiales
2467 2367 2526 2422 in
2551 2384 2657 2424 nos
2679 2367 2938 2424 intendis
2965 2385 3174 2426 manus
3193 2370 3221 2424 ?
3242 2371 3311 2426 Et
3332 2375 3470 2443 quot
3492 2372 3684 2429 adhuc

2043 2457 2173 2513 aliis
2204 2458 2395 2514 modia
2428 2461 2595 2514 tuum
2629 2457 2735 2514 hoc
2766 2457 3071 2530 sophisma
3099 2461 3354 2516 converti
3375 2463 3687 2518 adversum

2043 2550 2097 2602 te
2109 2555 2302 2618 posset
2320 2546 2332 2600 ι
2349 2545 2562 2602 Verum
2582 2547 3085 2617 quemadmodum
3103 2556 3448 2607 memoratos
3466 2550 3693 2620 Patres,

2040 2636 2121 2692 ita
2150 2640 2207 2691 et
2236 2635 2359 2692 haec
2389 2635 2450 2692 in
2483 2635 2752 2707 praesenti
2785 2636 2970 2692 missa
3001 2636 3308 2696 faciamus.

2107 2727 2200 2780 77.
2239 2727 2524 2782 Caeterum
2572 2726 2796 2798 regium
2849 2725 3017 2782 illum
3050 2726 3352 2796 amictum,
3384 2745 3689 2802 magnum,

2038 2811 2594 2885 inquam,Basilium
2612 2815 2981 2886 quisignorat
3003 2815 3062 2870 in
3082 2817 3466 2888 penitioribus
3483 2819 3694 2876 animae

2036 2903 2312 2959 thalamis
2360 2920 2567 2975 puram
2623 2907 2800 2976 atque
2854 2903 3266 2962 intemeratam
3310 2923 3686 2966 conservasse

2037 2993 2332 3066 pietatem,
2365 2993 2622 3065 Spiritus
2653 3002 2848 3050 tamen
2888 2993 3244 3051 divinitatem
3286 2997 3683 3054 subticuisse‘?

2037 3082 2080 3138 Ο
2112 3083 2370 3138 animam
2394 3082 2592 3139 divino
2624 3099 2822 3139 amore
2853 3088 3217 3153 aestuantem,
3247 3087 3344 3142 sed
3379 3086 3680 3142 ﬂammam

2043 3186 2157 3225 non
2179 3170 2238 3225 in
2269 3171 2642 3242 propatulum
2675 3172 2966 3229 efﬂantem
3006 3190 3077 3230 ne
3108 3173 3272 3229 ocius
3302 3174 3362 3230 in
3394 3175 3518 3245 ipso
3551 3179 3679 3230 ortu

2039 3259 2280 3331 ipsoque
2318 3258 2606 3316 libertatis
2638 3259 2858 3332 fulgore
2889 3261 3328 3334 exstinguatur!
3363 3262 3467 3318 Hic
3506 3263 3685 3335 igitur

2040 3347 2359 3420 disponens
2389 3364 2685 3405 sermones
2714 3365 2854 3405 suos
2885 3349 2946 3405 in
2971 3350 3193 3421 judicio
3217 3367 3283 3407 ac
3313 3351 3519 3408 sedulo
3551 3369 3681 3424 pro-

2040 3453 2276 3508 curans,
2320 3441 2384 3494 ut
2433 3436 2718 3510 paulatim
2767 3439 3079 3494 crescendo
3129 3443 3185 3495 et
3233 3456 3336 3511 per
3371 3445 3568 3511 partes
3601 3442 3690 3496 in-

2039 3526 2258 3583 stillata
2297 3527 2529 3582 ﬁrmius
2593 3527 2806 3583 veritas
2851 3528 2911 3583 in
2961 3528 3235 3584 cordibus
3303 3529 3685 3586 stabiliretur.

2041 3614 2309 3687 (Quando
2341 3616 2494 3672 enim
2529 3615 2703 3672 fuerit
2745 3616 2966 3672 sensim
3011 3617 3071 3673 in
3111 3617 3417 3673 hominum
3471 3617 3685 3674 animis

2041 3703 2358 3771 insinuata,
2382 3703 2626 3760 validior
2649 3704 3195 3776 ﬂammapdogmatis
3217 3706 3523 3777 excitatur,
3547 3707 3691 3764 cele-

2042 3793 2212 3848 ritate
2241 3809 2374 3848 vero
2403 3793 2832 3866 subitaneaque
2858 3793 3246 3865 impressione
3268 3795 3508 3867 fulgoris
3540 3810 3691 3868 sape

2042 3880 2312 3936 mentalis
2368 3880 2573 3936 oculus
2641 3884 2957 3953 praesertim
3033 3885 3360 3952 rudiorum,
3414 3884 3689 3940 oti'uscari

2041 3969 2209 4034 solet,
2241 3971 2733 4042 quemadmodum
2781 3975 2840 4026 et
2889 3971 3085 4044 fulgur
3132 3974 3332 4028 lumen
3385 3972 3687 4028 oculorum

2041 4059 2333 4128 obtundit,
2367 4058 2618 4115 maxime
2646 4058 3136 4131 imbecilliorum).
3161 4090 3229 4101 —-
3256 4061 3388 4116 Ideo
3410 4059 3542 4115 silet
3563 4058 3689 4131 qui-

2042 4149 2195 4217 dem,
2211 4148 2366 4220 quod
2392 4165 2505 4220 pra:
2528 4147 2638 4204 alio
2661 4147 2924 4220 quolibet
2945 4148 3259 4220 praedicare
3279 4148 3687 4206 ardentissime

2041 4238 2380 4311 expetebat;
2410 4238 2709 4294 silentium
2740 4241 2940 4296 tamen
2971 4237 3307 4308 adhibebat,
3333 4242 3396 4295 ut
3422 4242 3684 4310 tempore

1458 4421 1690 4478 VARIIE
1730 4418 2128 4477 LECTIONES
2168 4417 2258 4474 ET
2295 4417 2528 4474 ΝΟΤιΈ.

350 4579 464 4658 (49)
489 4576 556 4658 in
589 4578 759 4658 epist.
779 4578 862 4658 _ad
887 4574 1162 4658 Aquilei._,
1186 4574 1300 4658 μὺί.
1314 4577 1540 4658 pariter
1562 4577 1932 4658 _Dionysium,
1967 4579 2012 4645 Ι)
2079 4645 2092 4658 ⁸

285 4649 649 4707 Methodium
680 4654 737 4704 et
779 4651 1058 4705 Irenaum
1093 4649 1352 4714 adducit,
1383 4665 1514 4704 cum
1561 4651 1777 4705 Irenaeo
1811 4650 1934 4704 loco
2045 4649 2131 4702 sic
2175 4663 2228 4701 ν.

281 4720 796 4795 Hippplytijungit
825 4722 1064 4792 Papiam
1090 4739 1103 4771 :
1130 4719 1258 4795 _'Ett
1285 4719 1379 4795 μὲν
1410 4719 1499 4795 καὶ
1535 4718 1826 4795 Εἰρηναῖον
1851 4719 1943 4795 τόν

283 4789 642 4879 dou-780:5va
674 4789 1008 4879 ‘éirtmgowrov,
1055 4790 1145 4879 xui
1186 4789 1398 4877 Παπίαν
1427 4792 1516 4878 τρν
1561 4789 1942 4879 τῆςνἹεραπό-

289 4861 453 4931 λεως,
489 4863 605 4936 τὸν
633 4863 858 4936 μὲνῄτοῦ
882 4862 1213 4936 μμαρτυρίου
1244 4861 1336 4936 ⁴ιτᾼὸν
1386 4861 1644 4936 στέφανον
1673 4861 1944 4936 ἂναδησά-

292 4956 480 5008 μενον,
521 4931 659 4996 τοὺς
710 4932 768 4988 δὲ
815 4931 1008 5008 ἄνδρας
1056 4931 1210 5008 ὄντας
1256 4931 1657 5008 ᾀποστολικοὺς
1687 4934 1775 4988 καὶ
1823 4939 1940 4994 τοῖς

286 5005 381 5062 τοῦ
426 5008 559 5084 βίου
588 5007 816 5076 τρόποις
845 5005 1746 5084 τόθαυμάσιον-ἐξαστράπτοντας.

349 5079 466 5152 (50)
500 5079 812 5152 Dilemma,
845 5081 1000 5149 quod
1033 5095 1160 5150 cap.
1190 5079 1262 5132 66
1290 5079 1656 5136 efferebatur.

353 5151 474 5223 (51)
505 5151 630 5208 Col.
666 5168 907 5223 aupwap.

350 5216 475 5308 (52)
503 5224 607 5304 Ep.
640 5223 712 5278 ad
737 5216 988 5308 'lihquile’i.
1029 5241 1041 5275 :
1073 5218 1244 5306 ’Al‘la
1273 5220 1397 5308 vdae,
1421 5216 1469 5273 ε⁹ί
1509 5240 1592 5282 τις
1621 5223 1726 5304 τῶν
1758 5218 1940 5308 τοιού-

350 5226 475 5349 (52)
503 5226 607 5294 Ep.
640 5226 712 5278 ad
743 5226 988 5293 Aquilei.
1029 5241 1041 5275 :
1073 5226 1244 5276 ’Δλλα
1273 5226 1376 5308 γὰρ
1421 5226 1469 5273 e't
1509 5240 1592 5282 τις
1621 5226 1726 5272 τῶν
1758 5226 1940 5273 τοιού-

276 5314 386 5349 των
465 5291 633 5367 ,ὅγων
678 5293 766 5367 καὶ
826 5290 1069 5367 πράξεων
1121 5293 1240 5367 τῦ,νρ
1277 5289 1545 5367 ασθένειαν
1604 5290 1943 5367 τῶνλάκροκα-

275 5369 384 5452 τῶν
421 5361 658 5432 καῖτήν
693 5361 1010 5452 οἰκονομίαν
1039 5368 1135 5418 τοῦ
1176 5361 1366 5452 λόγορ,
1419 5363 1516 5430 τήν
1544 5361 1769 5450 τεὶπρὸς
1812 5361 1939 5447 τοῦς

271 5435 778 5511 ἀντιτεταγμένους
827 5433 1016 5511 μᾲχην
1099 5433 1409 5511 περιελὼν,-
1452 5433 1629 5511 γυμνᾶ
1681 5433 1800 5511 ea“
1830 5436 1938 5486 τῶν

269 5501 586 5598 εἲρημὲνιιξν
626 5509 718 5598 καὶ
749 5501 837 5570 ὡς’
879 5501 1060 5598 ξόγμα
1090 5501 1410 5591 πρὸϐοίλλόί
1582 5501 1938 5598 περιϐάλποι,

266 5574 471 5644 αότοῦς
532 5577 773 5642 ἐκείνους
829 5574 1068 5643 τοὺς”τὰ
1125 5574 1354 5633 τοιαῦτα
1385 5575 1504 5644 ,καὶ
1558 5574 1802 5637 εἰπόντας
1849 5576 1942 5630 καὶ

266 5643 581 5726 πράξαντας
616 5651 843 5726 εόρήσει
881 5650 1001 5707 κατ’
1032 5646 1200 5705 αὺτοῦ
1229 5650 1328 5718 τήν
1377 5643 1700 5716 δικάζουσαν
1748 5646 1942 5726 ἀφιέν-

265 5743 365 5786 τας
395 5729 618 5804 ψῆφον.

2116 4575 2329 4646 (53-54)
2359 4573 2570 4630 Eodem
2603 4573 2771 4630 titulo
2799 4591 2950 4646 saepe
2972 4575 3390 4633 cohonestatur
3411 4576 3682 4646 Basilius,

2272 4662 2328 4718 g.
2378 4646 2618 4716 Amphil.
2673 4646 3124 4718 1λ41Α(ΟΒΙῙΒ.ηά.
3182 4649 3324 4704 Bibl.
3367 4649 3682 4718 PP._XIlI,

2042 4719 2170 4786 716,
2205 4715 2382 4789 ᾳ.“20)
2411 4734 2423 4783 ;
2457 4715 2763 4790 procreavi
2797 4716 3091 4790 interdum
3137 4718 3350 4790 legitur
3378 4716 3580 4789 στήλη.
3617 4715 3686 4776 In

2043 4790 2172 4845 Vat.
2207 4786 2415 4844 nomen
2449 4786 2762 4848 Scribitur:
2805 4786 3087 4844 Βασίλιον.

2115 4861 2229 4931 (55)
2260 4860 2340 4916 De
2384 4861 2491 4914 hac
2539 4859 2734 4914 Basilii
2775 4860 2834 4914 in
2884 4860 3194 4916 asserenda
3225 4860 3475 4930 Spiritus
3498 4864 3685 4920 sancti

2045 4932 2344 5006 divinitate
2375 4931 2698 5006 meonomia
2745 4932 2943 5006 confer
2992 4932 3255 5006 Gregorq
3281 4933 3550 5006 Naz.iep.
3589 4937 3684 5003 26,

2045 5008 2190 5058 orat.
2221 5003 2313 5071 20,
2349 5020 2400 5071 p.
2433 5003 2577 5069 365;
2610 5007 2755 5058 orat.
2802 5003 2891 5067 37,
2941 5020 2998 5074 p.
3043 5005 3148 5058 609
3191 5004 3284 5060 ed.
3335 5003 3688 5132 Billii'.ﬁtlle-

2045 5090 2235 5132 menc.
2295 5078 2440 5130 orat.
2502 5076 2590 5132 43.
2652 5091 2710 5130 n.
2767 5075 2874 5132 68;
2910 5081 2966 5130 et
3027 5080 3170 5132 orat.
3229 5076 3345 5132 3t).
3403 5077 3684 5132 Basnum

2043 5090 2235 5132 menc.
2295 5078 2440 5130 orat.
2502 5076 2590 5142 43,
2651 5091 2710 5147 p.
2767 5075 2874 5139 68;
2910 5081 2966 5130 et
3027 5080 3170 5132 orat.
3229 5076 3345 5147 3t),
3403 5075 3684 5134 Basilium

2044 5147 2241 5217 ipsum
2290 5149 2454 5216 epist.
2499 5148 2589 5213 7t,
2638 5145 2768 5212 Jo.;
2817 5147 3090 5214 Beccum,
3140 5145 3307 5202 orat.
3344 5149 3393 5212 1,
3430 5150 3489 5203 in
3538 5156 3682 5206 tom.

2043 5218 2234 5289 Cyprii
2265 5219 2380 5287 (Gr.
2415 5219 2555 5273 orth.
2587 5234 2651 5284 ιι,
2701 5235 2757 5289 p.
2799 5217 2927 5288 219)
2979 5222 3036 5273 et
3073 5219 3455 5275 Prudentium
3496 5221 3686 5278 Mara-

2045 5306 2185 5344 num
2221 5290 2447 5344 Praefat.
2473 5291 2626 5361 Opp.
2662 5289 2720 5345 S.
2755 5289 2927 5361 Baeil.
2956 5293 3000 5361 ι,
3033 5289 3131 5355 ΙΙΙ,
3165 5290 3274 5361 ΞΒ.

2113 5361 2224 5434 (56)
2252 5360 2601 5434 Expsalmo
2620 5377 2758 5434 exn,
2843 5360 3031 5434 (ωςχ)
3061 5360 3241 5432 petita
3269 5361 3521 5434 phrasis.

2116 5433 2226 5502 (57)
2266 5428 2439 5486 eam.
2477 5433 2512 5486 ι.
2544 5432 2650 5486 239
2685 5433 2740 5498 b,
2774 5428 3122 5488 ἀναδίδωτάι.

2115 5504 2227 5573 (58)
2258 5503 2338 5558 Cf.
2373 5504 2540 5573 Greg.
2574 5504 2706 5558 Naz.
2743 5503 2928 5558 Carm.
2959 5503 3024 5560 de
3055 5504 3250 5574 Spirit.
3283 5510 3457 5562 sanct.
3482 5523 3680 5562 arcan.

2041 5574 2110 5643 3;
2139 5574 2290 5648 _Opp.
2315 5575 2491 5648 Περἶ
2519 5575 2642 5644 163,
2675 5577 2766 5632 ed.
2801 5575 2931 5632 Bill.
2963 5592 3020 5633 v.
3051 5578 3118 5632 21
3153 5593 3314 5648 seq.;
3348 5594 3434 5634 or.
3466 5593 3678 5645 xxxvn,

2041 5646 2234 5718 p.608
2262 5647 2354 5702 ed.
2387 5646 2518 5704 Bill.
