4058 6216
417 343 534 405 363

1627 343 1894 405 PHOTII
1938 343 2470 406 PATRIARCHIE
2512 343 2628 405 CP.

3689 344 3810 404 36‘

417 483 604 550 prima
621 485 678 537 et
707 481 964 537 secunda
993 481 1252 552 synodus
1276 478 1579 536 stabiliens
1609 479 1853 534 tradidit
1882 496 1902 532 :
1923 478 2039 546 Suf‘

2165 473 2370 530 ἔκθεσιν
2414 482 2512 545 τῆς
2556 475 2808 544 πίστεως,
2841 474 2907 544 ἢν
2957 475 2992 544 ἡ
3044 475 3235 550 πρώτη
3278 473 3368 530 καὶ
3419 471 3643 550 δευτέρα
3689 473 3811 528 σύν.

413 572 593 640 ﬁceret
632 575 802 642 igitur
820 571 890 626 ad
918 573 1138 642 plenam
1167 573 1388 642 pietatis
1417 570 1784 638 cognitionem
1833 573 1884 622 et
1923 583 2057 622 con-

411 663 785 730 ﬁrmationem
823 662 1041 732 sapiens
1072 669 1121 715 et
1174 660 1415 714 salutare
1444 659 1542 714 hoc
1592 659 1799 714 divinae
1855 660 2056 730 gratia:

407 751 732 823 symbolum.
768 751 1087 805 Perfectam
1122 749 1264 804 dicit
1295 765 1396 803 seu
1430 747 1684 820 plenam,
1715 765 1827 802 non
1863 752 2058 803 autem

409 841 792 906 deﬁcientem,
827 839 918 895 cui
957 837 1178 909 aliquid
1236 839 1449 893 addere
1483 846 1581 893 aut
1631 840 1862 892 demere
1913 852 2059 908 opus

407 929 598 984 sit.Et
645 928 934 998 quomodo
976 928 1286 997 perfectam
1319 925 1346 979 ‘?
1403 927 1498 992 Iis,
1529 943 1658 997 qua;
1709 931 2055 996 sequuntur,

403 1017 662 1073 animum
719 1018 970 1071 adverte.
1007 1019 1086 1071 De
1134 1017 1296 1070 Patre
1352 1015 1521 1076 enim,
1554 1014 1764 1086 inquit,
1820 1022 1869 1070 et
1915 1015 2056 1070 Filio

402 1115 452 1160 et
483 1105 694 1175 Spiritu
723 1112 910 1160 sancto
939 1108 1237 1175 perfectum
1277 1105 1480 1160 edocet.
1516 1105 1584 1159 Et
1616 1105 1902 1176 quomodo
1952 1104 2058 1159 do-

403 1198 494 1248 cet
524 1193 846 1264 pert'ectum
878 1192 905 1245 ἱ)
937 1192 1221 1249 Videlicet
1255 1193 1458 1248 Filium
1493 1209 1559 1248 ex
1589 1193 1758 1248 Patre
1789 1193 2051 1265 generari

400 1281 635 1351 clamat,
667 1281 950 1352 Spiritum
983 1297 1116 1336 vero
1153 1298 1220 1337 ex
1261 1286 1429 1336 Patre
1462 1283 1789 1352 procedere.
1826 1282 1893 1336 Et
1923 1286 2054 1353 post

399 1389 587 1444 pauca
619 1387 634 1426 :
667 1373 901 1442 Propter
915 1387 1000 1426 eos
1030 1374 1128 1440 qui
1155 1376 1352 1426 contra
1382 1371 1652 1442 Spiritum
1677 1378 1930 1428 sanctum
1956 1389 2054 1443 pu-

395 1463 657 1533 gnabant,
691 1460 1025 1517 sententiam
1055 1460 1190 1515 olim
1209 1478 1240 1516 a
1261 1469 1474 1516 centum
1506 1461 1912 1533 quinquaginta
1943 1462 2052 1516 Pa-

395 1553 592 1618 tribus,
623 1553 721 1621 qui
768 1553 824 1604 in
875 1549 1032 1619 regia
1085 1551 1219 1606 urbe
1261 1559 1654 1616 convenerunt,
1697 1551 1762 1606 de
1809 1550 2054 1617 Spiritus

393 1642 580 1694 sancti
599 1641 844 1694 essentia
874 1641 1147 1694 traditam
1178 1640 1483 1709 conﬁrmat.
1519 1639 1581 1693 Et
1625 1641 1918 1709 quomodo
1955 1638 2051 1694 isti

394 1727 645 1797 Spiritus
677 1727 864 1782 sancti
902 1727 1215 1783 essentiam
1251 1729 1730 1784 constituerunt?
1759 1727 2046 1782 Nimirum

394 1816 494 1870 ubi
552 1815 821 1882 dixerint,
857 1815 1137 1886 Spiritum
1181 1833 1214 1871 a
1243 1818 1411 1872 Patre
1443 1817 1773 1887 procedere.
1829 1817 2043 1882 Quam-

391 1905 590 1960 obrem
622 1905 718 1976 qui
741 1905 900 1960 aliud
931 1906 1228 1978 quidpiam
1263 1911 1471 1977 praeter
1503 1905 1609 1962 hoc
1653 1907 1838 1972 docet,
1873 1908 2042 1961 abro-

391 2001 491 2065 gat
521 2000 578 2050 et
608 1995 918 2051 confundit
947 2001 1004 2052 et
1036 1996 1329 2068 pervertit,
1362 2000 1648 2067 quantum
1701 1997 1938 2068 quidem
1971 1997 2044 2052 ad

390 2101 559 2140 suam
594 2085 895 2140 audaciam
939 2086 1166 2153 attinet,
1199 2086 1514 2157 ipsammet
1562 2087 1810 2155 Spiritus
1843 2101 2046 2142 essen-

388 2175 554 2229 tiam.
593 2174 808 2229 Deinde
863 2174 1124 2245 expende
1155 2175 1330 2230 verba
1358 2173 1460 2229 illa
1492 2190 1506 2228 :
1562 2175 1790 2245 Pmpter
1836 2191 1923 2230 eos
1949 2173 2048 2245 qui

390 2271 584 2318 contra
621 2261 890 2332 Spiritum
936 2271 1186 2318 sanctum
1217 2262 1555 2333 pugnabant.
1589 2263 1660 2317 Et
1689 2263 1930 2333 quinam
1985 2263 2044 2317 hi

397 2353 610 2408 erant?
639 2351 788 2406 Olim
813 2351 1045 2422 quidem
1081 2351 1182 2422 qui
1209 2352 1615 2407 Macedonium
1649 2351 1773 2408 loco
1813 2356 2045 2407 sancta-

401 2456 527 2495 rum
559 2439 990 2509 Scripturarum
1021 2438 1129 2493 sibi
1162 2439 1308 2508 ipsis
1341 2439 1687 2510 magistrum
1730 2439 2042 2494 constitue-

401 2536 576 2598 runt;
615 2545 770 2584 nunc
801 2545 953 2596 vero,
988 2529 1086 2600 qui
1119 2529 1242 2585 loco
1286 2528 1498 2584 Christi
1547 2545 1843 2600 sacraeque
1886 2528 2045 2584 illius

403 2617 876 2684 institutionis,at
908 2635 1023 2672 non
1045 2616 1230 2672 habeo
1255 2632 1420 2688 quem
1446 2616 1742 2672 nominem
1763 2635 1776 2685 ;
1794 2616 1934 2671 adeo
1959 2620 2047 2672 est

403 2710 588 2778 capite
605 2707 876 2762 destituta
907 2707 1170 2778 ipsorum
1201 2705 1467 2777 impietas
1489 2705 1886 2777 qui,inquam,
1921 2705 2044 2760 loco

399 2797 610 2852 Christi
636 2797 704 2851 ad
731 2796 1109 2867 perditionem
1137 2795 1498 2866 confugiunt.
1534 2799 1722 2866 Atque
1770 2795 1887 2849 haec
1915 2793 2046 2865 qui-

398 2886 528 2942 dem
560 2892 758 2940 sancta
789 2883 1046 2956 synodus
1080 2883 1431 2954 multilingui
1473 2887 1529 2938 et
1585 2901 1618 2938 a
1660 2883 1876 2954 Spiritu
1919 2890 2044 2938 acta

395 2990 534 3030 voce
564 2973 949 3046 proloquitur,
977 2973 1205 3044 Leoque
1245 2971 1716 3043 sapientissimus
1765 2989 1880 3028 una
1911 2988 2043 3028 cum

2168 563 2292 630 οδος
2342 565 2678 640 καρτύνουσα
2727 560 3110 639 παραδέδωκεν
3143 583 3155 596 ·
3207 564 3398 638 Ἤρκει
3454 565 3551 636 μὲν
3589 562 3685 618 οὖν
3740 563 3813 626 εἷς

2166 653 2351 723 ἐντελῆ
2419 661 2520 723 τῆς
2616 649 2887 708 εὐσεϐείας
2973 652 3263 730 ἐπίγνωσιν
3341 656 3430 708 καὶ
3520 649 3809 728 βεϐαίωσιν

2165 746 2224 798 τὸ
2275 744 2439 821 σοφὸν
2498 743 2588 798 καὶ
2639 746 2908 817 σωτήριον
2963 746 3127 798 τοῦτο
3185 749 3284 811 τῆς
3345 741 3494 804 θείας
3537 745 3649 815 [83)
3710 743 3812 819 χί-

2169 853 2311 907 ριτος
2365 827 2668 906 σύμϐολον.
2730 830 2953 901 Ἐντελῆ
3012 853 3200 911 φησιν,
3272 829 3371 886 οῦκ
3426 830 3635 897 ἐλλιπῆ
3675 834 3812 906 (82),

2165 919 2291 976 οὐδὲ
2330 924 2646 995 προσθήκης
2705 919 2968 995 δεομένην
3029 922 3063 990 ἧ
3119 920 3471 997 ἀφαιρέσεως.
3537 920 3636 976 Καὶ
3693 925 3816 984 πῶς

2164 1010 2350 1080 ἐντελῆ
2414 1014 2564 1084 (83);
2625 1016 2754 1072 Τοῖς
2823 1009 3186 1084 ἐπαγομένοις
3243 1009 3507 1086 πρόσεχε.
3564 1011 3696 1084 Περί
3755 1030 3816 1066 τε

2161 1101 2286 1176 γάρ,
2355 1101 2535 1176 φησὶν,
2601 1105 2702 1154 τοῦ
2763 1100 2974 1173 Πατρὸς
3046 1098 3136 1154 καὶ
3193 1103 3288 1153 τοῦ
3353 1099 3481 1153 Υἱοῦ
3552 1100 3638 1154 καὶ
3713 1104 3818 1153 τοῦ

2163 1189 2318 1264 ἁγίου
2369 1190 2685 1263 Πνεύματος
2733 1186 3038 1244 ἐκδιδάσκει
3095 1193 3157 1244 τὸ
3214 1189 3444 1244 τέλειον.
3504 1190 3629 1243 Εἶτα
3686 1192 3813 1251 πῶς

2161 1275 2465 1334 ἐκδιδάσκει
2495 1280 2557 1333 τὸ
2607 1277 2859 1348 τέλειον;
2913 1280 3016 1336 Τὸν
3053 1278 3148 1350 μὲν
3183 1279 3305 1332 Υἱὸν
3353 1277 3412 1332 έκ
3451 1281 3548 1332 τοῦ
3597 1279 3814 1353 Ιῐατρὸς

2159 1362 2366 1438 ἀναϐοᾷ
2431 1370 2782 1445 γεννηθῆναι,
2840 1368 2903 1423 τὸ
2961 1365 3017 1422 δὲ
3069 1371 3288 1440 Πνεῦμα
3338 1366 3398 1422 ἐκ
3452 1371 3548 1422 τοῦ
3597 1369 3816 1441 [ἰατρὸς

2157 1455 2562 1530 ἐκπορεύεσθαι.
2627 1457 2721 1511 Καὶ
2767 1458 2883 1530 μεθ’
2945 1456 3155 1532 ὀλίγα*
3221 1457 3319 1511 Καὶ
3379 1454 3468 1512 διὰ
3522 1458 3618 1529 μὲν
3679 1456 3816 1519 τοὺς

2155 1549 2234 1615 τῷ
2295 1546 2565 1618 Πνεύματι
2630 1550 2708 1618 τῷ
2783 1545 2918 1619 ἁγίῳ
2997 1546 3347 1620 μαχομένους
3415 1548 3514 1616 τῆν
3584 1546 3817 1622 χρόνοις

2158 1631 2377 1708 ὕστερον
2453 1635 2599 1708 παρά
2673 1639 2780 1690 τῶν
2863 1633 2951 1689 ἐπὶ
3033 1642 3133 1706 τῆς
3220 1635 3630 1710 βασιλευούσης
3707 1635 3821 1691 πό-

2158 1721 2298 1784 λεως
2387 1723 2574 1778 ἑκατὸν
2660 1725 3002 1794 πεντήκοντα
3081 1723 3449 1779 συνελθόντων
3549 1726 3813 1800 Πατέρων

2155 1812 2276 1886 περὶ
2363 1819 2464 1881 τῆς
2539 1817 2636 1866 τοῦ
2727 1812 3043 1886 ΙΙνεύματος
3127 1812 3312 1875 οὐσίας
3399 1812 3814 1888 παραδοθεῖσαν

2155 1898 2508 1956 διδασκαλίαν
2579 1907 2759 1974 κυροῖ.
2821 1902 2919 1955 Καὶ
2976 1907 3094 1964 πῶς
3157 1900 3435 1977 ἐκύρωσαν
3494 1902 3646 1958 οὗτοι
3706 1904 3814 1972 τῆν

2153 1995 2249 2046 τοῦ
2292 1989 2602 2064 Πνεύματος
2630 1991 2845 2062 οὐσίαν;
2884 1997 2950 2046 Ἠ
2993 1989 3164 2061 δῆλον
3198 1992 3442 2054 εἰπόντες
3471 1993 3534 2046 τὸ
3583 1997 3820 2066 Πνεῦμα

2156 2079 2217 2135 ἐκ
2245 2085 2342 2135 τοῦ
2395 2082 2606 2155 Πατρὸς
2657 2079 3063 2154 ἐκπορεύεσθαι.
3108 2085 3271 2136 ’Ὼστε
3303 2083 3330 2135 ὁ
3381 2079 3523 2136 ἄλλο
3572 2103 3624 2136 τι
3659 2084 3816 2156 παρὰ

2154 2174 2318 2226 τοῦτο
2363 2167 2632 2224 διδάσκων
2678 2171 2740 2225 τὸ
2791 2175 2953 2245 κῦρος
2996 2171 3279 2245 ἀνατρέπει
3325 2172 3415 2224 καὶ
3465 2176 3668 2248 συγχεῖ
3711 2174 3816 2227 καὶ

2157 2257 2333 2335 φύρει,
2365 2260 2426 2312 τό
2478 2279 2540 2334 γε
2583 2261 2716 2327 ἧκον
2764 2259 2839 2320 εἷς
2889 2257 3104 2332 τόλμαν
3131 2261 3228 2328 τήν
3280 2260 3474 2332 αὐτοῦ,
3507 2260 3674 2329 αὐτὴν
3704 2265 3817 2316 τοῦ

2156 2347 2474 2420 Πνεύματος
2506 2349 2608 2416 τῆν
2657 2346 2866 2403 οὐσίαν.
2911 2348 3060 2418 Εἶτα,
3111 2346 3200 2403 δια
3238 2350 3364 2408 τοὺς
3415 2353 3494 2421 τῷ
3525 2349 3813 2422 Πνεύματι

2153 2441 2231 2506 τῷ
2286 2437 2424 2512 ἁγίῳ
2501 2436 2874 2511 μαχομένους.
2942 2438 3038 2492 Καὶ
3113 2438 3257 2500 τίνες
3315 2437 3588 2514 ἐμάχοντο
3647 2441 3810 2511 (84);

2157 2525 2332 2580 Πάλαι
2371 2527 2466 2599 μὲν
2500 2527 2552 2580 οἱ
2587 2525 2915 2582 Μακεδόνιον
2958 2527 3075 2582 ἀντὶ
3108 2532 3215 2583 τῶν
3256 2529 3542 2603 ἀχράντων
3576 2530 3806 2605 Λογίων

2156 2615 2478 2673 διδάσκαλον
2677 2617 2854 2695 σφίσιν
2908 2617 3089 2680 αὐτοῖς
3130 2622 3240 2692 (86)
3291 2619 3602 2679 ἀνειπόντες
3633 2623 3746 2692 (87)
3784 2637 3802 2651 °

2152 2711 2241 2762 νῦν
2273 2705 2330 2761 δὲ
2360 2710 2472 2780 [84]
2504 2708 2557 2762 οἱ
2615 2707 2730 2761 ἀντῖ
2760 2711 2857 2762 τοῦ
2906 2711 3144 2781 Χριστοῦ
3194 2710 3284 2762 καὶ
3314 2715 3414 2777 τῆς
3460 2707 3625 2764 αὐτοῦ
3679 2709 3806 2783 (88)

2159 2797 2536 2872 μυσταγωγίας
2569 2817 2582 2830 ·
2643 2794 2766 2852 ἀλλ’
2801 2795 2899 2851 ούκ
2955 2794 3071 2872 ἔχω
3117 2796 3234 2852 τίνα
3287 2797 3502 2852 καλέσω
3542 2817 3556 2830 ·
3617 2798 3806 2862 οὕτως

2153 2885 2298 2942 ἐστὶν
2352 2886 2528 2940 αὐτῶν
2592 2885 2866 2962 ἀκέφαλον
2921 2887 2984 2941 τὸ
3054 2882 3372 2959 δυσσέϐημα
3406 2931 3418 2943 .
3476 2886 3625 2956 πλὴν
3677 2889 3807 2945 ἀντὶ

2150 2980 2248 3032 τοῦ
2306 2982 2568 3050 Σωτῆρος
2637 2976 2688 3029 οἱ
2759 2978 2828 3047 τῇ
2903 2975 3154 3046 ἀπωλείᾳ
3217 2974 3806 3051 προσδεδραμηκότες.

395 3063 513 3119 illis
553 3063 823 3133 predicat
869 3061 1226 3134 calculisque
1265 3061 1539 3125 omnibus
1596 3062 1919 3118 conﬁrmat.
1954 3063 2037 3118 Tu

2158 3062 2332 3120 Ἀλλά
2385 3068 2552 3119 ταῦτα
2607 3064 2702 3136 μὲν
2860 3086 2919 3120 τε
2976 3063 3201 3128 σύνοδος
3262 3064 3646 3139 πολυγλώσσῳ
3704 3068 3811 3122 καὶ

397 3169 530 3208 vero
546 3157 795 3207 mentem
812 3151 884 3207 iis
898 3168 1024 3223 quae
1039 3157 1365 3222 sequuntur
1380 3152 1590 3207 adhibe
1614 3177 1629 3220 ;
1647 3168 1848 3208 versus
1863 3153 2038 3208 finem

2158 3157 2638 3227 πνευματοκινῆτῳ
2695 3152 2975 3232 φθέγγεται
3024 3159 3201 3228 φωνῇ,
3234 3155 3321 3210 καὶ
3373 3156 3522 3210 Λέων
3580 3155 3608 3209 ὁ
3659 3155 3814 3211 πάν·-

400 3257 656 3312 namque
685 3240 863 3296 totius
891 3243 1176 3296 sermonis
1226 3241 1525 3312 pericopes
1574 3242 1688 3296 ista
1717 3241 1857 3296 dicit
1888 3258 1902 3297 :
1950 3242 2044 3296 His

399 3329 587 3402 igitur
615 3345 741 3384 cum
771 3328 925 3384 omni
954 3338 1118 3398 atque
1148 3329 1389 3400 undique
1428 3339 1620 3385 exacta
1649 3346 1789 3386 cura
1819 3341 1868 3384 et
1916 3329 2047 3384 dili-

397 3421 589 3487 gentia
610 3434 644 3471 a
665 3419 818 3473 nobis
839 3418 1117 3488 dispositis
1145 3417 1392 3488 definivit
1423 3422 1614 3474 sancta
1635 3427 1686 3474 et
1714 3421 2046 3473 aecumenica

393 3507 632 3578 synodus
651 3507 844 3577 (cujus
875 3505 1142 3560 videlicet
1174 3521 1383 3574 praeses
1407 3511 1529 3560 erat
1553 3507 1930 3578 Leo,regium
1967 3521 2047 3561 re-

394 3611 524 3650 vera
555 3601 612 3650 et
641 3594 901 3648 animum
931 3602 983 3650 et
1015 3610 1340 3649 sermonem
1375 3595 1623 3664 nactus).
1659 3596 1802 3659 Quid
1835 3595 2044 3652 deﬂui-

389 3683 516 3740 vit?
545 3683 784 3738 Alteram
813 3683 974 3753 ﬁdem
1006 3683 1153 3737 nutti
1190 3682 1358 3738 licere
1397 3685 1651 3754 proferre
1698 3686 1780 3739 vet
1809 3688 2043 3742 conscri-

388 3772 511 3828 bere
537 3781 632 3828 aut
660 3787 976 3837 componere
1006 3775 1104 3826 aut
1131 3774 1338 3827 sentire
1367 3775 1465 3827 aut
1510 3771 1652 3828 alios
1695 3773 1925 3836 docere;
1957 3791 2043 3831 eos

387 3866 572 3917 autem
595 3861 692 3934 qui
718 3861 921 3917 audent
948 3875 1266 3932 componere
1294 3861 1456 3932 ﬁdem
1505 3863 1740 3917 atteram
1781 3872 1876 3920 aut
1917 3881 2042 3935 pro-

380 3952 526 4021 ferre
553 3953 651 4005 aut
679 3950 868 4006 docere
898 3957 990 4004 aut
1021 3949 1243 4005 tradere
1271 3950 1508 4005 alterum
1530 3951 1840 4022 symbolum
1862 3953 2041 4008 volen-

378 4039 525 4095 tibus
553 4039 622 4095 ad
651 4039 994 4112 agnitionem
1033 4039 1282 4095 veritatis
1332 4042 1583 4096 converti
1622 4039 1739 4096 sive
1768 4057 1839 4096 ex
1862 4059 2036 4114 paga-

299 4165 304 4170 -
379 4132 555 4186 nismo
600 4131 712 4186 sive
742 4146 811 4186 ex
855 4131 1139 4186 Judaismo
1190 4128 1305 4184 sive
1335 4145 1404 4184 ea:
1452 4129 1654 4185 haeresi
1693 4146 2035 4203 quacunque,

379 4220 495 4291 hos,
523 4220 574 4276 si
609 4220 848 4292 episcopi
878 4221 1090 4289 fuerint
1120 4227 1215 4274 aut
1260 4220 1470 4286 clerici,
1512 4220 1728 4277 alienos
1775 4237 1890 4278 esse
1918 4226 2033 4294 epi-

2156 3263 2320 3318 σοφος
2378 3237 2675 3312 συναναϐοᾷ
2728 3241 2817 3296 καὶ
2887 3244 3091 3322 ψήφοις
3148 3245 3380 3308 ἁπάσαις
3436 3243 3815 3322 ἐπασφαλίζε-

2151 3353 2258 3387 ται.
2296 3331 2370 3386 Σὺ
2412 3329 2466 3386 δὲ
2497 3333 2588 3386 τὸν
2620 3335 2741 3386 νοῦν
2772 3331 3062 3402 ἐπίστησον
3095 3337 3210 3394 τοῖς
3245 3331 3434 3411 ἐφεξῆς
3464 3353 3476 3365 ·
3526 3334 3665 3408 πρὸς
3697 3336 3812 3409 γὰρ

2152 3424 2229 3492 τῷ
2258 3421 2402 3475 τέλει
2431 3423 2530 3488 τῆς
2554 3420 2693 3490 ὅλης
2717 3422 2813 3474 τοῦ
2846 3419 3012 3495 λόγου
3047 3428 3350 3496 περικοπῆς
3373 3418 3479 3476 ὧδέ
3503 3443 3636 3498 φησι
3662 3424 3810 3495 (89)'

2151 3509 2363 3562 Τούτων
2420 3510 2602 3563 τοίνυν
2667 3511 2799 3582 μετὰ
2869 3512 3049 3580 πάσης
3105 3511 3448 3585 πανταχόθεν
3518 3505 3808 3584 ἀκριϐείας

2150 3621 2207 3654 τε
2246 3602 2334 3655 καὶ
2397 3599 2694 3675 ἐμμελείας
2744 3603 2869 3676 παρ’
2925 3604 3086 3674 ἡμῶν
3146 3599 3598 3657 διατυπωθέντων
3662 3598 3810 3677 ὥρι-

2150 3693 2296 3759 σενή
2345 3690 2468 3764 ἁγία
2524 3691 2614 3744 καὶ
2673 3690 3027 3763 οἷκουμενική
3097 3689 3324 3753 σύνοδος
3385 3693 3471 3765 (ἧς
3532 3689 3805 3762 δηλονότι

2147 3785 2443 3856 κορυφαῖος
2505 3780 2654 3834 Λέων
2708 3781 2736 3834 ὁ
2789 3779 3073 3853 βασιλικὸν
3124 3780 3215 3834 καὶ
3263 3781 3354 3834 τὸν
3410 3785 3536 3834 νοῦν
3586 3780 3680 3835 καῖ
3731 3782 3799 3836 τὰ

2148 3867 2368 3944 ῥήματα
2445 3870 2820 3942 κεκτημένος).
2885 3869 2946 3925 Τί
3037 3864 3266 3942 ὥρισενς
3327 3869 3546 3942 Ἑτέραν
3612 3869 3796 3924 πίστιν

2149 3955 2342 4030 μηδενὶ
2402 3956 2592 4027 ἐξεῖναι
2652 3959 2764 4030 (90)
2852 3958 3140 4034 προφέρειν
3219 3955 3388 4031 ἤγουν
3469 3958 3797 4038 συγγράφειν

2144 4045 2178 4114 ἢ
2241 4045 2538 4100 συντιθέναι
2597 4045 2630 4112 ἢ
2707 4049 2918 4122 φρονεῖν
2999 4043 3267 4100 διδάσκειν
3345 4043 3568 4120 ἑτέρους
3631 4048 3796 4119 (91)·

2143 4132 2270 4195 τοὺς
2330 4130 2387 4188 δὲ
2470 4131 2795 4207 τολμῶντας
2872 4134 2907 4202 ἢ
2998 4133 3294 4189 συντιθέναι
3350 4134 3534 4188 πίστιν
3607 4133 3798 4209 ἑτέραν

2144 4223 2317 4299 ἤγουν
2393 4222 2755 4298 προκομίζειν
2848 4225 2884 4294 ἢ
2963 4220 3233 4278 διδάσκειν
3322 4222 3358 4292 ἢ
3431 4219 3800 4292 παραδιδόναι

1618 4381 1851 4438 νΑΗιιΕ
1880 4385 2268 4442 LECTIONES
2309 4387 2401 4442 ET
2441 4386 2676 4444 ΝΟΤίΕ.

378 4531 637 4610 gessione
663 4529 700 4582 5
728 4527 1033 4610 sequentia
1054 4526 1326 4610 pleraque
1347 4529 1522 4610 vegba
1539 4529 1848 4610 desumpta
1869 4539 2026 4610 sunt.
2061 4539 2105 4602 D
2139 4536 2319 4610 habeo
2351 4536 2844 4610 quemqnominem
2873 4537 2976 4606 (ita
3009 4542 3097 4594 est
3122 4555 3322 4610 eorum
3347 4538 3573 4610 absque
3604 4540 3799 4610 capite

378 4604 556 4662 Bard.
598 4601 756 4656 Cone.
789 4603 832 4655 t.
893 4599 962 4669 ΙΙ,
995 4617 1051 4672 p.
1084 4599 1182 4654 451
1233 4616 1354 4672 seq.
1383 4600 1591 4667 Mansi,
1622 4607 1665 4658 t.
1704 4599 1798 4673 ui,
1833 4621 1888 4675 p.
1928 4606 2026 4660 107

379 4692 504 4731 880.

447 4691 562 4814 218.2)
592 4745 704 4800 Sic.
739 4743 855 4800 Col.
893 4743 1069 4814 Palat.
1105 4743 1145 4798 f.
1177 4745 1277 4800 241
1314 4744 1371 4799 b.
1410 4739 1664 4813 ἐλλειπῆ.

449 4813 561 4888 (83)
594 4816 712 4888 Gol.
745 4819 862 4876 πῶς
898 4813 1144 4888 ἐντελής.

447 4886 561 4958 (84)
599 4887 746 4965 ﬁmo
805 4886 914 4958 (καὶ
962 4886 1111 4965 *τίνες
1180 4886 1458 4965 ἐμάχοντο
1505 4891 1585 4958 τῷ
1659 4887 1797 4964 ἁγίῳ
1856 4890 2024 4945 Πνεύ-

380 4956 730 5031 ματιξπᾴλαι,
774 4956 827 5031 κέ
868 4979 917 5012 τ.
962 4956 1045 5026 λ.)
1077 4965 1133 5014 et
1164 4956 1470 5031 sequentia
1510 4956 1786 5031 neque'ad
1823 4979 2018 5019 vocem

372 5026 918 5104 προσδεδρριμηκότες
977 5031 1138 5086 alfert
1188 5026 1295 5087 Leo
1354 5026 1618 5088 Allatius'
1662 5033 1718 5087 in
1771 5031 2012 5090 Exercit.

373 5102 570 5160 centra
632 5102 772 5157 Rob.
825 5103 1169 5172 Creygthon,
1200 5109 1393 5158 Romae
1444 5105 1606 5168 1665,
1638 5121 1692 5175 p.
1726 5106 1833 5158 232
1879 5106 2014 5162 inde

374 5175 849 5248 probansdgnotu
863 5191 914 5228 m
934 5176 1107 5228 fuisse
1123 5175 1326 5248 Photio
1341 5180 1629 5231 auctorem
1646 5177 2016 5232 additamenti

371 5246 429 5302 in
465 5246 926 5318 symbolo,qquod
960 5247 1366 5318 expugnabat,
1402 5263 1505 5302 nec
1548 5264 1646 5316 pro
1696 5255 1850 5303 certo
1882 5267 2012 5304 eum

370 5315 671 5384 habuisse,
704 5316 844 5370 illud
897 5333 929 5369 a
960 5315 1192 5371 Nicolao
1219 5317 1239 5370 Ι
1271 5318 1450 5372 fuisse
1499 5315 1769 5388 primitus
1830 5320 2011 5375 intro-

373 5391 633 5444 ductum.
660 5409 689 5437 ‹‹
721 5388 790 5442 Et
821 5389 1062 5458 quinam
1105 5391 1262 5453 sunt,
1295 5388 1392 5459 qui
1435 5389 1653 5444 bellum
1683 5391 2014 5447 indixerunt

373 5460 612 5534 Spiritui
645 5459 889 5534 sancto?
937 5460 1276 5534 Antiquitus
1327 5459 1562 5529 quidem
1612 5462 2012 5534 Macedoniani

369 5529 1063 5590 eitraimmaculatorum
1098 5530 1562 5600 disertorumque
1610 5533 1844 5589 Patrum
1896 5535 2010 5591 elo-

370 5607 504 5680 quia
527 5601 1035 5680 sibimetipsisalia
1057 5604 1224 5680 atque
1239 5602 1350 5680 alia
1375 5602 2011 5680 ins.usurrantes.iNuuc

367 5671 502 5736 ὅθι-ο
532 5680 692 5733 extra
719 5671 929 5733 Christi
962 5673 1263 5748 mysticam
1295 5671 1605 5730 doctrinam
1639 5707 1704 5717 -
1748 5679 1850 5736 sed
1891 5695 2005 5735 non

2139 4607 2453 4680 impietas).
2489 4607 2879 4664 Nihilominus
2917 4625 3030 4665 non
3078 4612 3137 4665 in
3184 4607 3564 4681 Salvatorein,
3599 4607 3702 4668 sed
3733 4613 3795 4668 in

2140 4681 2524 4750 perditionem
2558 4684 2982 4751 procurrentes.
3016 4703 3044 4731 ››

2209 4750 2618 4828 (85)”Allatfl.
2676 4769 2724 4807 c.
2781 4751 2896 4804 ἀντὶ
2934 4755 3040 4806 τῶν
3104 4750 3390 4825 ἀχράντων
3450 4752 3539 4806 καὶ
3587 4751 3795 4828 λογίων

2136 4816 2496 4876 διδασκάλων.

2206 4894 2321 4963 (86)
2361 4893 2444 4966 Cf.
2483 4893 2672 4948 Photii
2729 4895 3138 4965 grammaticas
3198 4895 3638 4952 observationes
3694 4913 3788 4966 ep.

2133 4965 2360 5090 igidqg
2419 4965 2668 5021 Leonem
2719 4966 3159 5038 philosophum,
3222 4983 3277 5038 p.
3337 4967 3463 5033 305,
3512 4968 3644 5034 306,
3693 4965 3790 5024 ed.

2181 5053 2382 5090 onotn.

2203 5107 2942 5182 (87)_Ver_tendumi_erat_:
2977 5107 3320 5182 Antiquitus
3377 5109 3642 5182 quidem,
3689 5110 3793 5182 qui

2131 5178 2256 5234 loco
2287 5178 2648 5248 eloquiorum
2673 5179 2928 5251 (Christi)
2963 5178 3472 5236 imma’culalorUm
3511 5178 3798 5237 Macedo-

2131 5252 2289 5306 nium
2339 5252 2682 5321 magistrum
2730 5251 2967 5306 sibimet
2999 5252 3142 5321 ipsis
3193 5251 3604 5308 acclamarunt.
3636 5253 3793 5309 Illud

2127 5321 2240 5376 alia
2275 5331 2434 5394 atque
2462 5323 2577 5394 alia
2607 5323 2674 5376 de
2706 5340 2811 5377 suo
2844 5323 3130 5394 supplevit
3158 5323 3423 5379 Allatius.

2219 5395 2307 5463 88)
2341 5393 2458 5448 Col.
2494 5390 2688 5448 αὐτῶν.

2218 5465 2303 5534 89)
2353 5466 2549 5532 Conc.,
2581 5465 2851 5520 Cbalced.
2885 5464 2929 5519 l.
2969 5482 3018 5520 c.
3070 5466 3247 5521 Hard.
3284 5464 3355 5531 ΙΙ,
3411 5465 3535 5523 455.
3587 5465 3788 5524 Mausi

2123 5537 2399 5609 vn,7118.
2424 5536 2648 5609 Hercle,
2673 5537 2820 5609 Hist.
2850 5539 3052 5609 concit.
3089 5543 3127 5592 t.
3161 5537 3230 5605 II,
3267 5554 3323 5609 p.
3359 5537 3484 5594 454.

2193 5608 2305 5676 (90)
2341 5607 2516 5662 Palat.
2552 5607 2588 5663 ι.
2621 5607 2728 5662 242
2759 5625 2810 5662 a.
2846 5605 2986 5676 ἐξῆν.

2193 5609 2283 5676 (90
2341 5609 2516 5662 Palat.
2552 5609 2588 5663 f.
2621 5609 2728 5662 242
2759 5625 2810 5662 a.
2846 5609 2986 5676 ἐξῆν.

2192 5609 2305 5752 (91)
2334 5678 2427 5736 Sic
2458 5678 2576 5737 Col.
2612 5678 2791 5735 Vatic.
2827 5679 2865 5735 ἰ.
2899 5679 3006 5736 285
3035 5680 3093 5736 b.
3127 5676 3344 5752 ἑτέρως.
