4058 6216
298 411 408 471 365

1407 413 1509 472 DE
1555 413 1618 472 S.
1666 411 2027 473 SPIRITUS
2073 413 2610 476 MYSTAGOGIA.

3585 437 3706 496 366

293 540 472 615 ἕτερον
539 537 824 614 σύμϐολον
891 546 1010 604 τοῖς
1059 541 1408 598 ἐθέλολουσιν
1459 544 1796 621 ἐπιστρέφειν
1870 545 1913 600 εἰ

2059 563 2241 618 scopas
2269 548 2336 602 ab
2380 551 2696 620 episcopatu
2743 556 2795 607 et
2823 554 3056 612 clericos
3094 573 3129 612 α
3153 558 3316 628 clero,
3343 564 3392 618 si
3433 579 3556 620 vero
3584 583 3710 624 mo-

296 630 582 707 έπίγνωσιν
665 637 767 698 τῆς
841 628 1102 699 ἀληθείας
1189 631 1240 702 ἐξ
1325 631 1706 708 Ἑλληνισμοῦ
1776 636 1810 703 ἢ
1887 634 1937 704 ἒξ

2052 639 2216 694 michi.
2245 645 2341 695 aut
2377 641 2534 709 laici,
2565 645 2777 712 fuerint
2804 647 3296 708 anathematizari.

295 717 643 792 Ἰουδάῐσμοῠ
720 721 835 791 (92)
899 720 936 788 ἢ
1018 725 1147 794 γοῦν
1218 721 1268 793 ἐξ
1346 721 1604 796 αἱρέσεως
1695 721 2114 796 οἱασδηποτοῦν,
2183 728 2430 799 τούτους,
2507 730 2553 783 εἰ
2624 732 2716 802 μὲν
2795 734 2898 787 εἶεν
2967 735 3252 795 ἐπίσκοποι
3311 741 3347 811 ἢ
3423 743 3708 820 κληρικοῖ,

293 807 626 882 ἀλλοτρίους
713 810 846 864 εἶναι
924 811 1054 873 τοὺς
1137 810 1465 872 ἐπισκόπους
1535 819 1636 880 τῆς
1721 812 2046 884 ἐπισκοπῆς,
2106 816 2196 870 καὶ
2269 817 2396 878 τοὺς
2471 816 2774 890 κληρικοὺς
2849 827 2946 876 τοῦ
3002 824 3214 900 κλήρου
3250 845 3263 860 ο

292 897 544 966 νάζοντες
577 897 611 966 ἢ
657 898 840 952 λαϊκοὶ
871 899 992 970 εἶεν,
1023 899 1499 972 ἂναθεματίζεσθαι
1534 901 1730 962 αὐτούς
1755 905 1894 972 (93).

363 993 471 1042 πα’.
505 981 874 1059 Ἐμϐλέψατε,
907 987 959 1041 οἱ
987 987 1188 1061 τυφλοὶ
1221 990 1360 1059 (94),
1386 989 1476 1043 καὶ
1506 989 1774 1044 ἀκούσατε
1803 994 1934 1062 (95),

291 1077 341 1129 οἱ
373 1075 574 1152 κωφοὶ,
617 1073 710 1136 οὓς
739 1076 802 1129 τὸ
849 1076 1042 1138 σκότος
1072 1080 1295 1155 κατέχει
1326 1084 1426 1147 τῆς
1469 1079 1746 1152 αἱρετικῆς
1779 1078 1940 1155 ἐγκα-

289 1165 567 1236 θημένους
625 1163 831 1226 δύσεως
889 1167 1050 1236 (96)*
1115 1167 1224 1240 [85]
1284 1166 1621 1222 ἐνατενίσατε
1684 1169 1822 1242 πρὸς
1876 1168 1940 1223 τὸ

285 1253 560 1329 ἁείφωτον
640 1256 739 1322 τῆς
799 1253 1133 1323 Ἐκκλησίας
1205 1254 1410 1331 φέγγος
1465 1258 1554 1311 καὶ
1632 1253 1942 1330 ἐμϐλέψατε

281 1343 425 1416 πρὸς
453 1343 548 1396 τὸν
590 1347 832 1415 γενναῖον
867 1343 1076 1397 Λέοντα
1107 1361 1121 1374 ·
1161 1341 1376 1416 μᾶλλον
1419 1342 1476 1398 δὲ
1503 1352 1603 1413 τῆς
1634 1349 1730 1399 τοῦ
1765 1345 1942 1399 Πνεύ-

287 1452 481 1503 ματος,
549 1432 641 1485 οἷα
701 1428 771 1485 δι’
827 1431 994 1486 αὐτοῦ
1033 1430 1288 1502 σαλπίζει
1353 1435 1473 1488 καθ’
1531 1434 1707 1505 ὑμῶν,
1762 1434 1940 1488 ἐνωτί-

282 1522 449 1574 σασθε
489 1521 604 1592 (97)
639 1519 955 1596 σάλπιγγος
990 1541 1002 1554 ·
1032 1523 1122 1576 καὶ
1159 1522 1377 1598 φρίξατε
1409 1523 1455 1576 εἰ
1491 1525 1566 1594 μή
1597 1543 1717 1577 τινα
1763 1521 1936 1577 ἄλλον

283 1608 733 1681 δυσωπούμενοι,
767 1609 912 1665 ἀλλά
951 1631 1014 1687 γε
1043 1612 1134 1666 τὸν
1189 1611 1446 1684 ὑμέτερον
1483 1611 1692 1686 Πατέρα
1725 1631 1738 1644 ·
1795 1611 1940 1684 μᾶλ-

282 1697 384 1753 λον
427 1697 484 1753 δὲ
516 1696 586 1753 δι’
625 1699 791 1753 αὐτοῦ
839 1699 1085 1763 καὶτοὺς
1127 1699 1354 1761 ἄλλους.
1397 1702 1447 1754 οἳ
1481 1703 1594 1774 (98)
1641 1707 1760 1764 ταῖς
1801 1723 1936 1777 προ-

3361 831 3410 886 si
3468 831 3526 888 δὲ
3613 858 3714 908 μο-

2123 995 2210 1048 81.
2249 995 2540 1067 Inspicite,
2576 999 2730 1066 caeci,
2765 1005 2822 1055 et
2851 1004 3066 1070 audite,
3099 1007 3281 1077 surdi,
3323 1011 3419 1078 qui
3451 1012 3508 1067 in
3542 1018 3708 1072 tene-

2054 1086 2172 1174 bris
2197 1086 2449 1145 haeretici
2475 1107 2713 1148 occasus
2735 1095 2968 1164 sedetis,
2991 1096 3232 1156 intentis
3256 1104 3495 1174 aspicite
3518 1105 3704 1164 oculis

2052 1173 2240 1230 lucem
2281 1177 2550 1234 Ecclesiae
2591 1187 2870 1250 perpetuo
2913 1185 3254 1258 fulgentem,
3289 1173 3341 1246 et
3383 1192 3698 1251 intuemini

2051 1268 2355 1354 strenuum
2387 1267 2654 1334 Leonem,
2681 1271 2798 1325 imo
2818 1274 3009 1340 potius
3041 1275 3292 1346 Spiritus
3327 1281 3526 1338 tubam
3555 1284 3698 1354 quid

2051 1369 2153 1423 per
2189 1353 2356 1409 illum
2395 1357 2716 1424 ebuccinet,
2749 1361 2965 1428 audite,
3003 1371 3171 1433 atque
3209 1353 3614 1440 exhorrescite,
3647 1373 3699 1429 si

2049 1457 2165 1497 non
2196 1443 2371 1498 alium
2422 1462 2796 1517 quemquam,
2830 1455 2888 1503 at
2919 1451 3127 1508 saltem
3171 1455 3395 1512 Patrem
3442 1467 3698 1518 vestrum

2050 1532 2300 1602 reveriti,
2325 1533 2438 1588 imo
2472 1536 2666 1604 potius
2699 1553 2799 1606 per
2830 1539 3022 1609 ipsum
3053 1547 3108 1596 et
3139 1549 3397 1614 cisteros,
3421 1549 3521 1619 qui
3550 1551 3698 1620 prio-

2049 1621 2206 1676 ribus
2256 1623 2494 1692 synodis
2543 1624 2976 1694 acquiescentes
3023 1629 3174 1685 inter
3220 1633 3464 1691 eximios
3497 1637 3694 1695 Patres

2048 1716 2446 1768 recensentur.
2475 1713 2561 1767 Tu
2597 1717 2794 1769 Patres
2827 1717 3098 1774 nominas
3126 1722 3545 1796 Augustinum,
3570 1727 3695 1784 Hie-

283 1784 590 1850 λαϐούσαις
621 1786 870 1850 συνόδοις
923 1788 1331 1863 εὗαρεστοῦντες
1363 1792 1473 1860 (99)
1508 1790 1583 1852 εἷς
1621 1791 1714 1845 τὸν
1762 1793 1917 1866 χορὸς

3083 1773 3091 1774 ,
3130 1773 3520 1793 HTw“-..
3570 1773 3672 1784 --.ν

2048 1816 2355 1871 ronymum
2395 1807 2451 1859 et
2492 1802 2637 1858 alios
2681 1805 2940 1873 similes;
2969 1823 3036 1862 ac
3076 1813 3226 1864 recte
3267 1810 3431 1881 facis,
3463 1773 3579 1870 no,n
3621 1817 3694 1873 ob

279 1881 394 1932 τῶν
449 1875 700 1953 λογάδων
767 1877 1020 1951 Πατέρων
1094 1876 1469 1953 ἐγγράφονται.
1542 1878 1616 1933 Σὺ
1695 1879 1937 1955 Πατέρας

280 1965 579 2039 ὀνομάζεις
625 1964 994 2039 Αὐγουστῖνον
1023 1967 1112 2021 καὶ
1158 1968 1480 2040 Ἱερώνυμον
1512 1967 1602 2021 καὶ
1651 1967 1933 2030 τοιούτους

276 2053 534 2117 ἄλλους·
579 2053 767 2116 καλῶς
813 2075 875 2129 γε
919 2059 1118 2116 ποιεῖς.
1167 2054 1266 2109 οὐκ
1294 2053 1378 2128 ἐφ’
1422 2058 1505 2116 οἷς
1551 2054 1761 2122 καλεῖς,
1803 2054 1932 2111 ἀλλ’

273 2144 365 2197 ὅτι
416 2145 494 2216 μή
545 2144 638 2198 καὶ
685 2145 783 2212 τήν
837 2142 1088 2212 ἀθέτησιν
1134 2151 1235 2213 τῆς
1284 2146 1552 2217 πατρικῆς
1597 2144 1774 2199 αὐτῶν
1817 2143 1934 2199 ὀνο-

276 2233 480 2305 μασίας
535 2237 722 2304 σαυτῷ
777 2238 954 2294 ποιεῖς
1019 2231 1442 2307 σεμνολόγημα.
1505 2234 1601 2287 Καὶ
1655 2234 1702 2288 εἰ
1763 2234 1929 2308 μέχρι

271 2324 475 2378 τούτου
506 2325 570 2378 τὸ
616 2323 876 2398 περὶτῶν
929 2325 1180 2397 Πατέρων
1212 2345 1296 2378 σοι
1353 2325 1665 2399 μηχάνημα
1705 2325 1925 2399 προῄει,

273 2413 408 2466 ὅσον
444 2413 514 2481 ἦν
545 2410 748 2482 ἀτελὴς
788 2415 822 2482 ἡ
872 2414 1195 2488 κακουργία,
1239 2410 1496 2468 τοσοῦτον
1525 2410 1584 2467 ἂν
1636 2414 1926 2486 μετριώτε-

273 2520 370 2571 ρον
405 2501 605 2574 ἀπῄτει
652 2503 753 2570 τήν
805 2498 986 2571 δίκην,
1038 2502 1255 2574 Ἀρκειν
1299 2501 1403 2576 γὰρ
1444 2496 1747 2570 ἀσεϐούσης
1793 2502 1927 2576 γνώ-

275 2611 408 2662 μης,
461 2590 540 2651 εἰς
585 2587 748 2651 τὲλος
797 2587 854 2644 δὲ
899 2591 976 2662 μή
1031 2589 1238 2664 ἐξάγειν
1299 2591 1526 2660 ταύτην,
1576 2589 1921 2663 περικόπτειν

271 2679 391 2734 ἐστὶ
419 2680 521 2748 τὴν
575 2676 927 2753 σφοδρότητα
973 2683 1073 2733 τοῦ
1105 2678 1264 2754 ἄγους
1298 2696 1311 2710 ⁸
1365 2680 1426 2732 τὸ
1466 2676 1523 2733 δὲ
1561 2675 1785 2752 πραΰνει
1832 2679 1922 2733 καὶ

267 2764 668 2839 ἐξευμενίζεται
722 2769 784 2822 τὸ
844 2768 1214 2843 ἀπαραίτητον
1274 2775 1375 2836 τῆς
1443 2765 1619 2837 δίκης.
1685 2769 1918 2841 Πατράσι

267 2857 397 2910 καθ’
455 2857 526 2910 ὧν
585 2853 979 2931 ένασελγαίνεις
1050 2855 1454 2930 μορμολύττειν
1515 2858 1664 2929 ἡμᾶς
1730 2851 1916 2930 ἔγνως.

265 2943 431 3002 Ἀλλ’
461 2946 491 3000 ὅ
537 2966 599 3020 γε
628 2950 735 3001 τῶν
790 2943 1042 3019 Πατέρων
1095 2945 1291 3019 χορὸς,
1350 2944 1442 3006 οὓς
1491 2945 1629 2998 κατά
1673 2951 1772 3013 τῆς
1817 2951 1916 3014 σῆς

262 3037 530 3111 μηχανῆς
589 3031 968 3110 προϐάλλεται
1029 3037 1058 3103 ἦ
1125 3031 1390 3103 εὐσέϐεια,
1447 3034 1675 3107 Πατέρες
1745 3033 1914 3088 Πατέ-

255 3145 368 3200 ρων
417 3128 498 3198 (1)
548 3124 652 3180 εἰσί
691 3145 702 3157 ·
754 3125 844 3179 καί
895 3125 999 3200 γὰρ
1051 3123 1135 3179 ὅτι
1195 3126 1286 3178 καὶ
1339 3123 1512 3178 αὐτῶν
1553 3123 1789 3194 ἐκείνων,
1823 3124 1915 3185 οὓς

253 3215 514 3287 νομίζετε
580 3215 845 3290 Πατέρας,
904 3213 1004 3268 οὐκ
1055 3211 1114 3268 ἂν
1176 3213 1495 3288 ἀρνηθείητε
1529 3230 1541 3242 ·
1613 3214 1659 3268 εἷ
1726 3211 1782 3266 δέ
1855 3235 1915 3288 γε

256 3305 445 3378 ὑμεῖς,
479 3301 608 3359 ἀλλ’
641 3302 741 3358 οὐκ
767 3301 984 3360 ἒκεῖνοι.

330 3393 449 3464 πβ’.
487 3393 813 3462 Ἐννοήσατε
872 3391 966 3447 τὸν
1024 3392 1328 3466 ὁμόθρονον
1395 3392 1610 3452 τούτοις
1667 3391 1757 3446 καὶ
1812 3392 1911 3459 τὴν

265 3481 427 3553 δόξαν
464 3480 789 3549 ἴσοστάσιον,
816 3482 906 3537 τὸν
934 3479 1150 3536 κλεινὸν
1185 3481 1434 3556 Βιγίλιον
1463 3483 1561 3553 (2)’
1586 3484 1656 3554 τῇ
1689 3480 1909 3554 πέμπτῃ

269 3573 368 3646 μὲν
420 3570 514 3626 καὶ
715 3571 879 3632 αὐτὸς
930 3570 1232 3648 ἐφειστήκει
1290 3567 1498 3641 συνόδῳ
1533 3588 1545 3601 ⁸
1610 3569 1914 3642 οἷκουμενι-

261 3666 384 3722 κοῖς
452 3663 538 3732 (3)
597 3660 653 3714 δὲ
710 3661 800 3714 καὶ
857 3661 994 3728 αὖτή
1055 3662 1133 3733 (4)
1188 3659 1276 3714 καὶ
1344 3659 1516 3732 ἁγίοις
1567 3659 1911 3736 ψηφίσμασιν

264 3748 716 3824 έλλαμπρύνεται
764 3751 864 3821 (5).
915 3749 1091 3810 Οὗτος
1143 3745 1233 3803 οὖν
1277 3749 1366 3802 οἷα
1410 3745 1476 3817 δὴ
1527 3747 1698 3801 κανὼν
1748 3749 1918 3821 ἀπαρ-

261 3837 536 3912 ἑγκλητος
577 3840 654 3910 (6)
685 3842 802 3898 τοῖς
853 3837 1038 3910 ὀρθοῖς
1082 3838 1254 3906 αὐτῆς
1300 3837 1734 3910 ἐναρμοζόμενος
1786 3832 1914 3910 δόγ-

262 3950 396 4001 μασι
433 3930 536 4002 (7),
564 3927 633 3982 τά
680 3948 738 3982 τε
779 3926 923 3982 ἄλλα
966 3928 1292 4006 συμφώνους
1340 3926 1531 3998 ἀφίησι
1582 3924 1762 4003 φωνὰς
1812 3926 1912 3998 (8),

259 4019 447 4073 καὶτὸ
495 4018 756 4092 πανάγιον
807 4016 899 4071 καὶ
948 4016 1244 4089 ὁμοούσιον
1297 4013 1511 4089 Πνεῦμα
1538 4019 1656 4078 τοῖς
1701 4034 1758 4068 τε
1807 4014 1913 4087 πρὸ

2047 1905 2280 1944 causam
2306 1896 2540 1962 propter
2557 1909 2732 1962 quam
2758 1893 2888 1950 illos
2911 1894 3150 1967 allegas,
3171 1899 3269 1952 sed
3295 1901 3430 1970 quia
3449 1901 3553 1957 tibi
3577 1921 3694 1960 non

2043 1977 2239 2048 gloriae
2284 1981 2456 2036 vertis
2505 1987 2806 2050 paternum
2858 1985 3117 2055 ipsorum
3171 2004 3384 2044 nomen
3433 1996 3693 2050 contem-

2043 2082 2198 2122 nere.
2234 2068 2300 2122 Et
2339 2084 2476 2126 sane
2506 2072 2553 2125 si
2593 2087 2848 2141 eousque
2897 2078 3065 2128 tuum
3097 2076 3166 2130 de
3206 2077 3476 2134 Patribus
3506 2082 3692 2136 artifi-

2040 2153 2194 2209 cium
2230 2157 2582 2226 procederet,
2610 2163 2827 2229 quanto
2859 2166 3014 2215 esset
3044 2163 3437 2234 imperfectius
3468 2169 3694 2223 malefi-

2038 2244 2220 2312 cium,
2260 2249 2420 2302 tanto
2468 2247 2754 2303 mitiorem
2809 2267 3038 2320 poenam
3087 2253 3360 2323 exigeret.
3405 2255 3686 2314 Inoboare

2036 2331 2188 2386 enim
2222 2331 2471 2404 impium
2496 2334 2822 2402 consilium,
2849 2335 2989 2392 illud
3014 2353 3145 2392 vero
3173 2340 3240 2393 ad
3265 2339 3435 2396 finem
3469 2359 3686 2414 nequa-

2037 2437 2208 2492 quam
2245 2423 2575 2492 perducere,
2599 2423 2750 2478 idem
2771 2429 2860 2479 est
2890 2433 3062 2496 atque
3085 2443 3340 2484 resecare
3371 2431 3682 2488 vehemen-

2035 2510 2173 2564 tiam
2215 2510 2472 2575 sceleris,
2507 2512 2654 2581 quod
2699 2512 2896 2584 utique
2938 2514 3166 2584 mitigat
3205 2517 3457 2588 lenitque
3497 2536 3680 2590 pcenw

2034 2599 2306 2670 rigorem.
2354 2600 2534 2655 Larva
2593 2605 2852 2669 Patrum,
2899 2612 3100 2660 contra
3157 2621 3305 2674 quos
3353 2607 3676 2678 insolescis,

2031 2688 2296 2743 territare
2350 2705 2455 2743 nos
2506 2689 2611 2744 tibi
2663 2691 3034 2761 proposuisti.
3083 2697 3156 2748 At
3194 2693 3431 2750 Patrum
3497 2705 3678 2753 castus

2031 2793 2176 2846 quos
2215 2784 2323 2830 tum
2372 2777 2656 2832 machinae
2703 2779 2905 2849 objicit
2953 2779 3160 2850 pietas,
3196 2781 3392 2838 Patres
3435 2787 3675 2842 Patrum

2028 2873 2163 2918 sunt
2205 2889 2220 2931 ;
2263 2880 2452 2936 neque
2501 2866 2654 2920 enim
2707 2867 2934 2922 inﬁcias
2984 2869 3164 2934 ibitis,
3211 2871 3382 2925 etiam
3435 2870 3673 2929 illorum

2029 2953 2133 3008 bos
2172 2968 2300 3008 esse
2351 2954 2567 3022 Patres,
2601 2972 2748 3026 quos
2798 2973 2897 3011 vos
2929 2973 3028 3026 pro
3075 2959 3346 3014 Patribus
3397 2959 3670 3031 habetis;

1947 3086 1988 3152 Ε
2028 3043 2238 3112 quodsi
2263 3041 2322 3097 id
2345 3059 2444 3098 vos
2476 3045 2720 3114 negetis,
2743 3049 2805 3099 at
2835 3044 2919 3099 illi
2951 3051 3106 3101 certe
3137 3063 3250 3101 non
3283 3049 3596 3118 negabunt.

2094 3393 2181 3447 82.
2215 3393 2588 3448 Considerate
2621 3390 2906 3463 inclytum
2950 3393 3227 3464 Vigilium
3275 3398 3332 3450 et
3373 3394 3582 3452 throno
3613 3400 3672 3452 et

2024 3481 2208 3554 gloria
2239 3481 2331 3537 his
2351 3481 2636 3552 aqualem
2663 3499 2677 3550 ;
2702 3481 2916 3552 quinta:
2947 3481 3043 3536 hic
3066 3498 3300 3554 quoque
3330 3485 3546 3555 synodo
3576 3501 3670 3540 as-

2023 3570 2285 3634 sistebat.
2320 3587 2447 3641 quasI
2470 3570 2845 3626 meumenicis
2876 3587 3037 3641 aeque
3058 3571 3392 3643 sanctisque
3423 3571 3671 3629 decretis

2024 3659 2251 3714 claruit.
2288 3658 2390 3714 Hic
2420 3675 2556 3730 ergo
2597 3659 2764 3729 quasi
2798 3675 3004 3714 norma
3046 3659 3375 3715 rectissima
3407 3660 3672 3733 nihilque

2022 3748 2333 3804 deﬂectens
2363 3747 2534 3802 rectis
2564 3747 2724 3802 illius
2749 3748 3122 3818 dogmatibus
3145 3766 3272 3805 sese
3303 3751 3672 3806 conformans

2022 3841 2145 3892 tum
2181 3837 2237 3890 in
2271 3836 2494 3891 caeteris
2533 3852 2820 3892 consonas
2867 3837 3080 3891 emittit
3109 3854 3294 3904 voces,
3331 3843 3448 3893 tum
3498 3856 3673 3894 sauc-

2023 3926 2318 3981 tissimum
2335 3923 3006 3994 consubstantialemque
3023 3925 3301 3993 Spiritum
3317 3945 3400 3999 :sq
3413 3927 3525 3982 uati
3539 3944 3670 3984 cum

2021 4013 2434 4072 vetustioribus
2471 4030 2574 4068 nec
2634 4029 2748 4068 non
2807 4029 2940 4066 cum
2985 4030 3104 4068 suae
3158 4015 3344 4070 aetatis
3401 4015 3670 4072 Patribus

1442 4142 1684 4198 VARle
1727 4142 2119 4200 LECTIONES
2158 4141 2249 4195 ET
2289 4138 2516 4195 NOTIE.

337 4255 451 4323 (92)
482 4254 598 4310 Sic.
625 4253 946 4323 codaPalat.
976 4269 1110 4323 cum
1143 4252 1241 4323 ed.»
1264 4267 1428 4323 cono.
1463 4251 1693 4319 Cbalc.;
1728 4250 1914 4306 Vatic.

259 4328 301 4383 ἰ.
333 4320 440 4381 206
474 4343 488 4381 :
519 4325 612 4394 Ἐξ
643 4320 986 4396 Ἰουδαϊσμοῦ
1017 4322 1052 4392 ἢ
1086 4322 1135 4392 ἐξ
1165 4321 1563 4394 Ἑλληνισμοῦ,

340 4399 452 4470 (93)
483 4394 1012 4470 Cl’.opusc.contra
1037 4403 1150 4451 vet.
1170 4396 1364 4451 Roma:
1395 4394 1656 4470 asseclas
1682 4395 1912 4470 cap.10.

2027 4249 2164 4317 rint,
2201 4269 2228 4296 )1
2257 4245 2516 4302 scilicet:
2551 4247 2706 4312 Quos
2739 4260 2844 4316 ego
2876 4243 2987 4300 cito
3019 4243 3312 4299 Romanos
3336 4244 3662 4315 pontiﬁces,

2027 4323 2197 4376 etiam
2232 4317 2594 4388 Ambrosius,
2615 4317 2974 4388 Augustinus
3000 4321 3057 4369 et
3085 4317 3295 4381 ceteri,
3317 4318 3664 4387 quosjacta-

2025 4392 2102 4447 tis
2144 4392 2431 4456 doctores,
2465 4387 2626 4444 velut
2656 4387 2853 4444 Patres
2884 4388 3204 4442 habebunt.

337 4443 452 4538 ῐὸῐί
483 4443 770 4536 Χὶἱᾶιῖιῖὲξ
781 4443 1518 4540 ξιῖἷὶῶιίῖίεῖὲῖὧξιῐόἷ
1534 4443 1916 4540 ’ῥῖξιὶίζῖιιξὰ

2036 4443 2172 4540 Ἐξ)
2193 4443 2532 4540 Stolra'lat.
2564 4443 2621 4516 et
2642 4459 2870 4540 potum.
2897 4475 2988 4528 ap.
3015 4459 3280 4540 Maium}
3304 4459 3498 4540 _Vatic.
3531 4463 3664 4532 Βιρ-

259 4533 441 4598 verba
466 4543 569 4597 dat
598 4533 782 4611 usque
801 4533 890 4611 ad
913 4533 1013 4611 illa
1050 4557 1062 4593 :
1107 4542 1221 4592 Τῶν
1244 4533 1380 4611 ,λδῇ
1429 4533 1684 4610 Πατέρων
1727 4533 1909 4611 ἐγγρά-

259 4632 475 4691 φονται,
509 4611 649 4737 legit
683 4603 1094 4680 ἶἘμϐλέψατε,
1135 4603 1352 4684 τυφλοίξ

334 4686 448 4740 (95)
479 4684 558 4740 C0
589 4726 601 4738 .
639 4699 694 4740 ι).
726 4683 832 4737 306
858 4680 1059 4740 τυφλοὶ
1090 4679 1352 4735 ἀκούσατε

355 4687 427 4738 95
479 4687 601 4740 Col.
639 4699 694 4753 p.
726 4687 832 4737 306
858 4687 1059 4758 τυφλοῖ
1090 4687 1377 4735 ἀκούσατε.

333 4687 448 4838 (96)
479 4752 883 4838 Occidentales
932 4769 1162 4838 summo
1215 4755 1366 4836 fastu
1421 4753 1909 4838 aspernatumset

260 4821 392 4883 odio
414 4821 793 4900 prosecutum
817 4841 944 4900 esse
964 4825 1236 4900 Photium
1259 4825 1473 4900 jamex
1493 4821 1908 4900 epistqlisgjus

260 4894 449 4955 edocti
481 4897 681 4968 plures
731 4896 964 4963 eruditi,
993 4897 1145 4968 inter
1191 4912 1338 4968 quos
1366 4894 1634 4968 Nean-ier
1659 4895 1716 4947 in
1765 4894 1904 4946 Hist.

259 4972 384 5026 ccci.
411 4965 817 5026 observarunt.
835 4968 928 5038 _Cf.
953 4967 1119 5038 Phot.
1144 4965 1314 5038 epist.
1335 4966 1424 5035 84,
1441 4968 1510 5020 ad
1543 4965 1722 5020 Marc.
1745 4980 1904 5018 mon.

329 5043 440 5112 (97)
473 5041 642 5097 Allat.
678 5040 715 5095 I.
749 5035 1138 5112 ᾳένωτίσατε.

330 5110 446 5188 (98)
479 5114 712 5188 Co_d._et
741 5111 914 5188 Allatﬂ.
948 5110 1020 5164 οἱ.

2025 4527 2246 4606 γιλλιον
2280 4551 2308 4604 ρ
2340 4537 2398 4587 et
2428 4532 2610 4606 altero
2642 4527 2674 4584 λ
2717 4527 3128 4603 suprapbsitis.
3171 4529 3341 4586 Allat.
3375 4531 3498 4586 loco
3532 4527 3663 4586 mox

2021 4601 2248 4662 uitanda
2281 4601 2294 4658 Ξ
2329 4601 2635 4676 Βιγίλλιον.

2091 4678 2164 4748 (3)
2195 4676 2378 4748 Palat.
2409 4671 3176 4748 ὲι-Οοὶυω.-οξκουμενικαῖςε

2087 4741 2165 4818 (4)
2193 4746 2574 4832 A-pu'd‘All’Iat.
2608 4751 2664 4801 et
2711 4743 2828 4800 Col.
2864 4741 2925 4816 p.
2969 4744 3071 4797 307
3118 4741 3274 4812 αὕτη.
3331 4743 3506 4798 Palat.
3552 4745 3660 4800 Co-

2017 4817 2162 4874 lum.
2195 4825 2252 4873 et
2280 4817 2412 4872 Vat.
2445 4817 2602 4885 αὕτη.

2088 4891 2166 4962 (5)
2193 4889 2426 4962 Colugn.‘
2449 4885 2909 4962 ἐκλαμπρρνεται.

2086 4955 2163 5032 (β)
2192 4962 2283 5016 Sic
2335 4958 2510 5014 Palat.
2546 4955 2603 5014 et
2644 4955 2893 5024 Colum,
2954 4955 3138 5010 Vatic.
3178 4963 3231 5012 et
3277 4955 3443 5013 Allat.
3491 4956 3658 5032 ἀπαρ-

2015 5029 2508 5176 ἐγῗὲςτὲῗλόυεσιιε
2541 5108 2728 5156 textus
2758 5100 2939 5176 hujus
2966 5096 3400 5176 capzallegatur
3422 5117 3455 5154 a
3478 5100 3650 5176 Maio,

2013 5169 2114 5247 qui
2145 5169 2297 5230 hanc
2326 5169 2647 5228 versionem
2681 5170 2935 5247 subjecit
2967 5185 2981 5224 :
3015 5191 3042 5218 «
3075 5169 3447 5247 considerate
3478 5171 3652 5227 etiam

2011 5241 2177 5322 sedis
2206 5261 2621 5322 successorem,
2654 5259 2769 5297 non
2813 5241 3034 5322 minore
3083 5241 3265 5322 gloria
3310 5243 3650 5322 fulgentem,

2010 5318 2312 5389 Vigilium,
2355 5317 2452 5388 qui
2486 5323 2539 5371 et
2578 5315 2702 5386 ipse
2736 5313 2960 5389 synodo
3010 5313 3224 5389 quintae
3265 5313 3495 5389 praefuit
3525 5330 3649 5389 qua

2010 5384 2388 5445 oec'umenicis—
2412 5403 2576 5458 aeque
2605 5384 2964 5456 sanctisque
2994 5385 3239 5458 decretis
3277 5384 3512 5458 claruit.
3545 5384 3650 5458 Hic

2009 5477 2109 5516 ceu
2143 5462 2339 5524 regula
2362 5455 2737 5530 inculpabilis
2763 5455 2934 5512 rectis
2960 5457 3087 5526 ejus
3110 5455 3318 5527 synodi
3340 5457 3649 5514 sententiis

2007 5549 2358 5587 0005001108.
2390 5553 2416 5579 ))

2079 5604 2148 5674 (8)
2182 5603 2440 5669 Photius,
2499 5603 2664 5674 epist.
2717 5602 2843 5654 lad
2893 5599 3067 5674 Mich.
3122 5601 3303 5674 p.15,
3356 5599 3521 5674 p7._ii_
3571 5597 3643 5652 de

2006 5667 2216 5745 Vigiiio»
2260 5667 2448 5745 dicit}
2505 5667 2800 5745 Ἐπεκὺρου
2847 5670 2945 5736 τὴν
2991 5667 3177 5734 κοινήν
3232 5667 3642 5740 τῶν⁷Πατέρων

2001 5741 2181 5802 πίστιν
2206 5741 2476 5818 λιοέλλῳ.

474 5185 593 5240 Col.
630 5181 1058 5255 έναρεστοῦντες.

327 5251 638 5328 (1)Ῥειῐι·ρε
687 5251 923 5328 Patrum
969 5257 1136 5308 vocat
1171 5252 1424 5328 ‘Photius
1478 5267 1577 5328 eos
1635 5251 1901 5304 doctores

264 5323 522 5394 Lati—nos,
555 5343 704 5399 quos
733 5327 858 5399 ipse
875 5330 1088 5399 contra
1117 5323 1507 5399 adversarium
1551 5327 1725 5399 testes
1764 5336 1897 5399 pro-

261 5400 382 5474 ξω,
417 5391 712 5474 Romanos
749 5391 1022 5452 nimirum
1058 5396 1363 5474 pontifices
1394 5399 1518 5474 tum
1551 5393 1693 5446 alias
1720 5391 1898 5474 nobi:

261 5464 504 5528 lissimis
536 5470 727 5526 titulis
759 5485 792 5524 a
823 5485 884 5524 se
929 5464 1231 5523 exornatas
1262 5471 1387 5520 tum
1440 5464 1534 5518 hic
1583 5464 1898 5533 magisterii

257 5544 470 5600 summi
535 5541 909 5616 prterogrtiva
965 5541 1296 5610 insignitos.
1359 5535 1623 5616 Notan'ia
1671 5535 1893 5616 :crhzt:

261 5635 280 5688 ᾳ
311 5618 474 5681 Quod
511 5607 642 5670 vero
664 5607 836 5688 etiam
860 5607 1254 5688 eorutn,:qu_os
1280 5625 1378 5662 vos
1412 5607 1640 5688 habetis
1671 5607 1896 5688 Patres,

257 5685 288 5741 ii
322 5691 521 5745 Patres
571 5685 872 5749 exsistant,
923 5699 1037 5738 non
1090 5684 1254 5738 facile
1304 5682 1696 5747 negaveritis;
1745 5682 1800 5731 et
1846 5682 1892 5730 si

257 5773 347 5818 vos
379 5760 623 5834 quidem
655 5754 904 5828 negatis,
948 5753 1103 5810 haud
1137 5761 1333 5810 tamen
1365 5751 1448 5807 illi
1481 5749 1594 5823 ipsi
1648 5762 1894 5821 negave-
