4058 6216
407 344 525 406 363

1617 343 1884 404 PHOTII
1929 343 2461 405 PATRIARCHIE
2503 343 2619 404 CP.

3679 343 3799 402 364

407 483 594 552 prima
611 486 668 538 et
697 483 954 538 secunda
983 481 1243 552 synodus
1267 478 1570 536 stabiliens
1599 478 1844 534 tradidit
1873 496 1892 532 :
1913 478 2031 546 Suf-

2156 473 2360 530 ἔκθεσιν
2405 481 2503 544 τῆς
2547 473 2799 545 πίστεως,
2831 473 2898 544 ἢν
2947 474 2982 544 ἡ
3033 474 3226 549 πρώτη
3268 473 3358 528 καὶ
3409 470 3632 548 δευτέρα
3680 472 3798 527 σόνο

404 572 583 642 ﬁceret
622 576 792 643 igitur
810 572 880 627 ad
908 573 1128 643 plenam
1159 573 1378 641 pietatis
1407 570 1775 638 cognitionem
1823 572 1874 623 et
1913 583 2047 622 con-

401 664 776 732 ﬁrmationem
813 663 1032 732 sapiens
1063 669 1112 716 et
1165 660 1406 714 salutare
1435 660 1533 714 hoc
1583 658 1789 714 divinw
1846 660 2047 730 gratiae

399 753 723 824 symbolum.
759 752 1078 806 Perfectam
1113 749 1254 804 dicit
1286 765 1387 804 seu
1421 747 1675 820 plenam,
1706 765 1817 802 non
1853 753 2050 802 autem

400 841 783 907 deﬁcientem,
818 839 909 895 cui
948 838 1170 909 aliquid
1227 838 1440 893 addere
1474 846 1572 892 aut
1622 839 1851 892 demere
1904 852 2050 908 opus

397 929 589 985 sit.Et
637 929 925 998 quomodo
966 928 1277 998 perfectam
1309 926 1336 979 ?
1394 927 1489 992 Iis,
1520 943 1648 997 quae
1699 931 2046 996 sequuntur,

394 1017 653 1074 animum
709 1018 961 1072 adverte.
999 1019 1078 1072 De
1124 1017 1287 1071 Patre
1342 1015 1512 1076 enim.
1545 1015 1755 1086 inquit,
1811 1022 1860 1070 et
1906 1015 2046 1070 Filio

393 1115 444 1161 et
474 1106 686 1176 Spiritu
714 1113 902 1160 sancto
930 1108 1228 1176 perfectum
1268 1105 1472 1161 edocet.
1507 1104 1575 1159 Et
1607 1105 1893 1176 quomodo
1943 1104 2049 1159 do—

395 1198 484 1249 cet
515 1193 836 1264 perfectum
869 1193 896 1246 ‘2
928 1192 1212 1249 Videlicet
1245 1193 1449 1248 Filium
1485 1210 1550 1247 ex
1580 1193 1748 1248 Patre
1779 1192 2042 1265 generari

391 1282 626 1352 clamat,
659 1282 941 1353 Spiritum
974 1298 1108 1337 vero
1144 1298 1212 1336 ex
1253 1286 1421 1336 Patre
1454 1283 1780 1352 procedere.
1817 1282 1884 1336 Et
1914 1285 2046 1353 post

389 1390 578 1446 pauca
610 1387 624 1426 :
659 1374 892 1443 Propter
906 1387 992 1427 eos
1021 1374 1120 1441 qui
1146 1377 1343 1427 contra
1373 1371 1643 1442 Spiritum
1669 1378 1922 1427 sanctum
1947 1388 2045 1443 pu-

386 1464 648 1534 gnabant,
683 1460 1017 1516 sententiam
1047 1461 1232 1516 olima
1252 1469 1465 1515 centum
1497 1461 1904 1532 quinquaginta
1935 1462 2042 1516 Pa-

387 1554 584 1619 tribus,
615 1554 713 1621 qui
758 1553 816 1604 in
866 1549 1024 1619 regia
1077 1551 1210 1606 urbe
1253 1559 1644 1616 conveneram,
1688 1551 1754 1606 de
1801 1550 2044 1617 Spiritus

385 1643 571 1695 sancti
590 1641 835 1694 essentia
865 1641 1139 1694 traditam
1169 1640 1474 1710 conﬁrmat.
1511 1639 1572 1694 Et
1616 1641 1909 1709 quomodo
1945 1638 2042 1694 isti

385 1728 636 1797 Spiritus
668 1727 854 1782 sancti
893 1727 1206 1783 essentiam
1243 1729 1720 1784 constituerunt?
1749 1727 2037 1782 Nimirum

385 1816 484 1871 ubi
543 1815 813 1884 dixerint,
848 1815 1128 1886 Spiritum
1172 1833 1205 1870 a
1236 1818 1403 1871 Patre
1434 1817 1764 1887 procedere.
1821 1817 2035 1880 Quam-

383 1906 580 1961 obrem
613 1906 710 1976 qui
733 1906 892 1962 aliud
923 1906 1220 1978 quidpiam
1256 1911 1463 1977 praeter
1494 1905 1601 1962 hoc
1645 1906 1830 1972 docet,
1865 1907 2033 1960 abro-

382 2002 482 2066 gat
512 2000 569 2051 ct
599 1995 909 2051 confundit
938 2001 995 2052 et
1029 1997 1321 2068 pervertit,
1354 2000 1640 2067 quantum
1692 1997 1930 2067 quidem
1963 1997 2035 2052 ad

382 2102 550 2141 suam
585 2085 888 2141 audaciam
931 2086 1158 2153 attinet,
1192 2086 1506 2158 ipsammet
1553 2086 1802 2155 Spiritus
1833 2101 2037 2141 essen-

379 2176 545 2230 tiam.
585 2175 800 2230 Deinde
855 2175 1116 2246 expende
1146 2175 1322 2230 vorba
1350 2173 1498 2229 illa:
1553 2175 1782 2245 Propter
1827 2190 1915 2230 eos
1939 2173 2040 2245 qui

383 2272 576 2320 contra
613 2262 882 2334 Spiritum
928 2271 1177 2318 sanctum
1208 2263 1546 2333 pugnabant.
1581 2263 1652 2318 Et
1681 2262 1922 2333 quinam
1977 2262 2036 2316 hi

389 2353 602 2410 erant?
630 2351 780 2407 Olim
805 2353 1037 2422 quidem
1072 2351 1173 2423 qui
1201 2352 1607 2407 Macedonium
1641 2351 1766 2408 loco
1804 2355 2036 2407 sancta-

393 2457 520 2496 rum
551 2439 982 2510 Scripturarum
1013 2439 1121 2493 sibi
1154 2439 1299 2508 ipsis
1334 2439 1679 2510 magistrum
1721 2438 2035 2494 constitue-

393 2537 567 2599 runt;
607 2547 762 2586 nunc
793 2546 945 2598 vero,
980 2530 1078 2600 qui
1111 2529 1234 2585 loco
1278 2529 1489 2584 Christi
1539 2545 1835 2599 sacrasque
1877 2528 2036 2584 illius

395 2618 868 2685 institutionis,at
900 2635 1015 2673 non
1037 2617 1222 2672 habeo
1247 2633 1412 2689 quem
1437 2617 1734 2672 nominem
1755 2634 1768 2684 ;
1786 2616 1926 2671 adeo
1950 2619 2039 2672 est

395 2711 580 2779 capite
597 2708 868 2762 destituta
899 2707 1162 2778 ipsorum
1193 2705 1459 2777 impietas
1481 2705 1878 2778 qui,inquam,
1913 2705 2036 2760 loco

391 2797 603 2853 Christi
628 2797 696 2852 ad
723 2796 1100 2867 perditionem
1129 2795 1490 2866 confugiunt.
1527 2799 1714 2866 Atque
1763 2795 1879 2850 haec
1908 2792 2038 2865 qui-

390 2887 522 2944 dem
553 2893 750 2941 sancta
781 2884 1038 2957 synodus
1071 2883 1423 2954 multilingui
1465 2887 1522 2938 et
1577 2901 1610 2938 a
1653 2883 1868 2954 Spiritu
1910 2890 2036 2937 acta

388 2991 526 3032 voce
557 2974 942 3046 proloquitur,
969 2973 1198 3044 Leoque
1237 2972 1708 3043 sapientissimus
1758 2989 1872 3028 una
1903 2988 2035 3028 cum

2159 562 2284 630 οδος
2333 565 2670 640 καρτύνουσα
2719 559 3100 639 παραδέδωκεν
3133 582 3145 595 ·
3197 564 3390 636 Ἤρκει
3445 563 3541 634 μὲν
3581 561 3675 616 οῦν
3728 562 3802 624 εἷς

2157 653 2342 723 ἐντελῆ
2410 660 2511 723 τῆς
2607 649 2878 708 εὐσεϐείας
2964 651 3253 728 ἐπίγνωσιν
3331 654 3421 706 καί
3511 647 3798 726 βεϐαίωσιν

2155 745 2215 798 τὸ
2266 744 2430 821 σοφὸν
2489 743 2580 798 καὶ
2630 745 2900 816 σωτήριον
2953 745 3118 797 τοῦτο
3175 749 3274 811 τῆς
3336 740 3485 803 θείας
3528 744 3639 814 [83]
3699 741 3802 817 χά-

2159 853 2302 906 ριτος
2356 827 2659 905 σύμϐολον.
2721 830 2944 900 Ἐντελῆ
3003 852 3190 910 φησιν,
3262 827 3362 886 οῦκ
3417 829 3626 896 ἐλλιπῆ
3665 832 3803 904 (82),

2156 919 2282 976 οὐδὲ
2320 923 2636 995 προσθήκης
2697 919 2958 994 δεομένην
3019 921 3054 989 ἢ
3110 919 3462 996 ἀφαιρέσεως.
3527 919 3627 974 Καὶ
3684 924 3806 982 πῶς

2154 1010 2340 1080 ἐντελῆ
2404 1013 2554 1082 (83);
2616 1016 2744 1072 Τοῖς
2814 1009 3177 1084 ἐπαγομένοις
3234 1008 3498 1084 πρόσεχε.
3556 1009 3686 1084 Περί
3746 1029 3806 1064 τε

2151 1100 2277 1175 γὰρ,
2345 1101 2526 1176 φησὶν,
2592 1104 2693 1154 τοῦ
2753 1099 2965 1172 Πατρὸς
3037 1097 3127 1153 καὶ
3184 1102 3279 1153 τοῦ
3345 1098 3472 1152 ι’ἱοῦ
3543 1098 3631 1152 καὶ
3704 1101 3809 1152 τοῦ

2154 1189 2310 1264 ἁγίου
2361 1190 2676 1262 Πνεῦματος
2723 1185 3029 1244 ἐκδιδάσκει
3085 1192 3148 1243 τὸ
3205 1188 3434 1243 τέλειον.
3495 1187 3622 1242 Εἶτα
3677 1190 3804 1250 πῶς

2152 1275 2456 1333 ἐκδιδάσκει
2486 1279 2548 1332 τὸ
2598 1277 2850 1348 τέλειον;
2903 1280 3006 1335 Τὸν
3045 1278 3140 1350 μὲν
3173 1278 3297 1332 Υίόν
3345 1276 3404 1331 ἐκ
3443 1280 3539 1331 τοῦ
3588 1278 3805 1352 Ιῐατρὸς

2150 1362 2357 1439 ἀναϐοᾷ
2421 1369 2772 1444 γεννηθῆναι,
2831 1367 2894 1422 τὸ
2951 1365 3007 1422 δὲ
3061 1370 3280 1439 Πνεῦμα
3329 1365 3388 1422 ἐκ
3443 1369 3540 1421 τοῦ
3589 1367 3806 1440 [ἰατρὸς

2149 1455 2553 1530 ἐκπορεύεσθαι.
2617 1456 2713 1510 Καὶ
2759 1457 2874 1530 μεθ’
2937 1455 3147 1531 ὀλίγα·
3210 1456 3310 1510 Καὶ
3370 1452 3459 1510 διὰ
3513 1457 3609 1528 μὲν
3671 1454 3807 1517 τοὺς

2147 1549 2224 1615 τῷ
2286 1546 2556 1617 Πνεῦματι
2621 1549 2700 1617 τῷ
2774 1544 2909 1618 ἁγίῳ
2989 1545 3338 1619 μαχομένους
3406 1547 3504 1615 τήν
3575 1545 3808 1621 χρόνοις

2149 1630 2368 1708 ὕστερον
2445 1634 2590 1708 παρὰ
2664 1638 2771 1689 τῶν
2854 1632 2943 1688 ἐπὶ
3023 1641 3124 1705 τῆς
3211 1633 3623 1708 βασιλευούσης
3700 1634 3811 1690 πό-

2150 1721 2289 1784 λεως
2379 1723 2566 1778 ἑκατὸν
2651 1725 2993 1792 πεντήκοντα
3072 1723 3440 1778 συνελθόντων
3540 1725 3806 1798 Πατέρων

2146 1812 2268 1885 περὶ
2354 1819 2456 1881 τῆς
2530 1816 2627 1866 τοῦ
2721 1811 3034 1885 Πνεῦματος
3119 1811 3302 1873 οὐσίας
3390 1811 3807 1886 παραδοθεῖσαν

2146 1898 2500 1956 διδασκαλίαν
2570 1905 2751 1974 κυροῖ.
2811 1901 2910 1954 Καὶ
2967 1906 3085 1962 πῶς
3149 1899 3427 1976 ἐκύρωσαν
3485 1901 3639 1957 οὗτοι
3699 1903 3807 1970 τήν

2144 1994 2241 2045 τοῦ
2283 1989 2594 2063 Πνεῦματος
2621 1990 2837 2061 οὐσίαν;
2875 1996 2942 2044 Ἠ
2985 1987 3156 2060 δῆλον
3190 1991 3433 2052 εἰπόντες
3463 1991 3527 2045 τὸ
3576 1995 3813 2064 Πνεῦμα

2147 2078 2208 2134 ἐκ
2237 2085 2334 2134 τοῦ
2387 2081 2597 2154 Πατρὸς
2649 2078 3055 2154 ἐκπορεύεσθαι.
3100 2084 3263 2136 Ὥστε
3295 2081 3322 2135 ὁ
3373 2078 3515 2135 ἄλλο
3565 2101 3617 2135 τι
3651 2082 3809 2154 παρὰ

2146 2173 2309 2225 τοῦτο
2355 2166 2624 2224 διδάσκων
2670 2169 2732 2225 τὸ
2783 2173 2944 2244 κῦρος
2988 2170 3271 2244 ἀνατρέπει
3317 2170 3408 2224 καὶ
3457 2175 3660 2247 συγχεῖ
3703 2172 3809 2225 καὶ

2148 2257 2324 2334 φόρει,
2357 2259 2418 2312 τό
2469 2278 2532 2334 γε
2575 2260 2708 2326 ἧκον
2756 2258 2831 2320 εἰς
2881 2257 3097 2331 τόλμαν
3123 2260 3220 2327 τὴν
3272 2259 3465 2330 αὐτοῦ,
3499 2258 3666 2328 αὐτὴν
3697 2263 3809 2314 τοῦ

2149 2346 2466 2420 Πνεῦματος
2498 2348 2599 2416 τήν
2649 2345 2858 2402 οὐσίαν.
2903 2348 3052 2417 Εἶτα,
3103 2345 3192 2402 διὰ
3230 2349 3356 2407 τοὺς
3407 2352 3485 2419 τῷ
3517 2347 3806 2420 Πνεόματι

2145 2441 2222 2506 τῷ
2277 2436 2416 2512 ἁγίῳ
2493 2434 2866 2510 μαχομένους.
2934 2437 3030 2492 Καὶ
3106 2437 3249 2499 τίνες
3306 2435 3580 2512 ἐμάχοντο
3639 2439 3804 2509 (84);

2148 2525 2323 2580 Πάλαι
2363 2526 2458 2598 μὲν
2492 2526 2544 2580 οἱ
2577 2524 2907 2581 Μακεδόνων
2949 2525 3067 2581 ἀντὶ
3100 2531 3208 2582 τῶν
3248 2527 3534 2602 ἀχράντων
3569 2528 3802 2603 Λογίων

2148 2615 2470 2672 διδάσκαλον
2506 2619 2620 2689 (85)
2669 2617 2846 2694 σφίσιν
2901 2616 3080 2679 αὐτοῖς
3121 2621 3233 2690 (86)
3283 2618 3594 2678 ἆνειπόντες
3626 2620 3738 2690 (87)
3781 2635 3797 2649 ⁸

2143 2711 2233 2761 νῦν
2265 2703 2322 2761 δέ
2352 2709 2464 2780 [84]
2496 2707 2548 2761 οἱ
2606 2706 2723 2760 ἀντῖ
2752 2710 2849 2761 τοῦ
2899 2710 3136 2780 Χριστοῦ
3185 2709 3406 2776 καὶτῆς
3453 2705 3619 2762 αὐτοῦ
3672 2707 3800 2781 (83)

2150 2796 2528 2871 μυσταγωγίας
2561 2816 2574 2830 ’
2635 2794 2759 2850 ἀλλ’
2792 2795 2890 2850 οὐκ
2947 2793 3062 2871 ἔχω
3109 2795 3226 2852 τίνα
3279 2796 3494 2851 καλέσω
3535 2815 3548 2828 ³
3611 2795 3800 2860 οὕτως

2145 2885 2290 2942 ἐστὶν
2345 2885 2520 2940 αὐτῶν
2583 2884 2858 2961 ἀκέφαλον
2913 2887 2976 2940 τὸ
3047 2881 3365 2958 δυσσέϐημα
3399 2930 3411 2942 .
3471 2884 3618 2954 πλην
3671 2887 3803 2943 ἀντὶ

2142 2979 2240 3031 τοῦ
2298 2981 2560 3050 Σωτῆρος
2629 2975 2679 3028 o'l
2751 2978 2820 3046 τῇ
2896 2974 3146 3046 ἀπωλείᾳ
3209 2973 3801 3050 προσδεδραμηκότες.

387 3064 505 3120 illis
546 3064 816 3134 praedicat
862 3061 1217 3134 calculisque
1258 3062 1532 3126 omnibus
1588 3063 1912 3118 conﬁrmat.
1946 3063 2030 3118 Tu

2150 3062 2324 3120 Ἀλλὰ
2377 3067 2544 3119 ταῦτα
2599 3063 2694 3136 μὶν
2751 3064 2785 3132 ἦ
2852 3085 2911 3118 τε
2969 3061 3193 3126 σῦνοδος
3254 3063 3640 3138 πολυγλώσσῳ
3699 3066 3807 3121 καὶ

390 3169 522 3210 vero
538 3157 788 3208 mentem
805 3151 876 3208 iis
890 3169 1017 3224 quae
1031 3157 1357 3222 sequuntur
1373 3151 1582 3208 adhibe
1606 3177 1621 3219 ;
1640 3168 1840 3208 versus
1856 3152 2030 3207 finem

2150 3155 2630 3226 πνευματοκινήτῳ
2687 3151 2967 3231 φθέγγεται
3017 3157 3194 3227 φωνῇ,
3227 3154 3314 3208 καὶ
3367 3155 3515 3210 Λέων
3573 3154 3602 3208 ὁ
3652 3155 3810 3210 πάν-

393 3258 648 3313 namque
677 3241 856 3297 totius
884 3243 1168 3296 sermonis
1219 3241 1518 3312 pericopes
1567 3242 1680 3296 ista
1709 3241 1849 3296 dicit
1880 3257 1894 3297 :
1941 3242 2036 3295 His

392 3331 580 3403 igitur
607 3346 734 3385 cum
763 3329 918 3385 omni
947 3338 1110 3399 atque
1140 3329 1382 3401 undique
1421 3339 1612 3385 exacta
1642 3346 1782 3386 cura
1811 3340 1861 3384 et
1909 3329 2039 3384 dili-

390 3422 581 3488 gentia
603 3435 635 3472 a
657 3419 811 3474 nobis
832 3418 1110 3488 dispositis
1138 3418 1385 3488 deﬁnivit
1416 3423 1606 3474 sancta
1628 3428 1678 3474 et
1707 3421 2039 3473 cacumenica

386 3507 837 3579 synodus(cujus
867 3505 1135 3561 videlicet
1167 3522 1376 3574 praeses
1399 3511 1521 3562 erat
1547 3507 1921 3578 Leo,regium
1959 3521 2040 3560 re-

387 3611 518 3652 vera
548 3601 604 3651 et
634 3595 895 3650 animum
924 3603 975 3650 et
1008 3611 1334 3649 sermonem
1367 3596 1615 3664 nactus).
1651 3595 1795 3660 Quid
1829 3595 2037 3651 deﬁni-

383 3685 462 3742 vit
481 3685 509 3738 ?
538 3685 777 3739 Alteram
806 3683 968 3752 ﬁdem
999 3683 1145 3738 nulli
1183 3683 1350 3740 licere
1389 3685 1644 3754 proferre
1690 3685 1773 3739 vet
1802 3688 2036 3742 conscri-

381 3773 503 3829 bere
529 3781 626 3829 aut
653 3789 969 3838 componere
999 3777 1096 3827 aut
1125 3774 1331 3828 sentire
1359 3776 1458 3827 aut
1503 3771 1645 3828 alios
1689 3773 1878 3830 docere
1897 3791 1919 3836 ;
1949 3791 2035 3831 eos

381 3867 566 3919 autem
588 3862 685 3934 qui
711 3861 914 3918 audent
941 3876 1258 3933 componere
1287 3861 1449 3932 ﬁdem
1497 3863 1733 3918 alterum
1774 3872 1870 3919 aut
1910 3880 2034 3935 pro-

373 3953 518 4021 ferre
545 3955 644 4006 aut
673 3951 861 4007 docere
890 3958 984 4006 aut
1013 3950 1236 4006 tradere
1263 3951 1501 4006 alterum
1523 3951 1832 4022 symbolum
1855 3953 2034 4009 volen-

371 4041 518 4098 tibus
547 4041 616 4097 ad
645 4039 987 4114 agnitionem
1026 4040 1275 4096 veritatis
1325 4043 1576 4096 converti
1615 4040 1732 4097 sive
1761 4058 1832 4098 ex
1855 4059 2029 4114 paga-

293 4165 297 4172 ο
372 4134 548 4188 nismo
593 4133 705 4188 sive
736 4148 804 4187 ea:
848 4133 1132 4188 Judaismo
1183 4129 1298 4185 sive
1327 4146 1397 4186 ex
1444 4131 1647 4185 hzeresi
1686 4146 2028 4203 quacunque,

373 4221 488 4293 hos,
517 4222 568 4279 si
602 4223 842 4293 episcopi
871 4222 1084 4291 fuerint
1113 4229 1208 4276 aut
1253 4221 1462 4287 clerici,
1505 4220 1721 4277 alienos
1768 4237 1883 4278 esse
1911 4225 2026 4294 epi-

2149 3263 2313 3318 σοφος
2371 3236 2668 3311 συναναϐοᾷ
2720 3240 2808 3295 καὶ
2879 3243 3084 3320 ψήφοις
3141 3243 3373 3306 ἁπάσαις
3429 3241 3812 3320 ἐπασφαλίζε-

2143 3353 2251 3386 ται.
2289 3329 2362 3384 Σὺ
2404 3328 2459 3385 δὲ
2489 3332 2580 3386 τὸν
2613 3334 2733 3385 νοῦν
2765 3331 3056 3400 ἐπίστησον
3087 3337 3202 3394 τοῖς
3238 3330 3427 3410 ἐφεξῆς
3457 3352 3469 3364 ·
3519 3333 3658 3406 πρὸς
3691 3334 3810 3408 γὰρ

2144 3424 2222 3491 τῷ
2251 3420 2395 3474 τέλει
2424 3423 2522 3488 τῆς
2547 3419 2685 3489 ὅλης
2710 3421 2806 3473 τοῦ
2838 3417 3006 3493 λόγου
3039 3427 3342 3494 περικοπῆς
3365 3417 3471 3474 ὧδέ
3495 3441 3629 3498 φησι
3654 3423 3808 3495 (89)’

2143 3509 2356 3562 Τούτων
2413 3509 2595 3562 τοίνυν
2660 3509 2792 3580 μετὰ
2861 3510 3042 3579 πάσης
3098 3510 3441 3584 πανταχόθεν
3510 3505 3807 3583 ἀκριϐείας

2143 3621 2199 3654 τε
2239 3602 2326 3655 καὶ
2390 3599 2686 3674 ἐμμελείας
2736 3602 2862 3675 παρ’
2918 3603 3079 3673 ἡμῶν
3140 3598 3591 3656 διατυπωθέντων
3654 3596 3810 3676 ὥρι-

2143 3692 2290 3758 σενὴ
2337 3689 2461 3764 ἁγία
2517 3690 2606 3744 καὶ
2665 3689 3020 3762 οἷκουμενική
3091 3689 3317 3752 σύνοδος
3377 3692 3463 3763 (ἧς
3524 3687 3806 3760 δηλονότι

2139 3784 2436 3856 κορυφαῖος
2497 3779 2646 3834 Λέων
2701 3780 2728 3832 ὁ
2781 3778 3068 3852 βασιλικὸν
3117 3779 3209 3833 καὶ
3256 3780 3348 3834 τὸν
3403 3783 3527 3832 νοῦν
3578 3778 3672 3832 καὶ
3723 3782 3800 3835 τὰ

2141 3867 2360 3944 ῥήματα
2437 3869 2813 3941 κεκτημένος).
2878 3867 2940 3924 Τί
3030 3863 3260 3942 ὥρισεν;
3320 3868 3539 3941 Ἑτέραν
3603 3867 3798 3923 πίστιν

2143 3954 2336 4030 μηδενὶ
2395 3955 2584 4026 ἐξεῖναι
2645 3958 2757 4029 (90)
2845 3956 3133 4034 προφέρειν
3213 3954 3382 4030 ἤγουν
3463 3957 3799 4036 συγγράφειν

2137 4045 2171 4114 ἢ
2234 4045 2531 4099 συντιθέναι
2590 4044 2623 4113 ἢ
2699 4049 2912 4122 φρονεῖν
2992 4042 3260 4098 διδάσκειν
3339 4041 3560 4118 ἐτέρους
3621 4047 3745 4118 (91)
3783 4064 3800 4078 ⁸

2135 4132 2263 4195 τοὺς
2323 4130 2381 4188 δέ
2463 4131 2787 4206 τολμῶντας
2865 4133 2900 4202 ἢ
2992 4131 3287 4188 συντιθέναι
3344 4133 3527 4187 πίστιν
3599 4131 3802 4208 ἑτέραν

2137 4223 2310 4298 ἤγουν
2387 4221 2748 4298 προκομίζειν
2841 4224 2876 4292 ἢ
2957 4219 3226 4278 διδάσκειν
3316 4221 3353 4291 ἢ
3424 4218 3804 4291 παραδιδόναι

1610 4381 1844 4438 VARl/E
1874 4384 2262 4442 LECTIONES
2303 4387 2394 4442 ET
2435 4385 2670 4444 NOT/E.

371 4534 630 4610 sessione
657 4532 692 4584 5
721 4528 1026 4610 sequentia
1047 4529 1319 4610 pleraque
1340 4531 1514 4610 verba
1531 4530 1841 4610 desumpta
1861 4539 2019 4610 sunt:
2054 4538 2099 4602 D
2131 4535 2312 4610 habeo
2344 4535 2838 4610 quembnominem
2867 4537 2970 4604 (ita
3003 4541 3091 4593 est
3116 4553 3316 4610 eorum
3341 4537 3566 4610 absque
3596 4539 3805 4610 capite

372 4606 548 4663 Bard.
591 4604 748 4659 Cone.
781 4606 824 4657 t.
884 4601 956 4670 Il,
988 4618 1044 4673 p.
1078 4601 1176 4656 451
1225 4617 1347 4674 seq.
1375 4601 1584 4668 Mansi,
1615 4607 1658 4658 t.
1697 4601 1792 4674 vix,
1826 4621 1881 4677 p.
1921 4606 2020 4660 107

373 4693 496 4732 εοα.

441 4693 555 4817 (182)
585 4748 698 4802 Sic.
732 4745 849 4802 Col.
885 4745 1063 4817 Palat.
1099 4744 1139 4799 ἶ.
1171 4745 1272 4800 241
1308 4745 1365 4800 b.
1403 4739 1658 4814 ἐλλειπῆ.

443 4815 555 4890 (83)
587 4818 705 4872 Col.
739 4821 856 4878 πῶς
891 4815 1138 4890 ἐντελής.

441 4886 555 4960 (84)
593 4889 740 4965 __Hzcc
799 4888 909 4961 (καὶ
955 4886 1105 4965 ⁵τίνες
1174 4886 1452 4965 ἐμάχοντο
1499 4892 1578 4958 τῷ
1653 4888 1791 4965 ἁγίῳ
1851 4891 2017 4945 Πνεό-

374 4957 724 5032 μαὲιῇπᾴλαι,
769 4957 821 5032 κς
862 4981 911 5014 τ.
955 4957 1039 5028 λ.)
1070 4966 1126 5015 et
1157 4957 1464 5032 sequentia
1504 4957 1785 5032 usquead
1817 4979 2012 5020 vocem

365 5028 911 5106 προσδεδρᾷαμηκὸτες
971 5033 1132 5106 affert
1181 5028 1290 5088 Leo
1347 5028 1611 5106 Allatius'
1654 5033 1712 5088 in
1765 5031 2006 5090 Exercit.

367 5104 565 5162 centra
626 5104 766 5160 Rob.
819 5104 1164 5173 Creyglhon,
1195 5109 1388 5159 Romae
1439 5105 1601 5168 1665,
1631 5121 1686 5175 p.
1720 5107 1826 5159 232
1873 5107 2008 5162 inde

367 5177 843 5250 prob.ins,ignotu
857 5192 908 5229 in
928 5177 1101 5229 fuisse
1115 5176 1320 5250 Photio
1335 5180 1623 5231 auctorem
1640 5177 2009 5232 additamenti

365 5247 424 5304 in
459 5247 922 5320 symbolo,7quod
955 5248 1361 5320 expugnabat,
1395 5263 1500 5303 nec
1542 5264 1661 5320 pro
1690 5255 1844 5303 certo
1876 5267 2007 5304 cum

364 5317 665 5386 habuisse,
699 5318 839 5372 illud
893 5334 924 5371 a
954 5317 1186 5373 Nicolao
1214 5318 1234 5372 Ι
1266 5319 1444 5372 fuisse
1493 5318 1763 5389 primitus
1824 5320 2006 5376 intro-

367 5393 628 5446 ductum.
655 5411 682 5439 ‹‹
715 5389 785 5444 Et
815 5390 1056 5460 quinam
1100 5393 1256 5454 sunt,
1289 5389 1385 5460 qui
1429 5389 1647 5444 bellum
1678 5391 2010 5447 indixerunt

367 5462 606 5536 Spiritui
639 5459 884 5536 sancto?
931 5461 1271 5536 Antiquitas
1312 5459 1556 5530 quidem
1603 5462 2007 5536 Macedoniani

363 5530 1058 5591 eitraimmaculatorum
1093 5531 1556 5601 disertorumque
1603 5533 1840 5588 Patrum
1891 5535 2004 5592 elo-

364 5610 499 5681 quia
522 5602 1030 5681 sibimetipsisalia
1051 5607 1219 5681 atque
1234 5603 1345 5681 alia
1369 5602 1927 5681 ins_usurrantes._Nu
1939 5624 2006 5662 nc

361 5673 497 5738 iero
527 5683 686 5736 extra
714 5673 925 5734 Christi
957 5674 1258 5748 mysticam
1290 5673 1598 5731 doctrinam
1633 5707 1699 5716 —
1743 5678 1844 5735 sed
1887 5695 2001 5734 non

2131 4607 2446 4679 impietas).
2481 4607 2872 4664 Nihilominus
2911 4624 3024 4664 non
3072 4611 3130 4664 in
3178 4607 3558 4680 Salvatorem,
3590 4607 3695 4666 sed
3727 4613 3802 4668 in

2133 4680 2517 4750 perditionem
2551 4683 2976 4750 procurrentes.
3011 4702 3037 4730 »

2201 4749 2611 4828 _(85)nAllat.il.
2669 4768 2717 4806 ο.
2775 4750 2889 4804 ἀντὶ
2928 4753 3035 4805 τῶν
3098 4749 3384 4824 ἁχράντων
3445 4751 3534 4805 καὶ
3580 4750 3803 4828 λογίων

2130 4815 2490 4875 διδασκάλων.

2199 4894 2314 4963 (86)
2342 4894 2438 4966 Cf.
2477 4893 2666 4948 Photii
2722 4894 3132 4966 grammaticas
3192 4893 3632 4951 observationes
3688 4912 3796 4966 ep.

2125 4965 2354 5090 ἷῖξῗὶόιῗὲ
2411 4965 2661 5020 Leonem
2714 4965 3152 5037 philosophum,
3216 4982 3271 5036 p.
3331 4966 3458 5033 305,
3507 4967 3638 5033 306,
3687 4965 3800 5024 ed.

2174 5053 2376 5090 ΟΠΟΙΠ.

2196 5107 2326 5181 (87)_
2346 5107 2708 5181 Verlcndum
2733 5113 2864 5181 erat
2908 5126 2936 5181 γε
2972 5107 3314 5181 Antiquitus
3370 5108 3637 5181 quidem,
3683 5111 3803 5181 qui

2125 5177 2250 5233 loCo
2281 5178 2642 5247 eloquiorum
2667 5179 2922 5251 (Christi)
2958 5177 3467 5251 immaculalrorum
3505 5177 3753 5237 Macedo
3775 5213 3809 5223 -

2125 5252 2283 5306 nium
2333 5251 2676 5321 magistrum
2724 5250 2962 5306 sibimet
2993 5252 3136 5320 ipsis
3186 5250 3598 5307 acclamarunt.
3631 5253 3804 5311 Illud

2121 5322 2236 5376 alia.
2268 5331 2428 5391 atque
2456 5323 2572 5394 alia
2601 5323 2668 5375 de
2700 5339 2806 5377 suo
2838 5323 3124 5394 SUpplcvit
3153 5322 3417 5378 Allatius.

2213 5394 2300 5464 88)
2335 5393 2452 5448 Col.
2489 5391 2683 5447 αὐτῶν.

2213 5466 2297 5534 89)
2347 5466 2544 5532 Conc.,
2576 5464 2844 5520 Chalced.
2879 5464 2924 5518 l.
2964 5481 3013 5520 ο.
3065 5465 3241 5519 Hard.
3279 5463 3349 5530 Il,
3405 5464 3530 5522 455.
3581 5465 3801 5524 Mansi

2118 5537 2236 5600 νυ,
2276 5537 2393 5590 118.
2421 5535 2642 5608 Hercle,
2668 5537 2814 5608 Hist.
2844 5539 3047 5608 concil.
3084 5543 3121 5592 t.
3155 5535 3224 5604 ΙΙ,
3261 5553 3317 5608 p.
3353 5536 3479 5592 454.

2187 5608 2299 5676 (90)
2336 5607 2511 5662 Palat.
2546 5608 2582 5662 ι.
2617 5607 2723 5661 242
2753 5624 2804 5661 ιι.
2841 5604 2980 5676 ἐξῆν.

2187 5610 2277 5675 (90
2336 5610 2511 5662 Palat.
2546 5610 2582 5662 r.
2617 5610 2723 5661 242
2753 5624 2804 5661 ιι.
2841 5610 2980 5676 ἐξῆν.

2187 5610 2299 5752 (91)
2328 5678 2421 5736 Sic
2452 5679 2570 5737 Col.
2606 5678 2786 5735 Vatic.
2822 5678 2860 5734 f.
2893 5679 3000 5734 285
3031 5679 3087 5736 b.
3122 5674 3338 5751 ἐτέρως.
