4058 6216
382 365 499 430 367

1591 366 1855 426 PHOTII
1901 363 2438 424 PATRIARCHIE
2482 365 2603 424 GP.

3660 357 3787 420 368

359 503 671 574 -similique
691 503 814 559 zelo
839 518 911 559 ex
937 504 1101 558 Patre
1133 501 1438 574 procedere
1469 498 1812 566 enuntiavit,
1846 497 2016 553 illos-

2141 493 2294 550 ιύτοῦ
2323 495 2413 549 καὶ
2463 499 2579 554 τοῖς
2619 493 2714 548 σὺν
2767 493 2910 564 αὐνῷ
2943 491 3211 566 Πατράσιν
3247 489 3299 544 ἐν
3335 489 3445 563 ’ίσῳ
3472 489 3562 544 καὶ
3595 490 3782 562 ὁμοίῳ

376 611 506 664 que,
531 595 632 665 qui
662 593 966 666 quidpiam
991 593 1147 648 aliud
1181 593 1237 647 in
1263 591 1487 647 ratione
1509 588 1800 662 dogmatis
1824 592 2024 657 praeter

379 683 713 740 unanimem
746 688 804 739 et
834 697 1201 738 communem
1226 679 1658 735 Catholicorum
1691 679 1868 732 ﬁdem
1903 691 2026 748 pro-

379 774 588 830 ducere
619 773 919 836 auderent,
952 770 1140 827 eidem
1176 768 1572 825 anathematis
1610 765 1839 823 vinculo
1880 766 2025 821 sub-

378 861 536 930 jecit.

451 1044 539 1098 83.
573 1041 784 1098 Videas
813 1055 947 1097 vero
977 1041 1198 1097 bonum
1223 1055 1453 1112 quoque
1485 1038 1851 1110 probumque
1871 1037 2023 1107 Aga-

379 1132 616 1188 thonem
649 1130 858 1186 iisdem
883 1134 1036 1186 recte
1068 1130 1234 1186 factis
1257 1128 1603 1201 gloriantem
1629 1146 1644 1195 ;
1672 1141 1803 1181 nam
1827 1132 1881 1180 et
1903 1125 2025 1195 ipse

378 1224 599 1277 sextam
649 1220 958 1292 synodum,
1009 1236 1135 1290 quae
1184 1219 1386 1274 itidem
1437 1220 1588 1272 inter
1633 1213 2025 1272 mcumenicas

377 1311 612 1374 emicat,
645 1325 902 1380 presens
952 1325 1066 1366 non
1109 1324 1347 1378 corpore
1378 1307 1478 1362 sed
1526 1307 1721 1362 animo
1752 1302 2026 1373 omnique

382 1398 577 1454 studio
610 1412 713 1469 per
743 1415 882 1453 suos
915 1396 1133 1468 legatos
1162 1395 1606 1451 concelebrabat
1636 1401 1690 1450 et
1719 1392 2026 1448 collustra-

379 1486 526 1554 bat;
558 1484 686 1541 ideo
734 1490 792 1540 et
832 1484 1164 1556 symbolum
1210 1483 1455 1539 sincerae
1501 1487 1710 1538 nostra:
1759 1494 2027 1550 purasque

382 1573 517 1629 ﬁdei
549 1573 676 1628 sine
726 1573 842 1628 ulla
878 1571 1194 1627 variatione
1242 1581 1340 1627 aut
1370 1571 1744 1626 innovatione
1789 1569 1860 1623 ad
1891 1583 2026 1624 nor-

383 1680 538 1718 mam
557 1665 1003 1733 pmcedentium
1024 1663 1382 1733 synodorum
1407 1659 1766 1716 conservavit
1781 1658 2028 1728 illosque

381 1752 483 1823 qui
515 1753 733 1823 aliquid
759 1769 981 1820 eorum,
1018 1769 1143 1823 quae
1173 1753 1253 1808 ibi
1296 1752 1658 1815 sanciuntur,
1689 1748 1808 1803 imo
1842 1748 2028 1818 potius

2137 585 2293 657 ζήλῳ
2342 584 2402 638 ἐκ
2455 588 2550 638 τοῦ
2601 583 2811 659 Πατρὸς
2870 582 3186 655 ἀνεκήρυξεν
3245 580 3630 654 ἐκπορεύεσθαι
3689 580 3787 634 καὶ

2132 671 2259 734 τοὺς
2291 669 2337 728 έί
2375 693 2425 726 τι
2457 669 2598 726 ἄλλο
2628 671 2765 725 κατὰ
2808 668 2972 742 λόγον
3013 665 3285 740 δόγματος
3313 666 3460 739 παρὰ
3487 667 3589 736 τὴν
3643 665 3792 738 ὁμό-

2132 767 2314 840 ψηφον
2343 765 2422 835 (9)
2470 763 2559 818 καὶ
2598 763 2784 831 κοινὴν
2837 765 2948 816 τῶν
2997 754 3364 814 εὐσεϐούντων
3407 756 3588 812 πίστιν
3643 776 3788 830 προ-

2133 852 2277 927 άγειν
2307 848 2526 907 ἕλοιντο
2559 854 2672 924 (10)
2701 855 2821 913 τοῖς
2848 847 2996 910 ’ίσοις
3035 845 3258 922 δεσμοῖς
3297 849 3399 901 τοῦ
3441 844 3787 919 ἆναθέματος

2134 942 2440 1016 ὑπηγάγετο
2470 943 2604 1014 (11).

2203 1035 2318 1104 πγ’.
2362 1031 2498 1103 [ιθ’.]
2543 1027 2711 1091 ’Ἰδοις
2763 1027 2810 1083 δ’
2849 1027 2907 1083 ἃν
2954 1027 3044 1083 καὶ
3088 1028 3178 1081 τὸν
3226 1023 3394 1082 καλὸν
3437 1025 3532 1080 καὶ
3581 1025 3790 1100 ἀγαθὸν

2133 1119 2408 1195 Ἀγάθωνα
2437 1125 2551 1180 τοῖς
2600 1120 2790 1180 αὐτοῖς
2834 1114 3280 1192 ἀνδραγαθήμασι
3325 1116 3723 1188 σεμνυνόμενον
3764 1132 3780 1150 ο

2132 1208 2222 1263 καὶ
2261 1209 2365 1285 γὰρ
2409 1209 2572 1269 αὐτὸς
2623 1210 2735 1280 (12)
2779 1208 2893 1280 [87]
2949 1207 3049 1276 τήν
3093 1201 3256 1275 ἕκτην
3299 1203 3523 1260 σύνοδον
3564 1203 3784 1278 (οἰκου-

2137 1302 2341 1370 μενικῷ
2386 1295 2442 1352 δὲ
2498 1296 2588 1352 καὶ
2635 1297 2772 1364 αὐτή
2834 1293 3138 1369 διαλάμπει
3189 1295 3502 1368 ἀξιώματι),
3561 1296 3782 1368 παρὼν,

2135 1388 2298 1441 εἶκαὶ
2343 1387 2418 1459 μὴ
2469 1385 2705 1459 σώματι,
2737 1387 2934 1459 γνώμη
2984 1382 3041 1439 δὲ
3070 1385 3157 1439 καὶ
3209 1385 3356 1458 πάσῃ
3407 1381 3643 1457 σπουδῇ,
3691 1381 3784 1439 διὰ

2132 1480 2241 1531 τῶν
2293 1475 2458 1531 αὐτοῦ
2515 1479 2904 1549 τοποτηρητῶν
2959 1473 3262 1543 συνεκρότει
3317 1493 3377 1528 τε
3433 1472 3636 1543 ταύτην
3685 1472 3781 1528 καὶ

2134 1563 2474 1638 κατηγλάϊζε
2504 1566 2617 1637 (13)
2643 1581 2656 1594 ·
2693 1560 2777 1618 διὸ
2807 1562 2869 1618 τό
2908 1583 2970 1617 τε
2999 1558 3285 1635 σύμϐολον
3315 1569 3415 1631 τῆς
3451 1562 3780 1637 εἰλικρινοῦς

2135 1657 2295 1727 ἡμῶν
2333 1654 2422 1709 καὶ
2469 1656 2705 1728 καθαρᾶς
2753 1652 2988 1710 πίστεως
3034 1651 3458 1727 ἀπαράλλακτον
3504 1652 3595 1707 καὶ
3643 1653 3787 1707 κατά

2136 1744 2230 1807 τὰς
2260 1738 2642 1818 προλαϐούσας
2674 1740 2932 1805 συνόδους
2975 1741 3414 1814 ἆκαινοτόμητον
3447 1744 3787 1815 συνετήρησε

382 1843 453 1897 ab
483 1841 654 1898 initio
685 1842 902 1898 sancita
927 1849 1111 1910 erant,
1143 1843 1395 1897 audeant
1425 1854 1734 1907 removere,
1768 1838 1838 1892 ad
1871 1837 2023 1893 diras

2141 1835 2223 1890 καὶ
2271 1833 2400 1896 τοὺς
2445 1839 2756 1908 παρακινεῖν
2806 1854 2858 1887 τι
2906 1836 3013 1888 τῶν
3061 1833 3162 1887 ὅσα
3212 1830 3528 1907 δογματίζει
3589 1834 3788 1906 θρασυ-

379 1929 632 2002 ωᾳυειιθε
662 1931 1017 1988 conﬁrmans
1056 1936 1113 1987 et
1141 1931 1459 2002 obsignans
1491 1929 1703 2000 rejicit.

446 2112 537 2167 84.
560 2112 862 2178 Quomodo
885 2116 1079 2167 autem
1111 2110 1344 2167 silentio
1373 2113 1706 2180 praeteream
1730 2109 2023 2165 Romanos

376 2199 678 2274 pontifices
719 2200 1053 2272 Gregorium
1079 2209 1132 2256 et
1153 2200 1496 2264 Zachariam,
1519 2199 1671 2254 viros
1702 2197 1802 2269 qui
1831 2202 1886 2254 et
1907 2197 2023 2252 vir-

376 2294 500 2346 tute
542 2289 875 2347 claruerunt
898 2293 957 2344 et
992 2289 1202 2345 divinas
1234 2289 1534 2360 sapientia
1579 2287 1862 2344 doctrinis
1907 2303 2025 2358 gre-

383 2395 510 2452 gem
542 2394 719 2435 suum
752 2382 1060 2444 auxerunt,
1084 2379 1202 2432 imo
1233 2381 1290 2432 et
1311 2375 1728 2434 miraculorum
1752 2374 1919 2431 donis
1941 2376 2026 2432 ef-

383 2467 722 2524 fulserunt?
756 2465 980 2522 Etenim
1029 2466 1160 2521 licet
1207 2470 1414 2521 neuter
1459 2480 1652 2520 eorum
1695 2464 1758 2520 in
1806 2466 2024 2536 synodo

380 2556 739 2612 cecumenica
762 2555 1114 2622 consideret,
1134 2561 1384 2610 attamen
1409 2553 1599 2626 palam
1622 2558 1680 2609 et
1700 2553 2027 2609 luculenter

379 2645 451 2700 ad
484 2643 866 2699 imitationem
901 2642 1135 2698 illorum
1169 2642 1609 2698 sanctissimum
1644 2643 1925 2714 Spiritum
1958 2658 2025 2697 ex

377 2732 544 2787 Patre
577 2731 883 2801 procedere
937 2731 1284 2786 docuerunt.
1318 2732 1388 2786 Et
1435 2731 1751 2802 Gregorius
1789 2730 2024 2800 quidem

379 2836 495 2876 non
528 2820 712 2876 multo
745 2824 878 2892 post
908 2825 1128 2876 sextam
1157 2821 1444 2892 synodum
1468 2821 1684 2888 ﬂoruit,
1716 2820 2026 2875 Zacharias

378 2925 514 2965 vero
545 2916 777 2965 centum
810 2910 1113 2981 sexaginta
1152 2910 1412 2982 quinque
1444 2914 1572 2982 post
1602 2909 1771 2965 annis
1803 2929 1818 2977 ;
1853 2909 2026 2980 hique

379 2999 657 3054 traditum
689 3017 720 3053 ιι
757 2998 994 3054 Domino
1045 2999 1431 3070 Patribusque
1479 3001 1686 3071 dogma
1730 2999 1788 3054 in
1837 2999 2032 3054 animo

380 3093 657 3158 tanquam
705 3087 765 3142 in
815 3104 959 3158 puro
1022 3088 1484 3159 intemeratoque
1531 3088 1790 3143 thalamo
1837 3075 2033 3143 custo-

384 3175 612 3232 dientes
629 3177 763 3232 inde
780 3176 923 3232 illud
943 3177 1234 3246 integrum
1255 3181 1426 3248 atque
1443 3178 1868 3249 incorruptum,
1883 3176 2030 3232 alter

383 3265 590 3321 Latina
616 3265 838 3332 lingua,
867 3265 1012 3322 alter
1032 3283 1297 3322 sermone
1321 3266 1518 3323 Graeco
1541 3266 1812 3322 fidelibus
1843 3282 2024 3338 popu-

379 3353 454 3410 lis
485 3353 838 3421 exhibentes,
871 3354 1100 3411 Christo
1130 3371 1265 3410 vero
1304 3354 1420 3410 Deo
1451 3359 1508 3410 et
1539 3363 1864 3411 nostrarum
1896 3357 2022 3410 ani-

383 3459 613 3498 marum
647 3459 862 3514 sponso
894 3460 997 3516 per
1025 3445 1182 3514 pium
1215 3444 1438 3500 cultum
1463 3460 1694 3516 gregem
1726 3425 1898 3522 su‘
1930 3460 2024 3500 co-

379 3533 680 3606 pularunt.
715 3531 954 3602 Verum,
987 3538 1051 3588 ut
1074 3534 1200 3603 jam
1249 3533 1390 3602 dixi,
1425 3532 1519 3587 hic
1549 3533 1780 3603 sapiens
1809 3532 2024 3589 Zacha-

376 3623 492 3678 rias
541 3630 665 3677 tum
718 3621 834 3678 alia
882 3638 1050 3678 sacra
1090 3623 1306 3689 scripta
1355 3623 1536 3679 sancti
1590 3622 1865 3693 Gregorii,
1897 3626 2023 3678 tum

375 3710 724 3767 utilissimas
744 3710 876 3766 illas
907 3711 964 3766 in
990 3713 1224 3767 modum
1250 3710 1470 3783 dialogi
1492 3711 1871 3767 concinnatae
1894 3728 2023 3767 ora-

2131 1922 2413 1997 νομένους,
2477 1921 2689 1994 μᾶλλον
2759 1925 2866 1976 τῶν
2922 1919 2974 1992 ἐξ
3032 1921 3212 1995 ἀρχῆς
3273 1918 3781 1994 δογματισθέντων,

2134 2011 2536 2089 ἐπισφραγίζων
2565 2014 2680 2084 (14)
2722 2010 2797 2073 εἷς
2828 2012 2923 2073 τὰς
2957 2008 3081 2072 ’ίσας
3114 2009 3245 2082 ἀρὰς
3275 2008 3624 2084 ἀπορρίπτει.

2203 2098 2310 2156 πδ“.
2516 2104 2636 2162 [Ιῶς
2661 2096 2707 2153 δ’
2756 2099 2815 2154 ἂν
2859 2100 3195 2175 παρὲλθοιμι
3237 2103 3365 2174 σιγῇ
3427 2099 3554 2160 τοὺς
3594 2099 3790 2174 ἀρχιε-

2132 2189 2254 2263 ρέας
2301 2189 2545 2261 Ῥώμης,
2595 2187 2893 2263 Γρηγόριόν
2945 2209 3003 2243 τε
3059 2188 3148 2243 καὶ
3205 2187 3502 2263 Ζαχαρίαν,
3563 2186 3771 2263 ἄνδρας

2132 2280 2296 2353 ἀρετῇ
2352 2275 2744 2352 διαπρέψαντας
2793 2279 2884 2332 καὶ
2938 2274 3312 2339 διδασκαλίαις
3375 2277 3661 2356 Θεοσόςροις
3716 2279 3783 2332 τὸ

2132 2367 2388 2440 ποίμνιον
2439 2366 2894 2437 συναυξήσαντας,
2938 2366 3024 2420 ναὶ
3078 2364 3144 2435 δὴ
3184 2365 3275 2421 καὶ
3333 2367 3625 2439 θαυμάτων
3675 2385 3784 2441 χαι

2136 2456 2353 2532 ρίσμασι
2403 2452 2811 2528 διαλάμψαντας
2843 2457 3000 2529 (15);
3054 2457 3150 2510 Καὶ
3180 2456 3282 2532 γάρ
3326 2456 3534 2511 τούτων
3594 2455 3641 2510 εἰ
3688 2457 3782 2510 καὶ

2139 2545 2434 2621 μηδέτερος
2482 2547 2882 2609 οἰκουμενικοῖς
2943 2547 3271 2620 προνομίοις
3330 2545 3608 2622 ἀνηγμένη
3663 2567 3784 2601 συν⁶

2134 2636 2346 2711 εδρίασε
2386 2635 2616 2709 συνόδῳ,
2651 2635 2779 2692 ἀλλ’
2821 2637 2913 2692 οὖν
2956 2637 3229 2711 λαμπρῶς
3257 2659 3317 2693 τε
3344 2638 3434 2692 καὶ
3469 2643 3780 2715 περιφανῶς

2133 2729 2270 2783 κατᾶ
2323 2727 2553 2800 μίμησιν
2611 2726 2831 2780 ἐκείνων
2883 2728 2945 2781 τὸ
2993 2729 3259 2803 πανάγιον
3309 2731 3527 2800 Πνεῦμα
3577 2727 3635 2784 ἐκ
3687 2732 3789 2783 τοῦ

2139 2818 2347 2893 Πατρὸς
2398 2815 2718 2890 θεολογοῦσι
2780 2816 3186 2891 ἐκπορεύεσθαι.
3240 2817 3296 2869 Ὀ
3359 2818 3453 2890 μὶν
3515 2818 3647 2889 μετᾶ
3687 2820 3792 2888 τὴν

2139 2904 2304 2976 ἕκτην
2337 2909 2448 2978 (16)
2501 2905 2560 2960 οὐ
2608 2905 2824 2961 πολλοῦ
2874 2905 3087 2980 ῥυέντος
3137 2905 3441 2979 ὲνακμάσας
3491 2906 3700 2980 χρόνου
3759 2908 3788 2962 6

2145 2997 2286 3056 θεῖος
2345 2995 2694 3069 Γρηγὸριοςο
2755 2995 3028 3069 Ζαχαρίας
3085 2992 3142 3050 δὲ
3192 2997 3220 3049 6
3276 2993 3553 3055 Θεσπέσιος
3625 2995 3789 3052 πέντε

2142 3085 2229 3140 καὶ
2262 3083 2520 3155 ἐξήκοντα
2561 3083 2651 3139 καὶ
2699 3085 2883 3140 ἑκατὸν
2937 3083 3156 3158 ὕστερον
3207 3083 3373 3141 ἔτεσιν
3407 3087 3560 3158 (17)·
3615 3086 3668 3140 οἳ
3719 3087 3786 3142 τὸ

2145 3178 2479 3234 Δεσποτικὸν
2531 3177 2620 3232 καὶ
2667 3178 2929 3251 πατρικὸν
2984 3174 3160 3250 δόγμα
3219 3179 3332 3250 [88]
3389 3177 3479 3232 καὶ
3517 3179 3784 3252 κήρυγμα

2135 3268 2208 3329 ὡς
2255 3268 2306 3322 ἐν
2358 3266 2611 3342 ἀχράντῳ
2658 3271 2726 3340 τῇ
2777 3269 2931 3342 ψυχῇ
2981 3268 3070 3322 καὶ
3118 3269 3326 3342 καθαρᾷ
3375 3267 3780 3340 θαλαμεόοντες

2134 3353 2364 3412 παστάδι
2395 3355 2589 3413 ἐκεῖθεν
2620 3353 2914 3429 ἂκήρατον,
2948 3357 2976 3411 6
3010 3355 3104 3429 μὲν
3131 3359 3200 3429 τῇ
3234 3355 3477 3412 Λατινίδι
3519 3355 3778 3432 γλώσσῃ,

2135 3446 2163 3499 6
2204 3446 2260 3500 δὲ
2303 3447 2374 3518 τῇ
2429 3442 2658 3500 Ἑλλάδι
2700 3445 2912 3523 φράσει,
2963 3449 3183 3519 Χριστῷ
3231 3449 3309 3518 τῷ
3355 3445 3608 3519 ἀληθινῷ
3659 3451 3778 3518 Θεῷ

2137 3534 2227 3587 καὶ
2257 3532 2474 3611 νυμφίῳ
2517 3536 2624 3588 τῶν
2671 3536 2866 3608 ψυχῶν
2913 3535 3073 3606 ἡμῶν
3120 3531 3209 3590 διὰ
3245 3537 3344 3604 τῆς
3377 3530 3632 3597 εὐσεϐοῦς
3666 3539 3780 3610 (18)

2137 3619 2393 3690 λατρείας
2449 3622 2512 3676 τὸ
2569 3621 2830 3693 ποίμνιον
2885 3624 3317 3696 συνηρμόσαντο.
3376 3623 3534 3682 Ἀλλ’
3599 3623 3783 3698 ὥσπερ

2137 3711 2315 3780 εἶπον,
2350 3708 2508 3774 οὗτος
2535 3711 2561 3764 6
2587 3712 2754 3788 σοφὸς
2777 3712 3046 3787 Ζαχαρίας
3075 3714 3184 3785 (19)
3219 3711 3365 3768 ἄλλα
3393 3734 3454 3769 τε
3482 3717 3588 3769 τῶν
3617 3715 3786 3788 ἱερῶν

1544 3817 1782 3873 VARI/E
1825 3818 2211 3874 LECTIONES
2251 3819 2342 3874 ET
2380 3818 2614 3874 NOTAE.

447 3917 522 3996 (9)
575 3915 1149 3996 νιιιὶ-οηὸμὸψυιφονς
1209 3926 1361 3975 recte
1430 3916 1606 3974 Allat.
1666 3921 1728 3974 ut
1804 3933 2022 3990 supra;

375 3988 827 4066 5s_6_‘l!9?2v_f°'t:
858 3988 969 4066 iam
993 3988 1307 4066 δ’μόψυχρνο

445 4057 774 4135 (1Ο)”Ρ8181;.
806 4057 980 4135 ’243
1017 4057 1070 4117 b.
1104 4057 1359 4135 προάγειν
1391 4057 1686 4115 ἐθὲλοιντο.

445 4131 562 4205 (11)
585 4133 772 4205 Caput
802 4134 1093 4205 integrum
1121 4131 1524 4205 j'am'Allatius
1557 4136 1763 4205 contra
1793 4131 2025 4205 Hottin-

445 4151 562 4205 (ιι)
585 4151 663 4189 ua
709 4151 772 4189 ut
802 4151 1093 4205 integrum
1121 4151 1245 4203 Jam
1277 4151 1524 4189 auauus
1557 4151 1763 4187 contra
1793 4151 2025 4188 notua-

378 4222 476 4276 ger
502 4222 556 4276 p.
589 4151 700 4260 268
735 4206 976 4260 adduxit
1007 4221 1019 4259 :
1079 4226 1102 4256 α
1141 4204 1380 4276 Versata
1429 4210 1623 4276 mente
1650 4204 1836 4276 ~hisce
1864 4204 2025 4276 _s_ed_e

380 4272 710 4358 comparem
743 4289 800 4332 et.
830 4276 1010 4358 gloria
1041 4274 1522 4358 aequa.lem',laud_e
1546 4274 1830 4358 inclytum
1863 4272 2023 4356 Vigi-

379 4345 545 4416 lium',
605 4347 703 4416 qui
753 4345 971 4416 quintae
1030 4347 1252 4417 synodo
1323 4345 1600 4417 interfuit
1642 4345 2019 4417 mcumenicis

378 4415 712 4488 sanctisque
764 4415 1002 4472 Calculis
1059 4415 1378 4488 celebrata.
1428 4416 1531 4469 Hic
1589 4415 1786 4488 itaque
1840 4415 2020 4471 veluti
2061 4419 2096 4476 it

377 4489 577 4562 regula
608 4486 968 4562 inconcussa
1001 4487 1444 4562 atqueimmota
1485 4486 1656 4562 rectis
1697 4486 1862 4562 illius
1891 4503 2020 4543 sese

377 4556 664 4632 adaptans
695 4556 1238 4632 dogmatibus,'alii_s
1259 4557 1576 4632 concordes
1598 4556 1810 4632 emittit
1831 4574 2017 4628 voces,

377 4638 434 4688 et
455 4628 899 4688 sanctissimum
926 4634 983 4686 et
1007 4628 1567 4686 consubstantialem
1593 4629 1876 4699 Spiritum
1905 4647 2020 4686 una

379 4701 556 4757 simul
589 4718 722 4758 cum
758 4702 1047 4767 Patrihus,
1080 4701 1178 4773 qui
1213 4708 1344 4757 ante
1376 4717 1509 4756 eum
1544 4705 1600 4755 et
1629 4717 1763 4756 cum
1796 4717 1862 4756 eo
1897 4703 2020 4758 fue-

377 4777 535 4840 runt,
565 4774 742 4828 simili
779 4777 1022 4846 parique
1055 4775 1175 4830 zelo
1203 4780 1259 4828 et
1290 4773 1486 4846 studio
1519 4789 1587 4827 ex
1619 4776 1783 4827 Patre
1818 4791 2018 4843 proce-

388 4847 523 4900 dere
555 4846 904 4915 praadicavit,
934 4845 992 4903 et
1023 4864 1122 4902 eos
1155 4847 1253 4916 qui
1294 4845 1549 4917 alienum
1584 4862 1616 4900 a
1663 4845 1775 4900 fide
1809 4847 2022 4917 dogma

378 4923 536 4988 extra
568 4918 900 4974 unanimem
935 4919 1437 4988 universalemque
1469 4916 1728 4972 ﬁdelium
1763 4916 2019 4972 mentem

385 4987 678 5055 publicare
713 4987 1361 5060 praesumerentﬁisdeni
1393 4987 1782 5044 anathematis
1806 4989 2018 5044 vincu-

383 5059 457 5115 lis
490 5060 783 5115 submisit.
819 5082 846 5110 ››

479 5133 566 5200 12)
690 5131 794 5205 γὰρ
821 5130 912 5184 καὶ
954 5131 1114 5192 αὐτός
1146 5133 1321 5188 habet
1351 5131 1618 5186 Column.

480 5205 564 5269 13)
613 5201 802 5258 Maius
852 5206 1009 5273 praef.
1058 5206 1156 5259 cit.
1192 5223 1246 5275 p.
1303 5220 1454 5268 xx1v,
1509 5219 1665 5258 xxv:
1717 5225 1744 5250 ‹‹
1790 5201 2021 5275 Videsis

381 5273 557 5330 etiam
588 5275 929 5345 praclarum
963 5273 1346 5346 Agathonem,
1379 5275 1623 5345 paribus
1665 5278 1816 5329 recte
1846 5274 2022 5345 gestis

378 5347 662 5402 celebrem
691 5366 704 5415 ;
739 5364 874 5402 nam
907 5356 960 5402 et
1005 5348 1093 5402 hic
1123 5352 1346 5402 sextam
1372 5349 1683 5418 synodum,
1718 5361 1838 5415 quae
1862 5361 2020 5400 (scu-

375 5419 607 5474 menico
639 5435 803 5489 sique
837 5419 1054 5475 honore
1087 5418 1286 5489 fulget,
1319 5420 1436 5489 etsi
1458 5434 1574 5474 non
1608 5433 1850 5488 corpore
1883 5432 2024 5487 pre-

377 5505 533 5556 sens,
549 5488 744 5545 mente
762 5495 955 5544 tamen
981 5488 1289 5558 omnisque
1312 5488 1504 5543 studio
1527 5505 1629 5560 per
1647 5505 1784 5544 suos
1804 5489 2023 5560 legatos

376 5563 752 5632 congregavit
782 5579 848 5616 ac
879 5561 1193 5632 decoravit.
1229 5582 1257 5609 ››

447 5627 778 5707 (f4)Pa1at,
812 5633 850 5688 f.
900 5633 1006 5689 243
1038 5633 1092 5690 b.
1143 5627 1540 5706 ἐπισφραγίζει.
1583 5630 1702 5688 Col.
1758 5629 2022 5708 ἐπίσφρα-

384 5701 574 5785 γίζειν.

2205 3918 2316 3989 (15)
2348 3917 2478 3974 Haec
2511 3917 2721 3992 iisdem
2753 3919 2944 3974 verbis
2975 3937 3009 3975 a
3039 3920 3208 3976 Card.
3244 3919 3395 3975 Maio
3427 3918 3462 3974 l.
3489 3936 3540 3976 ο.
3565 3937 3620 3992 p.
3648 3937 3781 3982 xxv,

2136 3990 2467 4061 allegantur
2499 4006 2512 4045 :
2570 4012 2598 4041 «
2628 3991 2742 4046 Cur
2769 3995 2964 4046 autem
3017 3992 3250 4046 silentio
3278 4007 3536 4060 premam
3565 3990 3782 4048 *Poma:

2136 4062 2802 4132 pontifices,Gregorium
2823 4062 3254 4129 etZachariam,
3271 4063 3538 4119 homines
3559 4064 3782 4122 virtute

2135 4133 2549 4206 fulgentes,qui
2582 4133 2860 4188 doctrinis
2890 4133 3087 4206 divina
3115 4135 3404 4205 sapientia
3435 4132 3623 4206 plenis
3643 4151 3778 4206 gre-

2135 4221 2259 4277 gem
2294 4205 2779 4270 informaverunt,
2799 4210 2856 4259 et
2878 4205 3290 4262 miraculorum
3317 4205 3546 4277 quoque
3584 4205 3779 4276 gratia

2135 4276 2574 4349 claruerunt?»
2635 4277 2717 4332 Cf.
2768 4291 2903 4332 cum
2963 4277 3072 4332 hoc
3129 4294 3256 4348 cap.
3317 4276 3518 4349 opusc.
3570 4286 3781 4336 contra

2135 4347 2380 4401 senioris
2414 4347 2603 4402 Romae
2633 4349 2909 4420 asseclas,
2942 4365 3065 4420 cap.
3105 4350 3190 4404 11.

2202 4420 2502 4492 (l6)Ssepe
2532 4420 2708 4476 Graeci
2760 4419 3102 4490 Gregorium
3137 4420 3210 4485 ll,
3245 4437 3419 4492 quem
3471 4425 3526 4476 et
3573 4421 3776 4492 ipsum

2131 4490 2434 4563 Dialogum
2475 4497 2715 4563 vocant,
2775 4494 3229 4563 oum‘Gregorio
3267 4490 3310 4547 Ἰ
3366 4490 3780 4562 confundunt;

2128 4561 2438 4685 gregarius
2583 4570 2719 4618 ante
2747 4561 3151 4619 concilium'vt
3198 4563 3415 4631 ﬂoruit,
3451 4569 3581 4636 post
3625 4561 3779 4621 illud

2180 4650 2434 4688 resorius
2526 4675 2538 4688 .

2180 4650 2434 4698 regorius
2470 4650 2538 4688 ll.

2200 4703 2577 4777 (717)_\’Aerba:
2628 4709 2681 4758 Ὀ
2741 4704 2836 4776 μὲν
2891 4711 3027 4776 μετα
3067 4738 3136 4747 -
3183 4703 3376 4772 ἓτεσιν,
3433 4705 3652 4777 pariter
3709 4725 3782 4764 ex

2130 4776 2254 4848 cod.
2303 4774 2527 4832 Colum.
2570 4774 2954 4848 exscripserat
2997 4778 3123 4835 Em.
3157 4774 3530 4848 Amphiloch.
3589 4778 3782 4835 editor

2130 4855 2183 4902 et
2216 4847 2295 4902 ita
2344 4853 2588 4902 verterat
2622 4864 2634 4902 :
2690 4870 2710 4900 ι
2752 4847 2944 4922 Divus;
2977 4851 3209 4922 quidem
3246 4847 3565 4922 Gregorius
3599 4852 3780 4922 paulo

2130 4922 2263 4991 post
2317 4924 2539 4972 sextam
2588 4922 2874 4991 synodum
2921 4919 3163 4987 ﬂoruit;
3215 4919 3779 4978 admirabilis—vero

2129 4989 2430 5064 Zacharias
2483 4989 2716 5064 centum
2752 4994 3054 5063 sexaginta
3104 4993 3362 5064 quinque
3415 4997 3543 5062 post
3587 5009 3778 5050 annos

2131 5061 2366 5134 exstitit.
2403 5083 2428 5109 ι(
2463 5065 2518 5115 Si
2569 5061 2927 5130 Zachariam,
2961 5065 3058 5134 qui
3111 5061 3181 5118 ab
3232 5061 3286 5119 a'.
3319 5061 3427 5120 741
3471 5081 3660 5134 usque
3703 5066 3775 5120 ad

2131 5149 2180 5204 ιι.
2213 5133 2320 5186 752
2351 5134 2758 5203 pontificatum
2809 5133 3018 5204 tenuit,
3051 5137 3155 5189 165
3186 5137 3356 5191 annis
3407 5141 3534 5204 post
3566 5133 3781 5192 conci-

2131 5202 2272 5258 lium
2315 5202 2391 5273 vi,
2425 5205 2510 5260 vel
2542 5211 2670 5275 post
2699 5202 3039 5277 Gregorium
3075 5207 3122 5261 ΙΙ
3154 5207 3360 5263 vixisse
3394 5202 3594 5263 censet
3624 5207 3780 5263 Pho-

2133 5277 2614 5346 tius,gravissime
2648 5277 2900 5343 fallitur;
2955 5279 3145 5334 minus
3175 5294 3331 5344 vero,
3363 5277 3413 5334 si
3469 5279 3569 5333 165
3601 5282 3781 5335 annis

2131 5348 2631 5420 postiGregorium
2665 5348 2684 5402 Ι
2717 5349 3025 5420 (5390-604).

2349 5413 2463 5474 Col.
2504 5437 2560 5490 p.
2591 5413 2838 5491 308,’διᾶ
2868 5413 3351 5491 τῆςέὐσεὸοόσης.

2201 5490 2320 5566 (19)
2357 5493 2473 5546 Ista
2505 5489 2714 5566 :verba,
2747 5490 2972 5566 o'Stoq_6
3018 5511 3069 5547 σ.
3102 5493 3160 5548 Ζ.
3197 5489 3623 5566 -σάλπιγγος
3653 5494 3784 5563 (Hic

2133 5561 2363 5638 sapiens
2393 5563 2846 5638 Zachariascum
2882 5563 2997 5619 alia
3026 5565 3219 5638 sancti
3243 5561 3506 5638 Gregorii
3533 5561 3781 5638 scripta,

2133 5635 2258 5708 tum
2280 5632 2456 5708 etiam
2482 5634 2623 5708 utile
2653 5633 2795 5690 illud
2828 5652 2975 5708 opus
3007 5635 3222 5708 dialogi
3249 5632 3437 5692 {arma
3457 5632 3778 5708 praeditum

2134 5653 2258 5687 tum
2280 5653 2456 5689 etiam
2482 5653 2622 5690 uiue
2653 5653 2795 5690 unua
2828 5653 2975 5707 opus
3007 5653 3222 5708 dialogi
3249 5653 3437 5692 torma
3499 5653 3778 5694 ruentium

2134 5701 2328 5761 Graeca
2361 5705 2497 5763 tuba
2526 5705 2798 5765 universo
2829 5707 2952 5766 orbi
3004 5708 3408 5783 proclamavit)
3438 5653 3537 5766 dpat
3587 5707 3778 5770 Maius
