2029 3108
196 179 253 209 371

195 303 262 323 mus
277 295 306 322 in
322 295 385 331 lege
399 296 496 331 gratias
510 294 678 329 declaravit,
693 294 728 322 ab
741 294 805 330 ipso
816 302 882 321 vero
892 293 1020 321 fidelium

193 339 352 367 multitudo
368 340 476 375 hausit,
492 343 520 368 et
537 340 608 368 fides
621 338 762 367 catholica
785 341 922 374 perpetuo
937 339 967 366 in
990 346 1022 365 ea

194 384 342 420 gloriatur.
357 385 468 413 Etenim
487 385 536 412 ille
554 385 639 412 homo
656 384 866 420 propemodum
880 383 1020 418 superhu-

194 437 300 457 manus
316 430 424 457 fontem
437 430 500 457 vita:
513 432 599 464 atque
610 428 853 462 immortalitatis,
866 428 1021 455 Dominum

194 473 321 502 universi
336 474 415 501 orbis
440 473 620 501 conditorem
649 472 811 508 mundique
844 471 1020 507 expiatorem

193 518 282 546 undis
297 518 432 546 Jordanis
443 518 594 553 baptizans
603 517 750 552 coslosque
761 519 877 551 apertos
893 517 1020 548 intuens,

191 562 357 597 prodigium
384 562 524 597 prodigiis
550 562 782 597 comprobatum,
800 561 829 588 in
854 561 948 597 specie
973 569 1020 588 co-

189 605 295 633 lumbae
307 606 524 633 sanctissimum
538 606 677 641 Spiritum
688 606 911 633 descendentem
928 605 1002 632 vidit
1013 607 1020 632 ἶ

189 650 288 678 emisit
303 653 398 678 autem
416 658 511 678 vocem
528 659 595 677 vera
611 650 698 678 Verbi
709 659 773 685 vox,
789 652 858 677 dum
876 650 935 677 haac
955 658 1021 685 por-

188 697 269 723 tenta
292 695 380 723 vidit:
402 695 462 723 Vidi
487 695 623 731 Spiritum
649 699 780 731 tanquam
800 695 955 723 columbam
978 694 1022 722 de-

186 740 358 768 scendentem
371 744 395 767 et
405 742 561 767 manentem
573 748 655 775 super
668 741 759 775 ipsum
773 740 806 767 ⁷⁷.
819 741 915 768 Manet
932 739 1022 774 igitur

188 785 368 811 descendens
390 792 406 810 a
428 785 511 811 Patre
526 784 656 820 Spiritus
677 792 766 816 super
787 783 906 817 Filium,
932 783 974 811 vel
995 782 1020 810 si

188 828 280 855 mavis
296 828 324 854 in
341 827 431 861 Filio;
450 827 561 856 nullam
586 828 664 856 enim
686 829 741 855 hoc
767 828 830 856 loco
851 828 1019 856 varietatem

188 872 349 900 ditl‘erentia
360 880 480 900 casuum
497 873 620 900 inducit.
637 873 669 900 Et
681 873 771 901 Isaias
786 872 927 909 propheta
942 872 1020 900 coali-

799 177 932 209 PHOTII
954 177 1217 209 PATRIARCH/E
1238 179 1296 211 ΟΡ,

230 250 275 278 85.
292 249 411 278 Sacram
421 249 497 278 hanc
508 249 668 278 doctrinam
678 248 807 277 Joannes
818 248 949 283 Baptista
961 247 1020 283 pri-
1034 249 1059 282 Α

1834 183 1893 212 3’12

1112 248 1168 284 [91]
1194 248 1244 276 πε’.
1268 247 1371 284 Ταύτην
1398 249 1448 283 τήν
1469 247 1625 285 ἱερολογίαν
1649 249 1663 276 ὁ
1694 249 1750 285 (27)
1778 248 1899 287 πρόδρο-

1079 302 1131 328 μος
1144 291 1191 328 μὲν
1208 294 1262 319 τῶν
1284 292 1310 319 ἐν
1330 293 1364 329 τῇ
1386 293 1480 331 χάριτι
1503 295 1614 330 πρῶτος
1635 294 1692 329 (28)
1717 293 1810 321 ἀνεῖπε
1833 295 1899 330 (29),

1076 339 1131 363 τῶν
1151 339 1252 364 πιστῶν
1278 336 1306 364 δὲ
1329 338 1392 374 παρ’
1416 338 1499 365 αὐτοῦ
1525 339 1556 364 τὸ
1581 337 1688 372 πλῆθος
1704 337 1827 374 ἐμυήθη,
1853 339 1899 366 καὶ

1075 382 1091 415 ἡ
1113 380 1234 409 εὐσέϐεια
1265 380 1411 414 διαπαντὸς
1439 383 1533 419 ὁρᾶται
1552 383 1637 420 ταύτῃ
1666 382 1897 420 λαμπρυνομένη.

1076 425 1124 452 Καὶ
1148 426 1198 463 γὰρ
1224 426 1325 457 ἐκεῖνος
1345 427 1359 453 ὁ
1377 428 1475 462 μικροῦ
1502 425 1553 454 δέω
1579 428 1637 463 (30)
1660 427 1739 466 ῳάναι
1758 427 1823 464 ὑπὲρ
1850 427 1899 455 ἄν·

1075 470 1182 506 θρωπὸν
1199 472 1256 507 (31)
1280 470 1420 508 ἄνθρωπος
1440 471 1490 505 τήν
1511 472 1603 509 πηγήν
1625 475 1675 506 τῆς
1695 475 1760 506 ζοῆς
1781 472 1827 500 καὶ
1847 475 1898 506 τῆς

1074 514 1231 549 ἀθανασίας,
1252 515 1297 542 τὸν
1322 517 1370 542 τοῦ
1397 516 1496 546 παντὸς
1522 516 1658 551 Δεσπότην
1685 517 1731 543 καὶ
1760 520 1899 552 Δημιουρ-

1073 559 1120 595 γὸν
1134 559 1165 586 τὸ
1189 562 1236 586 τοῦ
1261 559 1365 596 κόσμου
1394 560 1539 597 καθάρσιον
1568 561 1624 597 (32)
1649 561 1767 598 ῥείθροις
1797 561 1898 599 βαπτί-

1074 606 1127 638 ζων
1158 603 1296 640 Ἰορδάνου
1325 605 1370 632 καὶ
1398 605 1462 636 τοὺς
1495 605 1625 641 οὐρανοὺς
1654 606 1726 641 ὁρῶν
1756 605 1899 644 ἀνεῳγμέ-

1072 659 1134 680 νους
1163 651 1232 686 (33),
1262 651 1352 686 θαῦμα
1380 650 1498 686 θαύμασι
1520 650 1751 687 μαρτυρούμενον,
1775 650 1802 678 ὲν
1829 650 1899 678 εἴδει

1075 694 1122 730 μὲν
1151 697 1309 731 περιστερᾶς
1334 695 1366 722 τὸ
1394 695 1523 732 πανάγιον
1553 697 1662 731 Πνεῦμα
1694 695 1898 733 κατερχόμενον

1071 739 1209 766 ἐθεάσατο-
1241 740 1328 778 ἀφῆκε
1357 738 1385 766 δὲ
1416 740 1506 779 φωνὴν
1536 740 1553 774 ἡ
1583 740 1694 774 ἀληθῶς
1729 742 1778 767 τοῦ
1808 740 1900 777 Λόγου

1073 784 1148 821 φωνή
1165 784 1191 810 ἐν
1205 783 1246 820 τῷ
1270 784 1334 820 ὁρᾷν
1358 784 1392 811 τὰ
1415 783 1522 811 ἀθέατον
1548 783 1627 812 Εἶδον
1649 786 1707 821 (34)
1730 785 1761 812 τὸ
1788 786 1901 820 Πνεῦμα

1072 826 1234 856 καταϐαῖνον
1273 829 1337 856 ὡσεὶ
1371 828 1530 866 περιστερὰν
1564 830 1609 856 καὶ
1654 831 1733 865 μὲνον
1776 829 1817 856 ἐπ’
1846 829 1900 856 αὖ-

1071 873 1117 900 τόν
1147 874 1214 909 (35).
1242 873 1322 900 Μὲνει
1351 873 1441 900 τοίνυν
1471 874 1528 910 [92]
1565 871 1726 901 καταϐαῖνον
1766 874 1819 901 ἀπὸ
1848 872 1900 901 τοῦ

187 918 236 943 tus
252 916 362 943 similia
377 916 423 943 his
446 916 610 944 vaticinans
625 919 653 944 et
677 917 846 944 vaticinium
865 917 894 944 in
910 916 1014 944 Christi

1075 916 1174 954 [ἰατρὸς
1190 917 1221 944 τὸ
1243 918 1353 951 Ηνεῦμα
1377 916 1421 943 ἐπὶ
1444 916 1490 944 τὸν
1514 916 1588 944 Υἱόν·
1615 917 1637 944 εἱ
1664 917 1759 954 βούλει
1786 916 1824 951 δὲ,
1850 918 1901 945 καὶ

188 968 342 995 personam
371 961 510 995 referens,
532 961 652 997 Spiritus
670 962 790 994 Domini,
800 961 906 996 inquit,
933 968 1017 996 super

187 1012 240 1039 me,
257 1013 287 1032 eo
303 1005 371 1040 quod
398 1005 513 1033 unxérit
536 1005 667 1034 Dominus
695 1014 739 1033 me
763 1005 795 1033 ⁷⁸,
821 1005 936 1033 Audisti
960 1004 1015 1032 ali-

188 1050 304 1085 quando
314 1049 438 1084 inclytos
471 1050 537 1079 illos
562 1050 731 1087 Gregorium
753 1052 781 1078 et
792 1050 957 1078 Zachariam
974 1049 1016 1084 (hi

186 1095 263 1122 enim
281 1095 378 1122 forsan
394 1095 488 1130 magis
502 1097 589 1123 erunt
604 1095 730 1131 appositi
752 1098 807 1122 tua;
831 1093 1015 1130 impudentiae

187 1139 217 1167 in
233 1140 437 1167 verecundiam
455 1140 662 1176 restituendis),
676 1140 795 1173 audisti,
808 1140 940 1175 inquam,
951 1138 1016 1166 illos

189 1186 362 1216 asserentes,
379 1184 519 1219 Spiritum
535 1184 565 1211 in
588 1184 658 1212 Filio
674 1192 813 1219 manere;
827 1187 856 1211 et
870 1184 1014 1219 quomodo

187 1236 244 1255 non
262 1228 328 1255 inde
344 1229 499 1255 confestim
525 1229 559 1255 ad
582 1228 662 1256 Pauli
680 1228 879 1263 commigrasti
903 1235 1014 1262 vocem,

190 1281 247 1308 qua
263 1273 351 1300 dicit:
369 1272 507 1307 Spiritum
528 1273 594 1300 Filii
606 1273 684 1300 sui"
706 1273 719 1300 ?
732 1273 816 1300 Certo
842 1273 904 1300 loco
929 1272 1013 1301 efﬁn-

186 1317 289 1352 gendae
314 1320 480 1344 monstrosa:
505 1317 698 1352 processionis
719 1317 1012 1348 facileintellexisses,

187 1361 290 1389 merito
306 1361 363 1388 dici
380 1361 522 1396 Spiritum
540 1361 612 1395 Filii,
625 1362 763 1398 quoniam
775 1361 898 1397 Spiritus
915 1364 1014 1390 manet

190 1406 221 1433 in
238 1405 318 1433 Filio.
336 1406 447 1433 Mansio
463 1406 540 1434 enim
566 1406 690 1442 Spiritus
706 1406 735 1434 in
752 1406 823 1434 Filio
847 1414 935 1434 causa
956 1415 1012 1434 non

189 1449 300 1477 occulta
317 1459 368 1477 nec
378 1451 502 1478 nimium
515 1450 653 1479 abstrusa
665 1451 761 1484 fuerit,
771 1459 822 1479 cur
831 1451 943 1479 dicatur
953 1451 1012 1486 Spi-

186 1495 263 1523 ritus
290 1494 362 1522 Filii.
386 1495 455 1527 Quid
489 1504 615 1531 namque
643 1496 764 1532 propius
788 1496 1011 1532 intelligendum

1071 960 1097 988 ἐν
1122 963 1161 997 τῷ
1190 961 1255 997 rte»
1285 960 1413 997 οὐδεμίαν
1442 962 1493 999 γὰρ
1525 960 1637 989 ἐνταῦθα
1664 961 1847 1000 παραλλαγήν
1877 963 1899 997 ἡ

1069 1008 1123 1033 τῶν
1149 1006 1278 1033 πτώσεων
1307 1007 1362 1042 (36)
1387 1005 1487 1043 εἶσάγει
1512 1004 1639 1045 διαφορά.
1667 1006 1717 1034 Καὶ
1741 1007 1754 1034 ὁ
1778 1008 1899 1045 προφή-

1069 1060 1119 1085 της
1134 1049 1162 1077 δὲ
1178 1050 1287 1081 Ἡσαΐας
1309 1049 1409 1078 ἄνωθεν
1429 1051 1462 1078 τὰ
1482 1050 1661 1088 παραπλήσια
1686 1051 1899 1090 χρησμολογῶν

1069 1094 1174 1122 καὶτὸν
1198 1094 1324 1131 χρησμὸν
1355 1094 1393 1125 εἷς
1422 1095 1568 1132 πρόσωπον
1599 1095 1737 1133 ἀναφέρων
1762 1097 1898 1132 Χριστοῦ·

1069 1141 1180 1175 Πνεῦμα
1209 1139 1320 1176 Κυρίου,
1350 1139 1432 1178 φησὶν
1460 1140 1528 1176 (37),
1559 1139 1601 1167 ἐπ’
1630 1139 1688 1176 ἐμέ·
1733 1140 1764 1167 οὗ
1793 1139 1900 1167 εἵνεκιν

1068 1183 1162 1221 ἔχρισέ
1197 1194 1240 1220 με.
1275 1184 1411 1215 ’Ἡκουσάς
1444 1194 1511 1212 ποτε
1542 1186 1596 1211 τῶν
1636 1184 1749 1212 κλεινῶν
1785 1183 1900 1211 ἐκείνων

1068 1228 1220 1266 Γρηγορίου
1235 1229 1252 1263 ἧ
1269 1228 1407 1265 Ζαχαρίου
1428 1229 1513 1267 (τάχα
1539 1229 1590 1267 γὰρ
1617 1239 1663 1256 σου
1686 1228 1795 1265 μᾶλλον
1819 1228 1900 1256 οὗτοι

1067 1272 1099 1299 τὸ
1127 1270 1232 1302 ἀναιδὲς
1254 1270 1410 1299 διαλύουσιν
1438 1273 1494 1308 (38)
1518 1271 1556 1303 εἷς
1584 1271 1676 1308 αἲδώ)
1701 1271 1822 1306 ἤκουσας
1848 1273 1899 1299 λε-

1067 1316 1172 1353 γόντων
1190 1316 1286 1343 αὐτῶν·
1308 1317 1342 1343 Τὸ
1367 1318 1477 1352 Πνεῦμα
1506 1315 1533 1343 ἐν
1560 1318 1600 1352 τῷ
1644 1316 1698 1352 Υἱῷ
1729 1317 1813 1352 μένει·
1846 1317 1896 1343 καὶ

1066 1362 1125 1390 πῶς
1142 1361 1219 1391 εὐθὺς
1238 1361 1288 1387 οὐκ
1310 1359 1458 1398 ἀνέδραμες
1483 1359 1581 1388 ἐκεῖθεν
1605 1361 1642 1391 εἷς
1672 1361 1722 1394 τήν
1744 1363 1793 1388 τοῦ
1820 1360 1901 1389 Παύ-

1068 1405 1119 1434 λου
1135 1408 1239 1446 φωνήν,
1263 1406 1297 1434 δι’
1322 1408 1356 1441 ἦς
1379 1417 1457 1447 φησι.
1483 1408 1521 1434 Τὸ
1546 1409 1658 1444 Πνεῦμα
1682 1409 1732 1434 τοῦ
1756 1407 1822 1434 Υἱοῦ
1848 1406 1902 1434 αὐ-

1065 1453 1114 1479 τοῦ
1141 1452 1207 1487 (39),
1233 1451 1279 1478 καὶ
1303 1452 1362 1479 ἀντὶ
1387 1454 1436 1478 τοῦ
1463 1451 1655 1489 τερατολογεῖν
1683 1452 1734 1486 τὴν
1762 1450 1900 1487 ἐκπόρευο

1067 1506 1108 1523 σιν
1126 1494 1266 1531 διανέστης
1282 1496 1320 1527 εἷς
1335 1497 1365 1523 τὸ
1384 1499 1470 1531 νοεῖν,
1488 1497 1526 1526 ὡς
1549 1496 1608 1523 ἐπεὶ
1632 1496 1664 1524 τὸ
1690 1498 1797 1532 Πνεῦμα
1820 1495 1901 1532 μένει

228 1557 251 1575 ⁷⁷
265 1558 350 1586 Joan.
367 1567 386 1594 ι,
402 1558 437 1586 32
479 1558 502 1576 ⁷³
518 1559 571 1587 Isa.
588 1567 644 1593 ιιι,
660 1559 696 1593 2;
714 1559 782 1588 Luc.
798 1568 838 1592 IV,
856 1560 898 1592 18,
936 1558 960 1576 ⁷⁹
974 1559 1014 1587 Ga

1075 1581 1079 1593 ,
1096 1567 1134 1592 1v,
1149 1560 1177 1587 6.

802 1632 925 1661 VARI/EI
940 1632 1135 1661 LECTIONES
1154 1632 1197 1660 ET
1210 1632 1327 1660 NOTE.

188 1696 286 1736 textus
307 1696 351 1721 est
367 1694 513 1736 ejusmodi
530 1703 564 1722 :«
581 1694 663 1736 Unde
678 1696 868 1736 ipsaquoque
893 1695 1015 1736 Veritas,
1033 1696 1053 1729 C
1072 1703 1158 1736 opere
1167 1695 1410 1736 deprehenderat,
1424 1694 1548 1736 scribit:
1561 1695 1663 1736 «Papa
1687 1694 1847 1735 Gregorius
1862 1695 1902 1736 ad

189 1733 223 1757 ut
252 1730 337 1757 fidem
359 1730 511 1765 discipulis
533 1733 662 1766 augeret.
692 1732 770 1758 dixi:
787 1730 891 1758 Sinon
912 1731 1016 1765 abiero,

189 1766 347 1793 Paraclotus
368 1774 421 1793 non
441 1767 531 1793 veniet
546 1768 585 1794 ad
607 1775 654 1793 vos
677 1767 767 1800 (Joan.
792 1775 850 1798 xv1,
874 1767 916 1802 7).
942 1766 1015 1793 Cum

190 1802 267 1828 enim
285 1805 407 1833 constet,
425 1802 493 1837 quia
510 1802 671 1829 Paracletus
679 1803 803 1836 Spiritus
817 1810 834 1829 a
849 1805 932 1829 Patre
942 1810 1012 1829 sem-

189 1845 239 1873 per
250 1837 369 1869 procedit
380 1842 404 1864 el
416 1837 501 1872 Filio,
513 1845 564 1864 cur
574 1846 605 1865 se
622 1838 711 1865 Filius
730 1846 910 1865 recessurum
932 1838 1012 1871 dicit,

191 1877 220 1900 ut
238 1873 284 1899 ille
305 1873 409 1904 veniat,
436 1874 517 1908 quia
541 1873 611 1900 Filio
636 1882 784 1908 nunquam
811 1874 940 1901 recedit?
959 1874 1013 1901 Sed

191 1908 449 1945 quiadiscipuliin
466 1916 552 1936 carne
568 1909 723 1937 Dominum
748 1909 887 1943 videntes,
911 1917 1013 1945 corpo-

192 1945 247 1972 reis
263 1944 340 1971 hunc
358 1945 450 1971 oculis
468 1952 583 1979 semper
594 1945 691 1973 videre
711 1945 859 1978 sitiebant,
877 1947 952 1972 recte
963 1944 1014 1972 Veis

192 1980 317 2007 dicitur:
336 1980 395 2007 Nisi
411 1988 457 2015 ego
471 1981 738 2012 aberio,Paracletus
752 1989 807 2008 non
822 1982 911 2008 veniet
921 1990 930 2008 :
943 1989 975 2008 ac
990 1981 1014 2008 si

192 2019 293 2051 aperte
309 2016 471 2043 diceretur:
488 2016 517 2043 Si
538 2024 643 2052 corpus
659 2025 715 2044 non
733 2017 884 2050 subtraho,
897 2018 963 2052 quis
976 2017 1015 2043 sit

192 2060 274 2079 amor
288 2051 425 2086 Spiritus,
443 2060 501 2079 non
530 2051 662 2086 ostendo,
678 2055 706 2080 et
716 2053 772 2080 nisi
799 2060 846 2080 me
868 2051 1014 2080 desieritis

192 2088 380 2122 corporaliter
405 2095 532 2118 cernere,
556 2096 703 2122 nunquam
740 2096 785 2115 me
802 2088 906 2115 dicetis
931 2088 1016 2123 spiri-

192 2124 310 2150 tualiter
327 2131 434 2150 amare.
453 2133 466 2147 »
483 2123 680 2150 —Conlextus
700 2131 768 2151 sane
783 2123 851 2150 talis
867 2125 919 2156 est,
936 2127 965 2149 ut
981 2131 1014 2150 ex

193 2159 290 2186 Graeco
307 2166 355 2193 per
372 2167 401 2185 se
426 2158 600 2193 deprehendi
626 2168 683 2185 non
713 2159 839 2194 potuerit
862 2166 1017 2194 suppressa

193 2194 314 2222 assertio
329 2192 519 2229 processionis
530 2194 657 2229 Spiritus
668 2192 758 2221 sancti
769 2203 784 2221 a
793 2194 865 2221 Filio
881 2203 888 2227 ;
899 2192 972 2221 illud
983 2192 1015 2229 _év

191 2232 230 2264 τῷ
245 2230 300 2263 Υίῷ
327 2228 447 2264 διαμένει
469 2227 622 2263 respondet
645 2230 762 2257 verbis:
786 2229 879 2259 ’Ὁστις
903 2228 948 2255 ἀπ’
963 2227 1014 2255 αὔ-

191 2267 239 2292 τοῦ
254 2264 382 2292 οὐδέποτε
399 2264 547 2301 ἐχωρίσθη.
574 2265 822 2301 Ιηάυδίιδιοννειηο
851 2268 896 2293 est
920 2265 1016 2292 Latini

193 2305 290 2329 textus
302 2303 408 2329 veritas
424 2300 458 2328 ex
477 2301 615 2328 omnibus
640 2300 869 2336 exemplaribus;
897 2301 1015 2327 indubi-

193 2341 283 2364 latum
302 2347 357 2364 non
378 2337 484 2371 minus,
505 2336 676 2372 Gregorium
693 2337 729 2365 M.
743 2336 874 2372 pluribus
891 2337 920 2363 in
943 2337 1013 2364 locis

192 2374 297 2404 dogma
321 2375 355 2400 de
373 2373 556 2408 processione
571 2372 698 2407 Spiritus
720 2375 813 2400 sancti
835 2380 870 2400 ex
885 2373 968 2400 Patre
987 2375 1014 2399 et

191 2408 261 2434 Filio
277 2410 446 2442 assoruisse,
470 2411 503 2436 ut
527 2409 623 2436 Morel.
641 2408 721 2442 lib.i,
741 2417 767 2436 c.
792 2409 845 2442 30;
871 2417 897 2440 ν,
921 2416 945 2436 c.
970 2408 1015 2441 65,

191 2443 310 2480 homiti
321 2445 349 2470 in
367 2444 472 2479 Evang.
492 2445 540 2472 ubi
558 2445 599 2471 ait
616 2453 622 2471 :
639 2455 653 2469 «
669 2445 796 2480 Spiritus
809 2445 899 2471 sancti
913 2444 1015 2471 missio

191 2479 410 2516 ipsaprocessio
427 2484 480 2516 est,
496 2488 554 2514 qua
570 2481 605 2507 de
620 2479 704 2508 Patre
720 2481 888 2516 proceditiet
905 2479 1013 2516 Filio.»

190 2529 224 2534 —
240 2514 325 2541 Plura
342 2514 404 2549 ejus
415 2515 582 2543 testimonia
605 2514 833 2549 collegit/Encas
847 2515 1015 2542 Perisiensis

190 2559 214 2577 ο.
232 2550 320 2577 Οτιεο.
337 2551 432 2576 Βιό-ὃυ.
452 2550 556 2585 (Μιοινε
572 2554 591 2578 t.
611 2552 710 2584 CXXI,
736 2560 764 2586 p.
780 2552 843 2584 711,
859 2551 932 2585 712).
949 2551 1013 2578 Jam

190 2586 319 2613 Joannes
335 2586 479 2613 Diacouus
502 2586 551 2613 lib.
567 2595 605 2620 IV,
622 2595 648 2621 ο,
663 2588 699 2614 75
709 2588 745 2614 de
761 2588 820 2614 vita
840 2587 871 2614 B.
884 2586 1014 2620 Gregorii

191 2622 308 2662 scribit:
324 2633 336 2645 «
355 2622 432 2661 Quos
448 2621 537 2649 libros
550 2622 704 2685 (dialolgos)
712 2622 877 2655 Zacharias,
887 2622 916 2650 Β.
930 2621 1012 2649 Rom.

191 2658 324 2685 Ecclesiae
341 2665 506 2685 episcopus.
519 2659 615 2685 Grazco
664 2659 797 2685 atinouue
815 2665 948 2685 sermone
964 2658 1012 2685 do-

190 2657 324 2685 Ecclesiae
341 2658 506 2692 episcopus,
519 2659 615 2685 Grazco

191 2693 349 2724 ctissimus,
388 2692 568 2728 temporibus
601 2692 781 2721 Constantini
816 2694 1011 2728 imperatoris,

192 2731 257 2764 post
273 2736 365 2755 annos
378 2728 466 2755 ferme
481 2728 532 2764 175
544 2729 570 2764 in
588 2729 714 2757 Graecam
741 2729 869 2764 linguam
893 2737 1013 2756 conver-

190 2763 255 2791 tens
280 2764 470 2791 orientalibus
505 2763 642 2792 Ecclesiis
667 2763 844 2800 divulgavit;
877 2765 1012 2800 quamvis

191 2803 281 2827 astuta
318 2800 475 2827 Grazcorum
508 2801 669 2833 perversitas
695 2801 726 2827 in
759 2802 1013 2828 commemoratione

191 2836 309 2870 Spirilus
316 2836 406 2872 sancti
413 2844 429 2862 ιι
437 2836 521 2872 Patre
527 2837 697 2872 procedentis
703 2844 811 2872 viantem
819 2836 886 2864 Filii
893 2837 1011 2872 suaptim

191 2873 292 2899 radens
303 2871 456 2898 abstulerit.
472 2871 597 2907 iamiam
613 2871 695 2907 Hugo
709 2871 880 2907 Etherianus
889 2872 952 2907 (lib,
968 2880 1010 2900 in.

192 2915 217 2935 c.
232 2908 293 2941 121,
308 2915 337 2942 p.
355 2907 433 2941 1259)
451 2906 501 2942 qui
516 2906 545 2934 id
567 2906 699 2935 fortassis
714 2914 749 2934 ex
764 2906 818 2934 hoc
831 2906 896 2941 ipso
916 2906 1011 2934 Photii

664 2659 797 2693 atinoque
815 2665 948 2685 sermone
964 2658 1014 2685 do-
1035 2664 1037 2667 ‘

1071 1732 1190 1758 Petrum
1207 1730 1367 1758 Diaconum
1379 1731 1415 1757 de
1427 1731 1518 1758 sancti
1531 1731 1657 1766 Spiritus
1673 1730 1861 1766 processione
1871 1732 1901 1758 in

1071 1766 1198 1801 capitulo
1215 1767 1339 1801 quodam
1352 1766 1429 1801 cujus
1451 1774 1507 1793 non
1520 1765 1560 1793 est
1582 1765 1680 1800 ﬁdelis
1693 1766 1768 1800 apud
1792 1765 1904 1794 Grato:

1071 1802 1273 1837 interpretatio,
1293 1802 1364 1829 talia
1379 1802 1555 1837 loquitur....
1578 1802 1648 1829 Cum
1670 1802 1747 1828 enim
1771 1805 1902 1833 constet.

1068 1838 1138 1873 quia
1155 1838 1319 1865 Paracletus
1331 1838 1457 1872 Spiritus
1468 1845 1502 1864 ex
1518 1837 1601 1864 Patre
1616 1845 1732 1872 semper
1756 1838 1902 1873 procedat

1068 1877 1097 1901 et
1111 1873 1192 1906 Filio,
1209 1881 1261 1901 cur
1277 1881 1308 1900 se
1326 1873 1416 1901 Filius
1428 1884 1443 1898 »
1461 1876 1515 1901 etc.
1536 1873 1577 1900 ΟΥ.
1593 1873 1696 1900 Barou.
1714 1873 1749 1900 ad
1781 1881 1809 1901 a.
1829 1873 1897 1908 593,

1068 1917 1097 1937 ιι.
1108 1909 1151 1936 47.
1165 1909 1253 1936 Erant
1266 1909 1315 1944 qui
1327 1909 1428 1936 Pholio
1439 1909 1493 1943 ipsi
1502 1908 1646 1943 ejusmodi
1659 1908 1897 1936 falsilicationem

1068 1945 1250 1975 tribuerent;
1266 1945 1315 1971 sed
1342 1947 1418 1972 certe
1440 1944 1541 1971 Photio
1553 1944 1636 1971 debet
1657 1951 1719 1971 esse
1735 1944 1897 1979 antiquior.

1068 1980 1139 2007 Vide
1155 1983 1184 2007 et
1197 1980 1272 2015 Scip.
1291 1980 1383 2007 Maft‘ei
1400 1980 1429 2007 in
1458 1979 1555 2007 Vitam
1576 1980 1719 2007 Zachariae
1743 1980 1901 2007 Pontiﬁcis

1068 2016 1098 2043 in
1111 2016 1184 2043 libro
1199 2015 1370 2050 (Pontiﬁcali
1396 2016 1500 2050 (MIGNE
1520 2015 1624 2042 Patrot.
1650 2018 1718 2042 tum.
1745 2015 1900 2050 CXXVIII,

1070 2060 1099 2087 p.
1117 2051 1298 2087 1079,1080).

1106 2088 1162 2122 (27)
1173 2087 1231 2114 Col.
1248 2086 1328 2115 deest
1342 2086 1356 2113 ὁ
1373 2089 1427 2114 art.

1106 2123 1162 2158 (28)
1172 2123 1214 2150 Ci‘.
1226 2122 1320 2149 Photii
1333 2122 1569 2157 disquisitionem
1582 2122 1616 2149 de
1626 2121 1730 2149 Verbis
1738 2121 1845 2149 Matth.
1859 2130 1902 2155 xl,

1073 2159 1116 2187 11.
1131 2159 1159 2185 in
1176 2159 1261 2191 epist.
1280 2158 1340 2191 135,
1358 2158 1533 2194 p.180-189.

1073 2229 1077 2235 Ι
1107 2194 1163 2257 (:29)
1175 2194 1245 2221 Vide
1268 2192 1368 2229 ορυρεζ
1390 2198 1489 2222 contra
1507 2196 1563 2221 vet.
1585 2193 1668 2221 Rom.
1693 2192 1798 2221 assecl.
1814 2201 1842 2222 c.
1865 2194 1899 2220 11

1073 2238 1100 2257 In
1119 2239 1178 2257 ine.

1071 2238 1178 2258 mune.

1105 2266 1162 2301 (30)
1179 2265 1269 2292 Palat.
1384 2273 1410 2301 a,
1429 2274 1457 2300 μ.
1476 2262 1549 2301 διέτῳΔ
1561 2274 1588 2301 φ.

1105 2298 1161 2336 (31)
1178 2301 1266 2328 Palat.
1284 2300 1349 2337 ὑπὲρ
1366 2298 1514 2336 ἀνθρώπων
1531 2298 1681 2337 ἅνθρωπος.

1107 2337 1161 2372 (32)
1172 2337 1217 2364 Sic
1240 2336 1309 2372 Col,
1326 2335 1353 2371 p.
1377 2337 1439 2372 309,
1468 2336 1548 2363 Palat
1570 2335 1672 2364 ordine
1688 2335 1819 2372 inverso
1845 2335 1900 2368 τήν

1031 2356 1052 2388 υ
1068 2356 1479 2415 ...‘,:.:'g;;..j;;.sese;
1491 2356 1729 2415 ,ςξιςίινρξέῖναιίξ
1744 2356 1903 2406 genus

1067 2408 1113 2434 τὸν
1129 2408 1177 2434 τοῦ
1192 2417 1221 2434 π.
1239 2408 1370 2441 δεσπότην
1386 2417 1413 2435 κ.
1429 2423 1463 2428 -
1477 2408 1632 2443 καθάρσιον.

1104 2443 1162 2480 (33)
1170 2442 1439 2480 Ῠνδιίχᾴνεογμένους.

1104 2477 1223 2514 (34001.
1238 2477 1306 2506 ἴδον.

1103 2513 1159 2550 (35)
1182 2514 1282 2541 Photii
1311 2522 1427 2550 argum.
1466 2515 1542 2549 apud
1581 2515 1716 2545 Beccum,
1733 2513 1829 2550 lani,
1859 2513 1899 2550 ad

1068 2550 1177 2578 Theod.
1198 2551 1288 2586 Sugd.
1318 2549 1466 2585 c.79.(Gr.
1487 2550 1559 2578 orth.
1588 2550 1620 2583 II,
1644 2557 1671 2584 p.
1700 2549 1773 2586 144.)
1800 2549 1897 2586 Nico]:

1067 2585 1196 2617 Methon.
1221 2584 1298 2619 apud
1320 2587 1417 2613 eumd.
1436 2588 1507 2613 orat.
1534 2587 1555 2618 l,
1573 2588 1606 2613 de
1630 2593 1679 2612 un.
1705 2585 1781 2619 Eccl.
1808 2593 1836 2612 c.
1858 2584 1898 2611 60

1066 2621 1107 2657 (G.
1127 2622 1157 2650 0.
1175 2622 1196 2650 Ι.
1212 2617 1287 2657 201),
1305 2622 1381 2656 apud
1400 2621 1525 2649 Manuel.
1547 2621 1639 2648 Calec.
1657 2617 1786 2657 l.7iv,‘c.r
1801 2620 1895 2648 Grec.

1066 2656 1094 2693 p.
1114 2658 1166 2685 450
1181 2659 1209 2684 et
1225 2656 1308 2684 Aliui.
1330 2657 1433 2685 Vimlic.
1450 2665 1511 2692 εμπ.
1525 2657 1593 2690 Eph.
1611 2656 1697 2693 c.773,
1712 2665 1739 2691 p.
1757 2656 1821 2683 575.

1111 2694 1159 2727 36)
1175 2693 1243 2721 Scil.
1262 2701 1346 2720 casus
1362 2693 1449 2720 dativi
1465 2693 1507 2720 vel
1523 2692 1690 2720 accusativi.

1112 2730 1157 2763 37)
1182 2728 1236 2756 Isa.
1260 2737 1313 2762 ιιι,
1333 2729 1357 2761 1,
1381 2731 1420 2756 De
1434 2737 1492 2764 quo
1509 2731 1588 2756 textu
1610 2728 1687 2755 infra
1700 2727 1821 2754 uberius
1831 2727 1897 2754 dis-

1087 2766 1158 2791 utat.

1065 2772 1158 2799 putat.

1101 2800 1155 2835 (38)
1171 2800 1230 2827 Col.
1249 2798 1435 2827 διαλύσουσιν.

1100 2833 1156 2871 (39)
1173 2836 1320 2868 Gal.iv,6.
1340 2835 1469 2870 Respicit
1491 2835 1526 2863 ad
1548 2834 1769 2863 antecedentem
1797 2833 1898 2868 dispu-

1064 2871 1215 2906 tationem,
1227 2880 1312 2908 capp.
1326 2871 1422 2900 48-60.
