4058 6216
307 338 428 402 373

1419 342 1522 402 DE
1565 339 1629 402 S.
1677 338 2037 403 SPIRITUS
2085 339 2617 402 MYSTAGOGIA.

3597 341 3714 402 374

307 473 362 528 ἐν
387 476 469 542 τῷ
495 473 627 544 Υίῷ,
661 471 892 535 εἰκότως
924 471 988 528 ἃν
1018 470 1239 548 λέγοιτο
1271 472 1332 528 τὸ
1383 475 1602 546 Πνεῦμα
1648 475 1744 528 τοῦ
1795 473 1959 543 Υἱοῦ;

2077 475 2309 530 exhibet
2338 473 2482 529 illud
2515 473 2776 545 Apostoli
2807 473 3232 540 testimonium,
3273 476 3547 547 Spiritum
3591 495 3713 534 ma-

305 565 375 618 Ἦ
403 561 506 637 γὰρ
556 563 672 634 (40)
721 561 772 615 ἐν
822 565 902 633 τῷ
948 563 1060 632 Υἱῷ
1111 565 1207 616 τοῦ
1256 561 1569 634 Πνεύματος
1622 563 1761 634 μονὴ
1819 561 1965 617 αἰτία

308 651 370 706 ἃν
407 649 506 706 οὐκ
546 651 754 727 ἀφανὴς
789 649 873 721 εἴη
899 649 1028 704 οὐδὲ
1069 646 1159 704 διὰ
1192 649 1313 722 βίας
1346 651 1550 724 ἄγουσα
1590 651 1724 724 πρὸς
1770 652 1962 720 πειθὼ,

307 737 478 795 διὰτί
516 736 740 813 λέγεται
775 740 839 794 τὸ
881 739 1100 810 Πνεῦμα
1145 743 1243 792 τοῦ
1293 739 1422 792 Υἱοῦ
1471 741 1608 812 (41)·
1657 744 1813 793 ποῖον
1863 742 1963 815 γὰρ

305 829 610 905 ἐγγύτερον
645 831 680 898 ἡ
715 828 1058 898 ἀποστολική
1093 835 1298 902 χρῆσις
1358 829 1645 907 χαρίζεται
1695 834 1859 898 νοεῖν,
1901 830 1963 884 τὸ

311 923 534 991 Πνεῦμα
599 919 778 991 μένειν
849 917 901 973 ἐν
961 922 1042 990 τῷ
1111 918 1244 990 Υἱῷ,
1303 917 1338 988 ἢ
1407 917 1785 992 ἐκπορεύεσθαι
1868 923 1964 974 τοῦ

307 1009 480 1077 Υἱοῦ;
537 1005 752 1082 μᾶλλον
809 1005 865 1063 δὲ
905 1008 998 1063 καὶ
1047 1007 1180 1078 αὐτή
1234 1028 1296 1084 γε
1342 1010 1376 1076 ἡ
1419 1008 1697 1082 σύγκρισις
1748 1009 1966 1084 ἀπειρό-

305 1093 500 1153 καλον.
536 1098 606 1151 Τὸ
658 1096 751 1170 μὲν
803 1097 907 1173 γὰρ
957 1095 987 1151 6'
1025 1117 1082 1150 τε
1125 1099 1226 1150 τοῦ
1274 1101 1457 1150 κοινοῦ
1507 1097 1778 1152 Δεσπότου
1828 1097 1961 1154 σαλ·

305 1185 455 1255 πίζει
516 1186 831 1254 Βαπτιστῆς
883 1187 998 1259 (42)
1048 1186 1134 1240 κάξ
1187 1185 1214 1238 6
1263 1187 1552 1263 προφήτης
1595 1185 1764 1240 πάλαι
1822 1208 1962 1262 προ-

309 1272 577 1342 θεσπίζεὶ,
609 1273 700 1328 καὶ
751 1272 913 1336 αὐτὸς
945 1275 972 1328 6
1005 1275 1200 1348 Σωτὴρ
1247 1273 1626 1348 ἀναγινώσκων
1663 1275 1726 1329 τό
1770 1275 1961 1350 λόγιον

304 1362 716 1441 ἐπισφραγίζει’
775 1365 866 1418 καί
921 1363 1124 1434 ταύτην
1201 1366 1236 1434 ἡ
1313 1359 1556 1421 εὐσέϐεια
1629 1368 1728 1435 τὴν
1791 1387 1960 1438 μυστ-

304 1471 551 1526 αγωγιαν
609 1450 813 1507 ἐκεῖθεν
871 1449 1118 1507 λαϐοῦσα
1172 1457 1302 1506 πᾶσι
1363 1458 1574 1514 πιστοῖς
1635 1449 1960 1515 διδάσκαλος

302 1539 616 1611 πρόκειται·
654 1537 716 1593 σὺ
749 1536 808 1594 δὲ
845 1543 954 1594 τῶν
989 1544 1228 1616 ζοφερῶν
1259 1547 1361 1609 τῆς
1408 1535 1719 1602 δυσσεϐείας
1767 1538 1962 1602 ἀναδὺς

301 1625 519 1697 πυλῶν,
552 1628 670 1682 ἀντὶ
700 1631 798 1682 τοῦ
841 1625 1151 1703 δοξολογεῖν
1202 1650 1258 1684 σε
1303 1630 1366 1684 τὸ
1419 1635 1632 1703 Πνεῦμα
1685 1628 1858 1701 μένειν
1907 1631 1957 1685 ἐν

302 1721 387 1788 τῷ
441 1717 555 1788 1⁸ἱῷ
602 1716 692 1772 καὶ
746 1717 836 1773 ἐπὶ
885 1718 978 1774 τὸν
1030 1719 1176 1790 Υἱὸν,
1233 1721 1527 1794 θεομαχεῖς
1579 1719 1959 1794 ἐκπορεύεσθαι

2075 578 2212 619 nere
2250 563 2305 633 in
2343 563 2502 623 Filio,
2536 578 2606 616 an
2659 562 2964 632 procedere
2996 579 3030 617 a
3077 562 3258 618 Filio?
3317 563 3437 620 Imo
3490 569 3547 620 et
3591 566 3714 622 haec
3821 639 3825 648 1

2077 652 2208 722 ipsa
2224 651 2602 720 comportatio
2619 656 2709 704 est
2726 650 2944 721 inepta.
2964 650 3113 706 Illud
3130 651 3285 707 enim
3301 657 3357 708 et
3385 654 3716 710 communis

2079 741 2306 798 Domini
2339 740 2594 812 Baptista
2625 740 2915 811 praedicat,
2948 745 3004 794 et
3027 740 3437 811 prophetajam
3461 742 3597 800 olim
3620 759 3713 798 va-

2075 831 2354 886 ticinatus
2393 837 2499 898 est,
2532 828 2848 900 etipsemet
2869 829 3130 884 Salvator
3151 830 3450 884 oraculum
3477 829 3621 886 illud
3643 832 3718 886 le-

2073 937 2214 986 gens
2247 919 2516 990 obsignat
2560 927 2614 973 et
2661 918 3030 988 comprobat;
3074 917 3343 989 hancque
3389 920 3715 975 doctrinam

2075 1008 2330 1065 Ecclesia
2359 1007 2676 1064 orthodoxa
2698 1006 2831 1061 inde
2858 1010 3024 1062 nacta
3049 1007 3274 1062 cunctis
3298 1008 3569 1064 ﬁdelibus
3600 1009 3718 1064 dis-

2074 1099 2317 1155 cendam
2363 1097 2612 1169 profert;
2645 1101 2705 1151 tu
2757 1113 2888 1152 vero
2935 1112 2965 1150 e
3013 1095 3346 1167 caliginosis
3394 1097 3716 1168 impietatis

2069 1189 2268 1261 januis
2285 1204 2553 1259 egressus
2574 1187 2698 1242 loco
2722 1185 3073 1258 praedicandi
3094 1186 3372 1255 Spiritum
3403 1203 3636 1242 manere
3654 1189 3714 1241 in

2070 1278 2214 1334 Filio
2245 1282 2300 1335 et
2322 1293 2499 1347 super
2521 1276 2757 1338 Filium,
2783 1279 2894 1330 Deo
2919 1291 3251 1346 repugnans
3275 1275 3512 1338 asseris,
3547 1274 3714 1330 illum

2073 1387 2106 1425 a
2149 1370 2292 1424 Filio
2343 1369 2670 1442 procedere.
2713 1372 3013 1421 Permanet
3045 1366 3101 1419 in
3147 1365 3320 1436 Filio;
3365 1366 3578 1421 idcirco
3622 1370 3712 1420 est

2074 1459 2218 1524 Filii,
2250 1464 2308 1514 et
2339 1458 2476 1530 quia
2507 1457 2792 1528 ejusdem,
2827 1463 2885 1509 ut
2917 1455 3186 1525 superius
3217 1455 3355 1524 dixi,
3389 1459 3475 1510 est
3496 1463 3712 1509 natura

2072 1556 2127 1606 et
2157 1550 2386 1605 deitatis
2435 1556 2488 1603 et
2536 1546 2728 1617 gloriae
2772 1549 2829 1601 et
2881 1546 3148 1616 potentiae
3198 1553 3252 1600 et
3300 1545 3566 1612 virtutis;
3624 1546 3711 1599 vel

2073 1640 2304 1694 etiamsi
2343 1639 2451 1705 vis,
2485 1636 2621 1709 quia
2674 1637 2835 1706 ungit
2891 1633 3201 1690 Christum.
3257 1633 3497 1706 Spiritus
3564 1636 3711 1688 enim

2069 1729 2312 1793 Domini,
2352 1726 2564 1797 inquit,
2611 1741 2775 1797 super
2813 1741 2917 1789 me,
2961 1733 3248 1796 prapterea
3291 1722 3456 1777 unxit
3501 1738 3606 1789 me,
3658 1727 3716 1777 et

307 1805 489 1883 λέγων
517 1810 618 1862 τοῦ
649 1807 800 1866 Υἱοῦ.
849 1804 1074 1882 Δαμὲνει
1114 1809 1168 1863 ἐν
1205 1815 1286 1882 τῷ
1330 1811 1458 1882 Υἱῷ·
1504 1807 1592 1864 διὰ
1639 1811 1798 1865 τοῦτό
1851 1809 1959 1864 ἐστι

2075 1818 2206 1888 quia
2238 1815 2619 1872 obumbrante
2641 1814 2828 1884 ipso8°
2851 1813 3064 1884 Virgini
3101 1809 3710 1884 incomprehensibilis

304 1900 404 1950 τοῦ
461 1896 612 1952 Υἱοῦ·
663 1898 754 1952 καὶ
812 1895 896 1953 ὅτι
953 1901 1052 1963 τῆς
1107 1897 1298 1968 αὐτῆς,
1359 1900 1432 1962 ὡς
1489 1894 1654 1977 ἔφθην
1713 1901 1823 1974 [93]
1882 1900 1960 1955 εί-

300 1986 423 2040 πὼν
455 1987 594 2059 (43),
626 1986 838 2066 φύσεώς
868 1988 925 2042 τέ
955 1987 1068 2043 ἐστι
1099 1991 1212 2063 (44)
1243 1988 1332 2044 καὶ
1373 1991 1628 2060 θεότητος
1657 1991 1746 2044 καὶ
1801 1987 1961 2060 δόξης

302 2075 397 2128 καὶ
425 2072 711 2149 βασιλείας
740 2077 831 2130 καὶ
855 2074 1155 2151 δυνάμεωςο
1181 2078 1224 2133 εἷ
1257 2077 1444 2154 βούλει
1477 2076 1553 2150 δὲ,
1583 2080 1673 2134 καὶ
1704 2081 1786 2133 δτι
1813 2079 1958 2154 χρίει

299 2163 392 2217 τὸν
447 2161 704 2237 Χριστόνυ
756 2169 976 2237 Πνεῦμα
1029 2166 1132 2242 γὰρ
1201 2167 1420 2242 Κυρίου,
1480 2167 1664 2244 φησὶν,
1712 2165 1793 2222 ἔπ’
1835 2168 1956 2242 ἐμέ’

303 2253 367 2307 οὗ
424 2250 624 2308 ε’ίνεκεν
666 2248 852 2329 ἔχρισὲ
913 2275 998 2327 με·
1057 2255 1147 2310 καὶ
1206 2254 1345 2311 διότι
1403 2257 1806 2320 ἐπισκιάσαντος
1857 2260 1958 2314 αὐ-

304 2345 407 2397 τοῦ
445 2345 516 2415 τῇ
550 2341 811 2416 Παρθένῳ
840 2345 875 2413 ἡ
910 2343 1043 2418 ὑπὲρ
1076 2342 1246 2419 λόγον
1293 2343 1490 2418 ὑπέστη
1544 2345 1820 2420 σύλληψις
1869 2349 1958 2403 καὶ

306 2432 337 2485 6
381 2431 753 2508 ἀνέκφραστος
803 2430 893 2486 καί
939 2431 1180 2508 ἄσπορος
1227 2435 1476 2510 προῆλθε
1523 2437 1706 2498 τόκος·
1755 2438 1840 2491 ναὶ
1889 2434 1954 2506 δὴ

302 2522 393 2576 καὶ
455 2520 600 2577 διότι
659 2521 991 2579 ἀποστέλλει
1050 2525 1232 2581 αὐτόν·
1306 2525 1774 2602 Εὐαγγελίσασθαι
1831 2529 1956 2604 γὰρ,

307 2611 468 2685 φησὶ,
526 2617 780 2690 πτωχοῖς
838 2612 1140 2669 ἀπεσταλκὲ
1213 2636 1300 2688 με.
1365 2617 1538 2671 Πόσον
1598 2616 1692 2672 οὖν
1739 2615 1955 2690 ἄμεινόν

308 2721 396 2754 σοι
440 2699 531 2755 καὶ
580 2701 1013 2777 ἀκολουθότερον
1059 2707 1126 2771 ἦν
1173 2704 1261 2758 καὶ
1309 2711 1451 2760 νοεῖν
1503 2707 1591 2760 καὶ
1643 2704 1842 2781 λέγειν,
1883 2708 1995 2769 ὠς-

314 2787 387 2844 δι’
416 2787 471 2844 ’ἐν
496 2811 548 2844 τι
578 2795 686 2846 τῶν
727 2793 1144 2866 τεθεωρημὲνων
1195 2795 1413 2867 (45-49)
1441 2793 1476 2864 ἦ
1509 2794 1598 2849 καὶ
1647 2793 1735 2850 διὰ
1786 2795 1956 2852 πλείω

305 2878 530 2954 λέγεται
563 2883 785 2952 Πνεῦμα
815 2881 943 2934 Υἱοῦ
973 2881 1062 2936 καὶ
1103 2887 1324 2954 Πνεῦμα
1375 2885 1633 2959 Χριστοῦ,
1680 2883 1826 2940 ἀλλὰ
1878 2885 1954 2958 μὴ

299 2974 473 3025 ταῦτα
527 2975 756 3026 τοιαῦτα
824 2968 951 3026 ὄντα
1005 2973 1095 3027 καί
1155 2971 1495 3044 τηλικαύτην
1553 2973 1710 3048 ἰσχὺν
1758 2970 1960 3050 ἔχοντα

301 3061 391 3114 καὶ
459 3059 796 3116 ἀκολουθίαν
863 3064 988 3136 παρ’
1051 3058 1204 3117 οὐδὲν
1285 3064 1509 3136 θέμενον
1574 3063 1957 3138 ἀναπλασμοῖς

2071 1911 2305 1978 peracta
2327 1905 2431 1960 fuit
2453 1904 2774 1974 conceptio,
2799 1909 2854 1957 et
2875 1900 3181 1956 ineﬁ‘abilis
3201 1901 3324 1955 sine
3350 1900 3568 1955 semine
3587 1915 3716 1968 par-

2073 2000 2168 2050 tus
2199 1995 2452 2066 prodiit;
2486 2008 2594 2048 nec
2633 2009 2748 2047 non
2798 1991 2936 2064 quia
2980 1996 3036 2044 et
3084 1990 3278 2061 ipsum
3330 1989 3525 2044 mittit.
3574 1988 3713 2043 Nam

2069 2084 2448 2154 wangelizare
2470 2081 2808 2153 pauperibus
2847 2079 3004 2134 misit
3043 2077 3206 2133 me“.
3259 2079 3487 2143 Quanto
3532 2076 3713 2148 igitur

2069 2174 2284 2229 rectius
2315 2170 2870 2240 convenientiusque
2902 2175 3128 2238 poteras
3167 2172 3224 2222 et
3262 2165 3478 2221 sentire
3523 2169 3578 2220 et
3616 2166 3712 2220 di-

2069 2279 2217 2330 cere,
2251 2263 2322 2317 ob
2355 2276 2532 2316 unam
2565 2259 2816 2330 aliquam
2852 2261 2951 2312 aut
2984 2256 3178 2327 plures
3211 2255 3497 2309 dictarum
3530 2270 3710 2324 expo-

2069 2353 2351 2408 sitionum
2369 2349 2659 2406 nominari
2674 2347 2956 2419 Spiritum
2974 2344 3100 2402 Filii
3115 2343 3390 2416 etSpiritu
3403 2359 3456 2397 m
3471 2342 3706 2410 Christi,

2067 2458 2184 2498 non
2215 2447 2406 2496 autem
2438 2439 2530 2494 his
2560 2439 2702 2493 adeo
2732 2435 2937 2490 validis
2965 2439 3021 2490 et
3042 2433 3442 2490 consentaneis
3465 2432 3707 2487 rationi-

2067 2531 2179 2586 bus
2202 2529 2414 2600 spretis
2437 2526 2782 2583 commentis
2807 2523 3054 2596 propriis
3079 2521 3708 2594 imaginationibusque

2070 2619 2290 2676 nullam
2335 2616 2686 2673 habentibus
2723 2612 3166 2670 subsistentiam
3205 2611 3399 2666 conari
3439 2610 3708 2667 Ecclesiae

2069 2712 2338 2779 dogmata
2359 2719 2731 2777 corrumpere
2751 2703 2764 2758 l
2790 2705 3072 2760 Caeterum
3095 2701 3377 2774 prodeant
3400 2715 3602 2756 rursus
3622 2700 3707 2755 in-

2069 2800 2257 2873 clytus
2286 2797 2596 2854 Zacharias
2637 2799 2812 2867 atque
2861 2792 3192 2864 Gregorius,
3245 2806 3471 2846 mecum
3516 2790 3708 2846 adhuc

2069 2889 2400 2961 opinionem
2447 2892 2610 2942 tuam
2665 2882 3020 2940 confutaturi
3079 2880 3416 2953 (confutatio
3473 2880 3629 2935 enim
3679 2894 3710 2933 e

2069 2977 2402 3035 domesticis
2418 2977 2672 3048 profecta
2688 2973 2865 3030 etiam
2883 2969 3414 3044 impudentissimis
3435 2969 3711 3039 pudorem

2067 3069 2267 3139 creat).

307 3147 477 3213 ἶδίοις
536 3151 624 3205 καὶ
683 3150 996 3226 φαντασίαις
1049 3151 1440 3216 ἀνυποστάτοις
1495 3154 1795 3233 ἐπιχειρεῖν
1869 3164 1972 3226 τῆς
2029 3157 2357 3228 Ἐκκλησίας
2413 3156 2480 3210 τὰ
2536 3151 2782 3228 δόγματα
2849 3148 3214 3228 διαφθείρειν;
3274 3145 3426 3214 Πλὴν
3473 3143 3625 3206 αὖθις
3683 3145 3709 3198 ὁ

303 3237 521 3301 κλεινὸς
577 3239 853 3315 Ζαχαρίας
910 3238 1003 3294 καὶ
1065 3242 1369 3316 Γρηγόριος
1427 3242 1661 3318 παρίτω⁸
1719 3250 1820 3312 τῆς
1879 3251 1980 3314 σῆς
2039 3243 2196 3318 δόξης
2252 3247 2379 3306 τοὺς
2434 3243 2698 3320 ἐλέγχους
2756 3239 2867 3295 ἐστί
2929 3259 3022 3312 μοι
3071 3237 3524 3310 συνεργαζόμενος
3573 3235 3709 3307 (50)·

304 3328 333 3382 ὁ
361 3329 466 3403 γάρ
503 3327 567 3382 ἐκ
583 3331 690 3383 τῶν
717 3328 929 3383 οἰκείων
962 3323 1191 3406 ἔλεγχος
1223 3330 1313 3385 καὶ
1341 3336 1458 3394 τοῖς
1490 3330 1892 3395 ἀναιδεστάτοις
1923 3331 2364 3410 αἰδεσιμώτερος.

375 3418 482 3480 πς’.
521 3417 582 3472 Εἰ
630 3417 810 3473 τοίνυν
863 3419 1136 3493 Ζαχαρίας
1186 3421 1272 3475 καὶ
1322 3423 1622 3496 Γρηγόριος
1670 3424 1954 3486 τοσούτοις

2141 3427 2228 3481 86.
2262 3428 2320 3482 Si
2350 3441 2486 3498 ergo
2516 3423 2820 3482 Zacharias
2849 3424 2906 3477 et
2944 3418 3256 3492 Gregorius
3293 3419 3376 3472 tot
3417 3430 3707 3471 annorum

303 3499 476 3560 ἔτεσιν
508 3503 779 3576 ἀλλήλων
832 3505 1177 3578 διεστηκότες
1229 3508 1329 3565 οὐκ
1376 3508 1538 3586 ἔσχον
1593 3512 1690 3572 τὰς
1739 3513 1964 3588 γνώμας

305 3595 424 3669 περὶ
494 3601 600 3663 τῆς
663 3599 761 3650 τοῦ
837 3597 1102 3673 παναγίου
1171 3598 1487 3672 Πνεύματος
1592 3600 1962 3675 ἐκπορεύσεως

312 3681 685 3756 διισταμένας,
745 3682 1004 3755 δηλονότι
1064 3685 1153 3742 καὶ
1222 3689 1250 3743 6
1312 3689 1472 3763 μέσον
1531 3689 1734 3767 ἀμφοῖν
1798 3692 1964 3766 χορὸς

309 3774 454 3846 ἱερὸς
521 3774 660 3828 κατὰ
727 3771 992 3851 διαδοχήν
1060 3780 1168 3831 τῶν
1230 3778 1516 3852 ἱερατικῶν
1585 3787 1685 3850 τῆς
1743 3780 1963 3851 Ῥώμης

307 3866 640 3938 προστάντες
674 3867 887 3938 θεσμῶν
934 3869 1034 3938 τήν
1079 3868 1254 3939 αὐτὴν
1315 3868 1768 3942 ἀκαινοτομήτως
1806 3869 1962 3945 ἐπρέ-

307 3949 498 4009 ὦευὸν
556 3974 616 4008 τε
671 3956 761 4009 καὶ
821 3953 1212 4012 συνδιέθαλπον
1269 3957 1466 4013 πίστιν·
1533 3959 1635 4014 ὑπὸ
1691 3961 1795 4034 γὰρ
1850 3965 1958 4014 τῶν

305 4041 485 4118 ἄκρων
518 4042 586 4097 τά
620 4041 755 4115 μέσα
802 4046 915 4118 (51)
963 4045 1145 4118 ὥσπερ
1197 4047 1328 4120 ῥᾷον
1377 4047 1656 4121 συνέχεται
1704 4047 1796 4102 καὶ
1844 4069 1962 4103 συν-

304 4131 682 4206 ἀπαρτίζεται,
750 4132 894 4186 οὕτω
974 4140 1351 4209 συγκροτεῖται
1441 4137 1531 4191 καὶ
1606 4137 1959 4212 συγκατευθύ-

299 4241 466 4276 νεται.
507 4220 694 4276 Καίτοι
725 4221 838 4293 [94]
878 4241 941 4296 γε
989 4221 1043 4276 εἷ’
1085 4243 1169 4284 τις
1225 4227 1334 4278 τῶν
1383 4245 1441 4280 τε
1483 4226 1597 4296 (52)
1646 4226 1960 4302 φθασάντων

301 4311 388 4364 καὶ
455 4315 567 4364 τῶν
627 4309 911 4382 ἑπομένων
967 4311 1136 4387 ἁγίων
1197 4309 1406 4387 ἀνδρῶν
1466 4315 1603 4390 πρὸς
1662 4313 1958 4389 ἀλλότριον

309 4398 627 4455 ἀποκλίνων
677 4399 954 4477 φωραθείη
1009 4403 1292 4477 φρόνημα,
1351 4403 1450 4458 οὒκ
1524 4402 1734 4474 ἄδηλός
1791 4403 1956 4473 ἐστιν,

307 4489 378 4548 ὡς
423 4487 482 4543 ἐν
535 4489 582 4560 ᾧ
629 4492 730 4554 τῆς
779 4487 998 4544 ἐκείνων
1051 4490 1238 4546 ἑαυτὸν
1305 4489 1552 4567 διέρρηξε
1598 4494 1850 4564 πίστεως,
1905 4493 1956 4549 ἐν

2076 3517 2262 3589 spatio
2294 3516 2367 3572 ab
2397 3515 2646 3572 invicem
2678 3513 2965 3568 distantes
2993 3525 3106 3566 non
3138 3508 3466 3564 habuerunt
3487 3509 3716 3561 senten-

2073 3607 2184 3661 tias
2214 3607 2284 3662 de
2333 3603 2688 3662 sanctissimi
2737 3601 2990 3672 Spiritus
3039 3596 3408 3670 processione
3454 3594 3714 3661 dissitas,

2073 3701 2225 3753 certe
2246 3701 2302 3751 et
2323 3695 2555 3751 medius
2579 3694 2728 3748 inter
2747 3692 2856 3747 hos
2879 3691 3091 3746 chorus
3115 3687 3476 3758 pontificum,
3503 3683 3600 3756 qui
3622 3700 3718 3738 sa-

2073 3785 2188 3843 cris
2209 3785 2480 3840 Romanae
2504 3781 2768 3837 Ecclesiae
2787 3780 2988 3836 infulis
3011 3775 3554 3850 persuccessionem
3573 3790 3718 3845 pra:-

2074 3875 2329 3941 fuerunt,
2362 3873 2632 3928 eamdem
2663 3871 2789 3926 sine
2818 3869 2934 3924 ulla
2963 3866 3336 3923 innovatione
3367 3863 3716 3936 praedicabat

2070 3968 2126 4018 et
2161 3961 2387 4016 fovebat
2418 3960 2589 4014 tidem
2618 3973 2632 4024 ;
2665 3956 2734 4011 ab
2766 3955 3040 4010 extremis
3081 3956 3235 4007 enim
3271 3950 3478 4017 media,
3510 3965 3716 4020 quem-

2071 4049 2386 4108 admodum
2419 4047 2794 4103 continentur
2818 4048 2874 4099 et
2903 4040 3406 4107 communiuntur,
3438 4038 3517 4091 ita
3540 4037 3714 4091 etiam

2071 4140 2499 4198 constituuntur
2527 4139 2583 4192 et
2611 4134 2967 4204 diriguntur.
3002 4131 3349 4201 Quanquam
3382 4128 3431 4183 si
3464 4127 3597 4197 quis
3621 4141 3716 4181 ve-

2071 4228 2389 4286 tustiorum
2439 4229 2496 4281 et
2544 4223 2933 4296 posteriorum
2983 4223 3319 4275 sanctorum
3368 4215 3429 4271 in
3470 4231 3714 4270 sensum

2071 4317 2329 4374 alienum
2361 4315 2667 4372 deﬂexisse
2687 4310 3174 4384 deprehendatur,
3207 4307 3258 4363 is
3279 4307 3426 4362 citra
3450 4305 3712 4372 dubium,

2072 4407 2211 4463 dum
2245 4422 2308 4462 se
2339 4405 2412 4461 ab
2442 4404 2674 4459 illorum
2706 4400 2946 4458 divulsit
2977 4399 3111 4466 ﬁde,
3143 4396 3215 4452 ab
3247 4394 3448 4451 ordine
3481 4407 3716 4464 quoque

2071 4505 2244 4568 atque
2287 4493 2492 4550 throno
2532 4497 2589 4549 et
2633 4490 2968 4562 pontiﬁcatu
3017 4485 3399 4557 semetipsum
3449 4480 3711 4538 exscidit.

310 4577 483 4651 τούτῳ
514 4578 723 4633 καὶτοῦ
755 4581 929 4655 χοροῦ
974 4579 1064 4633 καὶ
1106 4584 1201 4634 τοῦ
1244 4581 1436 4656 θρόνου
1475 4583 1565 4637 καὶ
1617 4586 1715 4648 τῆς
1765 4582 1959 4658 ἀρχιε-

2075 4588 2156 4642 Ita
2187 4585 2364 4657 igitur
2395 4584 2850 4640 memoratorum
2882 4581 3213 4635 sanctorum
3243 4575 3420 4632 castus
3449 4574 3571 4628 tota
3595 4568 3715 4626 vita

309 4665 556 4740 ρωσύνης
622 4666 808 4721 ἑαυτὸν
876 4665 1236 4742 συνεξέτεμεν.
1294 4668 1450 4725 Οὕτω
1529 4672 1625 4744 μὲν
1686 4672 1778 4728 οὗν
1849 4677 1956 4728 τῶν

311 4753 611 4828 εἰρημένων
671 4753 839 4831 ἁγίων
899 4753 1111 4830 ἀνδρῶν
1167 4757 1195 4812 6
1256 4759 1426 4833 χορὸς
1471 4756 1526 4814 ἐν
1571 4755 1814 4832 εὐσεϐείᾳ
1865 4761 1958 4816 τὸν

312 4842 424 4918 βίον
457 4841 590 4899 ὅλον
627 4840 980 4919 διεφύλαττεν
1011 4847 1149 4919 (53).

373 4968 420 5004 ⁸⁸
451 4969 587 5025 Luc.
624 4985 665 5037 ι,
696 4968 784 5024 35.
861 4969 906 5006 ³¹
939 4969 1074 5026 Luc.
1112 4987 1186 5040 Iv,
1220 4972 1307 5028 18.

2069 4675 2346 4748 pietatem
2377 4671 2668 4729 tuebatur.

1479 5092 1720 5149 VARI/E
1761 5093 2151 5151 LECTIONES
2188 5093 2279 5150 ET
2317 5089 2550 5150 NOTE.

377 5185 488 5260 (to)
519 5182 702 5260 natat.
738 5183 781 5260 ιἐ
812 5183 1090 5260 ειδὲ-ιιηει
1117 5187 1243 5260 γάρ.

377 5257 489 5326 (41)
528 5256 650 5326 0041.
684 5256 786 5306 τοῦ
819 5254 946 5308 Υίοῦ
975 5253 1163 5312 αὺτοῦ.

379 5324 492 5396 (42)
522 5324 645 5398 βοὶ.
681 5327 986 5396 Βαπτιστής
1019 5327 1290 5398 σαλπίζει.

378 5397 493 5470 (43)
521 5397 878 5474 Vide-supra
920 5416 1061 5474 cap.
1101 5397 1217 5457 51(
1243 5403 1481 5457 Photius
1524 5406 1676 5474 apud
1719 5408 1954 5474 Beccum

313 5467 362 5554 Ι..
383 5467 554 5554 οξτο..
582 5471 618 5523 5
663 5469 754 5554 (ϐε.
780 5467 890 5554 0.,
917 5467 1008 5537 II,—
1030 5473 1171 5554 .142)
1203 5477 1486 5554 ευρθεῦμα
1533 5467 1765 5554 ξξριστοῦ
1817 5473 1956 5554 λέγει

315 5539 381 5665 τί
417 5537 680 5610 Πνεῦμα)
723 5537 808 5594 ὅτι
870 5537 1162 5614 ὁμοο·5σιον
1223 5545 1336 5616 Υἱῷ
1383 5537 1472 5598 καὶ
1531 5537 1612 5598 ὅτι
1663 5546 1745 5600 ἐπ’
1795 5537 1952 5602 αὔτ’ὸν

319 5631 484 5665 μνει.

381 5631 484 5668 νει.

318 5633 484 5683 μενει.

384 5684 496 5753 (AM)
527 5681 650 5740 Col.
684 5680 891 5757 φύσεώς
923 5684 1058 5744 ἐστι.

2164 5191 2360 5262 45-49)
2401 5188 2578 5262 Palat.
2615 5186 2791 5262 {.246
2820 5185 3013 5262 θητῶν
3043 5177 3424 5262 θεωρήμένων.

2164 5193 2360 5262 45-49)
2401 5193 2578 5244 Palat.
2615 5193 2652 5242 ι.
2685 5193 2791 5241 246
2820 5201 2870 5240 a.
2903 5193 3013 5238 τῶν
3043 5193 3424 5253 θεωρημενων.

2139 5193 2255 5336 (50)
2284 5262 2466 5336 Yatic.
2502 5259 2686 5336 f._20_7
2734 5274 2787 5314 a.
2839 5256 3019 5336 etiam
3063 5253 3270 5336 habuit
3315 5249 3710 5336 συνεργαζόμε-

2067 5323 2161 5395 νοξ
2178 5351 2190 5400 ;
2225 5323 2325 5388 sed
2358 5330 2663 5404 posteriori
2695 5345 2872 5385 manu
2909 5324 3241 5383 terminatio
3287 5323 3530 5396 pluralis
3559 5352 3629 5363 —
3659 5340 3712 5373 οι

2068 5404 2464 5476 superscripta
2491 5408 2597 5459 est.

2137 5462 2251 5546 (51)
2283 5462 2463 5532 Palat.
2500 5476 2537 5529 f.
2569 5474 2674 5528 246
2703 5490 2755 5529 a.
2788 5475 2896 5526 τῶν
2929 5467 3106 5545 ἄκρων
3137 5466 3203 5521 τά
3233 5463 3365 5538 μετᾶ
3396 5462 3598 5536 ὥσπερ.

2137 5549 2250 5620 (52)
2290 5548 2408 5604 Col.
2438 5547 2627 5620 omitt.
2665 5564 2743 5598 τε.
2796 5615 2829 5620 __
2875 5616 2884 5620 _
3038 5614 3050 5620 Α
3079 5614 3091 5620 _
3174 5610 3187 5620 _
3521 5607 3574 5620 Η
3661 5604 3672 5616 ,

2133 5607 2249 5691 (53)
2275 5620 2337 5675 In
2363 5619 2528 5692 epist.
2563 5617 2629 5672 ad
2658 5615 2910 5692 _Aqu_ilei'
2932 5610 3435 5692 archiepi_sc_opum
3467 5607 3702 5692 addnueit

2063 5697 2119 5748 et
2137 5676 2467 5748 ‘Ad'rianu‘m
2501 5693 2545 5759 Ι,
2578 5688 2675 5761 qui
2705 5676 2762 5745 εἰ
2781 5687 2905 5759 ipse
2929 5687 2989 5743 in
3018 5701 3109 5756 ep.
3132 5676 3205 5738 ad
3232 5676 3532 5736 Tarasium
3561 5676 3697 5745 Spi-
