4058 6216
0 3284 12 3294 ρ

0 3347 21 3362 r.

0 3417 26 3430 "'-

0 3437 18 3446 ..

5 3469 28 3492 ζ.

0 3557 28 3570 --

0 3575 14 3584 ο

0 3611 10 3618 .

0 3629 26 3657 ;‘1

0 3677 8 3686 α

0 3697 21 3708 ,ν

7 3749 14 3756 .

0 3850 3 3858 γ

7 3911 37 3938 ἲ..

0 3998 4 4005 ι
23 3989 74 4017 ἶὰκ

0 4071 10 4077 .
21 4065 28 4070 -
39 4046 66 4073 εξ
77 4046 95 4076 ι’

0 4141 32 4169 ῃ
61 4147 74 4152 -λ

7 4192 82 4220 ﬂ)"

0 4279 4 4286 ι
15 4261 74 4281 ”·¹¹

25 4291 58 4303 ,ρ

0 4347 20 4356 ,Α
41 4327 43 4330 ⁴
59 4327 72 4348 ἔ

21 4403 56 4420 ην

19 4527 40 4546 ’i

39 4549 44 4560 1

0 4635 14 4656 ί
29 4639 32 4642 .

0 4685 24 4712 ,ρ

0 4707 30 4725 gl

376 376 492 438 377

1483 371 1586 431 DE
1628 369 1690 430 S.
1739 366 2102 432 SPlRITUS
2142 365 2677 434 MYSTAGOGIA.

3657 372 3776 436 378

375 509 768 570 ἂπελαύνεσθάι
797 508 898 576 τὴν
927 503 977 576 ἐξ
1020 504 1352 578 ὑπολήψεως
1403 501 1761 580 ἑτεροδοξίαν,
1805 502 1891 559 ναὶ
1943 500 2009 570 δὴ

2154 507 2280 559 nter
2315 504 2372 560 S.
2439 504 2753 560 missarum
2796 503 3078 561 solemnia
3118 521 3348 565 sacrum
3393 514 3602 564 nostra:
3641 507 3776 564 ﬁdei

375 603 462 658 καὶ
515 602 578 657 τὸ
623 603 721 656 τοῦ
777 597 944 674 ἄγους
1001 593 1255 670 ἆρτιφυὶς
1314 595 1504 650 θᾶττον
1561 600 1662 663 τῆς
1703 595 2018 665 Ῥωμαϊκῆς

376 692 668 768 πρόῤῥιζον
719 685 1075 742 ἐκκόπτεσθαι
1119 681 1420 744 πολιτείας.
1490 682 1686 756 Διόπερ
1746 681 1808 737 ού
1853 683 2020 754 μόνον

377 781 426 837 ἐν
485 780 625 853 αὐτῇ
684 781 753 849 τῇ
808 773 1096 848 Ῥωμαίων
1135 771 1295 828 πόλει
1343 773 1752 848 προγράμματα
1809 791 1866 826 τε
1931 772 2020 826 καὶ

377 867 690 944 προθέματα
738 860 889 919 ἔθετο
939 864 1074 936 (64),
1131 861 1268 918 κατὰ
1320 861 1416 924 τὰς
1469 861 1732 934 μυστικὰς
1798 858 2022 937 ἱερολο-

379 957 496 1034 γίας
534 957 598 1011 τὸ
640 955 786 1029 ἱερὸν
837 959 938 1022 τῆς
986 951 1219 1012 πίστεως
1269 952 1430 1023 ἡμῶν
1479 946 1780 1024 σύμϐολον,
1811 951 1929 1004 καθ’
1961 951 2019 1004 ὃν

379 1047 581 1121 τρόπον
629 1043 721 1098 καὶ
781 1043 896 1096 κατ’
950 1039 1127 1114 ἀρχὰς
1168 1036 1472 1100 συνοδικοῖς
1535 1039 1625 1093 καὶ
1693 1043 1894 1115 φωναῖς
1934 1037 2022 1092 καὶ

382 1134 727 1210 ψηφίσμασιν
825 1127 1225 1198 ἐκπεφώνηται,
1309 1124 1534 1183 Ἑλλάδι
1620 1127 1848 1204 γλώσσῃ
1932 1127 2019 1182 καὶ

379 1225 502 1299 παρ’
560 1219 745 1282 αὺτοῖς
803 1217 1029 1279 ἐκείνοις
1094 1223 1210 1279 τοῖς
1275 1217 1374 1287 τήν
1469 1217 1759 1289 Ῥωμαίων
1841 1217 2024 1295 φωνὴν

2127 592 2478 667 symbolum,
2522 593 3020 666 quemadmodum
3060 600 3118 651 et
3162 596 3234 651 ab
3275 596 3438 652 initio
3485 595 3778 667 synodicis

2127 684 2365 739 vocibus
2391 684 2755 754 decretisque
2789 684 2979 740 fuerat
3007 686 3404 754 enuntiatum,
3444 686 3641 743 Greca
3668 686 3779 740 lin-

2129 790 2244 846 gua
2272 773 2446 829 etiam
2468 774 2620 844 apud
2650 772 2782 828 illos
2805 774 2984 843 ipsos,
3019 775 3116 846 qui
3143 775 3343 831 Latine
3369 775 3774 847 loquebantur,

2129 866 2490 934 recitaretur,
2524 865 2620 920 sed
2643 865 2820 920 etiam
2852 865 3126 920 omnibus
3152 866 3482 935 provinciis,
3509 883 3637 938 quas
3669 867 3777 922 Ro-

2131 971 2370 1010 manum
2397 954 2800 1027 pontificatum
2833 959 3002 1025 atque
3032 957 3295 1026 regimen
3324 958 3775 1024 venerabantur,

2130 1045 2280 1100 idem
2324 1044 2540 1100 sentire
2583 1043 2856 1116 idemque
2900 1060 3173 1116 peragere
3221 1048 3279 1100 et
3319 1045 3691 1100 sermonibus
3723 1049 3780 1101 et

2131 1134 2424 1205 synodicis
2475 1134 2682 1190 litteris
2738 1133 3036 1190 mandavit
3087 1132 3345 1203 dirisque
3392 1133 3780 1190 anathematis

2129 1220 2379 1277 vinculis
2415 1221 2710 1293 dogmatis
2741 1221 2893 1277 cavit
2931 1220 3278 1277 ﬁrmitatem.

381 1315 597 1390 ἀφιᾶσιν
657 1306 1125 1386 ἀπαγγέλλεσθαι,
1175 1304 1321 1361 ἀλλὰ
1379 1306 1470 1366 καὶ
1523 1308 1807 1380 πανταχοῦ
1862 1309 1968 1360 τῶν
2028 1305 2310 1383 ἐπαρχιῶν
2370 1307 2425 1362 αἳ
2478 1310 2577 1378 τήν
2639 1306 2925 1381 Ῥωμαίων
2994 1307 3409 1382 ἀρχιερωσύνην
3467 1305 3540 1363 δι’
3613 1305 3782 1362 εὐλα-

381 1398 529 1466 ϐείας
583 1401 678 1455 καὶ
735 1395 1034 1473 ἡγεμονίαν
1094 1396 1205 1467 (65)
1264 1392 1474 1469 ἄγουσι,
1533 1394 1594 1448 τὸ
1648 1392 1778 1448 αὐτὸ
1826 1399 2040 1470 φρὸνεῖν
2097 1397 2186 1452 καὶ
2248 1397 2527 1472 πράττειν,
2580 1398 2735 1472 ἅραῖς
2788 1416 2847 1450 τε
2877 1395 2988 1470 (66)
3041 1399 3137 1451 τοῦ
3165 1393 3439 1469 δόγματος
3476 1396 3538 1450 τὸ
3576 1395 3780 1469 ἀμετά-

389 1495 536 1549 θετον
564 1486 1010 1566 ἀσφαλισάμενος
1037 1483 1126 1539 καὶ
1160 1482 1348 1560 λόγοις
1382 1484 1468 1537 καὶ
1502 1484 1789 1558 γράμμασι
1821 1481 2130 1548 συνοδικοῖς
2161 1483 2500 1560 διεπέμψατο
2531 1488 2670 1560 (67).

449 1581 569 1651 πη¹.
622 1578 720 1634 Καὶ
774 1577 838 1646 ἦν
882 1577 918 1645 ἠ
969 1575 1160 1648 πρᾶξις
1210 1573 1312 1628 οὐκ
1360 1572 1526 1627 αὐτοῦ
1569 1572 1733 1645 μόνον
1766 1573 2032 1648 ἀρχιερα-

378 1670 630 1731 τεύοντος
661 1669 724 1724 τὸ
757 1661 1052 1739 σεϐάσμιον
1080 1663 1305 1740 ἔχουσα·
1338 1660 1485 1718 ἀλλὰ
1514 1661 1606 1717 καὶ
1646 1663 1673 1717 ὁ
1723 1667 1894 1738 πρᾶος
1943 1664 2031 1717 καὶ

2210 1577 2298 1632 88.
2331 1578 2512 1648 quue
2538 1593 2652 1632 non
2683 1575 2874 1632 solum
2913 1576 3041 1648 ipso
3074 1575 3472 1648 pontificatum
3497 1575 3788 1632 adminis-

2141 1669 2334 1722 trante
2364 1667 2767 1737 peragebatur,
2799 1665 2901 1721 sed
2927 1669 2984 1722 et
3009 1664 3164 1719 mitis
3193 1663 3292 1720 ille
3319 1679 3387 1719 ac
3420 1668 3790 1734 mansuetus,

380 1758 626 1830 ἒπιεικής
685 1758 776 1813 καὶ
857 1755 1177 1827 ἄσκητικοῖς
1260 1753 1466 1830 ἀγῶσιν
1554 1753 2033 1828 ἐναγλαϊζόμενος,

2154 1755 2680 1826 certaminibusque
2721 1754 2917 1811 clarus
2964 1752 3252 1822 asceticis,
3309 1752 3564 1825 inclytus
3612 1753 3792 1810 Bone-

383 1848 658 1920 ῥκλεινὸς
689 1844 1001 1909 Βενέδικτος
1035 1845 1062 1900 ὁ
1100 1847 1214 1920 μετ’
1257 1843 1460 1900 ἐκεῖνον
1499 1849 1596 1900 τοῦ
1646 1847 2032 1920 ἂρχιερατικοῦ

383 1923 578 2014 θρόνου
632 1934 896 2012 διάδοχος
953 1937 1088 2008 (68),
1144 1935 1207 1988 τὸ
1273 1936 1388 2008 [97]
1453 1933 1586 1989 αύτὸ
1641 1934 1732 1989 καὶ
1789 1933 2028 2010 στέργειν

381 2030 472 2084 καὶ
528 2027 811 2102 κρατύνειν
869 2025 934 2080 ού
991 2025 1092 2092 τήν
1149 2020 1394 2096 δευτέραν
1452 2023 1598 2094 τάξιν
1658 2017 1804 2097 ἔχειν
1844 2023 2033 2078 ἐσπού-

383 2110 560 2184 δαζεν,
612 2111 658 2166 εἷ
693 2110 810 2165 τκαὶ
861 2107 1188 2185 δευτερεύειν
1249 2107 1412 2162 αὐτὸν
1470 2108 1498 2162 ὁ
1548 2108 1747 2181 χρόνος
1806 2107 2030 2162 ὕπέτατ-

380 2223 466 2258 τεν
495 2203 634 2274 (69).
671 2199 732 2257 Εἴ
766 2197 823 2254 δέ
854 2219 936 2261 τις
983 2200 1096 2272 μετ’
1147 2195 1384 2259 ἐκείνους
1433 2195 1654 2271 γλώσσῃ
1705 2193 1904 2270 δολερᾷ
1940 2195 2029 2250 καὶ

379 2291 432 2346 τί
480 2292 556 2362 μή
609 2291 726 2362 (70)
774 2286 1125 2361 πλαττομένῃ
1170 2288 1285 2359 (71)
1331 2284 1417 2358 (ού
1461 2285 1563 2362 γὰρ
1604 2283 1814 2362 ἐθάρρει
1845 2288 2029 2360 γυμνῇ

378 2383 448 2452 τῇ
496 2377 714 2455 κεφαλῇ
765 2377 900 2450 πρὸς
946 2375 1014 2431 τὰ
1062 2373 1332 2430 κάλλιστα
1378 2376 1469 2429 καὶ
1517 2374 1904 2453 θεοφιλέστατα
1931 2395 2033 2428 πα-

382 2468 737 2544 ρατάττεσθαι
768 2469 898 2540 (72),
948 2464 1076 2520 ἀλλ’
1123 2461 1246 2519 οὐδὲ
1291 2467 1408 2538 (73)
1451 2464 1514 2519 τὸ
1545 2465 1766 2542 φρικτὸν
1797 2471 1898 2534 τῆς
1935 2464 2032 2518 πί-

387 2579 554 2621 στεως
615 2556 711 2611 ανᾶ
779 2553 1010 2630 χειλέων
1091 2556 1204 2628 (74)
1289 2554 1536 2609 ἁπάντων
1628 2554 2030 2630 περιφέρεσθαι,

383 2644 762 2720 προκάλυμμα
805 2651 904 2714 τῆς
949 2643 1175 2718 γνώμης
1233 2642 1477 2715 θέμενος)
1531 2644 1594 2697 τὸ
1643 2643 1806 2716 ῥηθὲν
1849 2644 2032 2696 θεοσε-

387 2734 641 2793 ὖεστατον
673 2734 765 2790 καὶ
798 2732 1232 2812 ὠφελιμώτατον
1271 2734 1384 2805 (75)
1424 2725 1583 2806 ἔργον
1633 2736 1742 2786 τῶν
1794 2730 2031 2802 Ἐκκλη-

391 2830 527 2883 σιῶν
575 2821 875 2899 περιέκειρὲ
917 2842 975 2877 τε
1019 2821 1108 2876 καὶ
1177 2818 1508 2894 ἐλυμήνατο·
1570 2819 1693 2894 [οὐκ
1749 2819 1880 2894 ἐμὸν
1929 2821 2031 2898 γὰρ

387 2914 618 2988 ὀνόματι
662 2914 762 2974 τὰς
819 2909 1198 2984 παλαμναίους
1241 2910 1460 2984 πράξεις
1515 2906 1811 2984 διεξιέναν]
1868 2910 2033 2972 αὐτὸς

383 3005 448 3060 ἂν
494 3001 668 3072 εῗδείη
698 3005 829 3075 (76)⁸
885 2998 1098 3074 μᾶλλον
1139 2997 1196 3054 δὲ
1235 3003 1445 3074 πικρῶς
1475 2996 1614 3054 οἶδεν
1647 3002 1760 3074 (77)
1801 2997 1910 3071 ἤδη
1943 3001 2031 3055 καὶ

2143 1843 2357 1912 dictus,
2391 1843 2552 1900 illius
2584 1845 2642 1899 in
2686 1843 3003 1914 pontiﬁcali
3046 1842 3182 1898 sede
3223 1857 3547 1910 successor,
3580 1842 3640 1896 in
3685 1843 3794 1898 hoc

2143 1935 2364 1988 tuendo
2383 1938 2442 1988 et
2470 1932 2821 1988 stabiliendo
2850 1948 2964 1986 non
2995 1946 3124 1987 esse
3156 1931 3450 1986 secundus
3483 1929 3794 1986 adniteba-

2141 2024 2240 2076 tur
2265 2021 2495 2076 tametsi
2519 2021 2840 2076 secundum
2867 2021 3014 2076 ratio
3047 2019 3328 2089 temporis
3352 2019 3546 2089 ipsum
3575 2019 3794 2074 consli-

2143 2111 2362 2166 tuebat.
2395 2109 2560 2176 Quod
2591 2109 2636 2164 si
2668 2110 2803 2181 quis
2832 2116 2962 2181 post
2991 2107 3124 2164 illos
3156 2107 3362 2179 lingua
3391 2107 3588 2164 dolosa
3619 2112 3675 2162 et
3707 2123 3794 2164 ve-

2145 2199 2508 2255 nerationem
2560 2198 2877 2254 simulante
2937 2197 3079 2270 (non
3148 2197 3303 2252 enim
3358 2204 3559 2268 aperta
3604 2197 3791 2254 fronte

2142 2289 2323 2362 [nudo
2355 2287 2564 2360 capite]
2608 2285 3055 2344 constitutiones
3093 2286 3346 2358 optimas
3379 2284 3793 2358 piissimasque

2141 2392 2478 2449 oppugnare
2521 2376 2790 2447 audebat)
2839 2376 2950 2432 sub
2994 2375 3254 2446 specioso
3303 2372 3497 2441 titulo,
3544 2375 3700 2444 quod
3731 2375 3790 2430 in

2142 2483 2240 2523 ore
2261 2467 2526 2522 omnium
2553 2466 2886 2539 symbolum
2906 2465 3050 2521 illud
3076 2464 3209 2521 ﬁdei
3229 2479 3348 2520 non
3369 2467 3521 2520 esset
3537 2465 3790 2521 circum-

2141 2556 2466 2625 ferendum,
2500 2561 2884 2612 memoratum
2924 2553 3259 2628 piissimum
3292 2551 3793 2626 utilissimumque

2141 2662 2286 2717 opus
2332 2645 2664 2703 rescindere
2694 2645 2766 2702 ab
2805 2643 3080 2702 Ecclesiis
3125 2649 3184 2701 et
3221 2643 3570 2714 abrumpere
3611 2643 3794 2702 voluit

2143 2735 2280 2806 (non
2321 2735 2480 2791 enim
2519 2737 2612 2791 est
2656 2750 2872 2802 meum,
2917 2735 3150 2790 nomine
3199 2735 3502 2789 auctorum
3552 2731 3793 2788 scelesta

2143 2824 2400 2880 facinora
2453 2823 2746 2896 prosequi)
2788 2840 2802 2878 :
2847 2823 2972 2894 ipse
3002 2823 3244 2893 noverit,
3275 2822 3396 2880 imo
3435 2825 3642 2882 acerbe
3664 2825 3792 2895 jam

2142 2917 2200 2970 et
2231 2914 2444 2970 misere
2467 2913 2624 2970 novit
2646 2930 2848 2986 poenas
2869 2913 3004 2969 inde
3025 2913 3194 2970 luens
3217 2915 3476 2971 subdolae
3499 2912 3792 2970 temerita-

2143 3003 2239 3058 tis.
2273 3005 2336 3058 At
2365 3001 2463 3059 ille
2494 3002 2732 3074 quidem
2761 3003 2918 3075 (silet
2937 3002 3092 3059 enim
3125 3008 3181 3059 et
3210 3004 3358 3075 ipse,
3389 3003 3529 3060 licet
3552 3003 3792 3072 invitus)

385 3093 591 3155 ἀθλίως
621 3059 722 3159 τὴν
756 3059 910 3160 δίκην
942 3089 1138 3144 ἐκεῖθεν
1173 3059 1626 3164 εἴσπραττόμενος
1650 3059 1772 3158 ὶτῆς
1823 3090 2032 3168 ὑφείλου

2154 3093 2206 3148 in
2225 3092 2440 3148 silentii
2463 3093 2760 3164 regionem
2787 3094 3077 3164 projectus
3092 3093 3300 3164 jaceat.
3324 3093 3567 3149 Divinas
3595 3095 3790 3147 autem

381 3181 622 3254 τόλμης’
687 3178 813 3234 ἄλλ’
862 3179 1068 3244 ἐκεῖνος
1119 3179 1212 3252 μὶν
1265 3181 1412 3254 (σιγᾷ
1459 3180 1563 3255 γὰρ
1609 3179 1698 3234 καὶ
1747 3177 1931 3251 αὐτὸς,
1985 3179 2036 3235 εἴ

383 3271 471 3324 καὶ
543 3271 623 3343 μὴ
683 3267 840 3340 ἑκὼν)
898 3267 975 3331 εἷς
1030 3266 1093 3323 τὸ
1156 3273 1257 3336 τῆς
1318 3273 1478 3342 σιγῆς
1532 3265 1846 3347 ἆπερῥίφθω
1923 3287 2035 3344 χω-

386 3360 498 3438 ρίον
549 3361 691 3435 (⁷78).
745 3359 803 3414 '0
841 3355 899 3413 δὲ
945 3377 1009 3432 γε
1053 3359 1165 3431 [98]
1211 3357 1494 3420 θεσπέσιος
1542 3355 1691 3412 Λέων
1739 3358 1804 3413 ού
1866 3355 2034 3434 μέχρι

2146 3181 2252 3237 Leo
2273 3198 2388 3236 non
2412 3182 2481 3237 ad
2507 3197 2572 3237 ea
2603 3181 2814 3247 solum,
2838 3197 2966 3254 quae
2988 3181 3268 3250 diximus,
3299 3182 3507 3239 bonam
3530 3181 3704 3236 istam
3737 3186 3793 3236 et

2143 3287 2178 3326 a
2210 3275 2320 3326 Deo
2352 3269 2695 3342 inspiratam
2728 3287 2928 3326 curam
2961 3278 3015 3326 et
3047 3270 3332 3327 actionem
3366 3268 3654 3343 produxit,
3688 3268 3793 3325 sed

2142 3359 2337 3430 etiam,
2397 3376 2528 3416 cum
2576 3364 2870 3418 exstarent
2934 3361 2995 3416 in
3053 3360 3408 3432 repositoriis
3459 3359 3792 3433 principum

1587 3485 1826 3543 VARIIE
1867 3487 2263 3546 LECTIONES
2304 3489 2390 3546 ET
2419 3488 2654 3546 NOTIE.

453 3614 571 3684 (64)
603 3611 730 3684 Coi.
770 3608 935 3684 Etiam
975 3613 1154 3684 deest.

618 3683 800 3760 i’alat.
853 3681 942 3760 διαὶ
972 3683 1192 3758 ήγενίας
1240 3679 1330 3756 ἄγ.
1363 3683 1481 3740 Col.
1514 3683 1814 3760 ἡγεμονίας
1844 3684 1935 3759 ἄγ.
1983 3687 2046 3742 τὸ

384 3755 520 3813 αύτὸ
550 3755 644 3809 καὶ
680 3773 774 3828 φρ.
805 3755 891 3828 καὶ
929 3771 1022 3826 πρ.

457 3829 580 3902 (66)
611 3825 744 3902 cui;
764 3825 851 3883 τό.

461 3896 582 3972 (67)
609 3897 854 3955 Nullum
894 3896 1186 3968 ejusmodi
1228 3896 1594 3969 synodalium
1636 3897 1925 3955 habemus
1953 3916 2047 3957 vc-

391 3972 636 4028 stigium
649 4011 661 4024 .

487 4037 579 4111 68)
617 4043 748 4097 Haec
789 4039 1058 4095 videntur
1087 4037 1487 4095 immediatum
1532 4057 1926 4097 successorem
1961 4043 2049 4098 in-
2147 4049 2152 4054 '

393 4111 634 4172 sinuare
678 4128 693 4178 ;
728 4112 882 4167 unde
923 4111 1134 4184 Leode
1174 4127 1288 4183 quo
1317 4127 1368 4184 ο.
1399 4113 1469 4184 87
1498 4113 1638 4184 egit,
1673 4112 1784 4168 Leo
1817 4117 1888 4167 1V
1918 4116 2047 4169 erit.

389 4187 583 4242 Verba
613 4185 644 4238 ὁ
678 4186 850 4256 πρᾶος
887 4213 943 4256 g—
973 4177 1238 4254 διάδοχός
1262 4183 1498 4256 adducit
1522 4177 1677 4239 c'ard.
1707 4185 1893 4240 Maius
1925 4184 1960 4240 l.
1997 4201 2048 4242 c.

394 4280 422 4307 ‹‹
455 4258 614 4313 Mitis
659 4254 759 4311 ille
794 4260 850 4310 et
875 4254 1008 4325 pius
1047 4258 1103 4308 et
1132 4254 1393 4310 asceticis
1432 4256 1850 4311 certaminibus
1880 4257 2048 4312 fami—

389 4335 658 4402 geratus,
681 4325 932 4402 inclytus
955 4325 1316 4402 Benedictus,
1341 4325 1442 4398 qui
1475 4326 1534 4381 in
1558 4343 1887 4398 supremam
1911 4329 2050 4384 Leo-

389 4397 488 4457 nis
517 4398 865 4456 cathedram
897 4397 1196 4452 successit.
1243 4419 1272 4446 »

465 4473 579 4544 (69)
644 4469 778 4544 Haec
835 4471 1010 4522 verba
1059 4465 1206 4521 ἀλλὰ
1261 4487 1315 4544 κ.
1366 4468 1394 4521 ὁ
1444 4471 1616 4544 πρᾷος
1657 4469 2055 4544 -ῌύπὲταττέν

392 4541 604 4599 eodem
626 4541 798 4595 modo
820 4556 887 4594 ex
910 4555 1048 4594 mss.
1073 4541 1519 4599 transcrinserat
1542 4541 1650 4596 Leo
1673 4541 1919 4598 Allalius
1939 4544 2050 4598 fab.

389 4615 468 4671 de
495 4610 1024 4686 Joannaalfapissaa
1056 4610 1282 4667 Confut.
1322 4610 1662 4686 (Symmicta
1694 4613 1762 4680 II,
1795 4631 1850 4684 p.
1887 4614 2056 4686 419.)

389 4709 422 4736 κ
455 4686 568 4741 Sed
606 4688 666 4738 et
689 4682 848 4738 mitis
879 4686 934 4737 et
967 4688 1310 4738 mansuetus
1331 4682 1681 4740 et‘asceticis
1723 4682 2055 4742 certamini-

386 4758 508 4814 bus
539 4755 815 4818 illustris,
851 4753 1124 4824 inclytus,
1149 4754 1515 4821 Benedictus,
1550 4761 1680 4825 post
1711 4773 1843 4812 eum
1881 4759 1940 4813 in
1968 4773 2058 4812 ar-

388 4828 715 4884 chieratico
759 4827 967 4900 throno
1021 4840 1342 4900 successor,
1377 4827 1486 4882 hoc
1509 4825 1678 4900 fidem
1729 4836 1782 4884 et
1809 4828 2057 4900 (ample-

390 4901 610 4957 ctendo
643 4902 704 4953 et
733 4897 1137 4954 confirmando
1169 4913 1286 4952 non
1309 4899 1598 4954 secundus
1618 4915 1739 4956 esse
1762 4897 2056 4957 nitebatur

391 4966 773 5044 (ἐσπούδαζεν,
823 4968 989 5044 quod
1023 4967 1275 5044 proinde
1321 4970 1380 5025 in
1429 4971 1618 5044 Greco
1655 4969 1848 5026 Allatii
1896 4976 2054 5044 textu

389 5039 640 5099 nonnisi
687 5039 1052 5114 typograpbi’
1076 5040 1400 5111 spbalmale
1440 5041 1725 5098 omissum
1759 5044 1891 5114 est),
1922 5043 2058 5101 licet

389 5121 668 5184 tempore
700 5112 1198 5184 secundusesset.
1245 5135 1267 5165 ι

470 5181 588 5258 (70)
623 5184 734 5258 Sic
749 5184 901 5254 apud
924 5181 1206 5258 _Allatium
1238 5198 1288 5240 c.
1321 5183 1588 5258 Creyght.
1614 5201 1669 5255 p.
1701 5183 1801 5241 231
1831 5185 2052 5252 ;Vatic.

393 5253 590 5330 truﬁv.
623 5253 990 5330 ρᾳιξτιμήν.

469 5321 588 5400 (71)
621 5326 805 5400 Palat.
840 5321 1240 5400 πλαττομένην,

470 5395 590 5470 (72)
619 5396 741 5470 Col.
775 5395 1127 5470 πράττεσθαι.

466 5467 582 5542 (73)
621 5469 723 5542 Sic
751 5467 934 5542 Allat.
970 5468 1012 5524 l.
1053 5483 1102 5522 c.
1156 5467 1219 5523 In
1261 5469 1387 5524 cod.
1427 5467 1610 5542 Vatic.
1663 5469 1918 5540 spatium
1961 5486 2056 5527 va-

393 5540 601 5605 cuum,
655 5541 716 5595 in
758 5540 1019 5631 margine
1069 5555 1201 5593 vero
1251 5541 1544 5631 posteriori
1581 5557 1752 5595 manu
1786 5542 1994 5613 legitur
2035 5559 2050 5598 :

402 5610 522 5631 θὶς.
581 5613 596 5631 ι
691 5606 798 5631 γῖδι
869 5611 886 5631 1
917 5609 1028 5631 μικλ
1089 5607 1210 5631 λἼἹ)
1305 5630 1312 5631 ,
1369 5607 1476 5631 _"{‘,
1531 5629 1548 5631 _
1599 5613 1618 5631 ι
1653 5612 1741 5631 (1-1
1890 5613 1992 5631 non
2039 5630 2044 5631 ,

392 5610 522 5668 ἀλλ’
563 5613 644 5672 ὡς
678 5606 825 5682 οὐδὲ.
865 5606 1049 5666 Palat.
1082 5607 1210 5664 ἀλλ’
1236 5606 1329 5682 ,ὦς
1361 5607 1483 5665 οὐδε
1523 5629 1572 5667 c.
1599 5613 1618 5634 ‘
1651 5612 1765 5668 Col.
1793 5606 1864 5682 p:
1887 5613 1993 5669 312
2035 5630 2050 5670 :

394 5681 526 5740 ἀλλ’
554 5685 635 5742 ὡς
670 5681 736 5736 ού
785 5679 885 5737 δεῖ.
925 5682 1022 5738 Sic
1067 5685 1125 5739 et
1153 5681 1272 5739 Pal.
1317 5679 1429 5755 legi
1473 5699 1642 5756 posse
1683 5679 2050 5742 observatum

2153 3621 2263 3691 est.
2296 3617 2428 3675 Hac
2470 3621 2524 3673 et
2558 3633 2681 3690 seq.
2730 3617 3096 3691 perdifficilia
3144 3621 3286 3676 sunt
3320 3637 3336 3688 ;
3386 3617 3612 3676 videtur
3655 3615 3797 3690 quid

2155 3689 2372 3746 deesse.
2642 3689 2658 3690 ί
2733 3689 2749 3691 ⁷

2231 3761 2346 3886 (74)
2388 3759 2506 3817 Col.
2546 3757 2897 3886 ἀναχειλὲων.

2229 3831 2322 3886 (75
2371 3832 2536 3886 Anud
2568 3832 2633 3886 Al
2664 3842 2844 3886 auum
2870 3849 2897 3886 n

2251 3830 2342 3958 75)
2371 3832 2536 3901 Apud
2568 3830 2844 3888 Allatium
2870 3834 3144 3892 mendose
3174 3852 3190 3891 ι
3225 3830 3702 3909 φυλοτιμώτατον.

2249 3905 2321 3956 76
2388 3903 2506 3958 Col.
2549 3898 2743 3958 εἰδείη.

2230 3922 2342 3974 (In)
2388 3922 2506 3958 non.
2549 3922 2743 3971 ειοειη.

2230 3975 2346 4044 (77)
2389 3973 2554 4029 Allat.
2587 3970 2748 4029 εἶδεν.

2231 4040 2341 4117 (78)
2392 4045 2702 4116 Pericopen
2755 4044 2906 4100 hanc
2949 4061 2964 4117 ς
3000 4044 3046 4098 εἰ
3093 4040 3150 4098 δέ
3206 4064 3289 4106 τις
3321 4044 3435 4117 μετ’
3463 4042 3700 4105 ἐκείνους
3737 4076 3805 4088 -

2202 4114 2386 4189 ωρίον,
2438 4132 2567 4188 qua:
2594 4114 2908 4189 Nicolaum
2948 4116 3258 4188 Irespicit,
3310 4114 3555 4189 Allalius
3602 4121 3807 4189 contra

2207 4187 2427 4259 reygbt.
2464 4205 2516 4258 p.
2569 4189 2695 4259 231,
2722 4188 2830 4242 232
2869 4187 2929 4242 in
2976 4187 3234 4244 medium
3268 4189 3485 4258 profert
3515 4188 3595 4243 ita
3626 4188 3806 4244 disse-

2162 4275 2296 4315 rens
2331 4276 2344 4314 ;
2377 4282 2405 4309 «
2434 4259 2570 4316 Post
2589 4259 2968 4316 Benedictum
2996 4261 3066 4316 ad
3097 4259 3397 4316 Nicolaum
3421 4260 3804 4328 descendens,

2083 4365 2130 4428 D
2161 4331 2258 4428 qui
2279 4332 2978 4428 posteuriipontiiicatiim
3003 4331 3234 4398 inierat,
3249 4347 3413 4428 aeque
3432 4336 3607 4404 atque
3621 4347 3808 4402 neque

2163 4405 2235 4458 de
2257 4403 2492 4458 nomine
2522 4404 2604 4458 illi
2628 4408 2780 4459 esset
2803 4409 2996 4470 notus,
3027 4421 3238 4460 nomen
3261 4403 3641 4468 obticescens,
3673 4418 3806 4459 eum

2165 4479 2386 4530 secreto
2414 4490 2519 4530 nec
2551 4477 2741 4545 palam
2777 4475 2990 4546 populo
3019 4475 3075 4530 id
3109 4476 3300 4531 dicere
3327 4481 3615 4546 asseverat
3638 4473 3806 4543 (Pho-

2165 4547 2304 4619 tius)
2337 4561 2350 4600 :
2385 4568 2411 4595 ‹‹
2447 4547 2605 4611 Quod
2635 4547 2682 4619 si
2714 4545 2996 4619 quis’post
3026 4563 3144 4615 eos,
3177 4552 3234 4602 et
3261 4547 3333 4619 ad
3367 4545 3564 4602 omnia
3595 4546 3810 4619 auden-

2165 4617 2306 4672 dum
2354 4620 2609 4690 projects
2648 4617 2849 4689 lingua
2874 4617 2911 4673 _:
2956 4635 3146 4690 neque
3185 4617 3347 4690 enim,
3395 4626 3591 4690 aperto
3621 4617 3809 4690 capite

2167 4692 2368 4744 contra
2390 4689 2607 4759 Optima
2631 4690 2859 4761 Deoque
2878 4689 3217 4761 gratissima
3246 4689 3352 4744 niti
3373 4689 3622 4761 audebat
3656 4707 3672 4757 ;
3705 4689 3806 4745 sed

2168 4775 2272 4814 nec
2293 4761 2660 4816 tremendum
2688 4759 2819 4816 fidei
2840 4759 2904 4815 in
2931 4775 3028 4816 ore
3048 4760 3313 4816 omnium
3335 4759 3695 4816 circumduci
3714 4776 3808 4815 so-

2165 4831 2333 4903 litum
2384 4831 2455 4901 (7)
2491 4831 2797 4903 sententia
2855 4847 2971 4887 sua
3019 4835 3421 4903 tegumentum
3467 4835 3804 4903 praetexens,

2166 4902 2388 4974 dictum
2424 4902 2756 4974 piissimum
2784 4907 2841 4974 et
2872 4901 3124 4974 maxime
3146 4901 3561 4974 honorandum
3585 4901 3806 4974 Eccle-ﬁ

2164 4973 2396 5046 siarum
2418 4989 2563 5046 opus
2612 4973 2868 5046 attondit
2909 4973 2995 5030 vel
3035 4973 3186 5046 laesit
3225 4990 3241 5029 :
3282 4989 3470 5046 neque
3505 4973 3658 5046 enim
3693 4973 3808 5030 mei

2165 5044 2564 5117 propositi'est
2592 5044 2896 5101 sceleratas
2937 5045 3196 5102 actiones
3227 5045 3452 5117 edicere
3487 5062 3502 5112 ;
3541 5045 3666 5116 ipse
3695 5046 3808 5101 sci-

2165 5115 2310 5173 verit
2341 5133 2357 5184 ;
2405 5117 2666 5187 quinimo
2697 5132 2895 5172 amare
2930 5118 3056 5188 jam
3089 5117 3270 5186 novit,
3312 5115 3714 5172 miserandum
3747 5117 3807 5172 in

2165 5189 2402 5244 modum
2437 5205 2633 5258 poenas
2664 5187 2783 5244 illic
2815 5187 3143 5258 persolvens
3177 5189 3411 5245 occultae
3454 5188 3709 5244 audaciae
3744 5219 3808 5229 —

2165 5262 2264 5316 sed
2297 5259 2394 5315 ille
2415 5265 2583 5332 tacet,
2617 5260 2746 5315 licet
2767 5261 3021 5329 invitus;
3055 5266 3478 5332 proptereaque
3509 5260 3568 5332 in
3591 5259 3809 5332 silentii

2165 5331 2614 5403 receptaculum,
2641 5331 2996 5403 projiciatur.
3050 5331 3078 5382 ί)
3123 5331 3194 5373 -ὲ
3243 5353 3271 5383 α
3318 5331 3508 5388 Testis
3559 5331 3809 5402 locuples

2063 5435 2065 5437 ι
2163 5401 2426 5475 Pbotius,
2464 5401 2758 5475 Nicolaum
2790 5403 3104 5475 separatim
3136 5404 3207 5459 ab
3257 5403 3406 5470 aliis,
3441 5418 3555 5475 nec
3604 5401 3807 5459 sonora

2165 5473 2385 5544 lingua,
2418 5479 2519 5529 aut
2548 5474 2606 5529 id
2637 5473 2993 5544 exprimente
3024 5475 3306 5546 Spiritum
3338 5490 3406 5529 ex
3439 5473 3588 5546 Filio
3602 5490 3807 5546 proce-

2163 5546 2299 5600 dere
2345 5547 2704 5630 censuisse;
2755 5551 2828 5628 et.
2849 5552 2910 5602 tu
2939 5544 3262 5630 .(Qreyght)
3302 5546 3372 5630 ab
3415 5546 3555 5630 ipsq
3573 5544 3806 5630 Nicolao

2164 5633 2350 5700 nuper
2379 5618 2770 5674 introductam
2815 5616 3168 5701 impietatem
3207 5616 3556 5698 declamas?
3598 5654 3610 5668 .
3648 5655 3662 5670 .
3696 5655 3710 5671 .
3745 5616 3804 5671 Si

2159 5687 2273 5744 sub
2308 5688 2516 5762 lingua
2543 5697 2598 5748 et
2626 5704 2742 5747 non
2773 5695 2969 5763 aperto
3004 5692 3192 5762 capite
3221 5685 3656 5761 pronuntiabat,
3686 5700 3802 5742 non
