4058 6216
363 393 479 458 383

1564 388 1835 452 PHOTll
1877 389 2406 454 PATRIARCHxE
2425 423 2428 426 θ
2449 393 2566 455 GP.

3631 407 3734 471 38h

355 529 722 588 adversarios
756 529 1064 602 propalant
1085 529 1178 598 iis,
1211 527 1313 600 qui
1331 526 1594 598 regiones
1612 526 2004 583 occidentales

2126 525 2401 601 ἐπικήρων
2431 530 2568 606 πρὸς
2595 531 2693 599 τήν
2724 532 2993 605 ἀκήρατον
3025 533 3170 603 ζωὴν
3203 534 3254 591 ἐν
3283 538 3353 610 τῇ
3386 535 3520 612 αὐτῇ
3550 539 3738 612 ὁμολο-

358 626 514 678 recta
535 622 646 676 fide
675 619 1051 675 illustrarunt
1079 618 1108 672 τ

2119 618 2217 691 γίᾳ
2251 619 2648 690 μεταστάντων,
2677 618 2823 683 τίνας
2854 621 2913 675 ἂν
2948 627 3136 696 σχοῖεν
3169 623 3338 680 εἰπεῖν
3371 627 3423 680 οἱ
3450 629 3542 697 τὴν
3563 629 3744 702 αἱρετι-

362 711 466 780 κὴν
505 711 664 764 νόσον
716 708 1065 779 νόσήσαντες,
1117 708 1262 779 [103]
1313 703 1362 774 ἒξ
1404 705 1479 759 ὧν
1514 705 1577 760 τὸ
1628 703 1972 780 δηλητήριον
2023 707 2308 783 φάρμακον
2361 711 2459 778 τῆς
2502 708 2841 782 τηλικαύτης
2870 709 3120 776 ἀσεϐείας
3165 712 3396 786 ἐξέπιον,
3427 719 3513 772 καὶ
3543 717 3634 774 οὐκ
3657 719 3737 776 αὖ-

361 799 485 856 τίκα
511 799 740 861 τούτους
774 797 1103 857 ἀντιπάλους
1135 800 1253 858 τοῖς
1285 791 1574 869 ὀρθοδοξίᾳ
1597 795 1663 848 τὰ
1695 793 1917 869 ἑσπέρια
1943 799 2350 875 καταφωτίσασι
2381 794 2803 872 θριαμϐεὖουσιν
2827 803 2936 874 (93)
2973 821 2988 872 ;

425 891 516 946 90.
532 895 602 946 At
615 907 746 945 vero
763 889 1022 945 nondum
1039 886 1216 942 vultis
1231 902 1483 942 errorem
1498 887 1679 942 istum
1694 887 2011 958 deponere?

358 981 476 1052 Ego
493 980 670 1050 igitur
693 978 836 1034 alias
859 993 1094 1048 quoque
1115 977 1478 1031 cantationes
1499 991 1528 1031 e
1550 975 1802 1046 Spiritus
1824 977 2008 1032 sancti

356 1067 602 1139 eloquiis
624 1067 784 1122 vobis
807 1065 1091 1130 accinam,
1111 1063 1342 1120 tametsi
1364 1081 1466 1120 vos
1482 1063 1608 1120 loco
1631 1063 2012 1134 resipiscendi

358 1157 573 1214 malitis
603 1155 862 1226 aspidem
887 1153 1107 1209 imitari
1143 1170 1313 1209 aures
1341 1170 1478 1209 suas
1509 1154 1580 1209 ad
1610 1169 1780 1210 voces
1809 1154 2011 1210 incan-

357 1244 612 1299 tantium
643 1243 1036 1298 obturantem.
1072 1241 1314 1312 Spiritus
1334 1243 1436 1296 Dei
1468 1241 1684 1298 dicitur
1713 1243 2009 1298 sanctissi-

359 1350 492 1389 mus
522 1332 812 1404 Spiritus;
844 1330 984 1387 dicit
1036 1331 1192 1385 enim
1224 1329 1524 1386 Salvator:
1554 1330 1615 1385 Si
1652 1346 1746 1401 ego
1786 1333 1844 1386 in
1885 1331 2009 1403 Spi-

353 1424 470 1478 ritu
490 1423 588 1477 Dei
615 1420 776 1492 ejicio
815 1419 1087 1476 dwmonia
1114 1419 1182 1474 ⁸³.
1218 1417 1459 1489 Spiritus
1481 1424 1760 1490 praeterea
1780 1422 1964 1476 Patris
1986 1437 2006 1473 :

352 1512 468 1567 Non
487 1513 638 1566 enim
667 1525 756 1565 vos
777 1508 928 1576 estis,
954 1510 1052 1579 qui
1071 1508 1374 1578 loquimini
1389 1507 1457 1574 ³³,
1482 1523 1719 1563 rursum
1752 1509 1832 1564 ait
1854 1509 2007 1564 idem

356 1600 618 1656 veritatis
645 1600 792 1666 fons,
822 1597 913 1653 sed
933 1597 1178 1667 Spiritus
1196 1598 1388 1652 Patris
1417 1599 1606 1664 vestri,
1629 1599 1727 1668 qui
1756 1600 2009 1669 loquitur

2188 889 2256 964 ιδ’.
2307 887 2482 943 Ἀλλὰ
2530 891 2633 964 γὰρ
2685 887 2839 944 οὔπω
2881 892 2980 961 τὴν
3010 891 3222 964 πλάνην
3254 893 3454 966 ταύτην
3477 895 3744 954 ἀποθέσθαι

2121 976 2384 1052 βούλεσθε
2415 980 2530 1052 (94)
2562 997 2576 1050 ;
2621 980 2759 1052 Ἐγὼ
2791 984 2922 1058 γοῦν
2951 983 3040 1036 καὶ
3082 984 3264 1058 ἒτέρας
3302 985 3430 1057 ὒμῖν
3471 985 3672 1058 ἐπῳδὰς
3691 987 3742 1048 ἐκ

2114 1068 2222 1120 τῶν
2279 1069 2376 1120 τοῦ
2437 1069 2749 1140 Πνεύματος
2809 1067 3015 1145 λογίων
3075 1069 3369 1146 ἐπᾴσομαι,
3425 1073 3471 1128 εί
3523 1075 3605 1130 καὶ
3651 1083 3743 1147 τῆς

2120 1155 2358 1229 βυούσης
2422 1154 2650 1220 ἀσπίδος
2697 1159 2766 1212 τό.
2808 1158 2921 1214 ὦτα
2969 1159 3104 1234 πρὸς
3156 1162 3253 1222 τὰς
3299 1167 3407 1218 τῶν
3454 1161 3740 1236 ἐπᾳδόντων

2117 1245 2296 1320 φωνὰς
2355 1247 2466 1320 (95)
2514 1247 2620 1321 πρὸ
2666 1254 2766 1318 τῆς
2819 1251 3104 1322 μετανοίας
3163 1255 3264 1324 τήν
3326 1257 3558 1330 μίμησιν
3592 1259 3713 1330 μελε

2115 1334 2326 1403 τὴσετε.
2607 1343 2822 1411 Πνεῦμα
2878 1343 3010 1395 Θεοῦ
3078 1340 3295 1416 λέγεται
3351 1347 3414 1402 τὸ
3500 1346 3740 1423 πανάγιον

2118 1426 2358 1495 Πνεῦμαο
2419 1426 2723 1510 φησίῗγὰρ
2779 1428 2806 1482 ὁ
2867 1431 3085 1506 Σωτήρ·
3142 1431 3208 1488 Εἴ
3264 1431 3322 1488 δὲ
3372 1435 3479 1510 ἐγὼ
3512 1435 3560 1490 ἐν
3595 1437 3744 1492 Πνεό-

2120 1531 2247 1582 ματι
2306 1515 2439 1567 Θεοῦ
2499 1509 2756 1570 ἐκϐάλλω
2815 1517 2880 1571 τὰ
2946 1515 3222 1592 δαιμόνια.
3277 1557 3347 1567 -
3407 1509 3624 1598 Πνεῦμα
3660 1530 3746 1580 τοῦ

2119 1599 2346 1675 Πατρός
2409 1601 2482 1657 Οὐ
2539 1605 2644 1679 γὰρ
2706 1605 2861 1678 ὑμεῖς
2915 1605 3033 1662 ἐστε
3104 1610 3157 1664 o't
3252 1609 3567 1686 λαλοῦντες,
3649 1617 3746 1669 πά-

364 1692 426 1745 in
457 1687 636 1751 vobis;
666 1688 879 1743 dicitur
896 1688 1137 1758 Spiritus
1169 1687 1283 1753 Dei,
1305 1685 1596 1741 clamante
1627 1685 1812 1742 Isaia:
1844 1688 1907 1742 El
1926 1704 2010 1743 re-

2126 1689 2211 1786 λιν
2356 1689 2639 1786 αὐὴτῆρτἧς
2690 1691 2950 1765 ἀληθείας
3009 1700 3186 1774 πηγὴ,
3249 1698 3396 1756 ἀλλὰ
3441 1703 3509 1757 τὸ
3545 1708 3746 1778 Πνεῦμα

354 1781 586 1850 quiescet
612 1794 780 1849 super
807 1793 932 1833 eum
961 1777 1204 1847 Spiritus
1230 1776 1327 1831 Dei
1355 1774 1423 1832 ⁸⁴.
1441 1775 1788 1846 —Spiritus,
1823 1779 1920 1847 qui
1937 1793 2007 1834 ea:

358 1871 469 1923 Deo
494 1874 591 1922 est.
631 1867 724 1922 Vos
743 1865 1046 1933 autem,ait
1069 1880 1317 1936 magnus
1348 1871 1634 1920 rectorum
1666 1866 2003 1936 dogmatum

357 1973 544 2029 praeco
575 1955 810 2024 Paulus,
857 1971 968 2011 non
1013 1958 1296 2027 accepistis
1342 1956 1620 2024 Spiritum
1665 1955 1882 2018 mundi,
1915 1956 2008 2012 sed

355 2045 640 2117 Spiritum
667 2046 766 2116 qui
794 2059 864 2099 ea:
902 2044 1006 2098 Deo
1026 2048 1104 2100 est
1133 2042 1179 2078 ⁸⁸
1200 2059 1221 2106 ;
1243 2047 1300 2100 et
1329 2042 1500 2099 alibi:
1530 2043 1593 2100 Si
1631 2043 1874 2114 Spiritus
1909 2045 2009 2100 Dei

358 2133 658 2200 ducimini,
671 2149 780 2189 non
797 2135 923 2188 estis
937 2134 998 2187 in
1012 2149 1178 2188 carne
1190 2133 1256 2188 ⁸⁸.
1278 2132 1626 2204 ——Spiritum
1645 2132 1869 2189 Domini
1886 2133 2006 2189 cla-

358 2227 480 2279 mat
509 2222 690 2278 Isaias
708 2223 976 2293 :Spiritus
1006 2221 1228 2277 Domini
1255 2236 1416 2289 super
1445 2236 1549 2290 me,
1573 2237 1634 2276 eo
1661 2220 1804 2292 quod
1835 2237 2010 2276 unxe-

357 2315 432 2368 rit
479 2329 564 2370 me
594 2311 663 2368 8".
712 2312 965 2368 Rursum
1024 2311 1240 2367 dicitur
1269 2313 1513 2380 Spiritus
1559 2310 1719 2377 Filii,
1763 2312 2005 2382 Spiritus

359 2401 585 2472 Christi,
625 2401 870 2474 Spiritus
923 2402 1247 2456 suscitantis
1301 2402 1484 2456 Jesum
1535 2399 1817 2456 Christum
1845 2399 1911 2470 ⁸³,
1947 2404 2010 2455 ut

359 2501 578 2557 Paulus
612 2516 810 2556 rursus
841 2499 1018 2554 tradit
1051 2499 1234 2554 :Misit
1265 2499 1405 2554 Deus
1451 2499 1725 2570 Spiritum
1761 2499 1898 2555 Filii
1922 2500 2013 2552 sui

363 2589 426 2644 in
457 2590 621 2646 corda
650 2596 851 2656 vestra,
882 2589 1242 2656 clamantem,
1274 2587 1442 2654 Abba,
1475 2587 1639 2642 Pater
1666 2585 1749 2649 3°;
1771 2591 1859 2644 et:
1881 2585 2007 2658 Spi-

363 2679 506 2734 ritus
531 2675 853 2732 suseitantis
870 2678 1056 2732 Jesum
1087 2675 1362 2732 Christum
1393 2677 1605 2732 habitat
1631 2675 1694 2730 in
1723 2675 1895 2742 vobis,
1923 2679 2007 2733 et:

385 2767 478 2823 Vos
508 2767 569 2822 in
596 2780 762 2820 carne
779 2780 886 2820 non
920 2768 1070 2834 estis,
1101 2764 1374 2837 siquidem
1391 2765 1641 2836 Spiritus
1671 2766 1774 2821 Dei
1803 2764 2014 2821 habitat

368 2855 431 2911 in
469 2853 616 2909 vobis
644 2851 760 2920 3";
784 2855 841 2907 et
866 2867 880 2907 :
913 2852 977 2908 Si
1005 2851 1126 2924 quis
1156 2851 1429 2923 Spiritum
1460 2851 1663 2908 Christi
1682 2867 1791 2909 non
1834 2852 2013 2920 habet,

372 2941 462 2998 hic
490 2957 600 2998 non
629 2949 708 2998 est
727 2941 843 3012 ejus
881 2941 945 2997 9°.
977 2942 1210 2997 Attento
1255 2940 1494 2997 omnino
1533 2940 1679 3006 vide,
1731 2940 2012 3013 Spiritum

372 3031 484 3088 dici
513 3030 628 3100 Dei,
653 3046 723 3086 ex
745 3031 858 3086 Deo
878 3037 936 3086 et
964 3029 1287 3099 DeiPatris,
1310 3035 1368 3086 et
1384 3030 1617 3085 Domini
1639 3034 1695 3086 et
1721 3029 2008 3086 suscitan-

370 3119 449 3176 tis
479 3119 778 3176 Christum
810 3136 876 3176 ex
910 3120 1177 3189 mortuis,
1204 3123 1263 3176 et
1303 3119 1583 3191 Spiritum
1617 3119 1818 3175 Patris.
1857 3122 2016 3174 Anne

371 3209 574 3282 igitur,
608 3210 843 3281 quando
893 3207 1189 3264 dicimus:
1240 3207 1482 3280 Spiritus
1525 3207 1624 3264 Dei
1679 3207 1764 3263 vel
1816 3209 2016 3263 Patris

376 3297 466 3354 vel
498 3298 728 3354 Domini
755 3297 842 3353 vel
871 3297 1186 3354 suscitanti:
1214 3297 1396 3353 Iesum
1437 3295 1739 3364 Christum,
1783 3295 1872 3351 vel
1892 3295 2020 3367 Spi-

373 3388 516 3442 ritus
545 3389 642 3457 qui
669 3402 739 3442 ex
766 3387 869 3442 Deo
895 3394 995 3456 est,
1037 3402 1204 3442 voces
1237 3386 1318 3441 tm
1365 3387 1423 3441 id
1474 3387 1670 3457 ipsum
1715 3386 2017 3455 denotant,

376 3483 528 3554 quod
569 3481 986 3552 signiﬁcamus,
1020 3498 1151 3538 cum
1182 3482 1452 3550 dicimus,
1488 3482 1761 3554 Spiritum
1790 3498 1823 3536 a
1858 3487 2021 3538 Patre

369 3569 684 3642 procedere,
715 3587 789 3625 an
821 3586 950 3626 vero
974 3570 1165 3641 potius
1197 3586 1367 3626 nemo
1389 3575 1478 3626 est
1506 3571 1582 3627 ita
1611 3570 1892 3643 insipiens
1915 3587 2020 3627 nec

379 3659 523 3715 adeo
554 3657 814 3728 ipsorum
853 3659 1163 3714 verborum
1223 3658 1584 3732 simplicium
1641 3660 1908 3733 ignarus,
1958 3663 2024 3715 ut

381 3754 630 3817 nequeat
654 3746 926 3803 facillime
954 3747 1302 3820 conspicari,
1322 3749 1472 3819 quod
1495 3747 2022 3820 quaslibetillarum

383 3833 1016 3904 locutionum,tametsi
1037 3837 1185 3893 circa
1205 3837 1437 3894 easdem
1462 3854 1740 3909 personas
1763 3839 2025 3894 enuntia-

379 3930 496 3990 tur,
542 3927 840 3982 diversum
888 3930 1085 3983 tamen
1117 3927 1344 3983 exhibet
1375 3927 1771 3999 signiﬁcatum
1821 3943 1929 3983 vox
1958 3942 2027 3982 ea

383 4035 506 4092 qua;
529 4019 670 4076 dicit
701 4033 731 4074 e
763 4017 928 4074 Patre
959 4018 1269 4089 procedere
1297 4017 1608 4090 Spiritum,
1638 4021 1698 4074 et
1737 4017 2025 4074 diversum

381 4125 491 4168 vox
511 4125 602 4177 ea,
634 4124 758 4180 qua
786 4106 927 4162 dicit
955 4106 1233 4177 Spiritum
1265 4107 1366 4163 Dei
1387 4105 1477 4163 vel
1503 4107 1732 4163 Domini
1756 4106 1840 4162 vel
1871 4123 2028 4179 quaa-

2114 1781 2214 1831 τοῦ
2260 1779 2469 1854 Πατρὸς
2519 1781 2671 1854 ὕμῶν
2717 1784 2781 1838 τὸ
2830 1783 3034 1840 λαλοῦν
3091 1785 3148 1843 ἐν
3202 1790 3354 1862 ὑμῖψ
3390 1792 3516 1863 Καὶ,
3543 1797 3746 1866 Πνεῦμα

2112 1871 2209 1923 τοῦ
2267 1873 2428 1938 Θεοῦ,
2484 1871 2701 1934 Ἠσαίας
2763 1873 2884 1948 βοᾷ·
2974 1875 3073 1930 Καὶ
3162 1875 3593 1936 ἐπαναπαύσεται
3672 1880 3746 1936 ἐπ’

2115 1956 2273 2011 αὐτὸν
2337 1961 2550 2032 Πνεῦμα
2605 1959 2700 2014 τοῦ
2758 1966 2912 2016 Θεοῦ.
2967 1997 3035 2006 -
3084 1969 3305 2040 Πνεῦμα
3393 1968 3458 2022 τὸ
3545 1969 3602 2024 ἐκ
3663 1974 3748 2024 τοῦ

2118 2048 2272 2099 Θεοῦ·
2321 2045 2544 2108 Παῦλος
2595 2049 2622 2102 ὁ
2669 2049 3062 2129 μεγαλόφωνος
3107 2059 3215 2109 τῶν
3268 2056 3441 2130 ὀρθῶν
3477 2055 3748 2134 δογμάτων

2115 2136 2304 2208 κήρυξο
2393 2137 2576 2209 Ὑμεῖς
2657 2135 2713 2194 δὲ
2790 2141 2892 2196 οὐκ
2974 2139 3199 2199 ἐλάϐετε
3274 2148 3335 2201 τὸ
3393 2152 3610 2221 πνεῦμα
3662 2151 3750 2203 τοῦ

2117 2223 2350 2298 κόσμου,
2419 2224 2568 2280 ἀλλά
2623 2227 2685 2282 τὸ
2741 2233 2959 2303 Πνεῦμα
3024 2232 3086 2286 τὸ
3145 2232 3204 2288 ἐκ
3267 2238 3364 2289 τοῦ
3425 2241 3610 2292 Θεοῦ’
3650 2238 3751 2304 καὶ,

2121 2312 2182 2367 Εἰ
2240 2310 2298 2366 δὲ
2356 2313 2625 2385 Πνεῦματι
2685 2321 2819 2372 Θεοῦ
2877 2317 3088 2394 ἄγεσθε,
3147 2323 3250 2377 οὐκ
3302 2323 3419 2379 ἐστέ
3493 2324 3545 2380 ἐν
3590 2325 3753 2400 σαρκί.

2117 2434 2188 2489 ᾖ
2245 2405 2460 2475 Πνεῦμα
2517 2403 2739 2477 Κυρίου,
2809 2405 3031 2471 Ἡσαΐας
3083 2411 3206 2481 βοᾷ*
3267 2417 3496 2486 Πνεῦμα
3567 2413 3752 2489 Κυρίου

2119 2487 2202 2544 ἐπ’
2287 2489 2405 2563 ἐμὲ,
2495 2492 2556 2546 οὗ
2644 2490 2834 2549 ε’ίνικεν
2919 2493 3107 2571 ἔχρισέ
3178 2521 3267 2572 με.
3331 2501 3509 2558 Πάλιν
3565 2487 3760 2578 λέγεται

2123 2583 2340 2653 Πνεῦμα
2394 2585 2491 2636 τοῦ
2545 2581 2692 2654 Υίοῦ,
2747 2589 2965 2660 Πνεῦμα
3023 2593 3284 2664 Χριστοῦ,
3368 2596 3591 2667 Πνεῦμα
3665 2595 3760 2648 τοῦ

2122 2668 2424 2745 ἐγείραντος
2493 2670 2706 2743 Ἰησοῦν
2797 2675 3056 2750 Χριστὸν,
3133 2679 3211 2740 ὡς
3340 2679 3564 2743 Παῦλος
3653 2682 3759 2756 (96)

2122 2757 2288 2814 πάλιν
2338 2768 2702 2836 μυσταγωγεῖ.
2752 2764 3152 2835 Ἐξαπέστειλεν
3198 2768 3225 2822 ὁ
3271 2770 3398 2832 Θεὸς
3448 2771 3515 2826 τὸ
3559 2774 3759 2845 Πνεῦμα

2122 2851 2405 2936 τοῦΑΥἱοῦ
2459 2851 2625 2906 αὑτοῦ
2681 2851 2733 2907 ἐν
2792 2859 2910 2915 ταῖς
2974 2853 3221 2930 καρδίαις
3272 2859 3422 2932 ὑμῶν
3483 2866 3671 2936 κρᾶζον
3739 2876 3756 2894 ⁸

2124 2933 2318 3008 Ἀϐϐἆ,
2355 2940 2383 2994 ὁ
2415 2942 2626 3015 Πατήρο
2657 2942 2769 3013 καὶ,
2810 2944 2884 2998 Τὸ
2925 2948 3141 3019 Πνεῦμα
3171 2948 3320 3023 [104]
3367 2953 3465 3004 τοῦ
3513 2933 3752 3026 ἐγείραν-

2121 3048 2216 3091 τος
2265 3031 2474 3099 Ἰησοῦν
2516 3030 2746 3100 Χριστὸν
2797 3031 2938 3087 οἰκεῖ
2983 3032 3035 3087 ἐν
3089 3036 3238 3110 ὑμῖν·
3289 3038 3402 3105 καὶ,
3441 3042 3620 3111 Ὑμεῖς
3659 3039 3760 3094 οὐκ

2120 3118 2236 3173 ἐστέ
2284 3117 2336 3173 ἐν
2397 3118 2575 3194 σαρκὶ,
2654 3117 2806 3195 ε’ίπερ
2875 3122 3096 3198 Πνεῦμα
3160 3130 3396 3200 Χριστοῦ
3477 3125 3613 3182 οἰκεῖ
3709 3127 3757 3182 ἑν

2122 3208 2270 3282 ὑμῖνο
2327 3208 2440 3277 καὶ,
2498 3207 2568 3264 Εἴ
2616 3229 2698 3271 τις
2759 3215 2981 3285 Πνεῦμα
3036 3219 3271 3288 Χριστοῦ
3333 3217 3435 3271 οὐκ
3495 3237 3632 3292 εχει,
3698 3215 3758 3272 οὗ

2119 3319 2214 3360 τος
2269 3301 2381 3371 (97)
2439 3299 2540 3353 οὐκ
2595 3293 2736 3354 ἔστιν
2794 3297 2980 3360 αὑτοῦ.
3041 3306 3340 3380 Προσέσχει
3399 3307 3641 3377 πάντως,
3681 3307 3758 3360 δτι

2120 3388 2183 3442 τὸ
2230 3393 2450 3460 Πνευμα
2507 3385 2719 3464 λέγεται
2775 3394 2871 3445 τοῦ
2928 3395 3083 3460 Θεοῦ,
3144 3391 3206 3449 ἐκ
3257 3391 3353 3449 τοῦ
3403 3399 3544 3451 Θεοῦ
3598 3416 3654 3452 τε
3674 3395 3756 3449 καὶ

2125 3476 2334 3551 Πατρὸς
2369 3477 2502 3550 (98),
2563 3479 2650 3533 καὶ
2713 3479 2917 3555 Κυρίου
2974 3481 3061 3536 καὶ
3125 3487 3221 3538 τοῦ
3275 3481 3598 3559 ἐγείραντος
3641 3491 3770 3558 Χρι·

2126 3565 2246 3620 στὸν
2303 3565 2364 3622 ἐκ
2418 3572 2620 3644 νεκρῶν
2649 3568 2739 3624 καὶ
2798 3577 3017 3644 Πνευμα
3070 3575 3166 3627 τοῦ
3224 3572 3457 3645 Πατρός.
3515 3575 3656 3649 *Δρα
3695 3571 3778 3629 οῦν

2127 3654 2251 3711 ὅταν
2311 3654 2440 3731 λέγῃ
2476 3675 2490 3688 °
2553 3663 2767 3730 Πνευμα
2825 3663 2958 3714 Θεοῦ
3013 3660 3048 3730 ἢ
3107 3663 3318 3737 Πατρὸς
3369 3662 3404 3732 ἢ
3484 3663 3689 3740 Κυρίου
3741 3663 3774 3731 ἢ

2126 3751 2222 3801 τοῦ
2280 3745 2580 3822 ἐγείραντος
2637 3750 2851 3820 Ἰησοῦν
2911 3751 3160 3827 Χριστὸν,
3217 3751 3253 3823 ἢ
3315 3757 3538 3828 Πνεῦμα
3609 3755 3672 3810 τὸ
3727 3752 3781 3809 ἐκ

2127 3839 2224 3890 τοῦ
2273 3840 2430 3909 Θεοῦ,
2476 3838 2607 3894 αὐτὸ
2657 3842 2819 3894 τοῦτο
2888 3837 3150 3911 δηλοῦσιν
3236 3843 3290 3897 αἱ
3375 3846 3579 3920 φωναὶ,
3656 3843 3777 3917 ὅπερ

2131 3923 2419 3998 ἐσήμαινεν
2467 3930 2500 3998 ἡ
2560 3927 2791 4004 λέγουσα
2850 3931 2964 4002 (99)
3023 3931 3405 4009 ἐκπορεύεσθαι
3493 3955 3593 3990 του
3679 3941 3780 3990 Πα-

2130 4016 2296 4089 τρός;
2355 4018 2390 4088 ἢ
2449 4014 2624 4079 οὐδεὶς
2701 4017 2844 4073 οὕτω
2911 4021 3144 4091 ἂνόητος
3221 4021 3344 4078 οὐδὲ
3410 4023 3595 4081 αὐτῶν
3680 4028 3780 4078 τῶν

2138 4103 2329 4160 ἁπλῶν
2387 4105 2646 4181 ῥημάτων
2709 4107 2784 4170 εἲς
2833 4107 3070 4184 ἐσχάτην
3145 4107 3365 4186 ἄγνοιαν
3452 4113 3632 4184 ἥκων,
3712 4111 3782 4173 ὡς

379 4199 521 4256 libet
551 4197 668 4254 alia
700 4200 1158 4252 memoratarum
1179 4197 1209 4252 ?
1230 4195 1376 4252 Illud
1411 4195 1571 4252 enim
1601 4197 2017 4268 processionem

2145 4194 2220 4266 μὴ
2281 4193 2409 4270 ῥᾷον
2464 4189 2610 4274 ἔχειν
2662 4199 2743 4268 (1)
2797 4203 3043 4271 συνορᾷν,
3126 4199 3211 4254 ὅτι
3289 4206 3396 4256 τῶν
3481 4197 3783 4278 εἰρημένων

386 4303 657 4360 expresse
687 4285 975 4352 enuntiat,
1005 4285 1126 4340 hac
1142 4301 1274 4340 vero
1298 4301 1413 4340 non
1444 4285 1613 4356 item;
1635 4286 1737 4341 sed
1770 4283 2017 4356 quamvi:

2139 4278 2358 4337 ἕκαστον
2416 4273 2527 4355 (2),
2571 4285 2618 4339 εἰ
2670 4284 2761 4340 καὶ
2817 4287 2938 4361 περὶ
2998 4286 3065 4342 τὰ
3101 4287 3242 4344 αὐτὰ
3323 4273 3544 4365 λέγεται
3621 4290 3783 4363 πρόσ-

387 4377 510 4433 hinc
541 4377 830 4440 dicantur,
865 4374 1004 4446 quia
1035 4373 1281 4445 Spiritus
1308 4373 1382 4429 ab
1411 4372 1540 4446 ipso
1572 4374 1851 4445 procedit,
1885 4380 2034 4429 atta-

388 4483 521 4523 men
554 4463 715 4521 nulla
745 4462 977 4519 illarum
1008 4477 1214 4518 vocum
1247 4462 1539 4534 conceptis
1569 4462 1825 4518 afﬁrmat
1847 4461 2034 4518 verbis

390 4553 840 4628 processionem.
869 4553 1096 4608 Etenim
1127 4551 1430 4607 manifeste
1477 4550 1637 4607 aliud
1687 4558 1774 4607 est
1821 4550 2030 4614 dicere,

390 4645 671 4717 Spiritum
705 4660 738 4698 a
768 4643 936 4700 Patre
957 4641 1287 4715 procedere,
1307 4644 1364 4696 et
1384 4639 1546 4696 aliud
1566 4639 1712 4712 ipsis
1741 4640 1931 4696 verbis
1951 4641 2030 4696 si-

2142 4389 2285 4438 ωπα,
2372 4367 2498 4425 ἄλλ’
2556 4367 2647 4425 οὖν
2704 4367 2888 4444 ἕτερον
2952 4375 2988 4442 ἠ
3077 4371 3220 4447 λέξις
3303 4375 3604 4450 παρίστησι
3683 4396 3785 4444 ση-

2145 4455 2468 4530 μαινόμενον
2525 4461 2560 4530 ή
2639 4459 2697 4513 ἐκ
2775 4481 2872 4515 του
2959 4462 3170 4535 Πατρὸς
3253 4461 3644 4538 ἐκπορεύεσθαι
3725 4461 3784 4516 τὸ

2142 4555 2379 4623 Πνευμα,
2430 4551 2518 4605 καὶ
2564 4547 2745 4623 ἕτερον
2791 4554 2825 4621 ἡ
2874 4557 3085 4626 Πνευμα
3135 4558 3269 4609 Θεοῦ
3299 4555 3333 4625 ἢ
3376 4556 3590 4632 Κυρίου
3623 4557 3658 4627 ἢ
3687 4556 3789 4608 τῶν

2143 4637 2445 4710 εἰρημένων
2482 4635 2704 4695 ἕκαστον
2746 4639 3002 4716 λέγουσα.
3051 4641 3122 4696 Τὸ
3174 4644 3270 4716 μὶν
3319 4643 3422 4720 γὰρ
3471 4645 3575 4714 τήν
3629 4643 3787 4699 ἐκπό-

463 4789 510 4866 '_’
557 4790 765 4848 Matth.
813 4808 896 4866 ait
960 4790 1091 4866 ἓξ.--
1122 4788 1172 4866 ff
1226 4788 1704 4866 animation
1734 4785 1920 4866 “fisa.
1950 4803 2012 4866 _x_|

2186 4788 2285 4843 ⁸⁵1
2329 4789 2456 4846 Cor.
2482 4806 2546 4859 ιι,
2593 4793 2680 4848 12.
2756 4792 2802 4830 ⁸⁸
2831 4794 2998 4850 Rom.
3032 4811 3155 4866 vm,
3185 4795 3240 4851 9.
3326 4793 3510 4853 3713a.
3566 4811 3682 4864 ιιι,
3738 4797 3787 4848 1-

392 4860 437 4897 ⁸⁸
468 4860 637 4918 Rom.
669 4863 908 4930 vm,11.
983 4860 1030 4898 ⁸⁸
1055 4860 1196 4919 ibid.
1230 4862 1319 4918 15.
1395 4858 1468 4895 3"
1490 4859 1634 4916 ibid.
1673 4858 1732 4916 9.
1761 4857 1810 4893 9°
1884 4857 2025 4914 ibid.

1561 5059 1806 5118 VARIIE
1835 5057 2226 5116 LECTIONES
2269 5058 2362 5116 ET
2397 5059 2620 5120 NOTE.

461 5249 576 5321 (93)
619 5247 1019 5321 Hisceﬂnem
1070 5245 1326 5321 imponit
1367 5244 1615 5321 Photius
1661 5241 1895 5321 prolixm
1969 5243 2040 5299 de
2147 5259 2344 5321 supra.

393 5314 668 5390 Pa'trihus
701 5319 923 5376 Latinis
946 5314 1351 5390 disputationi.
1367 5316 1541 5390 Plura
1559 5315 1653 5371 his
1669 5314 2031 5390 posteriores

394 5387 676 5470 Ph_o_tiahi_
695 5387 1110 5470 adjunxenunt.
1134 5389 1226 5470 gf.
1246 5387 1523 5470 Allatium
1538 5396 1752 5470 eontra
1770 5387 2032 5470 IIotting.

395 5467 551 5529 c.19,
573 5483 628 5536 p.
653 5458 891 5536 417seq.
915 5467 971 5518 et
983 5459 1471 5536 cap.‘12_opusculi
1485 5460 1557 5515 ad
1571 5459 1787 5516 calcem
1801 5459 1868 5514 ad
1872 5458 2032 5530 jecti.

471 5528 590 5608 (94)
607 5528 870 5608 Palat._f.'
887 5535 992 5608 24-8
1019 5528 1071 5590 b'.
1107 5528 1422 5608 βούλεσθαι2

471 5539 583 5679 (94)
607 5539 790 5591 Palat.
823 5539 862 5590 Ι.
887 5539 992 5589 248
1019 5539 1071 5590 b.
1107 5539 1422 5608 βούλεσθαι.

461 5609 557 5679 (95
635 5607 721 5663 Cf.
781 5604 1143 5679 Psal._Lv1u,
1204 5604 1258 5671 4,
1317 5601 1590 5674 5(LXX).
1644 5601 1754 5658 Pro
1800 5598 2038 5676 βυούσης

395 5674 571 5741 codd.
599 5679 815 5751 habent
849 5674 1115 5751 puoticmc.

467 5752 580 5826 (96)
610 5750 792 5809 Palat.
827 5743 867 5806 ιζ
899 5749 1004 5804 249
1029 5743 1078 5806 a.
1117 5743 1494 5818 μελετήσεται.
1541 5744 1663 5802 Col.
1706 5748 1764 5802 et
1811 5746 1936 5800 Vat.
1970 5746 2036 5800 ut

2230 5312 2351 5386 96‘)
2381 5313 2498 5370 Col.
2530 5314 2558 5367 ὁ
2592 5312 2768 5374 Παῦλ.

2239 5389 2328 5448 97)
2351 5386 2468 5443 Col.
2502 5391 2658 5443 deest
2680 5387 2862 5448 οὗτος.

2216 5389 2307 5460 (97
2351 5389 2468 5443 Col.
2502 5389 2862 5448 deestoﬁroc.

2215 5389 2602 5531 (98)Sichol.
2659 5475 2711 5531 p.
2757 5460 2882 5514 3M.
2943 5459 3122 5516 Palat.
3184 5461 3223 5515 f.
3283 5461 3386 5515 i249
3437 5459 3494 5516 b.
3549 5459 3651 5512 Ἐκ
3702 5455 3796 5509 τοῦ

2145 5527 2278 5584 Θεοῦ
2306 5527 2366 5583 τε
2393 5527 2482 5583 καὶ
2513 5527 2667 5586 Θεοῦ.

2219 5599 2743 5677 (99)(’3912λέγουσα
2773 5601 2834 5656 τὸ
2863 5606 3084 5676 Πνεῦμα
3113 5600 3298 5677 ἐκπορ.
3401 5597 3410 5606 ’

2219 5669 2296 5748 (4)
2316 5669 2606 5748 ῑΞρι-ἔχειέ

2219 5739 2304 5818 (2)
2332 5739 2536 5802 ναῐίοΪ
2548 5739 2790 5805 ἕκαστος.
