4058 6216
295 354 411 414 385

1402 349 1504 412 DE
1547 350 1611 410 S.
1658 344 2016 408 SPIRITUS
2065 344 2597 408 MYSTAGOGIA.

3581 362 3705 425 386

297 506 476 562 ρευσιν
515 489 595 558 τῷ
644 481 852 562 ῥήματι
899 481 1252 560 ἀπαγγέλλει,
1282 481 1351 540 τὰ
1398 481 1456 539 δὲ
1503 480 1605 540 οῦκ
1630 479 1710 540 ἔτι
1743 500 1756 516 ⁸
1813 479 1940 538 ἀλλ’

2076 483 2335 555 ςηίθοειιι
2363 499 2546 554 voces,
2571 501 2700 556 qua
2721 487 3002 560 Spiritum
3029 491 3232 549 dicunt
3246 493 3348 551 Dei
3370 499 3426 552 et
3441 495 3696 571 Domini,

297 577 344 632 εἲ
370 576 462 631 καὶ
493 571 634 630 διότι
681 574 848 630 αὐτοῦ
894 573 1265 650 ἐκπορεύεται,
1295 577 1462 630 ταῦτα
1505 572 1746 648 λέγεται,
1794 571 1940 639 πλὴν

2055 578 2112 629 et
2137 591 2263 646 qua:
2295 574 2385 629 his
2414 578 2555 631 sunt
2583 576 2822 635 similia.

297 665 427 722 ἀλλ’
484 660 712 737 οὐδεμία
781 683 840 719 τε
899 665 976 736 (3)
1033 667 1140 718 τῶν
1201 667 1389 740 φωνῶν
1474 663 1779 738 εἰρημένων
1835 661 1898 716 τὸ
1971 658 2352 734 ἐκπορεύεσθαι
2409 666 2528 724 ταῖς
2612 659 2814 732 λέξεσιν
2892 667 3200 741 ἐρμηνεύει.
3271 671 3372 726 Καὶ
3448 674 3548 748 γὰρ
3615 696 3709 732 πε-

298 759 537 835 ριφανῶς
575 754 758 828 ἕτερόν
809 753 952 809 ἐστιν
985 753 1155 810 εἰπεῖν
1204 751 1585 828 ἐκπορεύεσθαι
1634 752 1731 809 τοῦ
1764 753 1973 826 Πατρὸς
2017 751 2079 806 τὸ
2113 748 2352 825 Πνεῦμα,
2401 752 2490 806 καὶ
2516 751 2658 809 ἄλλο
2711 755 3046 828 σημαίνουσι
3095 765 3211 823 τοῖς
3261 762 3520 837 ὀνόμασιν
3553 765 3608 820 αἱ
3639 765 3701 821 τὸ

295 847 516 920 Πνεῦμα
546 843 804 920 λέγουσαι
831 843 928 898 τοῦ
961 841 1094 898 Θεοῦ
1123 841 1213 898 καὶ
1246 842 1447 916 Κυρίου
1476 842 1564 898 καὶ
1596 841 1662 898 τὰ
1693 841 1864 915 ὅμοια
1893 841 1994 914 (4).

366 937 518 1011 [105]
567 935 676 1014 [ια’.
737 933 929 990 Καίτοι
976 955 1040 1010 γε
1089 933 1136 989 εί
1184 936 1271 989 καὶ
1325 933 1521 1005 ἑκάστη
1578 939 1686 989 τῶν
1743 935 1938 1007 φωνῶν

285 1024 568 1100 ἐσήμαινε
637 1024 737 1093 τήν
810 1021 1148 1099 ἐκπόρευσιν,
1207 1024 1395 1099 ὅτιπερ
1467 1023 1655 1084 αὐτοῖς
1736 1023 1946 1098 ῥήμασι

295 1115 466 1178 θείοις
495 1111 766 1190 ἀνερρήθη
796 1112 860 1168 τὸ
893 1111 954 1168 ἐκ
997 1117 1096 1168 τοῦ
1137 1114 1348 1187 Πατρὸς
1397 1111 1804 1187 ἐκπορεύεσθαι,
1855 1111 1945 1167 καὶ

295 1209 464 1260 τοῦτο
491 1203 628 1277 πρὸς
668 1203 830 1276 ἡμῶν
862 1199 924 1256 ἂν
958 1201 1058 1272 ἧν·
1096 1202 1351 1276 μυριάκις
1382 1201 1486 1277 γὰρ
1513 1202 1649 1256 κατά
1678 1201 1776 1269 τὴν
1811 1200 1948 1254 ὑπό-

301 1295 448 1349 θεσιν
473 1291 678 1362 ταύτην
727 1289 1110 1366 ἐκπορεύεσθαι
1142 1290 1442 1364 νοουμένου
1486 1294 1586 1346 τοῦ
1625 1289 1945 1362 Πνεύματος

299 1382 365 1438 ἐκ
389 1385 489 1438 τοῦ
538 1379 768 1457 Πατρὸς,
809 1385 926 1443 πῶς
961 1376 1075 1435 οὐδ’
1124 1381 1280 1450 ἅπαξ’
1313 1379 1523 1456 εἴρηται
1565 1379 1948 1454 ἐκπορεύεσθαι

296 1477 401 1528 τοῦ
451 1471 617 1540 Υἱοῦ;
665 1469 739 1526 Οὐ
787 1469 892 1546 γὰρ
939 1467 1058 1545 ἔχει
1109 1471 1297 1545 χώραν
1344 1469 1538 1540 εἰπεῖν,
1599 1469 1673 1532 ὡς
1732 1467 1949 1545 εἴρηται

303 1560 392 1618 διὰ
421 1567 532 1617 τῶν
565 1558 774 1638 λόγων,
806 1560 858 1615 οἳ
892 1557 1158 1634 μηδόλως
1189 1564 1267 1634 (5)
1314 1566 1481 1616 τοῦτο
1523 1559 1849 1634 σημαίνουσι
1879 1561 1949 1634 τῇ

301 1653 485 1731 φωνῇ,
531 1649 623 1705 καὶ
667 1648 752 1705 ὅτι
815 1651 954 1723 μήτε
993 1648 1180 1722 θείοις,
1230 1647 1358 1705 ἀλλ’
1415 1647 1529 1705 οὐδ’
1587 1647 1948 1724 ἀνθρωπίνοις

297 1741 393 1796 καὶ
442 1739 917 1816 πνευματοφόροις
972 1737 1181 1814 ῥήμασι
1237 1739 1373 1794 κατὰ
1432 1739 1573 1812 λέξιν
1627 1741 1752 1793 ποτ’
1807 1736 1950 1813 ἐνερο

303 1832 450 1906 ῥήθη
491 1831 566 1902 (6)
595 1829 659 1884 τὸ
709 1832 925 1901 Πνεῦμα
963 1827 1345 1904 ἐκπορεύεσθαι
1391 1833 1488 1884 τοῦ
1539 1829 1669 1883 Υἱοῦ
1702 1847 1716 1861 ⁶
1764 1828 1855 1882 καὶ
1901 1827 1948 1882 εἰ

299 1921 367 1976 τὸ
402 1920 499 1992 μὲν
548 1917 800 1994 λέγεσθαι
846 1923 909 1973 τὸ
941 1921 1158 1992 Πνεῦμα
1202 1921 1299 1973 τοῦ
1343 1922 1476 1974 Θεοῦ
1524 1919 1614 1972 καὶ
1663 1919 1730 1972 τὰ
1776 1937 1949 1992 παρα-

299 2008 519 2080 πλήσια
569 2010 669 2079 τὴν
731 2007 1048 2082 ἐκπόρευσιν
1107 2003 1301 2083 ἔχουσι
1358 2009 1584 2083 πρώτην
1631 2008 1806 2063 αἰτίαν
1854 2007 1946 2062 καὶ

299 2099 650 2176 κυριωτάτην
687 2099 802 2172 (καὶ
833 2099 936 2173 γὰρ
976 2099 1303 2173 ὃμοοόσίον,
1347 2095 1486 2154 δίότι
1519 2099 1620 2170 (7),
1661 2095 1951 2170 ἐκπορεύε-

305 2211 422 2257 ται,
453 2189 516 2244 οὐ
544 2185 686 2244 διότι
717 2185 775 2243 δὲ
805 2187 1118 2262 ὁμοούσιον,
1164 2185 1536 2262 ἐκπορευτόν).
1569 2185 1646 2243 Τὸ
1696 2184 1752 2241 δὲ
1799 2185 1953 2260 λέγει·

307 2298 432 2333 σται
483 2281 704 2350 Πνεῦμα
745 2280 842 2331 τοῦ
889 2275 1018 2330 Υἱοῦ
1065 2277 1101 2347 ἢ
1148 2280 1382 2351 Χριστοῦ
1428 2276 1464 2345 ἢ
1513 2277 1581 2331 τὰ
1627 2279 1852 2330 τοιαῦτα
1897 2273 1956 2329 ἐκ

305 2365 665 2439 πολυμεροῦς
711 2364 956 2440 πρόεισιν
989 2364 1168 2428 αἰτίας
1219 2361 1384 2437 (διότι
1421 2385 1480 2420 τε
1525 2365 1630 2439 γὰρ
1659 2364 1955 2438 ὁμοούσιον

299 2456 400 2510 καὶ
451 2451 593 2509 διότι
644 2453 789 2528 χρίει
836 2452 996 2508 αὐτὸν
1027 2453 1118 2508 καὶ
1169 2449 1308 2508 διότι
1361 2455 1434 2526 (7)
1477 2451 1623 2526 μένει
1673 2453 1756 2508 ἐπ’
1794 2452 1955 2508 αὐτὸν

307 2545 398 2599 καὶ
431 2541 570 2598 διότι
623 2543 678 2599 ἐν
726 2542 916 2615 αὐτῷ),
948 2542 1010 2597 Εἰ
1056 2539 1148 2597 οῦν
1193 2543 1255 2597 τὸ
1293 2540 1676 2618 ἐκπορεύεσθαι
1723 2543 1822 2612 τὴν
1869 2565 1960 2599 κυ-

308 2635 585 2707 ριωτάτην
631 2630 829 2707 ἐπέχον
875 2630 1076 2702 αἰτίαν,
1127 2628 1198 2686 δι’
1242 2633 1310 2701 ἢν
1360 2633 1422 2686 τὸ
1468 2636 1688 2706 Πνεῦμα
1746 2631 1959 2708 λέγεται

307 2723 454 2778 εἶναι
481 2726 577 2778 τοῦ
628 2725 764 2776 Θεοῦ
793 2721 883 2776 καὶ
926 2720 1125 2794 Κυρίου
1173 2721 1264 2775 καὶ
1303 2721 1372 2776 τὰ
1411 2725 1656 2794 τοιαῦτα,
1696 2720 1850 2795 ὅμως
1897 2722 1961 2778 ού

317 2808 540 2866 δίδωσιν
596 2811 786 2872 αὐτοῖς
853 2808 1220 2885 ἀπαγγέλλειν
1281 2813 1358 2884 (8)
1431 2811 1494 2865 τὸ
1551 2809 1958 2886 ἐκπορεύεσθαι,

309 2905 439 2962 πῶς
485 2897 736 2969 δυνατὸν,
783 2899 864 2978 ἐφ’
895 2899 940 2973 ᾧ
981 2902 1060 2972 (9)
1117 2897 1292 2954 πλείω
1339 2900 1408 2954 τὰ
1454 2897 1602 2954 αἶ’τια
1652 2901 1959 2974 θεωρεῖται,

314 2988 386 3046 δι’
420 2991 498 3044 ὧν
539 2989 933 3062 ὑμνολογεῖται
983 2991 1202 3062 Πνεῦμα
1249 2992 1346 3042 τοῦ
1394 2989 1523 3043 Υὶοῦ
1570 2989 1660 3043 καὶ
1701 2990 1962 3064 Χριστοῦ,

2125 933 2217 990 9t.
2242 933 2590 1007 Quanquam
2620 935 2754 993 licet
2784 938 3053 1009 quaelibet
3084 941 3294 999 harum
3327 961 3534 1002 vocum
3558 963 3704 1019 pro-

2060 1024 2383 1080 cessionem
2416 1023 2791 1097 signiﬁcaret,
2827 1029 3102 1099 quoniam
3141 1032 3266 1102 jam
3320 1034 3466 1106 ipsis
3493 1036 3706 1095 divinae

2057 1111 2368 1183 Scriptura
2387 1113 2578 1170 verbis
2607 1115 2965 1173 declaratum
2999 1119 3127 1187 fuit,
3160 1121 3444 1192 Spiritum
3476 1141 3510 1180 a
3531 1127 3706 1183 Patre

2057 1203 2389 1272 procedere,
2423 1202 2529 1259 hoc
2576 1219 2807 1276 quoque
2856 1206 3026 1263 nobis
3070 1208 3300 1266 faveret.
3351 1212 3495 1269 Cum
3547 1214 3706 1270 enim
3820 1279 3822 1282 ,

2057 1290 2382 1347 sexcenties
2409 1293 2735 1348 secundum
2767 1293 2924 1350 illam
2957 1295 3308 1367 hypothesin
3354 1301 3714 1374 intelligatur

2059 1381 2370 1452 procedere
2423 1381 2670 1454 Spiritus
2730 1399 2759 1439 e
2812 1385 3004 1455 Patre,
3058 1391 3346 1457 quomodo
3407 1405 3480 1446 ne
3525 1390 3707 1448 semel

2052 1470 2292 1541 quidem
2343 1471 2562 1526 dictum
2607 1472 2736 1541 fuit,
2769 1470 2937 1527 ilium
2969 1490 3000 1528 a
3028 1473 3175 1531 Filio
3206 1479 3563 1547 procedere?
3590 1479 3706 1537 Nec

2057 1559 2205 1615 valet
2235 1560 2448 1628 dicere,
2483 1561 2700 1617 dictum
2734 1561 2840 1617 hoc
2871 1561 3052 1618 fuisse
3090 1564 3372 1636 implicita
3413 1567 3533 1624 illis
3581 1584 3709 1625 ver-

2057 1647 2170 1718 bis,
2189 1664 2315 1719 quaa
2339 1657 2530 1705 tamen
2550 1665 2664 1705 non
2689 1649 2744 1704 id
2763 1666 3034 1722 expresse
3054 1653 3411 1724 signiﬁcant,
3427 1659 3554 1711 tum
3573 1655 3713 1726 quia

2059 1751 2248 1807 neque
2277 1737 2492 1793 divinis
2523 1754 2820 1794 sacrarum
2850 1739 3276 1812 Scripturarum
3301 1759 3489 1815 neque
3511 1748 3712 1800 huma-

2059 1825 2150 1882 nis
2166 1831 2502 1882 sanctorum
2518 1831 2756 1883 Patrum
2773 1829 2962 1884 verbis
2976 1845 3245 1902 expresse
3261 1849 3514 1904 unquam
3529 1850 3716 1890 enun-

2059 1915 2260 1971 tiatum
2287 1915 2413 1985 fuit,
2429 1916 2706 1986 Spiritum
2730 1919 3040 1989 procedere
3061 1936 3094 1974 a
3117 1919 3411 1989 Filio,tum
3432 1924 3569 1993 quia
3591 1923 3712 1979 for-

2059 2007 2233 2063 mulae
2244 2007 2480 2080 quidem
2503 2007 2779 2084 loquendi
2801 2011 3049 2082 Spiritus
3065 2011 3163 2066 Dei
3178 2019 3230 2067 et
3245 2013 3464 2069 similes
3479 2031 3711 2086 proces-

2060 2095 2278 2152 sionem
2292 2095 2510 2154 habent
2530 2097 2780 2168 primam
2805 2099 3273 2172 praecipuamque
3295 2116 3530 2158 causam
3554 2103 3710 2172 (con-

2061 2184 2464 2242 substantialis
2493 2187 2646 2243 enim
2667 2187 2938 2258 Spiritus,
2965 2188 3103 2259 quia
3128 2189 3408 2262 procedit,
3431 2207 3545 2246 non
3570 2207 3704 2248 vero

2063 2276 2200 2346 quia
2230 2274 2745 2332 consubstantialis
2772 2280 2828 2331 et
2859 2278 3174 2348 procedens
3197 2280 3331 2350 est),
3356 2278 3479 2335 ista:
3504 2284 3702 2336 autem

2064 2363 2385 2420 locutiones
2429 2363 2672 2436 Spiritus
2711 2364 2846 2420 Filii
2895 2365 2983 2420 vel
3037 2365 3251 2423 Christi
3281 2373 3338 2424 et
3366 2372 3581 2424 ceteras
3634 2385 3704 2426 ex

2066 2454 2242 2511 variis
2255 2456 2524 2512 oriuntur
2536 2472 2640 2511 cau
2649 2455 2752 2527 sis(
2759 2455 3022 2513 videlicet
3037 2457 3175 2529 quia
3187 2459 3710 2518 consubstantialis

2069 2544 2120 2601 ei
2143 2549 2233 2600 est
2252 2544 2503 2616 Spiritus
2525 2549 2580 2599 et
2596 2545 2734 2616 quia
2757 2545 2922 2616 ungit
2944 2561 3075 2602 eum
3093 2553 3146 2601 et
3165 2547 3303 2618 quia
3326 2553 3520 2604 manet
3540 2565 3716 2620 super

2069 2649 2204 2688 eum
2237 2637 2294 2688 et
2323 2633 2382 2688 in
2415 2634 2524 2704 eo).
2559 2633 2618 2688 Si
2651 2632 2830 2704 igitur
2879 2635 3196 2706 processio,
3246 2634 3380 2691 licet
3429 2636 3502 2692 sit
3539 2653 3719 2695 causa

2071 2721 2394 2793 potissima,
2431 2738 2534 2777 cur
2563 2721 2813 2793 Spiritus
2844 2723 3071 2779 dicatur
3119 2739 3248 2779 esse
3281 2724 3377 2780 Dei
3405 2728 3460 2779 et
3490 2724 3718 2781 Domini

2072 2817 2128 2868 et
2159 2813 2395 2880 similia,
2417 2817 2611 2869 tamen
2636 2829 2752 2868 non
2775 2814 2880 2869 dat
2901 2814 3028 2870 istis
3049 2814 3305 2880 vocibus,
3333 2820 3397 2871 ut
3417 2816 3724 2873 enuntient

2074 2903 2528 2974 processionem,
2579 2903 2892 2973 quomodo,
2945 2920 3162 2974 quaeso,
3215 2905 3340 2959 ﬂeri
3389 2905 3627 2976 poterit,
3661 2911 3725 2962 ut

2074 2991 2174 3046 ubi
2206 2991 2403 3062 plures
2451 2991 2897 3048 considerantur
2947 3008 3155 3060 causae,
3186 2994 3258 3048 ob
3291 3009 3436 3064 quas
3468 2995 3720 3064 Spiritus

313 3080 407 3136 ἐπὶ
438 3081 636 3134 τούτου
663 3081 780 3152 (10)
819 3082 1000 3148 ζητεῖν
1049 3077 1227 3134 καίτοι
1263 3075 1404 3152 μηδέ
1453 3077 1962 3154 συναριθμουμένην

2081 3080 2431 3152 praedicatur
2459 3079 2586 3134 Filii
2618 3085 2675 3135 et
2700 3081 2934 3149 Christi,
2961 3080 3042 3135 ibi
3065 3081 3392 3137 necessario
3415 3083 3722 3138 admitten-

314 3175 436 3232 τοῖς
469 3169 667 3231 αἰτίοις
708 3167 1076 3243 ἀπαραίτητον
1105 3168 1206 3237 τὴν
1236 3166 1589 3244 ἐκπόρευσιν;

394 3350 506 3427 [ιβ’.
541 3346 614 3403 Σὺ
653 3347 714 3424 γὲ
742 3346 846 3422 ἄρα
872 3345 941 3402 τὰ
979 3344 1093 3402 ὦτα
1121 3347 1210 3402 καὶ
1255 3347 1356 3415 τὴν
1389 3343 1624 3402 διάνοιαν
1677 3347 1966 3404 ἀνατείνων

307 3436 453 3512 πρὸς
513 3431 781 3504 ἀσέϐειαν,
858 3432 1074 3492 ἐπειδὰν
1153 3435 1388 3509 ἀκούσῃς
1454 3436 1518 3490 τὸ
1599 3438 1816 3508 Πνεῦμα
1869 3441 1968 3492 τοῦ

303 3529 552 3602 Χριστοῦ
598 3525 636 3594 ἢ
695 3526 844 3599 [106]
903 3528 1002 3580 τοῦ
1060 3525 1209 3595 Υἱοῦ,
1268 3526 1438 3579 πάντα
1488 3521 1865 3599 παραδραμὼν
1915 3523 1968 3596 ἐξ

307 3619 392 3673 ὧν
420 3623 525 3686 τῆς
554 3613 842 3690 θεολογίας
867 3614 937 3683 ἦν
976 3634 1060 3669 σοι
1095 3614 1172 3687 μή
1220 3610 1540 3684 διεκπεσεῖν,
1584 3614 1660 3676 είς
1691 3615 1720 3668 ὃ
1774 3612 1970 3688 μηδεὶς

299 3707 482 3763 εἰπεῖν
515 3704 860 3778 κατηνέχθη,
892 3704 1028 3771 πρὸς
1058 3700 1232 3758 ἐκεῖνο
1262 3702 1399 3758 κατὰ
1433 3701 1681 3780 κεφαλήν
1723 3707 1963 3779 τρέχεις.

297 3795 546 3864 Εἴρηται
577 3795 643 3848 τὸ
690 3797 911 3866 Πνεῦμα
957 3790 1341 3868 ἐκπορεύεσθαι
1393 3797 1491 3848 τοῦ
1545 3792 1775 3866 Πατρὸς,
1815 3794 1964 3866 εἷ’ρη-

304 3907 400 3942 ται
432 3885 531 3940 καὶ
585 3885 686 3938 τοῦ
736 3882 863 3937 Υἱοῦ
891 3881 983 3937 καὶ
1023 3885 1124 3936 τοῦ
1177 3885 1311 3937 Θεοῦ
1341 3883 1476 3955 (11),
1534 3881 1624 3935 καὶ
1682 3883 1750 3936 τὰ
1797 3880 1966 3952 ἄλλα,

309 3977 388 4031 ὧν
433 3969 716 4035 πολλάκις
748 3970 777 4025 ’ὀ
817 3968 986 4044 λόγος
1016 3969 1271 4041 ἀνέπτυξε
1299 3970 1399 4038 τήν
1429 3967 1711 4044 διήγησιν·
1751 3970 1841 4024 καὶ
1871 3970 1968 4024 οὗ-

313 4062 407 4120 δέν
451 4061 663 4117 τούτων
713 4057 860 4128 πλὴν
891 4062 991 4124 τῆς
1037 4058 1306 4134 προτέρας
1355 4061 1542 4136 φωνῆς
1583 4058 1835 4130 σημαίνει
1864 4059 1963 4128 τήν

312 4151 668 4225 ἐκπόρευσιν·
713 4147 928 4224 εἴρηται
954 4148 1019 4202 τὸ
1049 4151 1270 4220 Πνεῦμα
1289 4151 1388 4202 τοῦ
1419 4147 1547 4203 Υἱοῦ
1585 4147 1678 4202 καὶ
1727 4150 1965 4222 Χριστοῦ

311 4241 414 4296 καὶ
445 4241 515 4292 τὰ
543 4233 929 4311 παραπλήσια,
976 4233 1221 4310 οὐδαμοῦ
1262 4232 1320 4290 δὲ
1367 4234 1544 4290 ὅτιτὸ
1593 4239 1814 4308 Πνεῦμα
1863 4237 1974 4326 (12)

305 4334 420 4385 τοῦ
463 4327 595 4382 Υἱοῦ
644 4325 1014 4400 ἐκπορεύεται.
1058 4321 1346 4398 Μηδαμῶς
1396 4323 1485 4380 οῦν
1533 4324 1829 4399 εἰρημένης
1878 4321 1976 4394 τῆς

2081 3167 2155 3222 da
2183 3167 2446 3223 videatur
2476 3167 2790 3237 processio,
2822 3183 2947 3238 quas
2981 3171 3169 3223 tamen
3205 3183 3390 3239 neque
3412 3167 3564 3224 inter
3592 3183 3726 3225 cau-

2081 3272 2179 3311 sas
2209 3259 2554 3312 numeratur
2573 3255 2602 3310 ?

2147 3345 2238 3401 92.
2268 3345 2354 3400 Tn
2385 3349 2579 3402 tamen
2612 3361 2780 3401 aures
2829 3361 2893 3401 ac
2939 3352 3184 3402 mentem
3238 3345 3306 3401 ad
3358 3345 3720 3417 impietatem

2077 3435 2414 3502 intendens,
2447 3434 2542 3490 ubi
2575 3433 2833 3491 audieris
2877 3435 3154 3506 Spiritum
3187 3433 3398 3491 Christi
3431 3439 3536 3491 aut
3564 3435 3720 3504 Filii,

2077 3524 2277 3581 omnia
2307 3523 2664 3595 preteriens,
2713 3539 2783 3579 ex
2825 3522 3041 3595 quibus
3099 3527 3327 3595 poteras
3355 3541 3388 3581 a
3416 3527 3576 3581 recta
3604 3540 3720 3580 non

2076 3613 2337 3670 excidere
2365 3611 2674 3685 theologia,
2725 3612 2798 3667 ad
2847 3611 2992 3667 illud
3048 3629 3228 3684 prono
3278 3613 3464 3685 capite
3515 3613 3726 3682 curris,

2080 3704 2234 3774 quod
2263 3718 2435 3758 nemo
2465 3718 2724 3759 asserere
2752 3717 3062 3774 aggressus
3092 3708 3200 3759 est.
3238 3703 3457 3760 Dicitur
3477 3705 3728 3776 Spiritus

2082 3792 2387 3862 procedere
2418 3808 2452 3846 a
2482 3791 2670 3858 Patre,
2701 3789 2916 3846 dicitur
2944 3797 3002 3846 et
3033 3791 3156 3846 Filii
3176 3797 3234 3848 et
3262 3792 3388 3861 Dei,
3420 3797 3477 3849 et
3499 3797 3724 3865 caetera,

2079 3897 2206 3951 quas
2254 3881 2470 3952 saepius
2520 3878 3027 3951 enumeravimus;
3074 3885 3245 3952 atque
3309 3881 3473 3938 nulla
3522 3883 3730 3938 harum

2079 3968 2460 4036 locutionum,
2493 3971 2703 4040 praeter
2733 3967 3006 4038 primam,
3031 3969 3463 4040 processionem
3496 3969 3727 4041 signiﬁ-

2078 4067 2205 4125 cat;
2255 4057 2474 4112 dicitur
2513 4057 2762 4128 Spiritus
2813 4056 2941 4112 Filii
3001 4064 3053 4112 et
3104 4056 3317 4112 Christi
3375 4062 3434 4114 et
3490 4057 3728 4127 similia,

2080 4161 2369 4218 nusquam
2414 4161 2554 4201 vero
2623 4145 2934 4217 procedere
2982 4145 3267 4216 Spiritum
3319 4163 3352 4201 a
3394 4145 3555 4202 Filio.
3588 4146 3730 4202 Cum

2087 4236 2266 4308 igitur
2291 4233 2628 4291 nullatenus
2660 4233 2836 4290 fuerit
2882 4235 3188 4290 enuntiata
3239 4235 3550 4307 processio,
3585 4249 3729 4307 quo-

2087 4327 2261 4382 modo
2291 4341 2406 4382 non
2437 4340 2673 4381 summa
2719 4331 2803 4380 est
2845 4323 3076 4380 insania
3126 4328 3301 4395 atque
3341 4323 3630 4390 vecordia,
3662 4325 3733 4380 ad

308 4416 718 4492 ἐκπορεύσεως,
775 4418 894 4476 πῶς
971 4413 1032 4469 ού
1107 4413 1391 4476 παντελῶς
1451 4413 1703 4469 ἆσύνετόν
1775 4435 1833 4470 τε
1883 4415 1962 4468 καῖ

2088 4413 2232 4471 illud
2263 4429 2433 4471 voces
2461 4414 2761 4484 reducere,
2794 4414 2863 4468 ad
2897 4411 3056 4484 quod
3083 4411 3244 4470 nullo
3268 4429 3526 4485 unquam
3560 4413 3733 4468 modo

309 4505 648 4584 παράφορον
686 4503 763 4565 εἷς
810 4502 982 4559 ἐκεῖνο
1013 4502 1108 4566 τὰς
1160 4503 1340 4580 φωνὰς
1383 4502 1620 4580 ἀνάγειν,
1663 4503 1738 4566 εἰς
1783 4503 1813 4558 ’ὀ
1857 4525 1966 4577 μη-

2080 4504 2315 4560 fuerunt
2335 4503 2651 4560 enuntiatae
2666 4504 2694 4558 ?
2715 4507 2838 4559 Non
2861 4503 3018 4559 enim
3042 4502 3151 4559 hoc
3180 4519 3417 4576 quoque
3438 4502 3534 4560 isti
3557 4501 3736 4559 maxi-

1487 4648 1728 4706 VARI/E
1769 4647 2168 4705 LECTIONES
2207 4648 2298 4703 ET
2334 4647 2569 4704 NOTIE.

398 4768 485 4841 (3)
514 4766 638 4841 Col.
673 4763 1009 4841 Οὐδεμία-γε
1037 4785 1091 4823 κ.
1126 4768 1346 4841 φωνῶν.

400 4835 483 4910 (4)
516 4838 763 4910 Photius
791 4835 882 4908 ap.
917 4835 1193 4899 B‘eccum,
1228 4838 1266 4892 l.
1301 4853 1388 4910 tu,
1417 4837 1500 4910 ad
1531 4835 1752 4910 Theod.
1803 4836 1979 4910 Sagd.

315 4931 378 4970 ϐ.
409 4907 476 4979 Ἰ,
509 4911 546 4964 8
574 4909 658 4979 (G.
691 4907 764 4966 0.
801 4907 874 4978 Π,
919 4910 1043 4977 142,
1079 4910 1249 4980 143)γ;
1302 4907 1481 4980 ’ᾋλλο
1526 4907 1813 4980 σημαίνειν
1845 4907 1986 4980 dicit

309 4978 718 5052 τὴννΠνεῦμα
751 4983 909 5052 Θεοῦ
1040 4978 1262 5052 ματρὸς
1318 4978 1354 5047 ἢ
1413 4978 1542 5052 1Ϊὶοῦ
1599 4978 1864 5052 λέγουσαν
1917 4978 1980 5032 τὸ

311 5047 554 5127 Πνεῦμα
613 5047 837 5127 ςίξωνήν,⁸
885 5047 989 5105 καῖ’
1039 5047 1220 5127 ἕτερον
1275 5052 1375 5127 τῂν
1417 5047 1844 5127 ἐκπορεύεσθαι,
1884 5053 1982 5127 τοῦ

309 5117 560 5198 Πατρὶς-
597 5117 734 5198 άύτὸ
758 5117 1359 5198 ’,λνέγουσαν...’-ἓτερόν
1414 5120 1525 5198 ἐστι
1571 5117 1888 5198 περιφανῇς
1917 5121 1980 5198 10

309 5191 720 5268 ἐκπορεύεσθαι
763 5191 824 5248 ἐκ
851 5191 949 5248 τοῦ
993 5194 1206 5268 Πατρὸς
1245 5191 1307 5248 τὸ
1342 5196 1576 5268 Πνεῦμα,
1627 5191 1735 5268 κοῇ
1767 5191 1912 5268 ἄλλο
1943 5193 1979 5262 ἡ

307 5271 384 5326 ἐκ
432 5263 570 5323 Θέοῦ
615 5263 850 5342 λέγουσα
908 5263 1164 5342 σημαίνει
1212 5266 1392 5342 φωνή.
1443 5263 1546 5342 Cl}.
1573 5265 1980 5342 et_Tbeo_phx-

304 5336 907 5412 laotrapud‘Hugon.
934 5336 1235 5412 Etherian.'
1257 5337 1297 5392 Ι.
1319 5355 1384 5412 _u,
1408 5354 1460 5396 ο.
1487 5337 1552 5392 13
1582 5336 1710 5412 init.
1737 5353 1793 5407 p.
1814 5336 1980 5412 Δ1ί2ἓ8.

306 5408 802 5482 Nicol.MetbonT
832 5410 987 5482 apud
1017 5411 1289 5482 eumdem
1318 5408 1356 5464 l.
1391 5424 1558 5482 n1,_c_.
1595 5409 1769 5482 11,7p.
1805 5409 1980 5482 ψῃ)

307 5485 596 5543 Marcum
631 5481 840 5552 Ephes.
870 5479 1079 5553 syllog.
1108 5480 1292 5553 20,_in
1326 5481 1455 5536 cod.
1491 5479 1646 5535 Mon.
1680 5479 1844 5553 27,].
1875 5479 1980 5553 253

309 5548 696 5627 arguentem,
756 5548 924 5608 aliud
974 5548 1105 5608 es‘se
1169 5548 1232 5606 τὸ
1291 5553 1507 5622 Πνεῦμα
1579 5553 1678 5604 τοῦ
1746 5548 1981 5624 Πατρός,

306 5625 494 5687 aliud
522 5622 588 5698 τῦ
620 5627 849 5698 Πᾳνηταῦ
880 5623 1091 5698 Πατρρς
1121 5621 1535 5698 ἐκπορεύεσθαιᾖ

407 5699 482 5770 (5)
517 5694 614 5753 Sic
645 5694 765 5753 Col.
802 5689 1058 5754 Palatff.
1098 5697 1206 5752 250
1235 5689 1286 5751 a.
1325 5691 1457 5768 μηδ’
1485 5689 1656 5755 ὅλως.

2161 4764 2241 4838 (β)
2270 4763 2456 4838 Yatic.
2495 4764 2539 4838 r._
2563 4764 2672 4838 293
2697 4780 2750 4838 si.
2791 4762 2956 4817 ποθιν
2989 4760 3217 4838 ἐῤῥήθη.
3252 4763 3346 4820 Sic
3373 4763 3494 4838 GO[.

2160 4831 2240 4905 (7)
2271 4835 2450 4892 Palat.
2484 4835 2576 4891 bis
2609 4831 2663 4888 δι
2703 4832 2808 4890 ὅτι.

2160 4908 2235 4978 (8)
2267 4906 2404 4961 Scil.
2439 4907 2498 4960 in
2530 4907 2923 4962 dictionibus:
2955 4905 3209 4978 Spiritus
3233 4907 3339 4978 Dei
3379 4915 3434 4962 et
3462 4907 3736 4978 Domini;

2087 4977 2176 5050 vel
2208 4979 2412 5050 potius
2432 4983 2496 5032 ut
2519 4978 2878 5048 subjectum:
2912 4975 3088 5033 verba
3121 4976 3343 5050 Πνεῦμα
3356 4980 3459 5050 τοῦ
3489 4975 3625 5033 Θεοῦ
3647 4980 3738 5033 καὶ

2089 5049 2313 5123 Κυρίου.
2367 5049 2566 5123 Neque
2604 5050 2762 5123 enim
2814 5049 3016 5123 dicere
3053 5049 3198 5120 vult,
3238 5049 3302 5104 τὸ
3346 5049 3741 5123 ἐκπορεύεσθαι

2089 5118 2206 5177 non
2237 5118 2568 5192 significare
2595 5123 2660 5174 τὸ
2698 5118 3110 5192 ἐκπορεύεσθαί,
3143 5118 3243 5179 sed
3275 5121 3468 5178 solum
3491 5118 3517 5176 ἐ
3572 5138 3738 5180 voces

2090 5197 2188 5251 Ην.
2229 5187 2383 5260 Θεόῦ,
2416 5193 2622 5265 etc,__id
2674 5208 2790 5265 non
2823 5187 3170 5265 exprimere,
3216 5192 3354 5250 licet
3402 5209 3603 5263 eausa,
3634 5211 3742 5250 cur

2091 5269 2402 5338 ponantur,
2416 5265 2484 5338 in
2517 5263 2617 5338 illo
2646 5263 2920 5338 sit.Priu_s
2942 5265 3264 5320 absurdum
3300 5266 3454 5320 foret
3481 5274 3535 5322 et
3563 5281 3742 5338 grave

2091 5335 2163 5393 de
2192 5335 2461 5408 lectionis
2491 5335 2731 5408 veritate
2762 5336 3001 5408 dubium
3035 5339 3333 5408 ingerens.

2161 5407 2244 5481 (9)
2271 5407 2401 5481 091-.
2425 5424 2478 5478 ρ·
2511 5407 2617 5481 315
2647 5405 2741 5481 ἒφῖ,
2759 5406 2848 5462 05-

2189 5476 2273 5546 10)
2306 5476 2610 5548 Ρθιεῐνέπὶ
2642 5476 2741 5532 τοῦ
2774 5481 2979 5548 ζητεῖν.

2187 5549 2208 5624 1
2306 5550 2426 5624 Gal.
2462 5546 2672 5624 e‘ipmatt
2698 5545 2797 5604 καῖ
2817 5545 2914 5605 τοῦ
2946 5549 3156 5624 Πατρὸς
3195 5547 3284 5603 καὶ
3314 5545 3410 5603 τοῦ
3441 5548 3596 5606 Θεοῦ.

2191 5568 2276 5616 ιι)
2306 5568 2426 5606 υοι.
2462 5568 2507 5603 ει
2545 5569 2672 5620 ηται
2698 5569 2718 5603 υ

2191 5621 2278 5691 12)
2307 5620 2428 5677 Col.
2465 5568 2598 5678 αέα.
2636 5619 2718 5680 ἐκ.
