4058 6216
211 0 492 64 eve-'9'"
517 0 542 4 ’“

393 324 510 385 387

1592 289 1859 383 pacm
1904 320 2436 384 PATRIARCHJE
2479 323 2597 384 cp.

3665 332 3767 390 388

395 475 486 516 me
516 459 813 516 temerarii
845 465 901 516 et
920 460 992 516 ad
1021 459 1304 532 quidlibet
1361 456 1690 513 audendum
1740 455 1906 528 proni
1939 455 2021 511 di-

2150 452 2298 530 δαμῆ
2355 453 2628 530 μηδαμῶς
2672 455 3052 535 ἐκπεφώνηται
3100 459 3254 532 (13);
3303 457 3373 514 Οὔ
3421 459 3525 534 γὰρ
3581 458 3641 530 δὴ
3689 465 3768 520 καὶ

391 564 517 605 cere
548 549 870 615 audebunt,
905 566 1072 621 posse
1100 547 1385 621 expressis
1433 545 1621 602 verbis
1653 562 1683 602 e
1713 546 1891 601 sacris
1921 544 2033 602 elo-

392 637 543 708 quiis
577 637 803 694 desumi
833 637 1091 710 Spiritus
1122 655 1152 693 a
1189 636 1328 692 Filio
1359 635 1813 708 processionem.

459 819 547 874 93.
581 820 666 874 Tu
697 835 830 875 vero
883 816 1019 873 hinc
1050 833 1274 887 quoque
1321 833 1442 873 rem
1477 817 1750 890 expende.
1785 815 2036 887 Spiritus

393 908 606 963 dicitur
635 907 888 978 Spiritus
920 907 1157 974 Christi,
1189 911 1373 978 etqua
1407 907 1627 962 ratione
1651 906 1897 973 dicatur,
1920 922 2034 960 non

393 1001 480 1052 est
512 996 748 1051 difﬁcile
774 1012 841 1050 ex
891 996 1035 1050 Isaia
1078 996 1320 1064 discere,
1357 996 1469 1052 imo
1517 1011 1653 1050 vero
1683 1010 1752 1049 ex
1781 995 2038 1065 ipsamet

393 1084 623 1139 Domini
657 1084 992 1140 recitatione
1024 1099 1090 1140 ac
1121 1099 1256 1139 voce
1284 1099 1298 1138 :
1334 1084 1574 1154 Spiritus
1613 1084 1764 1138 enim
1797 1082 2032 1148 Domini,

390 1174 780 1245 inquit,super
800 1177 917 1239 me;
947 1180 1233 1246 propterea
1257 1175 1422 1230 unxit
1448 1191 1530 1230 me
1553 1174 1618 1229 9'.
1646 1173 2033 1240 Quamobrem

388 1263 642 1333 Spiritus
677 1264 788 1318 alio
821 1265 992 1319 modo
1023 1263 1234 1318 dicitur
1264 1262 1648 1332 Domini,alio
1674 1264 1840 1320 modo
1864 1261 1990 1318 Filii
2017 1279 2034 1330 ;

391 1353 640 1423 Spiritus
671 1353 905 1423 quidem
950 1352 1181 1408 Domini
1235 1357 1432 1422 utpote
1481 1351 2032 1418 consubstantialis;

387 1443 638 1512 Spiritus
686 1458 817 1496 vero
865 1442 1010 1507 Filii,
1064 1441 1194 1496 licet
1246 1441 1324 1496 sit
1372 1429 1907 1509 consubstantialis,
1939 1445 2036 1495 ta-

392 1547 524 1586 men
559 1535 796 1602 propter
827 1529 1158 1585 unctionem
1192 1531 1444 1586 dicitur:
1480 1530 1691 1586 Christi
1720 1531 1872 1587 enim
1906 1530 2038 1600 Spi-

390 1620 558 1688 ritus,
592 1619 731 1689 quia
764 1620 931 1690 ungit
961 1620 1175 1690 ipsum,
1208 1619 1454 1690 Spiritus
1484 1620 1661 1686 enim,
1690 1620 1878 1690 inquit
1909 1620 2037 1689 ipsa

389 1708 632 1775 Veritas,
665 1724 828 1778 super
847 1723 973 1772 me;
1001 1712 1294 1778 propterea
1338 1711 1500 1763 unxit
1549 1724 1652 1764 me.
1688 1708 1864 1779 Ungit
1893 1708 2032 1780 Spi-

2143 550 2304 600 τοῦτο
2351 546 2728 619 τολμήσουσιν
2758 548 2809 602 οἱ
2859 547 3030 602 πάντα
3081 549 3295 620 θρασεῖς
3343 547 3530 613 εἰπεῖν,
3563 551 3632 611 ὡς
3672 550 3767 609 ἔστι

2144 636 2382 709 ῥήμασιν
2434 637 2626 698 αὐτοῖς
2686 636 2746 692 ἐκ
2800 641 2906 691 τῶν
2963 641 3129 712 ἱερων
3195 637 3411 714 Λογίων
3471 635 3646 695 λαϐεῖν
3711 644 3764 698 τὸ

2147 729 2364 797 Πνεῦμα
2392 728 2488 779 τοῦ
2519 726 2648 780 Υἱοῦ
2679 724 3086 799 ἐκπορεύεσθαι.

2219 813 2317 890 [ιγ’.
2353 813 2428 868 Σὺ
2461 811 2518 868 δέ
2575 836 2667 888 μοι
2699 816 2888 868 σκόπει
2919 814 3218 870 κάντεῦθεν·
3270 817 3331 870 τὸ
3375 820 3584 888 Πνεῦμα
3635 815 3768 896 λέγε-

2143 924 2230 958 ται
2261 908 2358 958 τοῦ
2389 907 2650 977 Χριστοῦ,
2709 903 2799 957 καὶ
2840 905 2990 965 ὅπως
3044 901 3288 979 λέγεται,
3321 904 3384 958 οὐ
3411 905 3668 978 ,χαλεπὸν
3714 905 3765 960 ἐκ

2145 997 2242 1047 τοῦ
2283 994 2502 1048 Ἠσαίου
2538 995 2743 1065 μαθεῖν,
2792 991 3005 1065 μᾶλλον
3037 989 3093 1047 δὲ
3131 993 3222 1047 καὶ
3254 991 3305 1063 ἐξ
3349 990 3516 1062 αὓτῆς
3546 1001 3638 1063 τῆς
3681 1004 3766 1050 Δε-

2145 1089 2409 1151 σποτικῆς
2461 1082 2803 1157 ἀναγνώσεως
2847 1083 2934 1137 καὶ
2981 1089 3166 1159 φωνῆς
3200 1101 3211 1113 ·
3269 1087 3489 1154 Πνεῦμα
3535 1084 3629 1157 γὰρ
3668 1086 3770 1156 (14)

2147 1171 2230 1226 ἐπ’
2286 1171 2404 1243 ἐμὲ,
2467 1171 2650 1246 φησὶν,
2710 1171 2772 1225 οῦ
2833 1169 3026 1225 ε’ίνεκεν
3081 1165 3267 1245 ἔχρισέ
3334 1191 3400 1242 με
3443 1187 3457 1200 ·
3517 1169 3639 1224 ὥστε
3709 1172 3765 1224 τὸ

2147 1265 2365 1333 Πνεῦμα
2396 1257 2568 1314 ἄλλον
2610 1261 2703 1332 μὲν
2755 1259 2953 1334 τρόπον
3003 1257 3220 1335 λέγεται
3271 1262 3370 1313 τοῦ
3423 1259 3612 1333 Κυρίου
3642 1261 3766 1331 (15),

2143 1347 2326 1424 ἕτερον
2359 1347 2415 1404 δὲ
2442 1354 2538 1404 τοῦ
2571 1351 2697 1404 Υἱοῦ
2730 1368 2742 1382 ⁸
2776 1351 2837 1404 τὸ
2872 1353 2966 1422 μὲν
3004 1351 3106 1424 γὰρ
3138 1349 3212 1410 ὼς
3253 1349 3548 1421 ὁμοούσιον
3580 1367 3592 1380 ⁶
3623 1369 3680 1402 το
3717 1345 3768 1402 δὲ

2146 1439 2192 1493 εἰ
2220 1439 2310 1494 καὶ
2342 1441 2660 1512 ὁμοούσιον,
2695 1437 2840 1494 ἀλλά
2887 1443 2978 1492 νῦν
3008 1459 3069 1514 γε
3101 1435 3188 1492 ’διᾶ
3226 1440 3289 1492 τὸ
3319 1439 3532 1512 χρίσμα
3573 1436 3768 1513 λέγεται

2143 1533 2239 1584 τοῦ
2271 1529 2397 1583 Υἱοῦ
2433 1548 2444 1560 ·
2494 1533 2736 1602 Χριστοῦ
2771 1531 2877 1601 (16ι
2923 1529 3026 1604 γὰρ
3077 1531 3314 1600 Πνεῦμα,
3361 1529 3445 1582 δτι
3498 1528 3638 1606 χρίει
3683 1527 3771 1582 αὖ·

2143 1619 2236 1672 τόν
2267 1619 2382 1688 (17)
2413 1633 2426 1648 ⁸
2481 1619 2624 1690 [107]
2677 1621 2891 1689 Πνεῦμα
2933 1617 3034 1692 γὰρ
3086 1615 3170 1670 ἐπ’
3209 1615 3329 1689 ἐμὲ,
3361 1617 3502 1684 αὐτή
3553 1636 3703 1695 φησιν
3737 1617 3768 1684 ὴ

2147 1706 2425 1776 Ἀλήθεια,
2489 1707 2550 1760 οῦ
2608 1705 2809 1760 ε’ίνεκεν
2870 1702 3055 1780 ἔχρισέ
3105 1727 3190 1778 με.
3241 1707 3395 1780 Χρίει
3447 1705 3514 1760 τὸ
3575 1710 3769 1777 Πνεῦμα

388 1797 536 1852 ritus
567 1795 880 1863 Christum,
913 1797 1204 1868 quomodo
1236 1797 1317 1864 id,
1351 1814 1566 1868 quaeso,
1593 1797 1868 1867 intelligis
1887 1798 1916 1851 ?
1945 1803 2021 1852 Au

2139 1797 2231 1850 τὸν
2266 1796 2515 1868 Χριστόν
2550 1793 2816 1869 ἄνθρωρε,
2849 1799 2966 1855 πῶς
2997 1800 3178 1862 νοεῖς;
3209 1795 3328 1848 καθ’
3357 1794 3417 1848 ’ὸν
3453 1793 3622 1870 λόγον
3659 1813 3775 1867 μετ-

391 1889 680 1956 quatenus
712 1885 1072 1956 participavit
1103 1887 1172 1942 de
1189 1903 1361 1942 carne
1383 1891 1440 1942 et
1465 1887 1754 1958 sanguine
1775 1892 1829 1942 et
1852 1887 2035 1942 factus

390 1980 478 2030 est
495 1973 768 2041 homo,an
789 1979 1079 2046 quatenus
1107 1975 1178 2029 ab
1203 1975 2036 2031 eternoexsistebatDeus?At

388 2064 498 2119 hoc
513 2063 798 2133 posterius
814 2064 1597 2134 nunquam,opinor,tametsi
1611 2065 2036 2122 audacissimus

394 2153 496 2221 sis,
515 2153 807 2209 afﬁrmare
821 2153 1082 2208 audebis.
1099 2152 1225 2208 Non
1239 2152 1394 2209 enim
1413 2151 1849 2224 ungiturFilius
1862 2158 2037 2225 prout

392 2247 482 2298 est
510 2242 686 2308 Deus,
720 2258 920 2314 apage.
954 2241 1101 2313 Ergo
1126 2249 1294 2312 prout
1323 2251 1404 2297 est
1425 2241 1597 2296 homo
1633 2242 1852 2312 Spiritu
1879 2241 2039 2312 ungi-

393 2335 487 2386 tur
517 2330 805 2386 Christus.
838 2331 926 2385 Tu
960 2347 1088 2384 vero
1121 2330 1302 2386 dicis:
1337 2331 1614 2396 Quoniam
1647 2331 1863 2387 dicitur
1894 2331 2032 2402 Spi-

395 2419 543 2474 ritus
566 2418 798 2485 Christi,
837 2418 1073 2473 omnino
1122 2423 1179 2474 et
1227 2418 1486 2489 procedit
1537 2436 1568 2472 a
1605 2417 1848 2474 Christo.
1888 2419 2035 2490 Ergo

392 2509 642 2580 Spiritus
690 2507 906 2563 Christi
958 2524 1070 2562 non
1122 2513 1412 2577 quatenus
1459 2512 1548 2563 est
1597 2513 1743 2563 Deus
1791 2525 1858 2562 ex
1904 2509 2032 2580 ipso

399 2597 683 2667 provenit,
717 2596 816 2652 sed
867 2603 1155 2666 quatenus
1203 2596 1400 2664 homo,
1447 2613 1561 2651 non
1610 2597 1680 2652 ab
1730 2601 1940 2652 aeterno
1981 2601 2040 2653 et

396 2688 534 2740 ante
559 2685 767 2740 saecula
815 2683 992 2740 simul
1044 2700 1177 2739 cum
1211 2685 1375 2740 Patre
1406 2685 1798 2741 substantiam
1844 2687 2036 2755 possi-

383 2773 547 2842 dens,
565 2775 666 2829 sed
683 2773 1091 2845 tunc,quando
1114 2774 1429 2830 humanam
1453 2791 1684 2830 carnem
1713 2775 2038 2846 assumpsit

381 2860 582 2917 Filius.

448 3047 537 3102 94.
571 3047 813 3103 Adverte
893 3046 1153 3104 animum
1207 3055 1260 3103 et
1317 3047 1596 3119 resipisce
1628 3049 1702 3104 ab
1731 3063 1946 3116 errore,
1988 3064 2020 3102 ο

374 3137 571 3205 homo,
603 3153 708 3193 nec
740 3144 898 3194 luam
930 3136 1162 3210 plagam
1192 3136 1524 3209 vulnusque
1544 3142 1712 3194 tuum
1736 3136 1870 3194 talis
1893 3153 2023 3193 esse

374 3234 595 3285 natura:
629 3228 893 3290 ostende.
949 3232 1010 3284 ut
1049 3244 1282 3284 omnem
1337 3233 1575 3300 respuat
1632 3229 2019 3286 curationem.

371 3317 624 3388 Spiritus
658 3319 1003 3388 prwdicatur
1027 3317 1264 3384 Christi,
1299 3318 1439 3388 quia
1472 3317 1638 3389 ungit
1667 3318 1884 3389 ipsum,
1920 3322 2018 3372 tua

371 3412 566 3462 autem
596 3405 924 3477 perniciosa
955 3407 1046 3462 lex
1075 3422 1334 3463 asserere
1361 3407 1550 3475 jubet,
1586 3407 1724 3478 quia
1757 3407 2018 3478 procedit

368 3498 440 3550 ab
465 3495 588 3566 ipso
613 3511 627 3562 ;
661 3493 920 3564 procedit
942 3499 1134 3549 autem
1159 3511 1192 3550 a
1213 3493 1465 3561 Christo,
1493 3499 1558 3550 ut
1577 3495 1721 3550 ratio
1738 3510 1836 3565 per
1858 3498 2017 3550 tuam

369 3582 705 3654 opinionem
729 3582 1008 3638 incedens
1029 3582 1423 3650 ostendit,non
1448 3590 1738 3655 quatenus
1761 3582 1912 3638 Deus
1930 3586 2018 3638 est

366 3670 760 3736 Christus,sed
776 3675 1065 3741 quatenus
1082 3674 1339 3726 nostram
1356 3687 1589 3726 carnem
1609 3670 2014 3742 assumpsit.Si

367 3760 846 3833 igiturquatenus
860 3758 1125 3815 Christus
1143 3761 1211 3815 de
1226 3764 1425 3816 nostra
1443 3776 1613 3816 carne
1636 3759 2014 3831 participavit,

363 3849 690 3904 secundum
725 3847 834 3904 hoc
865 3847 1112 3916 Spiritus
1142 3866 1175 3904 a
1204 3848 1428 3904 Christo
1451 3849 1730 3920 procedit,
1760 3849 2016 3920 procedit

359 3942 556 3994 autem
574 3953 774 3993 rursus
795 3953 826 3993 a
843 3937 1009 4003 Filio,
1027 3946 1314 4009 quatenus
1330 3938 1675 4008 estDeus(id
1691 3938 1840 3994 enim
1856 3939 2012 4010 leges

357 4047 390 4085 a
415 4033 472 4084 te
502 4029 741 4086 sancitas
770 4029 1054 4100 exigunt),
1089 4030 1468 4086 concludetur
1520 4031 1800 4102 profecto,
1851 4035 2012 4086 natu-

359 4135 482 4175 ram
516 4119 838 4175 humanam
886 4118 1093 4174 Deitali
1145 4135 1274 4175 esse
1323 4119 1927 4187 consubstantialem;
1958 4119 2010 4175 si

356 4208 595 4280 quidem
637 4208 917 4280 Spiritum
951 4207 1511 4263 consubstantialem
1544 4207 1675 4262 Filii
1708 4213 1764 4262 et
1801 4223 2007 4264 rursus

359 4296 574 4353 Christi
607 4311 811 4351 censes
843 4313 858 4363 ;
892 4296 1201 4364 procedere
1249 4295 1404 4352 enim
1453 4312 1584 4352 eum
1617 4297 1759 4353 facis
1788 4302 1845 4353 et
1875 4301 2008 4354 ante

433 4393 479 4427 9‘
512 4395 621 4448 Isa.
656 4408 768 4457 LXI,
803 4393 852 4446 1.

2142 1884 2268 1959 ἐσχε
2317 1884 2512 1958 σαρκὸς
2561 1884 2649 1938 καὶ
2701 1881 2937 1956 αἵματος
2968 1884 3057 1938 καὶ
3114 1882 3332 1959 γέγονεν
3394 1881 3698 1956 ἅνθρωπος,
3744 1884 3774 1952 ἢ

2142 1973 2259 2027 καθ’
2300 1972 2357 2026 ὃν
2396 1971 2447 2043 ἐξ
2478 1970 2658 2026 ἀϊδίου
2692 1973 2906 2047 ὑπῆρχε
2946 1971 3115 2042 Θεός;
3165 1969 3340 2027 Ἀλλά
3368 1973 3430 2028 τὸ
3481 1973 3580 2044 μὲν
3611 1968 3771 2025 δεύτε-

2145 2081 2238 2136 ρον
2289 2060 2389 2116 οὐκ
2443 2061 2504 2115 ἂν
2565 2061 2724 2134 οἶμαί
2773 2081 2850 2130 σε,
2909 2060 2954 2115 εἷ
3003 2061 3092 2114 καὶ
3152 2062 3324 2116 πάντα
3374 2059 3576 2133 θρασὺς
3627 2061 3774 2129 ἦσθα,

2144 2150 2504 2221 θρασυνθῆναι
2537 2150 2752 2221 (18-19)
2785 2147 2974 2214 εἰπεῖν,
3008 2147 3085 2205 Οὐ
3118 2149 3222 2224 γὰρ
3257 2147 3472 2222 χρίεται
3509 2147 3587 2209 ὡς
3632 2147 3772 2215 Θεὸς,

2145 2235 2335 2312 ἄπαγε,
2371 2238 2398 2291 6
2457 2235 2602 2306 Υἱός,
2661 2237 2864 2291 Οὐκοῦν
2922 2238 3055 2292 καθὸ
3106 2235 3389 2311 ἄνθρωπος
3439 2237 3658 2314 χρίεται
3704 2240 3773 2306 τῷ

2146 2331 2417 2403 Πνεύματι
2459 2331 2486 2384 6
2516 2325 2747 2404 Χριστός
2783 2349 2795 2362 ·
2847 2330 2937 2384 καὶ
2969 2330 3102 2384 καθὸ
3152 2328 3299 2403 χρίει
3328 2329 3389 2383 τὸ
3441 2334 3665 2401 Πνεῦμα
3691 2328 3771 2381 τὸν

2145 2420 2395 2493 Χριστὸν,
2455 2419 2665 2494 λέγεται
2728 2423 2944 2493 Πνεῦμα
2999 2424 3252 2493 Χριστοῦ.
3314 2419 3385 2474 Σὺ
3444 2417 3510 2474 δὲ
3558 2418 3774 2494 λὲγεις·

2146 2506 2365 2578 Ἐπειδή
2401 2507 2614 2585 λέγεται
2657 2513 2875 2580 Πνεῦμα
2923 2513 3178 2584 Χριστοῦ,
3229 2510 3444 2570 πάντως
3487 2509 3579 2564 καὶ
3625 2507 3781 2562 ἐκπο-

2148 2597 2354 2671 ρεύεται
2406 2597 2461 2667 εξ
2519 2599 2702 2654 αὐτοῦ.
2747 2597 2953 2653 Οὐκοῦν
3009 2598 3072 2652 τὸ
3125 2602 3342 2670 Πνεῦμα
3399 2603 3504 2653 τοῦ
3560 2597 3781 2671 Χριστοῦ

2147 2688 2211 2742 οὐ
2244 2688 2372 2742 καθὸ
2402 2688 2530 2748 Θεὸς
2572 2685 2624 2757 ἐξ
2667 2685 2837 2742 αὐτοῦ
2885 2686 3290 2760 προελεύσεται,
3318 2685 3468 2742 ἀλλὰ
3516 2688 3648 2742 καθὸ
3697 2685 3784 2739 ἄν·

2146 2780 2384 2849 θρωπος,
2415 2777 2504 2831 καὶ
2536 2776 2635 2831 οὐκ
2665 2777 2754 2830 ἀπ’
2805 2777 2983 2850 ἀρχῆς
3015 2777 3104 2831 καὶ
3136 2777 3242 2849 πρὸ
3289 2775 3508 2830 αἲώνων
3537 2776 3628 2831 καὶ
3676 2774 3782 2846 ἅμα

2144 2870 2224 2937 τῷ
2280 2865 2448 2937 Πατρὶ
2488 2865 2752 2934 οὐσιώθη,
2802 2862 2950 2919 ἄλλά
2996 2869 3319 2935 τηνικαῦτα,
3366 2865 3533 2933 ἡνίκα
3581 2864 3668 2918 καὶ
3723 2861 3782 2918 τὸ

2134 2955 2472 3028 ἀνθρώπινον
2505 2947 2874 3027 προσελάϐετο
2907 2952 3130 3027 φύραμα
3150 2955 3264 3026 (20)
3295 2955 3323 3008 ὁ
3355 2953 3503 3014 Υἱός.

2207 3041 2306 3120 ιδ’.
2350 3045 2678 3114 Ἐπίστησον
2727 3043 2818 3098 τὸν
2867 3047 2988 3098 νοῦν
3034 3044 3124 3098 καὶ
3172 3042 3439 3117 ἆνάνηψον
3493 3049 3594 3112 τῆς
3631 3038 3775 3095 πλά-

2134 3153 2257 3204 νης,
2312 3131 2582 3207 ἄνθρωπε,
2646 3130 2787 3204 μηδὲ
2841 3133 2940 3201 τήν
2997 3135 3196 3187 σαυτοῦ
3261 3130 3488 3205 πληγήν
3566 3129 3654 3185 καὶ
3718 3128 3778 3184 τὸ

2129 3227 2347 3297 τραῦμα
2397 3228 2568 3278 πᾶσαν
2629 3220 2905 3296 ἐπιδείξῃς
2976 3221 3256 3296 θεραπείαν
3321 3220 3656 3297 ἐλέγχοντα.
3710 3219 3777 3273 Τὸ

2128 3316 2348 3386 Πνεῦμα
2404 3309 2776 3387 δοξολογεῖται
2823 3315 2920 3366 τοῦ
2976 3315 3240 3385 Χριστοῦ,
3276 3308 3413 3366 διότι
3451 3314 3572 3385 (21)
3620 3310 3765 3384 χρίει

2128 3401 2287 3457 αὐτόν
2319 3421 2331 3434 ·
2367 3403 2394 3456 6
2427 3399 2485 3456 δὲ
2515 3402 2607 3462 σὸς
2647 3407 2746 3470 τῆς
2779 3399 3056 3462 ἀπωλείας
3101 3402 3273 3474 νόμος
3305 3402 3638 3475 προστάττει
3683 3397 3772 3454 λέ-

2124 3512 2260 3567 γειν,
2305 3488 2445 3545 διότι
2505 3489 2855 3565 ἐκπορεύεται
2912 3489 3075 3544 αὐτοῦ
3109 3509 3121 3522 ·
3177 3488 3531 3564 ἐκπορεύεται
3575 3487 3633 3544 δὲ
3679 3491 3768 3542 τοῦ

2127 3583 2387 3653 Χριστοῦ,
2418 3580 2492 3641 ὡς
2525 3581 2553 3633 ὁ
2603 3579 2770 3653 λόγος
2801 3576 2967 3649 ἔδειξε
3014 3577 3102 3634 διὰ
3130 3586 3231 3648 τῆς
3281 3586 3382 3648 σῆς
3413 3576 3589 3650 δόξης
3627 3574 3780 3654 βαδί-

2127 3675 2254 3739 ζων,
2290 3667 2352 3722 οὐ
2401 3669 2534 3722 καθὸ
2565 3668 2695 3729 Θεὸς
2726 3669 2754 3722 ὁ
2802 3669 3054 3742 Χριστὸς,
3091 3666 3236 3723 ἆλλᾶ
3285 3668 3417 3722 καθὸ
3451 3669 3520 3723 τὸ
3568 3666 3773 3741 ἡμέτε-

2127 3777 2217 3833 ρον
2253 3751 2625 3832 προσελάϐετο
2659 3757 2899 3834 φύραμα.
2946 3756 3004 3811 Εἰ
3055 3754 3145 3811 οῦν
3183 3757 3314 3811 καθὸ
3354 3759 3452 3810 τοῦ
3495 3757 3772 3830 ἦμετέρου

2128 3847 2358 3924 μετέσχε
2441 3849 2782 3922 φυράματος,
2841 3847 2977 3902 κατᾶ
3042 3851 3203 3902 τοῦτο
3283 3845 3648 3923 ἐκπορεύεται
3720 3847 3779 3900 τὸ

2124 3941 2339 4011 Πνεῦμα
2381 3941 2476 3992 τοῦ
2525 3941 2783 4011 Χριστοῦ,
2823 3935 3170 4009 ἐκπορεύεται
3220 3933 3277 3991 δὲ
3324 3935 3493 3991 πάλιν
3549 3937 3646 3992 καὶ
3684 3938 3780 3990 τοῦ

2121 4029 2253 4082 Υἱοῦ
2283 4028 2414 4082 καθὸ
2463 4027 2593 4087 Θεὸς
2644 4030 2765 4098 (τῆς
2816 4033 2914 4095 σῆς
2961 4026 3062 4100 γὰρ
3091 4030 3260 4080 τηῦτα
3299 4031 3400 4094 τῆς
3439 4023 3778 4098 νομοθεσίας

2119 4116 2185 4172 τὰ
2213 4115 2626 4191 προστάγματα)
2661 4117 2798 4187 (22),
2839 4117 2987 4187 [108]
3039 4114 3336 4186 ὁμοούσιος
3379 4113 3443 4168 ἂν
3493 4117 3531 4184 ἡ
3565 4114 3776 4187 ἀνθρω-

2119 4207 2248 4274 πίνη
2297 4205 2454 4284 φύσις
2506 4207 2574 4277 τῇ
2617 4203 2843 4273 Θεότητι
2889 4201 3274 4277 συλλογισθείη
3307 4205 3443 4275 (23),
3497 4200 3665 4274 ε’ίπερ
3721 4201 3784 4255 τὸ

2118 4299 2337 4367 Πνεῦμα
2389 4291 2684 4367 ὁμοούσιον
2714 4296 2810 4348 τοῦ
2851 4293 2981 4348 Υἱοῦ
3007 4291 3097 4346 καί
3143 4312 3203 4364 γε
3233 4288 3299 4361 δὴ
3325 4294 3424 4346 τοῦ
3468 4293 3724 4366 Χριστοῦ
3757 4302 3772 4320 ⁸

1531 4491 1772 4548 VARle
1810 4492 2196 4552 LECTIONES
2235 4494 2328 4549 ET
2369 4493 2600 4549 NOTIE.

431 4596 547 4684 (18)
577 4595 756 4652 Palat.
793 4596 832 4650 ί.
863 4595 970 4649 250
1001 4595 1056 4650 b.
1103 4599 1442 4671 παραφρονεῖ
1491 4594 1548 4650 σε
1602 4593 1875 4672 μηδαμῶς
1915 4597 2006 4653 ἐκ·

2147 4600 2296 4684 Λ(17)
2330 4599 2548 4684 Becgps
2669 4593 2988 4684 canveupa‘
3023 4599 3269 4684 ὶξριστοῦ⁹
3297 4596 3358 4652 τὸ
3402 4595 3581 4684 ᾆγιιον
3627 4595 3785 4673 λέγε·

359 4668 543 4736 πεφών
553 4687 700 4736 ηται.

573 4739 692 4813 Col.
733 4739 884 4813 add.‘
903 4738 1126 4813 Κυρίου.

427 4811 544 4882 (15)
570 4809 696 4884 Col.
747 4808 992 4880 Κυρίουί
1027 4812 1302 4884 Suspicor
1344 4812 1657 4881 legendum
1719 4830 1848 4870 esse
1904 4815 2001 4868 τοῦ

358 4883 595 4955 Χριστοῦ
628 4882 711 4955 (zu
744 4887 800 4936 et
831 4899 903 4955 χυ
937 4884 1103 4941 facile
1133 4882 1411 4940 confundi
1446 4890 1647 4941 notum
1681 4891 1813 4951 est).
1839 4885 2002 4942 Certe

360 4953 601 5022 Beccus,
633 4953 672 5007 l.
707 4970 792 5017 Ill,
820 4953 891 5028 ad
924 4955 1145 5028 Theod.
1181 4973 1230 5010 c.
1263 4957 1298 5010 5
1327 4955 1407 5026 (G.
1441 4956 1501 5012 0.
1543 4957 1612 5024 II,
1649 4975 1701 5026 p.
1739 4958 1864 5028 141)
1895 4957 2003 5012 hoc

359 5030 531 5098 caput
567 5041 679 5098 pres
710 5025 894 5080 oculis
927 5024 1170 5098 habuit;
1220 5024 1389 5096 porro
1421 5029 1546 5098 ipse
1595 5024 1819 5098 inducit
1844 5024 2000 5083 Pho-

355 5093 501 5153 titim
555 5097 845 5172 dicentem
878 5093 1370 5172 :ﬂcﬂlov‘3pr5nou
1420 5093 1666 5172 λ’ἐγεσθαι
1723 5095 1819 5172 τοῦ
1876 5103 2004 5171 Χρι-

357 5172 484 5222 στοῦ
516 5167 577 5221 τὸ
615 5169 857 5236 Πνεῦμα,
887 5161 1068 5238 ἕτερον
1103 5165 1158 5221 δὲ
1187 5161 1284 5223 τοῦ
1319 5161 1637 5242 ὶ¹ἱοῦ.μῸυξξι
1669 5171 1822 5242 apud
1859 5161 2000 5242 ριξη-

355 5243 502 5296 tium
550 5246 878 5314 sequuntur
911 5256 922 5292 :
961 5243 1199 5312 Χριστοῦ
1224 5243 1324 5313 γὰρ
1361 5239 1572 5314 Πνεῦμα
1599 5239 1788 5312 δτιίκ.
1837 5262 1886 5295 τ.
1921 5239 2003 5312 λ.,

355 5315 414 5370 id
441 5313 814 5367 confirmant.

429 5385 538 5455 (16)
563 5383 752 5456 Verba
787 5384 905 5436 hzec
935 5385 1166 5454 Χριστοῦ
1198 5382 1296 5456 γὰρ
1349 5387 1569 5455 Πνεῦμα
1599 5392 1654 5439 et
1702 5385 2005 5456 sequentia

357 5454 540 5525 uerius
564 5457 630 5509 ad
666 5454 838 5522 hujus
863 5456 1071 5524 capitis
1107 5454 1276 5509 linem
1311 5460 1418 5510 sub
1453 5454 1640 5510 Photii
1667 5454 2005 5512 nominele-

353 5533 574 5598 guntur
606 5526 756 5580 inter
785 5531 1052 5598 excerpta
1079 5527 1134 5579 in
1158 5528 1297 5598 cod.
1321 5527 1416 5582 Gr.
1444 5528 1686 5597 theolog.
1707 5529 1832 5592 324,
1863 5528 2002 5584 bibl.

357 5597 941 5674 Cesar._Vindohon.
985 5597 1346 5670 (Lambeccio
1380 5604 1467 5653 est
1521 5602 1646 5656 cod.
1704 5600 1850 5674 157),
1905 5600 2002 5656 fol.

354 5672 483 5739 247,
515 5671 640 5727 248.

2113 4667 2673 4746 σθαίᾷᾠησιν-Πνεῦμα
2704 4667 3014 4746 (Photius),
3050 4667 3133 4723 ὅτι
3176 4667 3322 4744 χρίει
3355 4667 3554 4725 αὐτόν.

2182 4741 2398 4813 (1849)
2431 4741 2558 4814 νει.
2592 4741 2972 4814 θρασυνθῦναι.

2179 4808 2296 4896 (20)
2326 4808 2474 4896 Cod.
2507 4808 2838 4896 Vindqbon.
2881 4813 2990 4896 .cit.
3023 4811 3170 4896 ᾀνθρ.
3217 4809 3441 4896 φύραμα
3483 4808 3787 4896 ,προσελά-

2110 4877 2236 4937 δετο
2268 4877 2296 4936 ὁ
2331 4883 2380 4941 ὑ.
2417 4885 2656 4939 Pholius
2687 4885 2747 4940 in
2780 4901 2846 4940 eo
2879 4877 3131 4950 insistit,
3156 4877 3307 4954 qu'od
3342 4877 3612 4953 Spiritus
3647 4883 3783 4938 ideo

2112 4955 2324 5011 dicitur
2345 4955 2586 5021 Christi,
2620 4957 2760 5027 quia
2789 4973 2922 5011 eum
2957 4957 3144 5027 ungit,
3179 4955 3444 5010 Christus
3476 4972 3631 5011 vero
3666 4971 3787 5010 un-

2112 5028 2271 5098 gitur
2301 5043 2414 5083 non
2462 5034 2525 5082 ut
2561 5030 2732 5098 Deus,
2763 5029 2864 5083 sed
2899 5032 2963 5082 ut
3005 5027 3196 5082 homo.
3233 5027 3292 5082 Si
3324 5042 3460 5098 ergo
3497 5043 3576 5082 ex
3621 5027 3784 5082 dicto

2111 5096 2332 5170 Πνεῦμα
2375 5096 2607 5171 Χριστοῦ
2659 5100 2910 5154 infertur
2968 5098 3281 5171 processio,
3327 5096 3446 5167 jam
3512 5098 3785 5168 Spiritus

2113 5171 2373 5243 procedit
2399 5170 2467 5225 ex
2496 5172 2726 5243 Christo
2757 5176 2824 5226 ut
2863 5170 3118 5238 homine,
3153 5185 3256 5223 nec
3293 5172 3365 5224 ab
3395 5172 3636 5224 aeterno
3669 5175 3785 5243 est,

2113 5241 2211 5298 sed
2247 5259 2316 5298 ex
2347 5259 2462 5312 quo
2508 5242 2688 5312 Filius
2739 5243 3060 5297 humanam
3097 5247 3362 5296 naturam
3398 5241 3782 5312 assumpsit.

2182 5315 2294 5386 (21)
2327 5308 2505 5386 Palat.
2539 5309 2590 5365 δι
2623 5311 2729 5366 ὅτι.
2761 5313 2882 5386 Col.
2918 5331 2970 5382 p.
3004 5314 3109 5386 316
3141 5328 3154 5366 :
3189 5308 3447 5386 Χριστοῦ,
3483 5308 3583 5364 ὅτι
3619 5308 3723 5385 χρ.

2183 5378 2304 5455 (22)
2337 5385 2478 5458 Vide
2511 5403 2687 5455 supra
2708 5402 2842 5458 cap.
2874 5378 2964 5458 59.
2991 5385 3116 5458 (Col.
3151 5382 3216 5436 τὰ
3241 5378 3594 5458 διδᾴγματα.

2185 5458 2300 5529 (23)
2322 5457 2477 5512 Nova
2509 5454 2762 5513 abeurda
2787 5454 2867 5511 fex
2893 5457 3102 5529 iisdem
3156 5454 3474 5529 premis'sis
3514 5460 3588 5507 ut
3642 5470 3779 5524 cap.

2111 5526 2478 5591 93‘deducta,
2523 5527 3080 5584 consubstantialem
3122 5543 3252 5582 esse
3301 5526 3641 5580 humanam
3681 5543 3784 5581 na-

2114 5606 2305 5654 turam
2339 5600 2568 5667 divinas,
2601 5599 2898 5655 inﬁnitum
2932 5605 2987 5653 et
3018 5598 3245 5653 ﬁnitum
3281 5595 3539 5662 misceri,
3579 5596 3782 5668 Spiri-

2115 5674 2238 5726 tum
2273 5673 2583 5743 procedere
2611 5679 2666 5729 et
2695 5675 2829 5730 ante
2861 5675 2992 5743 post
3015 5669 3501 5726 incarnationem.
