2029 3108
187 192 243 222 391
789 182 923 214 ΡΠΟΤΠ
945 182 1016 213 PA'I

1080 181 1207 212 tRCHIE
1226 180 1284 211 ΟΡ.
1821 180 1873 211 392

187 258 308 291 ducunt,
334 257 484 287 deductas,
509 255 565 282 imo
588 255 617 282 et
639 253 771 289 ipsorum
796 252 824 279 in
847 251 892 279 his
921 251 1009 279 rebus

1080 248 1193 279 ιπονοίας
1222 247 1295 285 [110]
1315 243 1508 291 καθοϐρίζουσι
1535 246 1601 282 (4-3)-
1626 245 1671 273 καὶ
1695 244 1729 281 δὴ
1751 245 1794 273 καὶ
1819 248 1878 278 τοὺς

188 303 270 331 dolos
286 310 318 330 ac
334 301 460 334 fraudes.
475 300 604 335 itemque
615 298 763 326 beatorum
780 295 1010 333 sapientissimo-

187 354 311 382 rumqus
328 348 494 374 nostrorum
510 345 628 372 Patrum
643 341 811 370 testimonia
831 339 1011 369 constantis-

189 393 264 421 sima
291 395 378 428 atque
401 389 621 425 irrefragabilis,
638 388 746 424 quibus
774 386 963 416 confunditur
982 387 1011 413 et

189 438 344 473 impietatis
362 437 493 470 arguitur
507 435 593 463 istius
608 432 761 469 apostasia:
776 430 930 460 sententia.

1065 293 1251 332 ἐπαγομένους
1269 292 1359 323 αὐτοῖς
1375 290 1401 326 ἐξ
1416 291 1453 319 ὧν
1478 290 1557 318 αὐτοὶ
1582 291 1736 329 προάγουσι
1760 292 1879 328 χρήσεων

1065 339 1207 377 ἐλέγχους,
1246 337 1320 366 ἂὶλλὰ
1347 337 1392 365 καὶ
1428 337 1479 371 τήν
1514 335 1577 374 περὶ
1615 338 1700 364 ταῦτα
1725 338 1879 375 κακουργίαν

1065 384 1152 411 αὐτῶν
1182 382 1227 410 καὶ
1258 381 1462 419 μηχανουργίαν
1492 382 1561 417 (try
1602 381 1647 408 καὶ
1678 381 1732 418 μὴν
1760 382 1804 409 καὶ
1832 384 1879 409 τῶν

1067 427 1205 465 μακαρίων
1221 426 1266 454 καὶ
1290 426 1427 464 θεοσόφων
1454 426 1580 461 Πιτέρων
1605 426 1686 462 ἡμῶν
1706 426 1754 457 τὰς
1779 426 1878 463 ἀπαρα-

189 469 328 519 γραπτους
357 469 516 517 μαρτυρίας,
546 478 568 506 δ’
606 479 643 506 ὧν
672 477 760 506 αὐτῶν
800 477 855 513 (45)
893 474 1103 512 καταισχύνεται
1139 473 1185 500 καὶ
1221 473 1310 507 πάσης
1348 469 1484 502 εὐσεϐείας
1522 471 1700 499 ἀπελαύνεται
1740 474 1790 506 τῆς
1819 471 1882 499 ἀπο-

190 528 298 557 στασίας
313 527 342 553 τὸ
357 526 439 563 φρόνη
446 536 493 561 μα.

404 710 525 738 ΡΗΟἸῚΙ
555 707 800 737 ΡΑΤΒΙΑΗΟΗᾹΞ

193 756 291 783 Contra
308 756 405 783 veteris
422 756 513 783 Romae
527 754 644 782 auecta:
661 752 771 781 libellus
786 750 1015 786 ostmdcnr,SpI'-

227 794 313 819 ritum
329 797 453 818 sanctum
469 799 505 819 ex
521 790 577 818 solo
600 790 683 817 Patre
706 787 858 824 procedere,
878 795 932 815 non
951 793 1015 814 vero

229 829 312 854 etiam
328 835 362 854 ex
376 827 456 854 Filio.

230 882 253 907 1.
271 880 300 907 Si
318 880 439 915 simplex
456 879 574 916 quidem
589 878 728 914 Spiritus,
743 885 778 905 ex
798 877 883 904 Patre
906 884 972 904 vero
987 877 1016 904 et

193 924 264 952 Filio
277 925 415 959 procedit,
436 924 556 952 omnino
571 923 601 951 hi
618 931 675 951 una.
689 921 827 950 censendi
845 922 939 949 forent
955 928 1016 956 per-

192 978 274 1003 sons,
292 973 379 1005 atque
399 969 501 998 exinde
526 969 712 997 induceretur
735 967 894 996 contractio
915 965 1014 994 Sabel-

193 1014 269 1042 liana
284 1023 333 1042 seu
352 1015 448 1050 potius
465 1013 711 1042 semisebelliana.

227 1107 255 1135 2.
274 1105 302 1132 Si
318 1112 349 1131 ex
368 1104 450 1131 Patre
465 1106 494 1131 et
508 1111 542 1131 ex
559 1102 629 1131 Filio
654 1102 783 1138 procedit
803 1101 928 1137 Spiritus
947 1108 1016 1128 san-

193 1155 271 1185 ctus,
284 1150 391 1186 duplex
410 1148 530 1177 omnino
546 1148 600 1176 erit
614 1149 642 1176 et
657 1147 843 1183 compositus.
860 1145 889 1173 Si
905 1145 940 1173 ad
956 1144 1015 1172 duo

193 1196 337 1233 principis
353 1194 473 1221 refertur
483 1192 609 1228 Spiritus
620 1194 750 1225 sanctus,
761 1190 811 1219 ubi
821 1190 875 1218 erit
889 1192 1016 1218 tantum-

194 1242 259 1269 dem
277 1241 443 1268 decantatus
456 1237 543 1265 unius
560 1236 739 1272 principatus
750 1235 764 1263 ?

230 1331 255 1357 3.
273 1329 302 1356 Si
333 1327 467 1364 producit
493 1325 636 1362 Spiritum
656 1325 752 1357 Peter,
782 1323 914 1360 producit
948 1330 1015 1351 vero

1303 704 1427 730 ΦΩΤῙΟΥ
1447 703 1660 731 ΠΔΤΡΙΔΡΧΟΥ

1070 749 1143 777 Κατὰ
1162 750 1289 784 τῶνντῆς
1313 747 1431 778 παλαιᾶς
1456 748 1568 784 Ῥώμης
1591 747 1634 776 ὅτι
1661 748 1692 776 ἐκ
1716 751 1766 777 τοῦ
1789 751 1883 784 Πατρὸς

1107 783 1189 822 μρνον
1223 783 1407 822 ξκπορεύεταιν
1427 784 1458 811 τὸ
1493 783 1601 821 Πνεῦμα
1642 785 1674 812 τὸ
1709 785 1799 822 ἅγιον,
1826 783 1885 813 ἀλλ’

1108 819 1170 857 οὐχὶ
1186 820 1231 847 καὶ
1247 819 1276 847 ἔκ
1289 819 1338 847 τοῦ
1354 820 1427 848 Υἱοῦ.

1109 874 1184 910 [113]
1198 873 1232 902 α’.
1260 872 1290 900 Εἰ
1314 872 1418 901 ἁπλοῦν
1443 873 1490 910 μὲν
1517 874 1548 901 τὸ
1573 875 1693 910 Πνεῦμα,
1722 873 1753 902 ἐκ
1771 877 1817 902 τοῦ
1842 877 1888 901 [Ια-

1070 918 1133 953 τρὸς
1149 916 1178 945 δὲ
1192 917 1237 945 καὶ
1255 917 1285 945 ἐκ
1308 916 1356 945 τοῦ
1381 917 1446 945 Υἱοῦ
1469 917 1654 956 ἐκπορεύεται,
1679 919 1789 950 πάντως
1810 917 1837 947 ἓν
1860 918 1887 946 ἂν

1071 962 1146 990 οὗτοι
1176 964 1328 999 νομισθεῖεν
1362 962 1522 999 πρόσωπον·
1567 964 1706 991 κάντεῦθεν
1738 964 1888 1001 εἷσαχθήσε-

1070 1018 1114 1036 ται
1130 1009 1187 1044 (46)
1202 1006 1354 1046 συναλοιφή
1370 1008 1425 1044 (47)
1442 1005 1607 1044 Σαϐέλλιος,
1622 1007 1640 1043 ἤ
1665 1007 1775 1045 μᾶλλον
1798 1008 1885 1043 εἰπεῖν,

1070 1050 1282 1090 ἡμισαεέλλιος.

1107 1098 1141 1135 β’.
1168 1097 1250 1134 Εἴπερ
1278 1097 1309 1125 ἐκ
1332 1096 1380 1125 τοῦ
1405 1098 1509 1135 Πατρὸς
1531 1098 1576 1125 καὶ
1601 1098 1631 1126 ἐκ
1653 1100 1702 1126 τοῦ
1727 1099 1792 1126 ficii
1815 1098 1888 1127 ἐκποι

1071 1142 1176 1180 ριύεται
1204 1142 1234 1170 τὸ
1259 1144 1369 1178 Πνεῦμα
1393 1143 1424 1169 τὸ
1453 1143 1540 1180 ἅγιον,
1574 1141 1690 1171 διπλοῦν
1719 1142 1752 1171 ἃν
1783 1143 1824 1179 εἴη
1846 1145 1885 1171 καὶ

1070 1187 1206 1215 σύνθετον·
1223 1186 1248 1214 εἴ
1266 1187 1333 1225 πρὸς
1354 1185 1402 1214 δύο
1422 1186 1510 1224 ἂρχάς
1525 1188 1706 1225 ἀναχθήσεται
1728 1188 1761 1216 τὸ
1789 1191 1888 1226 Πνεῦμα

1068 1232 1099 1260 τὸ
1113 1232 1191 1269 ἅγιον
1208 1232 1274 1268 (48),
1294 1233 1347 1259 ποῦ
1360 1231 1392 1259 τὸ
1407 1230 1603 1269 πολυῢμνητον
1619 1230 1693 1260 ἔσται
1707 1234 1761 1266 τῆς
1789 1243 1885 1271 μοναρ-

1068 1275 1133 1313 χίας
1146 1284 1153 1310 ;

1105 1322 1139 1358 γ“.
1155 1319 1185 1348 Εἰ
1209 1317 1396 1357 προϐάλλεται
1423 1321 1470 1357 μὶν
1494 1322 1526 1348 τὸ
1553 1323 1660 1359 Πνεῦμα
1675 1322 1689 1350 ὁ
1706 1324 1801 1361 Πατὴρ
1824 1323 1888 1358 (19),

195 1375 275 1402 illum
294 1377 320 1400 et
334 1362 436 1405 Filius,
454 1370 508 1398 erit
529 1372 612 1398 Pater
625 1371 653 1397 et
677 1369 832 1405 contiguus
848 1368 1016 1404 productor—

1080 1362 1261 1402 προϐάλλεται
1286 1363 1315 1392 δὲ
1338 1367 1419 1392 τοῦτο
1439 1365 1484 1392 καὶ
1506 1366 1520 1393 ὁ
1547 1366 1621 1399 Υἱὸς,
1641 1365 1683 1402 εἴη
1710 1367 1740 1395 ἂν
1766 1368 1780 1395 ὁ
1802 1368 1888 1404 Πατήρ

195 1419 316 1454 Spiritus
333 1420 360 1444 et
375 1415 553 1450 longinquus
569 1416 685 1450 propter
701 1413 791 1442 Filius
812 1421 846 1442 ex
862 1412 933 1441 Filio
949 1421 1016 1449 pro-

196 1463 371 1490 ductionem.

230 1508 256 1534 4.
275 1506 305 1533 Si
321 1504 447 1540 perfecta
466 1505 511 1531 est
534 1502 627 1531 sancti
655 1502 779 1538 Spiritus
793 1510 828 1530 ex
842 1504 925 1531 Patre
948 1509 1016 1538 pro-

195 1551 297 1584 cessio,
313 1548 460 1584 superﬂua
476 1547 566 1584 igitur
578 1555 612 1575 ea
627 1555 691 1583 qua:
707 1555 741 1574 ex
756 1546 837 1575 Filio.

228 1598 254 1624 5.
287 1596 315 1623 Si
345 1593 479 1621 eamdem
520 1592 646 1628 Spiritus
674 1591 893 1628 productionem
931 1591 1017 1619 habet

195 1640 285 1668 Filius
301 1646 367 1667 cum
382 1637 473 1671 Patre,
489 1636 656 1664 communis
671 1636 775 1664 horum
786 1635 841 1663 erit
856 1635 1018 1670 productio—

195 1683 240 1710 nis
256 1683 427 1717 proprietas,
444 1683 471 1709 et
486 1680 633 1717 quomodo
649 1688 804 1708 commune
819 1680 874 1709 erit
890 1680 1018 1716 proprie-

194 1730 239 1754 tas
252 1727 265 1753 ‘2
280 1728 306 1754 Si
318 1735 383 1754 vero
400 1726 578 1761 oppositum,
589 1724 734 1759 quomodo
748 1725 823 1753 hanc
834 1724 883 1753 illa
897 1733 954 1752 non
970 1724 1019 1752 de-

195 1772 306 1799 struit?
330 1771 543 1799 Contrariorum
568 1769 646 1797 enim
665 1770 789 1797 alterum
808 1769 931 1797 alterum
957 1770 1019 1799 des-

194 1816 275 1844 truit.
293 1816 320 1842 Si
346 1816 499 1850 diversam,
515 1822 583 1850 pars
599 1813 717 1849 quidem
745 1814 871 1849 Spiritus
894 1814 948 1842 hac
978 1824 1019 1843 ra-

196 1861 359 1896 tione,pars
367 1868 433 1887 vero
449 1859 506 1887 alia
520 1858 631 1887 ratione
642 1859 787 1894 procedet,
799 1861 828 1887 et
842 1867 875 1887 ex
889 1859 1018 1895 partibus

197 1905 390 1941 inaequalibus
406 1904 459 1932 erit
475 1904 665 1940 compositus.

230 1951 258 1977 6.
274 1950 301 1977 Si
317 1958 349 1977 ex
366 1958 423 1977 una
444 1957 539 1983 causa,
551 1949 646 1983 Patre,
657 1950 720 1976 tum
736 1948 827 1977 Filius
845 1951 906 1976 tum
922 1949 1015 1984 Spiri-

196 1998 243 2023 tus
260 1995 437 2030 prodierunt,
451 2002 566 2022 rursum
585 2001 651 2022 vero
666 1993 756 2021 Filius
775 1994 907 2029 producit
921 1994 1016 2030 Spiri-

1070 1410 1114 1438 καῖ
1131 1410 1272 1449 προσεχὴς
1296 1411 1345 1438 τοῦ
1370 1410 1527 1446 Πνεύματος
1552 1409 1706 1448 προϐολεὺς
1729 1413 1776 1440 καὶ
1798 1412 1888 1450 πόῤῥω

1071 1453 1116 1482 διὰ
1131 1454 1181 1489 τήν
1201 1453 1232 1482 ἐκ
1244 1456 1293 1481 τοῦ
1309 1454 1372 1481 Υἱοῦ
1392 1452 1545 1491 προϐολήν.

1106 1497 1140 1527 δ’.
1158 1498 1242 1535 Εἴπερ
1266 1500 1284 1533 ἡ
1309 1498 1338 1526 ἐκ
1361 1500 1410 1526 τοῦ
1435 1499 1540 1535 Πατρὸς
1562 1499 1720 1538 ὶκπόρευσις
1743 1502 1790 1528 τοῦ
1812 1500 1888 1538 ἆγίου

1072 1543 1228 1580 Πνεύματος
1244 1541 1363 1578 ἐντελὴς,
1380 1544 1494 1580 περιττὴ
1519 1542 1571 1582 ἄρα
1590 1545 1607 1579 ἡ
1628 1544 1659 1573 ἐκ
1681 1547 1730 1573 τοῦ
1750 1546 1813 1573 ι’ἱοῦ
1837 1545 1891 1581 (50)

1107 1588 1138 1616 ε’.
1157 1587 1187 1615 Εἰ
1204 1588 1252 1624 μὲν
1267 1588 1316 1622 τήν
1337 1586 1420 1622 αὒτήν
1435 1585 1579 1625 προϐολὴν
1590 1588 1648 1626 ἔχει
1669 1592 1717 1617 τοῦ
1738 1589 1889 1626 Πνεύματος

1072 1633 1086 1660 ὁ
1102 1633 1164 1664 Υἱὸς
1178 1634 1217 1669 τῷ
1239 1632 1335 1670 ΙΙατρὶ,
1351 1633 1429 1667 κοινὴ
1445 1633 1552 1665 τούτοις
1568 1635 1585 1669 ἡ
1600 1636 1650 1667 τῆς
1664 1632 1809 1672 προϐολῆς
1825 1633 1890 1662 ἰδιό-

1070 1687 1131 1713 της·
1147 1677 1193 1705 καὶ
1208 1678 1282 1714 [114]
1297 1679 1354 1707 πῶς
1371 1676 1442 1704 ἔσται
1457 1677 1488 1705 τὸ
1503 1678 1593 1706 κοινὸν
1609 1678 1732 1715 ίδιότηςς
1749 1680 1782 1709 Εἰ
1798 1679 1826 1708 δὲ
1841 1679 1888 1714 τὴν

1073 1721 1202 1755 ἐναντίαν,
1231 1724 1290 1752 πῶς
1315 1721 1346 1749 οὐ
1375 1721 1478 1759 φθείρει
1504 1724 1605 1759 ταύτην
1629 1724 1737 1760 ἔκείνη;
1762 1723 1891 1764 φθαρταὶ

1071 1767 1121 1805 γὰρ
1136 1766 1269 1802 ἀλλήλων
1284 1766 1319 1794 τὰ
1338 1767 1452 1795 ἒναντία.
1477 1767 1508 1795 ΕΙ
1524 1767 1553 1796 ὂὶ
1576 1769 1706 1807 ἑτεροίαν,
1736 1771 1819 1808 μέρος
1844 1770 1888 1806 μὲν

1072 1813 1120 1839 τοῦ
1138 1810 1293 1848 Πνεύματος
1308 1811 1392 1847 οὕτω,
1415 1812 1497 1850 μέρος
1518 1811 1547 1840 ὃὶ
1569 1814 1670 1851 τρόπον
1695 1813 1784 1842 ἄλλον
1809 1814 1891 1842 ἐκπο-

1073 1856 1230 1894 ρευθήσεται
1258 1855 1303 1884 καὶ
1326 1855 1351 1893 ἐξ
1381 1856 1480 1885 ἀνίσων
1498 1860 1587 1896 μερῶν
1616 1856 1692 1886 ἔσται
1724 1861 1809 1887 τοῦτο
1836 1869 1894 1897 συγ-

1073 1902 1198 1939 κείμενον
1214 1904 1283 1939 (51).

1107 1948 1155 1985 ς’.
1172 1947 1257 1985 Εἴπερ
1273 1947 1298 1983 ἐξ
1313 1948 1371 1978 ἑνὸς
1386 1947 1484 1984 αῗτίου,
1501 1947 1609 1985 δηλαδή
1633 1951 1680 1978 τοῦ
1704 1951 1824 1987 Πατρὸς,
1839 1950 1854 1978 ὅ
1866 1960 1892 1978 τε

1071 1993 1132 2023 Υἱὸς
1154 1993 1198 2020 καὶ
1225 1992 1254 2019 τὸ
1279 1994 1387 2029 Πνεῦμα
1412 1993 1630 2030 προεληλύθασι,
1652 1993 1842 2033 προϐάλλεται
1866 1993 1893 2022 δὶ

196 2042 269 2073 tum,
287 2040 426 2075 producet
442 2047 558 2075 quoque
575 2038 678 2066 Filium
697 2038 833 2073 Spiritus.
851 2039 913 2066 Pari
938 2038 1016 2067 enim

1080 2037 1152 2065 πάλιν
1167 2038 1182 2065 ὁ
1196 2037 1259 2068 Υἱὸς
1274 2037 1305 2064 τὸ
1319 2040 1439 2074 Πνεῦμα,
1456 2037 1636 2076 προϐαλεῖται
1656 2030 1701 2067 καὶ
1730 2041 1763 2068 τὸ
1790 2042 1893 2076 Πνεῦμα

197 2084 304 2111 honore
322 2086 479 2118 utrumque
494 2082 631 2119 produxit
646 2083 729 2110 Pater
738 2084 767 2110 et
782 2083 949 2118 productor.

230 2174 257 2199 7.
274 2173 301 2198 Si
328 2172 418 2198 Filius
448 2171 647 2198 communicat
671 2178 738 2198 cum
766 2171 850 2199 Patre
874 2171 902 2199 in
923 2171 1017 2200 sancti

197 2217 321 2252 Spiritus
337 2214 534 2250 productione,
556 2213 642 2241 etiam
657 2214 782 2250 Spiritus
805 2217 924 2243 sanctus
939 2215 968 2242 in
984 2223 1018 2244 ea

197 2259 442 2291 communicabit;
467 2259 565 2286 omnia
588 2258 666 2286 enim
689 2267 748 2294 quis
768 2261 838 2286 sunt
856 2259 933 2287 Patri
949 2268 1016 2289 cum

199 2305 269 2332 Filio
300 2304 476 2337 communia,
498 2303 585 2331 etiam
606 2305 676 2331 sunt
704 2304 874 2331 communis
897 2304 1018 2340 Spiritui

197 2348 397 2381 sancto;binc
415 2347 469 2376 erit
487 2347 550 2384 ipse
579 2356 668 2376 causa
695 2347 784 2376 simul
811 2350 840 2376 et
867 2352 1017 2382 causatus,

199 2393 273 2427 quod
293 2393 365 2428 ipsis
380 2392 531 2427 gentilium
549 2392 654 2421 fabulis
669 2393 885 2422 monstruosius
901 2396 955 2422 est.

1068 2082 1114 2110 τὸν
1143 2081 1216 2109 Υἱόν·
1245 2081 1387 2118 ὁμοτίμως
1416 2083 1469 2120 γὰρ
1494 2082 1577 2121 ἄμφω
1598 2085 1755 2122 προήγαγεν
1773 2086 1787 2112 ὂ
1805 2084 1895 2121 Πατὴρ

1073 2126 1118 2153 καὶ
1138 2123 1302 2163 προϐολεύς.

1111 2171 1141 2204 ζ’.
1159 2170 1240 2208 Εἴπερ
1255 2170 1269 2198 ὁ
1289 2171 1350 2201 Υἱὸς
1365 2173 1404 2207 τῷ
1421 2171 1506 2209 Πατρῖ
1522 2175 1648 2200 κοινωνεῖ
1667 2176 1718 2208 τῆς
1741 2175 1793 2201 τοῦ
1818 2173 1894 2212 ἁγίου

1073 2215 1230 2252 Πνεύματος
1258 2212 1412 2252 προϐολῆς,
1436 2216 1481 2244 καὶ
1502 2216 1533 2244 τὸ
1559 2217 1637 2255 ἅγιον
1663 2220 1774 2255 Πνεῦμα
1797 2219 1895 2252 ταύτης

1072 2260 1234 2295 κοινωνήσεὶ
1263 2261 1328 2297 (52)·
1352 2260 1438 2288 πάντα
1460 2260 1510 2300 γὰρ
1535 2261 1586 2289 ὅσα
1609 2264 1657 2290 τοῦ
1691 2263 1797 2301 Πατρὸς
1822 2262 1896 2290 κοινὰ

1072 2305 1139 2340 πρὸς
1154 2304 1199 2332 τὸν
1216 2305 1288 2340 Υἱὸν,
1301 2307 1386 2333 ταῦτα
1400 2305 1445 2332 καὶ
1469 2306 1537 2343 πρὸς
1558 2307 1589 2334 τὸ
1615 2309 1724 2344 Πνεῦμα
1749 2308 1782 2335 τὸ
1810 2308 1896 2345 ἅγιον·

1072 2350 1117 2376 καὶ
1131 2348 1229 2377 λοιπὸν
1245 2347 1318 2378 ἔσται
1337 2349 1383 2377 καὶ
1405 2350 1491 2378 αἴτιον
1519 2351 1576 2387 ἅμα
1600 2351 1647 2379 καὶ
1671 2351 1808 2386 αἰτιατὸν,
1825 2352 1840 2379 δ
1854 2350 1896 2378 καὶ

1073 2398 1122 2430 τῆς
1137 2397 1191 2421 τῶν
1207 2393 1351 2430 Ἑλλήνων
1365 2394 1535 2433 μυθολογίας
1547 2395 1791 2435 τερατωδέστερον.

774 2458 894 2486 VARI/ﬂ
914 2459 1111 2488 LECTIONES
1131 2460 1177 2488 ET
1196 2459 1314 2488 NOT/E.

234 2521 291 2555 (43)
308 2521 348 2547 Cf.
365 2529 428 2555 cap.
445 2521 479 2548 53
495 2521 545 2548 fin.

234 2557 291 2594 (44)
307 2556 429 2594 Videtur
445 2564 501 2584 non
521 2557 616 2594 solum
633 2565 783 2593 perversos
803 2557 1020 2594 explanationes

199 2596 226 2620 et
242 2592 396 2623 illationes,
413 2600 511 2620 verum
527 2592 612 2620 etiam
624 2592 753 2621 textuum
765 2592 965 2628 corruptiones
976 2594 1021 2622 in-

199 2629 326 2663 telligere
349 2629 396 2662 tot.
415 2636 476 2661 cap.
492 2628 549 2663 71),
575 2630 732 2664 praesertim
756 2637 823 2657 cum
845 2630 906 2664 jam
932 2637 967 2657 ex
986 2629 1023 2658 iis

199 2666 279 2699 ipsis,
297 2672 360 2699 qua:
370 2663 525 2690 adversarii
538 2663 695 2698 proferant.
712 2663 858 2693 confectas
871 2665 1022 2694 refutatio-

200 2709 249 2728 nes
266 2699 431 2727 immediate
447 2702 513 2727 ante
528 2701 806 2728 commemoraverit.

235 2737 290 2771 (45)
307 2736 368 2762 Vut.
392 2734 457 2767 αὑτὴ
473 2751 509 2755 —-
533 2734 623 2763 Palat.
640 2736 658 2763 1.
671 2736 724 2763 252
740 2737 768 2765 b.
793 2735 889 2771 αὐτήν.
906 2736 1019 2765 Colum.

200 2774 232 2799 ut
248 2780 345 2806 supra.

235 2808 289 2841 (46)
307 2808 373 2834 (20d.
392 2806 515 2834 Vindol).
546 2806 593 2834 Gr.
610 2806 651 2835 th.
682 2807 725 2835 40.
743 2815 771 2835 ιι.
801 2808 835 2836 23
864 2809 883 2837 f.
915 2809 965 2836 138
993 2808 1022 2837 b.

201 2843 394 2879 συναχθήσεται
401 2863 406 2868 .

1268 2522 1392 2561 νὶιιᾲοι).
1409 2523 1458 2561 cit.
1475 2522 1633 2561 συναλειφή.

1111 2558 1167 2596 (ιβ)
1182 2558 1217 2596 Τὸ
1231 2558 1308 2596 ᾅγιον
1323 2559 1404 2596 deest
1419 2560 1446 2596 in
1464 2560 1527 2596 cod.
1549 2558 1653 2596 caesar.

1111 2594 1166 2631 (49)
1182 2594 1316 2631 ροάζοίι.
1333 2594 1347 2621 ὁ
1363 2594 1457 2628 Πατήρ
1471 2595 1503 2621 τὸ
1516 2595 1634 2631 Πνεῦμα.

1111 2630 1168 2667 (50)
1182 2630 1246 2658 Ηωο
1261 2634 1386 2667 quatuor
1400 2632 1574 2666 argumenta
1587 2629 1591 2631 ’
1604 2630 1704 2667 eodem
1732 2630 1843 2667 ordine
1859 2629 1899 2667 is:

1078 2665 1185 2702 guntur
1214 2665 1292 2702 apud
1315 2665 1448 2694 Beccunf
1463 2669 1537 2694 orat.
1560 2667 1596 2695 de
1611 2674 1660 2695 un.
1677 2666 1752 2694 Eccl.
1774 2674 1801 2694 c.
1818 2665 1898 2693 35-40

1080 2701 1122 2737 (θ.
1141 2702 1169 2730 0.
1189 2702 1208 2729 ι.
1227 2710 1254 2737 p.
1273 2702 1334 2735 ist,
1352 2702 1412 2736 156,
1431 2702 1568 2738 158460).

1114 2738 1166 2773 (51)
1186 2738 1272 2773 Apud
1295 2737 1419 2765 Beccum
1439 2737 1459 2765 1.
1476 2746 1502 2766 c.
1518 2737 1593 2766 c.'42
1606 2738 1647 2773 (p.
1674 2738 1745 2772 162).
1761 2737 1828 2765 Duo
1857 2744 1900 2764 se-

1079 2773 1202 2810 (ιιιειιιίιι
1212 2782 1296 2809 capp.
1312 2773 1381 2810 ibid.
1399 2782 1424 2801 c.
1441 2773 1485 2807 43,
1503 2774 1536 2801 44
1553 2774 1595 2810 (p.
1612 2773 1674 2810 164,
1692 2774 1763 2808 166).

1114 2809 1169 2845 (52)
1184 2808 1320 2845 Euthjm.
1337 2809 1382 2837 ed.
1398 2808 1687 2845 κοινωνήσειταύτης.
