4058 6216
275 349 397 410 397
1470 351 1571 412 DE
1614 353 1680 413 s.
1727 351 1926 416 smn.
1973 357 2501 422 MYSTAGOGIA.
3559 365 3682 428 398
3738 412 3739 415 γ
3914 382 3925 387 ~

274 478 344 567 οὗ
395 479 492 548 τήν
540 476 1041 553 ἁπλῶςιὲξὲλευσιν
1093 479 1372 555 σημαίνει,
1420 482 1545 552 ἥτις
1585 481 1697 538 ἐστὶ
1725 478 1917 558 συμϐε·

2039 490 2433 562 egressionem
2463 490 2812 563 simpliciter
2857 492 3169 566 signiticat,
3197 510 3321 567 quae
3353 486 3691 554 accidental
3974 520 3981 525 θ
4022 492 4031 533 7

274 563 452 640 ϐηχὸς
481 567 744 645 γινομένη
773 568 865 625 καὶ
902 568 1295 644 ἀπογινομὲνη,
1342 568 1489 629 ἀλλὰ
1531 573 1631 643 τήν
1682 571 1917 644 οὐσιώδη

2037 578 2111 635 lis
2142 584 2232 637 est
2260 584 2319 638 et
2349 581 2522 638 modo
2573 581 2763 638 locum
2810 563 3008 651 habet,
3056 563 3234 641 modo—
3254 599 3373 641 non
3403 584 3679 656 amplius,

270 659 370 714 καὶ
427 660 662 738 φυσικὴν
722 660 813 715 καὶ
864 664 962 715 τοῦ
1019 663 1139 722 πῶς
1190 660 1320 715 εἶναι
1407 663 1745 735 σημαπικήν
1835 663 1917 718 καῖ

2035 684 2236 726 verum
2269 670 2717 727 substantialem
2753 676 2811 728 et
2838 670 3161 729 naturalem
3196 689 3439 745 quasque
3468 678 3561 731 est
3586 675 3685 734 de-

270 749 377 817 τήν
563 746 846 823 ὒπάρξεως
873 753 971 804 τοῦ
1018 746 1172 825 ἁγίου
1218 750 1528 822 Πνεύματος
1577 749 1917 828 ἰμφαντικήνί

2041 758 2311 816 clarativa
2339 759 2478 816 certi
2506 759 2856 818 exsistentiae
2875 761 3032 817 modi
3050 766 3108 818 et
3127 763 3523 820 subsistentia:
3545 778 3686 820 san-

273 836 366 893 ὅτι
415 837 480 892 οὖ
527 841 804 913 γεννητῶς
852 837 996 894 ἐστιν
1037 838 1112 901 ὡς
1162 840 1191 893 ὁ
1244 840 1387 907 Υἱὸς,
1431 838 1558 896 ἀλλ’
1589 838 1917 916 ἐκπορευτῶι

2040 845 2119 903 cti
2167 847 2413 918 Spiritus
2460 848 2792 916 indicative,
2842 850 2993 920 quod
3041 866 3157 909 non
3187 856 3314 923 tper
3346 852 3684 923 generatio-

271 925 371 981 καὶ
420 923 595 989 ἰδίως*
644 931 742 981 τοῦ
790 927 884 1001 μὲν
928 926 1033 1003 γὰρ
1071 929 1201 984 Υἰοῦ
1227 925 1373 984 ’ίδιον
1401 928 1464 984 τὸ
1496 927 1556 984 ix
1591 934 1688 986 τοῦ
1716 931 1917 1007 Πατρὸι

2040 951 2173 992 nem
2206 941 2295 993 est
2334 940 2400 993 ut
2442 936 2645 1005 Filius,
2693 937 2795 995 sed
2835 954 2937 1010 per
2984 939 3411 1011 processionem
3461 956 3689 1013 suoque
3844 938 3847 943 ’
3906 952 3921 957 ’
3960 972 3985 1011 ι,

270 1016 560 1092 γεννᾶσθαι
610 1020 875 1094 φυσικῶς,
922 1020 1019 1071 τοῦ
1079 1013 1136 1072 δὲ
1192 1015 1346 1091 ἁγίου
1399 1015 1714 1093 Πνεῦματος
1770 1020 1834 1074 τὸ
1872 1018 1917 1075 ἐν

2042 1024 2274 1097 proprio
2325 1026 2517 1083 modo.
2564 1025 2696 1082 Filii
2745 1026 2898 1082 enim
2949 1027 3273 1099 proprietas
3315 1031 3496 1085 estex
3524 1033 3692 1086 Patre
3776 1042 3777 1045 ‘
3894 1038 3899 1041 “

272 1108 380 1160 τοῦ
427 1106 634 1182 Πατρὸς
681 1104 1063 1181 ἐκπορεύεσθαι
1112 1111 1371 1183 φυσικῶς
1442 1107 1533 1164 καὶ
1578 1110 1715 1165 κατὰ
1769 1112 1931 1165 τοῦτο

280 1195 453 1269 μόνον
494 1191 837 1273 διαφέρουσιν
866 1193 1154 1267 ἀλλήλων,
1187 1197 1314 1266 ἤτοι
1354 1197 1490 1253 κατὰ
1529 1198 1632 1267 τήν
1679 1195 1930 1270 ἰδιότητα

272 1290 380 1353 τῆς
428 1284 724 1362 ὑπάρξεως,
775 1283 831 1340 ἓν
876 1281 1026 1348 ὄντες
1076 1282 1264 1347 ἄλλως
1293 1287 1393 1357 τὴν
1427 1285 1611 1342 οὐσίαν
1648 1287 1739 1343 καὶ
1770 1286 1926 1362 φύσιν

272 1374 368 1429 καὶ
414 1372 560 1445 ἆξίαν
609 1374 701 1429 καὶ
759 1371 1008 1450 δύναμιν,
1081 1376 1194 1447 καὶ,
1244 1373 1436 1438 ἁπλῶς
1495 1375 1691 1447 εἰπεῖν,
1749 1375 1930 1433 τᾶλλα

272 1464 458 1519 ⁴πάντα
500 1463 638 1540 πρός
683 1484 743 1520 τε
786 1465 880 1519 τὸν
928 1464 1141 1540 Πατέρα
1170 1465 1258 1520 καὶ
1292 1466 1428 1540 πρὸς
1461 1463 1772 1537 ἂλλήλους.
1805 1473 1927 1531 Πῶς

273 1551 373 1608 οῦν
422 1574 555 1633 φατε
599 1554 662 1609 τὸ
710 1555 861 1630 ἅγιον
911 1558 1131 1629 Πνεῦμα
1169 1555 1285 1628 (89)
1332 1556 1482 1629 [119]
1544 1553 1925 1631 ἐκπορεύεσθαι

269 1643 366 1698 καὶ
397 1641 460 1698 ἐκ
486 1646 582 1698 τοῦ
620 1643 786 1712 Υἱοῦ;
818 1642 884 1700 Εἴ
916 1644 1010 1717 μὲν
1045 1643 1120 1706 ὡς
1150 1641 1201 1713 ἐξ
1236 1642 1436 1712 αἰτίου,
1472 1642 1590 1699 ἰδοῦ
1631 1641 1727 1700 δύο
1775 1644 1928 1702 α’ίτια

267 1733 368 1788 καὶ
419 1729 515 1788 δύο
564 1731 755 1810 ἀρχαὶ,
802 1734 988 1808 Πατὴρ
1038 1732 1127 1788 καὶ
1157 1729 1303 1804 ride,
1331 1734 1419 1788 καὶ
1454 1730 1678 1810 διαρχία
1711 1733 1925 1808 μᾶλλον

2039 1114 2302 1185 generari
2334 1114 2693 1183 naturaliter,
2726 1116 2915 1172 sancti
2946 1132 3078 1172 vero
3118 1115 3372 1188 Spiritus
3418 1116 3689 1189 proprie-

2038 1204 2128 1258 tas
2172 1203 2516 1261 naturaliter
2560 1220 2629 1261 ex
2677 1208 2848 1261 Patre
2890 1205 3235 1278 procedere;
3270 1208 3326 1261 et
3357 1206 3684 1262 secundum

2039 1288 2147 1347 hoc
2178 1291 2549 1350 solummodo
2571 1294 2643 1349 ab
2674 1293 2921 1350 invicem
2972 1292 3269 1362 diti’erunt,
3309 1293 3435 1351 sive
3462 1310 3684 1351 secun-

2039 1380 2179 1437 dum
2213 1382 2604 1440 subsistentiis
2656 1382 3094 1455 proprietatem,
3149 1399 3282 1439 cum
3329 1382 3684 1456 ceteroquin

2038 1485 2223 1526 unum
2254 1471 2377 1527 sint
2406 1470 2598 1543 quoad
2631 1471 3018 1528 substantiam
3050 1476 3108 1528 et
3128 1478 3421 1541 naturam,
3443 1472 3689 1543 dignita-
3750 1506 3753 1509 ν

2036 1561 2151 1614 tem
2183 1563 2240 1616 et
2268 1559 2566 1629 virtutem,
2597 1564 2792 1634 atque,
2825 1565 2890 1617 ut
2919 1576 3035 1617 uno
3058 1561 3230 1617 verbo
3253 1559 3470 1631 dicam,
3492 1560 3685 1633 quoad
3764 1580 3793 1593 ι·

2036 1647 2152 1704 alia
2179 1647 2379 1704 omnia
2410 1654 2536 1706 tum
2559 1666 2694 1707 cum
2728 1651 2894 1707 Patre
2923 1654 3048 1707 tum
3084 1664 3218 1706 cum
3251 1667 3311 1707 se
3341 1649 3504 1723 ipsis.
3536 1651 3687 1715 Quo-

2035 1752 2172 1792 nam
2206 1737 2386 1809 igitur
2415 1744 2581 1810 pacto
2611 1738 2829 1806 dicitis,
2862 1743 3132 1795 sanctum
3172 1738 3456 1812 Spiritum
3482 1753 3686 1811 proce-

267 1818 313 1889 ἢ
373 1820 651 1895 μοναρχία
708 1820 772 1875 τὸ
818 1820 944 1895 παρ’
989 1819 1117 1892 ὑμῖν
1170 1821 1283 1894 (90)
1329 1815 1784 1895 πρεσϐευόμενον
1829 1822 1917 1878 καὶ

2030 1824 2163 1881 dere
2188 1825 2359 1883 etiam
2410 1842 2478 1882 ex
2511 1826 2650 1883 Filio
2672 1827 2700 1882 ‘I
2743 1828 2800 1883 Si
2830 1827 2990 1884 enim
3021 1828 3180 1885 velut
3221 1841 3290 1884 ex
3320 1843 3519 1895 causa,
3550 1842 3683 1885 ecce

269 1908 387 1985 οὐχ
423 1907 691 1985 ἡμέτερον
722 1907 897 1986 λέγειν
926 1909 1027 1964 ὅσα
1051 1908 1118 1963 τὰ
1149 1910 1328 1965 ἄτοπα
1365 1905 1575 1984 ἕψεται.
1628 1911 1689 1966 Εἰ
1722 1908 1769 1966 δ’
1812 1912 1926 1967 ἒτέ-

269 2019 411 2074 ρως,
457 1999 533 2061 ὡς
570 1997 632 2054 ἐκ
670 1996 1028 2073 φεραλλήλου
1077 1994 1168 2053 διὰ
1212 1999 1312 2068 τήν
1362 1997 1438 2063 εἰς
1467 1997 1691 2071 ἄλληλα
1716 2001 1928 2057 τούτων

265 2087 802 2167 ἆντιπεριχώρησιν,
832 2086 946 2159 καί,
979 2088 1055 2150 ὡς
1086 2084 1276 2151 ἁπλῶς
1306 2086 1496 2155 εἰπεῖν,
1538 2088 1930 2159 ἐξαποστελλό-

272 2178 459 2251 μενὸν·
504 2175 886 2248 ἐξαποστέλλει
935 2176 1042 2252 γὰρ
1088 2174 1269 2249 ὥσπερ
1329 2178 1357 2233 ὁ
1415 2177 1603 2252 Πατήρ
1640 2178 1731 2233 τὸν
1776 2179 1924 2249 Υἰὸν,

268 2266 419 2321 οὕτω
446 2265 539 2322 καὶ
569 2265 598 2321 ὁ
629 2266 754 2329 Υἱὸς
781 2268 843 2322 τὸ
876 2269 1099 2339 Πνεῦμα
1135 2267 1197 2320 τὸ
1242 2267 1415 2341 ἅγιον*
1466 2269 1634 2324 ’Όταν
1685 2265 1760 2338 δὲ,
1814 2289 1926 2342 φη-

269 2354 376 2425 σὶν,
433 2353 570 2430 ἔλθῃ
631 2355 660 2410 ὁ
724 2353 1104 2431 Παράκλητος,
1184 2355 1243 2410 ’ὀν
1324 2352 1431 2432 ἐγὼ
1504 2353 1707 2430 πέμψω
1793 2357 1923 2431 ὑμῖν

266 2445 417 2521 παρὰ
470 2448 569 2500 τοῦ
629 2445 859 2520 Πατρὸς,
913 2444 975 2499 τὸ
1048 2447 1264 2518 Πνεῦμα
1343 2450 1443 2515 τῆς
1528 2443 1810 2517 ἀληθείας.
1894 2446 1922 2501 ὃ

267 2534 418 2611 παρὰ
469 2539 570 2590 τοῦ
636 2534 847 2609 Πατρὸς
938 2533 1308 2611 ἐκπορεύεται,
1395 2535 1564 2591 ἐκεῖνο
1652 2536 1927 2610 μαρτυρή-

271 2645 352 2680 σει
398 2624 524 2701 περὶ
570 2623 728 2698 ἒμοῦο
779 2623 850 2693 εἰ,
899 2626 1037 2681 κατᾶ
1091 2623 1294 2693 ταύτην
1336 2625 1436 2693 τὴν
1465 2620 1723 2694 διάνοιαν,
1755 2624 1919 2681 ἐκπο-

272 2714 519 2791 ρεύεσθαι
546 2714 638 2769 καὶ
686 2712 747 2768 ἐκ
786 2715 894 2786 (91)
935 2713 1032 2771 τοῦ
1082 2715 1235 2782 Υῖοῦ,
1285 2711 1489 2789 λέγετε,
1540 2707 1777 2790 ἔρῥωσθε
1822 2715 1917 2788 μὶν

274 2800 375 2857 τόν
430 2806 568 2876 νοῦν,
621 2800 952 2878 ἁμαρτάνετε
1008 2798 1065 2858 δὲ
1120 2803 1239 2858 καθ’
1293 2799 1476 2878 ’ἕτερον
1536 2802 1721 2880 λόγον·
1765 2807 1921 2879 πρῶ-

263 2912 362 2950 τον
413 2893 520 2965 (92)
554 2894 650 2966 μὶν
697 2894 801 2963 τήν
843 2891 946 2947 ὑπὸ
979 2896 1089 2947 τῶν
1143 2892 1277 2948 ἑπτὰ
1318 2889 1559 2948 συνόδων
1595 2886 1917 2967 βεϐαιωθεῖ-

265 3003 359 3038 σαν
408 2976 616 3037 ἔκθεσιν
663 2987 765 3052 τῆς
808 2980 1042 3037 πίστεως
1091 2985 1160 3056 τῇ
1207 2983 1493 3058 προσθήκῃ
1535 2981 1701 3053 ταύτῃ
1738 3002 1917 3060 παρα-

264 3075 543 3134 ποιοῦντες
599 3070 689 3126 καὶ
745 3069 869 3127 τότε
927 3071 1080 3144 μόνοι
1148 3075 1258 3127 τῶν
1297 3071 1549 3127 ἁπάντων
1630 3069 1814 3128 ἔπειτα
1850 3073 1913 3128 τὸ

2038 1915 2166 1971 duas
2215 1932 2404 1972 causa:
2452 1921 2509 1972 et
2547 1917 2662 1973 duo
2711 1916 3021 1990 principia,
3067 1918 3235 1975 Pater
3285 1922 3345 1975 et
3392 1917 3596 1990 Filius,
3629 1921 3688 1975 et

2036 2012 2178 2060 tunc
2210 2004 2266 2059 id
2305 2004 2461 2075 quod
2512 2020 2858 2061 veneramur
2906 2022 2972 2062 ac
3017 2005 3267 2063 colimus
3297 2006 3688 2079 supplicando

2039 2090 2316 2162 dyarchia
2362 2092 2633 2163 (duorum
2676 2092 3066 2166 principatus)
3110 2093 3301 2166 potius
3341 2093 3452 2151 erit
3502 2110 3685 2167 quam

2036 2181 2375 2239 monarcbia
2406 2181 2609 2254 (unius
2631 2181 2991 2253 principatus
3019 2197 3125 2239 seu
3145 2181 3414 2255 principii
3435 2181 3679 2257 unitas).

2034 2271 2233 2344 Neque
2266 2276 2527 2329 nostrum
2559 2280 2646 2329 est
2673 2273 2921 2342 edicere,
2955 2276 3168 2345 quanta
3218 2272 3355 2329 inde
3402 2277 3680 2329 secutura

2033 2361 2152 2418 sint
2179 2361 2453 2418 absurda.
2494 2362 2553 2417 Si
2593 2378 2729 2420 vero
2771 2361 2884 2419 alio
2936 2362 3129 2430 mede,
3177 2359 3331 2418 velut
3375 2377 3444 2418 ex
3476 2364 3681 2418 mutua

2034 2450 2393 2507 connexione
2422 2454 2657 2523 propter
2688 2467 2891 2509 eorum
2922 2451 3465 2508 circumsessionem
3504 2454 3583 2520 et,
3615 2452 3683 2506 ut

2032 2539 2383 2612 simpliciter
2410 2539 2624 2610 dicam,
2676 2545 2742 2596 ut
2780 2540 2852 2596 ab
2906 2556 2974 2597 eo
3025 2540 3238 2597 missus
3265 2540 3470 2610 (mittit
3496 2539 3676 2611 enim,

2031 2631 2530 2703 quemadmodum
2545 2631 2710 2689 Pater
2732 2631 2968 2701 Filium,
2985 2632 3063 2688 ita
3083 2635 3138 2688 et
3159 2631 3340 2687 Filius
3363 2630 3667 2703 Spiritum.

2032 2719 2278 2789 Quando,
2310 2721 2523 2793 inquit,
2556 2723 2763 2777 venerit
2785 2721 3125 2790 Paraclitus,
3156 2736 3322 2791 quem
3341 2734 3440 2790 ego
3461 2718 3678 2776 mittam

2028 2808 2177 2865 vobis
2205 2825 2239 2865 a
2266 2812 2448 2877 Patre,
2479 2810 2750 2882 Spiritum
2795 2808 3065 2877 veritatis,
3096 2810 3198 2882 qui
3223 2825 3258 2865 a
3290 2813 3460 2866 Patre
3483 2822 3683 2881 proce-

2029 2897 2136 2969 dit,
2169 2897 2267 2954 ille
2311 2899 2687 2954 testimonium
2711 2896 3016 2971 perhibebit
3044 2897 3112 2954 de
3138 2914 3226 2954 me
3245 2895 3349 2968 9');
3380 2896 3433 2954 si
3461 2912 3675 2954 secun-

2027 2986 2170 3041 dum
2201 2984 2382 3057 hunc,
2413 2985 2675 3059 inquam,
2707 3001 2946 3043 sensum
3001 2986 3306 3058 procedere
3336 2988 3393 3041 et
3420 3000 3487 3042 ex
3524 2983 3669 3042 Filio

2026 3075 2259 3143 dicitur,
2280 3080 2420 3131 tunc
2442 3075 2699 3147 quidem,
2717 3075 2874 3146 quod
2895 3074 2967 3130 ad
2991 3079 3248 3131 mentem
3273 3075 3516 3144 spectat,
3539 3070 3671 3129 sani

264 3162 355 3219 καὶ
386 3161 805 3239 προσκείμενον,
837 3162 867 3217 ὃ
898 3159 1195 3236 σύνδεσμον
1224 3160 1412 3219 καλεῖν
1440 3162 1733 3237 εἰώθαμεν,
1786 3160 1910 3234 ἴσην

2030 3165 2184 3235 estis,
2219 3164 2469 3235 peccatis
2514 3168 2718 3221 tamen
2768 3164 3093 3220 secundum
3130 3162 3306 3220 aliam
3346 3161 3666 3230 rationem;

259 3254 359 3323 τήν
389 3251 706 3328 ἑκπόρευσιν
735 3249 927 3308 δίδωσι
956 3256 1095 3307 νοεῖν
1127 3250 1187 3307 ἔκ
1214 3272 1273 3307 τε
1319 3251 1417 3307 τοῦ
1466 3251 1677 3328 Πατρὸς
1722 3251 1811 3307 καὶ
1852 3250 1914 3307 ἐκ

2030 3252 2209 3325 primo
2228 3253 2465 3325 quidem
2486 3252 2619 3308 ﬁdei
2643 3252 3067 3324 expositionem
3107 3268 3142 3307 ε
3179 3253 3402 3324 septem
3425 3250 3667 3323 synodis
3736 3324 3741 3339 .

256 3339 354 3398 τοῦ
403 3343 553 3412 Γίοῦ,
603 3341 699 3398 κᾶν
754 3342 909 3415 ὑμεῖς
956 3337 1152 3417 ἑτέρως
1200 3347 1361 3411 νοῆτε
1408 3343 1520 3416 (93)
1568 3343 1668 3412 τήν
1717 3340 1778 3396 ἐκ
1815 3343 1912 3397 τοῦ

2030 3343 2427 3400 conﬁrmatam
2460 3343 2569 3398 hoc
2599 3343 3000 3399 additamento
3039 3342 3419 3398 immutantes
3463 3345 3522 3397 et
3550 3339 3663 3397 fal-

260 3433 412 3503 Ποῦ,
449 3431 590 3486 καθᾶ
618 3432 1044 3507 προειρήκαμεν
1081 3432 1191 3506 χρή
1237 3427 1294 3485 δὲ
1345 3430 1421 3503 μή
1475 3429 1638 3505 μόνον
1690 3434 1905 3508 φρονεῖν

2030 3435 2231 3501 iantes,
2264 3436 2321 3487 et
2351 3430 2588 3503 quidem
2611 3431 2763 3487 inter
2782 3444 2984 3488 omnes
3010 3429 3158 3497 soli;
3191 3428 3403 3486 deinde
3423 3427 3567 3485 illud
3586 3431 3663 3498 et,

261 3520 441 3595 ὀρθῶς
487 3517 638 3575 ἆλλᾶ
682 3516 823 3592 μηδὲ
870 3516 1246 3590 σκανδαλίζειν
1305 3516 1534 3582 ἄλλους’
1609 3519 1655 3575 εἰ
1710 3521 1813 3595 γὰρ
1876 3520 1904 3574 ὁ

2030 3522 2170 3595 quod
2237 3521 2709 3594 conjunctionem
2768 3535 2973 3577 vocare
3040 3522 3324 3587 solemus,
3384 3517 3663 3591 aequalem

260 3606 638 3679 σκανδαλίζων
691 3605 782 3665 ἕνα
828 3616 1060 3687 φρικτῆς
1115 3606 1262 3680 ἄξιος
1328 3607 1513 3684 ἐκρίθη
1578 3608 1725 3684 παρᾶ
1788 3614 1905 3672 τοῖς

2030 3611 2452 3683 processionem
2483 3610 2582 3665 dat
2615 3607 2940 3681 intelligere
2988 3612 3113 3664 tum
3145 3624 3214 3665 ex
3242 3607 3410 3664 Patre
3438 3610 3567 3664 tum
3596 3622 3666 3663 ex
3778 3642 3783 3651 ι

260 3697 625 3776 Εὑαγγελίοις
668 3700 782 3771 (94)
831 3697 1134 3767 κολάσεως,
1184 3700 1235 3753 οἱ
1273 3699 1375 3767 τήν
1410 3697 1738 3772 οἰκουμένην
1771 3698 1907 3769 ὅλην

2030 3701 2186 3768 Filio,
2216 3699 2354 3758 licet
2382 3716 2482 3756 vos
2517 3698 2684 3755 aliter
2712 3697 3054 3770 intelligatis
3102 3713 3230 3754 eam
3257 3712 3383 3770 quae
3414 3712 3485 3754 ex
3513 3694 3656 3752 Filio

256 3787 456 3867 σχεδὸν
507 3785 951 3858 σκανδαλίζοντες
1008 3787 1164 3844 ποίαν
1222 3787 1368 3863 ἀξίαν
1456 3787 1661 3864 εὕροιεν
1749 3786 1910 3843 κόλα-

250 3899 337 3932 σιν
365 3897 382 3949 ς
2019 3878 2208 3936 solum
2241 3886 2391 3934 recte
2420 3876 2660 3944 sentire,
2692 3876 2794 3933 sed
2826 3892 3014 3948 neque
3051 3875 3195 3932 alios
3243 3874 3664 3931 scandalizare.

249 3970 311 4027 Si
341 3970 501 4027 enim
532 3968 634 4043 qui
665 3986 851 4027 unum
888 3967 1249 4027 scandalizat
1295 3969 1599 4026 tremenda
1646 3984 1823 4042 penes
1858 3969 2173 4043 Evangelia
2214 3967 2522 4040 judicatus
2563 3970 2653 4022 est
2699 3965 3005 4037 punitione
3054 3965 3291 4036 dignus,
3341 3979 3661 4035 quamnam

2018 3790 2345 3849 secundum
2375 3804 2445 3845 ea
2474 3804 2602 3860 quae
2627 3786 3021 3865 praediximus.
3054 3785 3288 3859 Oportet
3316 3789 3512 3842 autem
3544 3801 3664 3842 non
3762 3860 3765 3861 ν

252 4058 407 4133 ipsis
436 4059 876 4117 convenientem
905 4076 1134 4132 poenam
1167 4059 1495 4116 invenerint
1524 4059 1621 4131 qui
1656 4058 1990 4116 universum
2024 4058 2443 4131 propemodum
2475 4054 2877 4112 scandalizent
2911 4057 3188 4110 terrarum
3217 4052 3414 4109 orbem
3441 4049 3454 4106 l

327 4149 421 4205 ια’.
452 4147 641 4206 Εἰπὼν
672 4149 701 4204 ὁ
731 4148 857 4212 Υἱὸς
896 4149 987 4204 καὶ
1037 4149 1167 4212 Θεὸς
1217 4147 1343 4223 περὶ
1390 4151 1490 4203 τοῦ
1540 4146 1698 4223 ἁγίου
1749 4148 1915 4203 lived-

2097 4149 2219 4204 tta.
2255 4147 2400 4204 Cum
2446 4144 2624 4201 Filius
2656 4144 2753 4200 Dei
2785 4147 2843 4200 et
2894 4143 3049 4200 Deus
3091 4142 3162 4200 de
3201 4146 3405 4199 sancto
3436 4139 3659 4214 Spiritu

256 4258 453 4311 ματος,
503 4236 589 4292 δτι
640 4236 788 4311 παρὰ
831 4240 929 4293 τοῦ
979 4236 1192 4311 Πατρὸς
1238 4234 1608 4311 ἐκπορεύεται,
1658 4236 1749 4292 καὶ
1799 4236 1909 4312 οὐχ

251 4324 418 4395 ἅπαξ,
450 4322 600 4380 ἀλλὰ
626 4324 716 4379 καὶ
762 4321 845 4386 δὶς
885 4324 1024 4380 κατὰ
1066 4324 1164 4392 τὴν
1214 4323 1382 4394 αὐτὴν
1430 4322 1760 4380 ἀκολουθίαν
1807 4327 1905 4379 τοῦ

252 4411 455 4490 λόγου,
487 4417 606 4476 πῶς
636 4411 736 4468 οὐκ
764 4413 929 4486 εἶπεν,
961 4410 1046 4468 ὅτι
1078 4410 1181 4469 Kac?
1211 4413 1337 4487 παρ’
1378 4413 1552 4486 ἒμοῦ;
1604 4414 1705 4469 Καὶ
1753 4414 1904 4469 οῦτοι

253 4504 356 4577 μὲν
379 4500 794 4577 ἀποκρίνονται,
829 4503 912 4558 δτι
952 4503 1027 4567 ὼς
1056 4502 1206 4575 [[20]
1238 4499 1523 4575 ἅνθρωπος
1562 4499 1906 4559 ἐταπεινολό-

245 4612 417 4670 τησεν
437 4593 576 4667 (95)*
628 4593 795 4665 ἡμεῖς
848 4588 906 4647 δὶ
947 4590 1167 4666 ταχέως
1215 4589 1551 4654 ἀπαντῶντες
1599 4589 1904 4667 ἐλέγχομεν

246 4681 452 4745 αὐτοὺς
483 4676 983 4759 ψευδολογοῦνταςο
1015 4676 1079 4735 τὰ
1112 4679 1227 4754 (96)
1271 4681 1375 4755 γὰρ
1419 4680 1610 4750 εἰπεῖν,
1651 4683 1745 4737 "Ov
1798 4679 1903 4755 ἐγὼ

244 4770 459 4847 πέμψω
485 4770 636 4845 ὑμῖν,
682 4768 792 4845 οὐχ
838 4769 913 4835 ὡς
950 4766 1236 4846 ἅνθρωπος
1283 4766 1515 4843 ε’ίρηκεν,
1563 4767 1710 4827 ἀλλὰ
1761 4768 1903 4844 μᾶλ-

320 4898 375 4937 ⁹⁸
404 4898 576 4957 Joan.
606 4915 707 4968 xv,
734 4899 825 4957 26.

2016 4235 2224 4293 dixerit
2270 4237 2424 4307 quod
2457 4251 2491 4290 a
2521 4236 2686 4289 Patre
2746 4230 3022 4305 procedit,
3072 4245 3260 4304 neque
3307 4227 3487 4286 semel
3539 4231 3666 4284 tan-

2014 4330 2161 4395 tum,
2180 4327 2281 4381 sed
2295 4330 2350 4381 et
2376 4324 2467 4380 bis
2488 4323 2812 4380 secundum
2828 4319 3094 4377 eamdem
3113 4320 3403 4376 sermonis
3423 4315 3656 4385 seriem,

2014 4416 2308 4489 quomodo
2353 4431 2467 4472 non
2513 4414 2693 4470 dixit:
2730 4412 2976 4468 Procedit
3023 4411 3199 4467 etiam
3246 4426 3280 4466 a
3320 4410 3449 4465 me?
3475 4406 3544 4463 Et
3597 4405 3656 4462 bi

2014 4505 2247 4577 quidem
2281 4501 2633 4577 respondent
2656 4502 2848 4573 ipsum
2880 4515 2981 4573 pro
3012 4498 3375 4555 humanitate
3408 4511 3516 4552 sua
3550 4494 3664 4550 bu-

2016 4593 2231 4651 militer
2258 4608 2389 4650 esse
2413 4592 2676 4649 locutum
2702 4607 2716 4658 ;
2745 4606 2860 4646 non
2889 4605 3021 4646 vero
3056 4586 3254 4644 statim
3286 4588 3661 4642 occurrentes

2013 4680 2303 4740 mendacii
2323 4679 2863 4755 eosiconvincimus.
2884 4677 3074 4734 Verba
3093 4676 3247 4734 enim
3271 4674 3373 4733 illa
3390 4690 3551 4747 quem
3570 4687 3666 4747 ego

2012 4772 2234 4827 mittam
2262 4769 2410 4827 vobis
2441 4784 2556 4826 non
2578 4772 2641 4824 ut
2661 4767 2837 4824 homo
2869 4764 3035 4832 dixit,
3057 4764 3159 4822 sed
3183 4761 3372 4837 potius
3392 4765 3458 4818 ut
3481 4762 3662 4821 Deus.

1423 5059 1669 5117 νΑῑιιιΕ
1709 5055 2098 5116 LECTIONES
2136 5054 2229 5111 ET
2268 5052 2501 5111 NOTIE.

336 5283 437 5357 89)
643 5283 747 5358 cit.
773 5284 837 5339 τὸ
868 5288 960 5341 Πν.
990 5283 1052 5339 τὸ
1085 5284 1255 5358 ἅγιον.

240 5351 566 5502 ωζξθξμξξο
597 5356 755 5430 apud
786 5358 1059 5430 Euthym.
1092 5351 1149 5414 et
1176 5358 1237 5414 in
1266 5355 1394 5414 cod.
1414 5355 1538 5425 oit.;
1570 5354 1699 5412 cod.
1724 5351 1898 5411 tbeol.

313 5498 524 5574 (91)}:
548 5500 725 5574 deest
748 5499 806 5574 in
838 5500 966 5574 cod.
1000 5501 1167 5574 Vind.
1202 5499 1300 5574 Gr.
1334 5498 1421 5556 th.
1452 5498 1544 5574 εο.

315 5568 436 5645 (92)
465 5573 612 5631 Cod.
658 5570 833 5629 Vind.
886 5570 984 5629 Gr.
1044 5572 1146 5646 pb.
1189 5571 1334 5629 248:
1367 5572 1580 5647 πρῶτα,
1629 5568 1898 5643 Euthym.

234 5664 611 5792 “ﬂium.
647 5715 743 5773 Gr.
777 5715 920 5790 phil.
955 5715 1052 5773 cit.
1085 5717 1283 5773 νοεῖτε.

313 5214 435 5431 ὲ88)
468 5211 644 5269 Vind.
677 5212 821 5297 phil.
850 5212 956 5268 248
986 5217 1144 5282 ετῆς.
1178 5214 1308 5270 fort.
1338 5212 1439 5282 τήν
1472 5213 1571 5277 τῆς
1602 5212 1693 5268 ὑπ.

336 5285 437 5357 89)
468 5285 608 5341 Cod.
643 5289 742 5341 Cit.
773 5284 837 5339 τὸ
868 5288 960 5341 Πν.
990 5283 1052 5339 τὸ
1085 5284 1255 5358 ἅγιον.

337 5358 439 5431 90)
469 5356 566 5413 Sic
597 5356 755 5430 apud
786 5358 1059 5430 Euthym.
1092 5364 1149 5414 et
1176 5358 1237 5414 in
1266 5355 1394 5414 cod.
1414 5355 1538 5425 oit.;
1570 5354 1693 5412 cod.

2081 5204 2380 5292 (94)Λπαρὰ
2414 5224 2466 5261 τ.
2518 5198 2813 5277 Εεῦαγγελ.
2865 5200 3030 5260 deest
3076 5199 3136 5258 in
3189 5199 3317 5259 cod.
3354 5198 3525 5256 Vind.
3558 5198 3664 5259 Gr.

2016 5279 2337 5424 pligélﬁgd
2366 5348 2600 5424 minime
2630 5345 2836 5424 dicunt
2886 5345 3069 5424 Latini
3125 5343 3426 5424 Christum
3458 5340 3657 5398 humi-

2010 5415 2142 5479 liter
2158 5415 2216 5478 et
2244 5438 2358 5497 pro
2379 5437 2488 5476 sua
2517 5417 2886 5497 humanitate
2916 5415 3526 5497 biclocutumﬁerum
3555 5428 3659 5485 pro

2010 5488 2439 5551 consuetudine
2468 5491 2553 5547 uti
2593 5499 2797 5546 caetera
2827 5489 2909 5546 ita
2948 5488 3200 5561 Spiritus
3232 5488 3665 5561 processjonem

2010 5566 2082 5623 ad
2114 5567 2338 5622 Patrem
2368 5579 2473 5620 ceu
2503 5562 2577 5618 ad
2611 5562 2861 5634 primam
2882 5553 3118 5617 causam
3143 5553 3434 5616 retulisse.
3457 5553 3659 5612 Inanis

2013 5652 2152 5709 ergo
2183 5651 2433 5709 seque‘us
2461 5636 2917 5709 argumentatio.

2102 5696 2192 5782 96)
2225 5696 2318 5766 Sic
2340 5696 2613 5779 Euthyih.
2668 5705 2807 5764 edit.
2854 5703 3106 5763 Vindob.
3160 5701 3286 5760 cod.
3334 5696 3514 5758 tbeol.
3546 5697 3648 5768 τῷ.
