4058 6216
417 366 534 450 399

1613 350 1872 410 PHOTII
1923 346 2450 408 PATRIABCH/E
2493 344 2607 404 ΟΡ.

3671 345 3773 406 400

412 500 596 555 Homo
628 495 784 551 enim
834 508 949 548 non
1005 489 1179 545 mittit
1211 491 1412 552 Deum,
1463 481 1748 554 siquidem
1783 481 1936 536 Deus
1967 484 2053 536 est

2183 484 2264 532 |.ov
2315 478 2390 539 ὡς
2439 475 2589 536 Θεὸς·
2644 472 2928 547 ἄνθρωπος
2976 472 3077 547 γὰρ
3126 471 3192 526 οὐ
3245 474 3447 545 πέμπει
3503 476 3641 547 Θεὸν,
3676 475 3779 552 sive

412 589 667 661 Spiritus
697 588 956 642 sanctus.
989 581 1083 635 Bis
1132 578 1307 648 igitur
1353 573 1498 629 dixit
1527 591 1566 628 α
1596 573 1760 661 Patre
1793 573 1848 627 in
1883 571 2058 661 hujus

412 659 703 734 sermonis
735 669 1236 730 conﬁrmationem
1274 670 1330 721 et
1359 668 1424 719 ut
1463 665 1531 719 ad
1574 660 1870 717 silentium
1904 659 2060 716 redi-

415 774 570 840 geret
602 782 700 822 eos
731 765 828 836 qui
861 759 1072 816 dicturi
1109 764 1294 822 erant,
1331 754 1526 826 ipsum
1554 768 1621 807 ex
1651 751 1795 806 Filio
1827 765 2060 821 quoque

416 839 745 929 procedere.
781 853 959 922 quue
987 865 1054 904 ex
1077 844 1348 903 acumine
1371 841 1793 914 sapientissimi
1813 839 2064 912 impera-

416 947 559 1002 toris
588 942 789 1016 [Alexii
818 937 1120 1010 Comneni]
1173 933 1420 1008 prodiit;
1453 933 1561 988 hac
1611 931 1762 986 enim
1799 929 2060 1001 preposi-

418 1035 570 1092 tione
585 1050 724 1090 usus
739 1036 829 1088 est
843 1045 974 1086 eum
994 1031 1197 1084 contra
1211 1023 1700 1082 Mediolanensem
1725 1020 2060 1091 episcopum

417 1125 760 1195 disputaret.

2170 569 2299 630 Θεὸς
2329 567 2391 621 τὸ
2425 569 2643 639 Πνεῦμα
2671 565 2733 620 τὸ
2767 565 2942 638 ἅγιον.
2979 563 3067 624 Δὶς
3099 561 3192 618 οὖν
3237 564 3298 618 τὸ
3351 563 3494 637 παρᾶ
3537 569 3625 620 τοῦ
3682 573 3780 622 Πι-

2162 658 2290 731 τρὸς
2338 654 2554 730 signate:
2596 653 2672 716 εἰς
2726 647 3018 729 βεϐαίωσιν
3064 657 3162 706 τοῦ
3206 652 3460 708 τοιούτου
3504 651 3665 729 λόγου
3700 658 3781 711 καὶ

2165 746 2300 819 πρὸς
2333 740 2689 818 ἐπιστὸμησιν
2718 747 2826 798 τῶν
2863 740 3175 815 μελλόντων
3211 739 3390 818 λέγειν
3431 742 3512 798 ὅτι
3555 744 3640 799 καὶ
3684 747 3781 820 (97)

2167 836 2225 890 ἐκ
2271 839 2367 890 τοῦ
2418 835 2545 889 Υἱοῦ
2600 832 2969 907 ἐκπορεύεται·
3015 836 3178 887 τοῦτο
3227 833 3288 888 τὸ
3339 831 3538 906 λῆμμα
3581 840 3673 904 τῆς
3701 835 3782 909 ἆγ-

2168 926 2384 1001 χινοίας
2430 922 2540 978 ἐστῖ
2587 926 2683 978 τοῦ
2730 923 3095 978 συνετωτάτου
3149 919 3418 997 βαπιλέως
3486 925 3612 997 (98)·
3675 925 3784 980 10'3-

2168 1037 2248 1087 τῳ
2286 1017 2400 1085 (99)
2454 1015 2558 1090 γὰρ
2610 1012 2886 1088 ἐχρήσατό
2944 1033 3077 1068 ποτε
3132 1012 3268 1068 κατὰ
3323 1015 3420 1067 τοῦ
3462 1009 3787 1071 Μεδιολάνων

2170 1103 2468 1159 ἐπισκόπου
2502 1105 2580 1176 (1)
2613 1102 3024 1178 διαλεγόμενος.

1587 1264 1830 1320 VARle
1867 1260 2258 1318 LECTIONES
2299 1259 2387 1315 ET
2424 1259 2652 1315 NOT/E.

483 1409 588 1476 (97)
621 1404 710 1478 xui
741 1407 903 1478 deest
934 1403 1083 1478 apud
1131 1398 1406 1478 Euthym:

483 1466 596 1552 (98')
620 1476 868 1552 Ἀλέξίου
901 1466 1064 1552 addit
1095 1473 1222 1552 πρά.
1255 1466 1433 1525 theol.
1468 1467 1639 1522 Vind.
1687 1466 1774 1522 40.

487 1546 598 1622 (99)
627 1546 897 1618 Euthym.
929 1549 1017 1601 ed.
1051 1546 1233 1597 τοῦτο.

2244 1389 2329 1460 (1)
2359 1390 2559 1444 Petrus
2609 1386 3061 1460 Mediolanensis
3128 1401 3256 1444 esse
3297 1386 3545 1460 videtur,
3591 1385 3657 1442 de
3694 1400 3794 1460 quo

2173 1457 2383 1516 Ba'ron.
2413 1462 2482 1516 ad
2512 1477 2606 1515 an.
2647 1460 2803 1526 1116,
2857 1459 3031 1516 Attat.
3084 1460 3158 1514 De
3205 1474 3448 1515 conseras.
3486 1457 3523 1512 l.
3557 1475 3620 1525 ιι,
3645 1475 3688 1514 c.
3717 1459 3794 1525 10,

2179 1551 2232 1590 n.
2258 1537 2289 1588 2
2321 1539 2376 1588 et
2407 1533 2464 1588 G.
2502 1531 2559 1587 0.
2593 1532 2633 1586 Ι.
2669 1532 2774 1586 379
2806 1536 2860 1588 et
2892 1534 2950 1586 in
2980 1531 3245 1604 Append.
3271 1547 3336 1586 ac
3361 1531 3649 1588 lectorem.

422 1770 3797 1808 ______________________________________________________.

1113 1942 1394 2018 [121-123]
1438 1940 1508 1997 IN
1551 1935 1825 1994 LIBRUM
1867 1935 1960 1992 DE
2000 1935 2070 1991 sr

2183 1931 2325 1989 LTUS
2366 1931 2620 1989 SANCTI
2651 1930 3110 1987 MYSTAGOGIA

706 2118 1770 2218 ANIMADVERSIONES
1847 2116 2492 2205 HISTORICZE
2550 2114 2695 2200 ET
2753 2108 3539 2199 THEOLOGIC/E

1209 2351 1280 2389 AD
1322 2347 1520 2388 OPERIS
1561 2342 2042 2384 ILLUSTRATlONEM
2082 2335 2612 2382 REFUTATIONEMQUE
2653 2333 3046 2374 PERTINENTES.

433 2671 475 2726 Ι.
507 2699 576 2707 ——
600 2662 785 2723 Photii
824 2661 964 2718 liber
1013 2661 1312 2717 universim
1360 2657 1690 2730 expenditur
1720 2663 1772 2713 et.
1819 2653 2069 2710 illustra-
2102 2660 2148 2725 Β
2181 2643 2406 2718 pondus
2440 2641 2640 2713 paucis
2687 2639 2998 2708 declarare,
3047 2639 3174 2730 ejus
3221 2645 3654 2711 argumentum,
3685 2634 3812 2693 scri-

1193 2738 1211 2787 1
1221 2747 1304 2786 ur.

504 2830 555 2886 1.
590 2831 746 2885 Inter
775 2824 1134 2897 dogmaticas
1166 2822 1618 2894 disceptationes
1639 2825 1763 2877 tum
1791 2822 2074 2876 vetustate

431 2933 500 2977 ac
529 2917 932 2982 diuturnitate,
982 2919 1104 2969 tum
1155 2912 1236 2968 rei
1283 2912 1566 2984 gravitate
1614 2927 1679 2967 ac
1727 2907 2070 2965 difﬁcultate

432 3008 693 3065 omnium
724 3011 1051 3076 temporum
1077 3000 1471 3057 nobilissimas
1493 3000 1584 3056 vix
1607 2999 1711 3056 ulli
1734 2999 1969 3054 inferior
1985 3001 2076 3053 est

429 3095 820 3155 controversia
849 3093 915 3148 de
942 3090 1188 3164 Spiritus
1217 3089 1397 3146 sancti
1421 3092 1785 3162 processionc,
1811 3105 1937 3160 quae
1961 3103 2072 3142 non

429 3189 580 3261 apud
597 3184 895 3255 theologos
913 3187 1142 3237 tantum
1167 3181 1402 3252 agitata,
1421 3197 1619 3236 verum
1648 3186 1705 3235 et
1729 3177 2073 3251 populorum

427 3273 896 3334 contentionibus
923 3271 1136 3328 mirum
1168 3270 1226 3325 in
1260 3271 1496 3325 modum
1544 3274 1768 3338 vexata,
1818 3265 2075 3338 profanis

427 3381 655 3436 quoque
685 3363 836 3418 odiis
867 3366 922 3417 et
955 3360 1206 3432 politicis
1257 3359 1470 3415 studiis
1522 3359 1764 3414 solerter
1792 3357 1928 3412 olim
1961 3374 2069 3412 nu-

429 3455 644 3510 tritaac
663 3455 979 3523 prepagata
997 3451 1067 3505 ad
1093 3449 1437 3504 hodiernum
1465 3464 1651 3518 usque
1675 3447 1826 3502 diem
1849 3450 2074 3501 Grzecos

431 3557 497 3599 ac
528 3541 766 3596 Latinos
792 3539 1017 3606 dividit,
1047 3538 1169 3593 sive
1192 3539 1378 3609 poties
1409 3537 1710 3592 orientalis
1741 3536 2010 3590 Ecclesiae
2041 3553 2075 3592 a

433 3631 719 3688 catholica
749 3629 973 3685 unitate
1003 3627 1388 3698 separationis
1437 3643 1552 3681 non
1596 3643 1774 3681 causa
1813 3625 2070 3696 quidem,

431 3738 574 3778 ansa
605 3725 798 3776 tamen
833 3717 1123 3789 praecipua
1171 3733 1235 3771 ac
1283 3720 1612 3788 prretextus,
1654 3716 1771 3771 imo
1803 3731 1934 3770 vero
1963 3713 2074 3769 ful-

429 3827 594 3867 crum
611 3807 1037 3866 validissimum
1063 3805 1517 3878 praesidiumque
1531 3806 1775 3861 exsistit.
1803 3803 2075 3872 Quamvis

428 3908 622 3956 autem
650 3915 738 3967 ea,
773 3914 898 3970 qua:
929 3897 1078 3952 circa
1109 3895 1363 3966 Spiritus
1411 3895 1594 3950 sancti
1648 3897 2075 3967 processionem

2184 2732 2397 2808 ptionis
2428 2731 2705 2799 indolem,
2732 2731 3009 2800 temporis
3042 2729 3318 2800 adjuncta
3349 2733 3668 2800 caeteraque
3696 2739 3810 2798 quae

2183 2827 2298 2882 huc
2331 2825 2594 2894 spectant
2620 2819 2868 2876 breviter
2899 2820 3192 2891 prosequi,
3228 2818 3393 2890 plura
3422 2819 3614 2877 denuo
3642 2839 3806 2878 accu-

2183 2915 2368 2970 ratius
2401 2910 2814 2983 perpendenda
2835 2908 3001 2964 alteri
3035 2909 3283 2966 nberiori
3327 2912 3398 2966 de
3428 2911 3626 2968 Photio
3655 2913 3812 2969 lucu-

2183 3001 2439 3060 brationi
2470 3007 2853 3055 reservantes.
2889 2998 3088 3069 Neque
3126 3015 3256 3056 vero
3306 3001 3473 3056 nobis
3510 3001 3814 3058 universim

2185 3091 2576 3152 celeberrimae
2625 3087 2785 3144 illius
2836 3089 3235 3144 controversia:
3279 3089 3584 3146 historiam
3632 3093 3822 3146 adum-

2183 3185 2378 3247 brare,
2412 3195 2599 3251 neque
2629 3179 2756 3248 ejus
2787 3177 3079 3249 dogmatis
3113 3177 3440 3236 uberiorem
3491 3180 3823 3252 explanatio-

2184 3289 2316 3328 nem
2348 3274 2572 3324 tradere
2595 3283 2758 3323 mens
2787 3276 2895 3334 est,
2930 3282 3131 3322 verum
3174 3283 3238 3323 ea
3267 3268 3558 3325 duntaxat
3587 3268 3818 3325 historia;

2185 3379 2250 3418 ac
2281 3359 2589 3430 theologica
2622 3357 2879 3413 delibare
2911 3357 3280 3426 documenta,
3305 3375 3433 3430 quae
3460 3360 3675 3416 arctius
3701 3372 3820 3414 cum

2183 3452 2292 3506 hac
2325 3449 2510 3506 Photii
2562 3447 2846 3518 polemica
2894 3447 3303 3504 dissertatione
3351 3451 3644 3506 cohaerent
3681 3453 3732 3505 ct
3757 3447 3816 3503 ad

2185 3542 2381 3614 aptius
2408 3540 2478 3594 do
2501 3537 3003 3609 illajudicandum
3030 3539 3289 3594 conferre
3313 3539 3458 3610 quid
3479 3559 3546 3597 ac
3570 3540 3820 3613 prodesse

2185 3627 2617 3702 quodammodo
2666 3627 3037 3682 videbuntur.
3091 3627 3290 3700 Neque
3339 3631 3398 3684 in
3443 3631 3563 3698 his,
3596 3627 3821 3702 quatiti

2187 3719 2255 3774 ad
2268 3718 2376 3772 huc
2409 3719 2654 3788 possunt
2669 3731 2799 3770 esse
2822 3714 3090 3781 obnoxia,
3113 3716 3468 3772 sententiam
3495 3717 3674 3773 veluti
3701 3713 3820 3771 deﬁ-

2185 3807 2418 3862 nitivam
2436 3805 3014 3877 pronuntiamus,sed
3037 3805 3234 3876 potius
3249 3806 3518 3876 quaedam
3537 3819 3828 3879 suggerere

2184 3898 2456 3954 volumus
2486 3901 2613 3952 tum
2637 3894 2902 3963 aliorum,
2927 3895 3145 3966 quibus
3170 3897 3463 3966 ejusmodi
3483 3899 3682 3954 studia
3706 3893 3826 3951 arri-

425 3989 670 4060 litesque
701 3989 770 4044 de
797 4005 862 4043 ea
884 3985 1258 4054 obortasjam
1287 3984 1526 4056 plurimi
1548 3985 1926 4056 disputarunt
1948 4001 2073 4040 eru-
2105 3998 2145 4065 C
2182 3987 2342 4053 dent,
2377 3992 2500 4041 tum
2533 3984 2781 4054 denique
2812 3983 3038 4056 exiguis
3061 3985 3276 4040 nostris
3300 3984 3456 4042 curis
3483 3995 3538 4043 et
3561 3983 3827 4058 indagini-

425 4079 531 4135 diti
562 4079 685 4149 (1⁸),
718 4077 1079 4134 sufﬁcienter
1110 4075 1349 4132 omnino
1403 4075 1741 4146 quaestionis
1790 4074 2068 4144 indolem,

423 4170 732 4240 originem,
783 4173 1287 4239 ‘progressumque
1354 4167 1701 4238 patefaciant
1756 4181 2074 4237 eorumque

429 4259 642 4314 studiis
674 4257 967 4313 historicis
1000 4273 1065 4311 ac
1097 4256 1446 4327 dogmaticis
1476 4255 1855 4312 summalaus
1877 4255 2072 4311 sittri-

425 4347 703 4403 buenda:
755 4345 848 4401 vix
904 4345 1212 4418 quisquam
1281 4349 1476 4400 tamen
1537 4345 1846 4416 negaverit,
1891 4344 2070 4399 multa

425 4437 617 4495 adhuc
650 4438 706 4492 in
739 4435 848 4491 hac
882 4437 1120 4490 materia
1151 4433 1300 4505 [124]
1341 4433 1828 4505 historiographis
1871 4450 2070 4503 super-

426 4546 554 4585 esse
579 4526 944 4593 illustrandn,
973 4523 1253 4579 nonnulla
1277 4539 1504 4595 quoque
1526 4540 1671 4578 nova
1695 4523 2074 4594 inquisitione

427 4619 704 4689 novisque
758 4614 972 4672 studiis
1023 4614 1306 4686 indigere,
1357 4614 1676 4684 praesertim
1727 4630 1861 4668 cum
1909 4613 2074 4684 plura

426 4709 642 4777 scripta
657 4706 729 4761 ad
743 4723 869 4761 eam
889 4703 1239 4777 pertinentia
1259 4705 1518 4758 nondum
1542 4702 1833 4773 publicam
1851 4721 2076 4774 aspexe-

429 4794 543 4847 rint
577 4795 760 4848 lucem
793 4799 849 4848 et
881 4795 1143 4864 quadam
1179 4792 1341 4848 illius
1374 4791 1629 4847 historiae
1661 4799 1853 4864 partes
1884 4792 2074 4849 adhuc

427 4882 671 4954 caligine
702 4889 758 4937 et
786 4884 1134 4939 obscuritate
1168 4885 1539 4940 detineantur
1562 4883 1872 4954 hiatusque
1899 4901 1963 4940 ac
1986 4884 2072 4939 la-

427 4989 609 5028 cunas
652 4973 782 5043 plus
829 4973 1009 5028 semel
1063 4977 1392 5030 ostendant.
1442 4975 1564 5038 Qua
1595 4975 1651 5028 in
1684 4991 1742 5029 re
1780 4975 1968 5030 Photii
1999 4976 2074 5030 De

430 5061 675 5133 Spiritus
704 5063 881 5117 sancti
911 5065 1258 5135 mystagogia
1288 5064 1434 5119 liber
1465 5067 1689 5120 fructus
1720 5065 1886 5120 affert
1917 5065 2070 5118 haud

429 5150 884 5206 contemnendos
903 5168 916 5218 ;
933 5153 1273 5224 eosque,qui
1290 5152 1449 5208 illius
1469 5153 1759 5224 dogmatis
1780 5153 2076 5208 historiam

429 5240 655 5296 iteratis
688 5239 838 5294 curis
870 5242 1170 5295 tractaturi
1205 5250 1389 5302 erunt,
1425 5241 1649 5313 egregie
1669 5243 2067 5311 sanejuvabit.

431 5330 654 5384 Interea
681 5346 784 5383 nos
814 5336 1080 5384 nostrum
1115 5345 1240 5384 esse
1271 5347 1600 5399 censemus,
1625 5336 1936 5401 antequam
1973 5349 2072 5402 per

428 5425 620 5492 partes
651 5418 870 5474 editum
897 5435 1052 5474 nunc
1081 5419 1268 5474 Photii
1317 5419 1531 5475 librum
1575 5419 1894 5490 theologica
1932 5421 2068 5476 crisi

427 5509 832 5581 subjiciamus,
865 5508 1126 5580 ejusdem
1170 5507 1230 5564 in
1264 5525 1325 5565 re
1369 5508 1702 5580 theologica
1731 5511 1978 5580 pretium
2005 5527 2071 5568 ac

496 5637 596 5708 (1‘)
633 5635 752 5692 Prae
781 5634 1001 5708 caeteris
1026 5632 1528 5708 nominandisunt
1549 5633 1657 5689 Leo
1679 5631 1940 5708 Allatius,
1958 5639 2069 5708 iPe-

428 5703 620 5776 avius,
663 5707 887 5764 Natalis
935 5706 1278 5776 Alexander,
1328 5703 1718 5776 Maimbourg,
1754 5705 1829 5761 Le
1861 5707 2068 5777 Quien,

2184 4077 2292 4132 bus
2325 4077 2518 4131 denuo
2549 4074 2814 4129 rimanda
2843 4079 2898 4128 et
2930 4075 3372 4144 perscrutanda.

2252 4167 2304 4220 2.
2344 4164 2616 4221 Doctrina
2643 4165 2713 4219 de
2742 4163 2993 4235 Spiritus
3046 4164 3235 4220 sancti
3268 4180 3339 4220 ex
3362 4166 3479 4222 solo
3511 4169 3680 4223 Patre
3705 4179 3823 4238 pro-

2182 4254 2466 4322 cessione,
2501 4269 2627 4324 quae
2653 4253 2865 4309 saeculo
2912 4252 3178 4309 Ecclesia)
3211 4259 3436 4326 quarto,
3472 4273 3612 4312 cum
3645 4269 3824 4328 pugna

2182 4361 2314 4400 cum
2355 4343 2789 4400 Macedonianis
2825 4344 3089 4414 ferveret,
3116 4345 3376 4399 nondum
3403 4345 3594 4402 fuerat
3617 4345 3823 4405 audita,

2183 4436 2353 4505 cujus
2383 4433 2568 4506 prima
2597 4432 2771 4489 veluti
2800 4434 3021 4489 semina
3053 4449 3118 4489 ac
3142 4433 3385 4505 vestigia
3405 4433 3464 4489 in
3491 4435 3823 4492 Nestoriana

2184 4525 2433 4596 primum
2484 4524 2896 4588 controversia,
2948 4522 3154 4578 deinde
3195 4523 3253 4578 in
3305 4523 3826 4581 concertationibus

2182 4631 2313 4670 cum
2339 4613 2736 4670 Monolhelitis
2773 4618 2830 4668 et
2858 4613 3259 4670 Iconomachis
3286 4613 3821 4686 deprehenduntur,

2183 4705 2457 4759 Photium
2505 4703 2742 4757 demum
2790 4703 3144 4774 praecipuum
3192 4714 3638 4777 propagatorem
3675 4707 3828 4760 nacta

2184 4798 2292 4862 est,
2325 4794 2492 4862 cujus
2523 4791 2812 4848 industria
2853 4810 2965 4848 non
3019 4794 3294 4850 suscitata
3344 4799 3608 4863 tantum,
3646 4807 3827 4850 verum

2183 4882 2348 4938 etiam
2384 4885 2765 4954 undequaque
2817 4882 3067 4953 expolita
3115 4900 3182 4939 ac
3229 4883 3409 4940 veluti
3464 4886 3530 4941 in
3583 4890 3827 4958 systcma

2183 4973 2331 5043 [125]
2366 4973 2600 5028 redacta
2632 4972 2754 5026 fuit.
2794 4972 2892 5027 ilic
2930 4972 3085 5028 enim
3115 4978 3222 5039 est,
3253 4973 3332 5028 ait
3375 4977 3546 5046 Hugo
3579 4972 3828 5029 Etheria-

2184 5079 2293 5118 nus
2324 5063 2445 5130 (lib.
2469 5079 2508 5117 ιι
2532 5067 2736 5118 contra
2757 5062 2934 5118 Graec.
2962 5079 3011 5118 c.
3042 5064 3126 5119 16.
3151 5063 3288 5119 Bibl.
3315 5066 3424 5118 PP.
3454 5064 3642 5136 Lugd.
3666 5059 3822 5121 XXII.

2183 5169 2236 5222 p.
2267 5153 2426 5222 t230)
2457 5171 2477 5199 σ
2505 5153 2598 5222 qui
2623 5151 3181 5223 post'l‘heodoritum
3207 5153 3261 5206 in
3286 5169 3558 5224 aquorea
3595 5157 3823 5224 puteum

2183 5240 2404 5297 fodiens
2437 5258 2629 5308 arena,
2669 5258 2780 5296 non
2815 5241 3061 5309 semina,
3089 5243 3196 5319 sed,
3225 5243 3460 5298 Circena
3495 5257 3720 5298 venena
3749 5253 3823 5294 se-

2182 5329 2442 5402 peliendo
2475 5330 2587 5386 diri
2635 5329 2798 5385 valde
2838 5329 3142 5402 languoris
3190 5331 3327 5387 ﬁdei
3371 5329 3822 5388 christianorum

2183 5436 2361 5475 causa
2395 5420 2581 5475 factus
2610 5426 2717 5476 est.
2752 5420 3012 5476 Profecto
3046 5420 3201 5475 hunc
3242 5436 3376 5476 cum
3423 5420 3552 5476 suis
3585 5418 3828 5491 compli-

2182 5509 2347 5565 cibus
2399 5509 2658 5581 deplorat
2709 5508 2892 5564 Isaias
2951 5509 3234 5566 dicendo:
3299 5510 3382 5566 Vae
3426 5509 3527 5579 qui
3564 5510 3830 5582 sapientes

2183 5633 2408 5701 Walch,
2441 5635 2634 5705 Jager,
2681 5633 2895 5706 quibus
2941 5634 3276 5692 addendum
3325 5631 3602 5704 Pitzippii
3651 5645 3826 5706 opus:

2183 5706 2428 5778 L’Eglz'se
2461 5707 2754 5777 orientale,
2788 5706 2964 5763 Rome
2993 5707 3149 5762 1855.
