4058 6216
304 363 415 423 401

1027 361 1128 421 DE
1171 362 1233 422 S.
1285 361 1479 446 SPlB.
1530 363 2068 427 MYSTAGOGIA.
2113 398 2188 413 -ο
2231 369 2996 436 ANIMADVERSIONES.

3585 386 3703 447 402

298 503 430 591 sunt
470 495 624 591 apud
677 495 988 591 semetipso:
1033 497 1085 591 et
1111 494 1198 591 _in
1265 495 1437 591 oculis
1483 497 1950 591 suisiprudentes
1979 503 2035 569 Α
2063 502 2202 558 Post
2233 502 2416 559 Photii
2466 505 2715 577 primam
2764 509 3164 580 expulsionem
3203 514 3380 586 (anno
3425 519 3555 591 867)
3585 538 3702 580 non

295 587 419 658 (13a.
453 602 508 655 v,
538 586 652 653 21).
688 585 789 640 Hic
821 585 945 651 fuit,
994 588 1057 640 ut
1101 584 1232 641 Joh.
1273 587 1472 641 Beccus
1502 587 1573 657 (s.
1624 589 1856 660 Veccus)
1887 589 1945 646 in

296 678 438 732 orat.
472 676 543 730 de
566 691 666 730 un.
711 673 862 730 Eccl.
895 674 969 744 (c.
1019 675 1109 741 35,
1153 674 1321 730 Graec.
1367 673 1591 734 Orthod.
1623 677 1792 732 Allat.
1828 683 1869 733 t.
1903 681 1944 748 Ι,

295 782 351 838 p.
413 764 538 835 154)
589 764 821 836 inquid,
863 768 918 817 'O
977 767 1196 835 πρῶτος
1257 761 1478 837 εὑρετὴς
1519 764 1610 818 καὶ
1670 767 1944 843 γεννήτωρ

290 857 396 908 τῶν
427 851 566 908 κατὰ
592 855 693 918 τῆς
726 853 1039 924 Ῥωμαῖκῆς
1093 851 1258 907 Ἐκκλ
1272 852 1424 922 quia;
1467 851 1680 926 ψευδῶς
1717 853 1943 932 ἐφευρη-

292 945 469 1019 μένων
502 944 838 1020 προτάσεων.
875 949 1170 1013 Quantum
1203 946 1266 1003 in
1297 947 1407 1002 hac
1451 947 1714 1004 doctrina
1761 951 1939 1005 stabi-

285 1036 488 1094 lienda
510 1036 878 1104 laboraverit,
897 1041 1104 1108 printer
1121 1037 1636 1107 Amphilochianas
1659 1040 1943 1110 quasdam

288 1129 640 1200 quastiones
679 1128 751 1183 ad
796 1127 941 1184 hanc
973 1143 1092 1183 rem
1128 1126 1504 1199 pertinentes,
1540 1133 1742 1199 praeter
1770 1146 1941 1201 argu-

288 1223 490 1275 menta
522 1219 582 1273 in
611 1217 859 1289 epistola
887 1215 1178 1288 encyclica
1206 1221 1500 1284 contenta,
1535 1222 1742 1289 praeter
1770 1219 1941 1276 breve

282 1309 641 1382 opusculum
691 1312 892 1365 contra
940 1307 1136 1364 Romze
1195 1307 1407 1364 veteris
1456 1309 1732 1377 asseclas,
1783 1310 1938 1382 quod

282 1399 486 1456 saltem
522 1397 718 1455 dubiis
749 1400 877 1468 ejus
907 1397 1334 1454 accensendum
1369 1402 1455 1454 est
1485 1400 1757 1471 cperibus
1788 1400 1939 1471 (vide

282 1489 510 1544 Praefat.
565 1488 874 1558 nostram),
908 1486 1231 1542 luculenter
1278 1488 1600 1544 ostendunt
1645 1492 1764 1544 tum
1798 1507 1933 1561 pro-

277 1577 648 1635 lixelitterae
699 1578 770 1634 ad
821 1575 1254 1648 Aquileiensem
1300 1576 1803 1649 archiepiscOpum
1858 1579 1931 1651 (2)

275 1668 451 1737 datae,
484 1683 632 1739 quas
663 1666 882 1722 librum
915 1665 1106 1736 potius
1125 1680 1253 1722 esse
1279 1665 1434 1721 haud
1457 1666 1749 1722 immerito
1773 1667 1930 1724 dixe-

274 1756 380 1825 ris,
412 1760 468 1814 et
499 1755 601 1828 qui
631 1755 855 1812 caeteris
885 1753 1160 1812 omnibus
1194 1759 1448 1827 praestat,
1482 1754 1628 1811 liber
1657 1756 1729 1812 De
1757 1757 1934 1829 Spiri-

271 1855 366 1904 ιω
392 1847 581 1903 sancti
610 1847 970 1920 mystagogia.

347 1937 402 1992 3.
461 1936 680 1993 Invicta
730 1933 952 1993 Nioolai
1002 1934 1024 1990 Ι
1081 1935 1407 1991 constantia
1455 1936 1527 2008 (3)
1577 1953 1609 1992 a
1665 1936 1928 1992 Romana

266 2027 417 2084 sede
467 2025 738 2098 repulsus
778 2031 834 2080 et
863 2024 1234 2080 anathemate
1264 2023 1563 2096 perculsus
1595 2023 1677 2098 (Ο.
1710 2043 1763 2081 a.
1796 2027 1923 2097 866)

267 2115 440 2172 misit
472 2114 716 2172 Photius
745 2115 1100 2189 encyclicam
1140 2131 1310 2170 suam
1332 2114 1587 2171 Orientis
1609 2115 1919 2188 episcopis,

263 2223 404 2278 qua
434 2210 644 2277 praeter
672 2204 786 2260 alia
817 2204 1062 2261 minoris
1092 2203 1374 2261 momenti
1404 2204 1626 2261 Latinis
1657 2206 1923 2275 gravissi-

263 2295 385 2352 mis
433 2294 623 2352 verbis
654 2295 831 2350 veluti
879 2294 1278 2366 turpissimam
1325 2293 1571 2350 heresin
1621 2296 1919 2352 docrinam

257 2384 434 2443 illam
465 2384 874 2456 exprobrabat,
907 2399 1023 2456 qua
1042 2383 1322 2454 Spiritum
1355 2389 1624 2440 sanctum
1655 2401 1723 2441 ex
1754 2385 1920 2443 Patro

257 2475 422 2548 [126]
445 2474 692 2546 Filioque
708 2473 1019 2546 procedere
1051 2473 1492 2546 profitebantur,
1516 2490 1758 2546 eamque
1780 2492 1920 2547 qua-

257 2564 592 2621 tuordecim
627 2564 858 2620 circiter
887 2563 1248 2634 argumentis
1290 2563 1502 2619 acriter
1525 2563 1914 2636 impugnavit.

257 2654 380 2711 Sed
395 2653 516 2709 hac
536 2653 721 2708 Photii
737 2656 1084 2725 argumenta
1103 2657 1227 2707 tum
1250 2651 1717 2708 Occidentalibus
1740 2653 1918 2710 mini-

251 2759 364 2801 me
383 2743 704 2801 innotuisse
725 2743 1000 2799 videntur
1018 2743 1126 2816 (4);
1154 2742 1385 2800 nonnisi
1400 2745 1458 2798 in
1479 2759 1676 2813 genere
1689 2760 1918 2802 accusa-

253 2834 496 2891 tionum
524 2835 710 2907 capita
742 2833 1037 2889 habebant
1067 2838 1386 2906 perspecta,
1413 2833 1607 2904 qualia
1638 2851 1669 2889 a
1701 2834 1914 2907 Bulga-

252 2940 466 2982 rorum
500 2923 757 2997 principe
781 2922 1056 2980 Nicolaus
1087 2923 1344 2994 pontifex
1374 2925 1564 2979 fuerat
1593 2940 1660 2980 ea
1689 2925 1911 2981 doctus.

251 3016 421 3072 Sane
465 3015 823 3070 Ratramnus
870 3013 1238 3070 Corbeiensis
1270 3013 1594 3070 monachus
1623 3019 1680 3070 et
1708 3016 1916 3073 lEneas

248 3105 512 3163 antistes
541 3103 907 3172 Parisiensis,
959 3103 1060 3176 qui
1100 3107 1240 3160 tunc
1269 3109 1470 3160 contra
1511 3104 1738 3162 Graecos
1770 3106 1913 3162 scri-
1945 3135 1988 3202 ρ

247 3211 450 3268 psere,
473 3193 617 3250 illud
643 3210 822 3250 unum
846 3198 1146 3263 noverant,
1166 3211 1288 3266 quae
1311 3195 1368 3250 in
1402 3193 1636 3251 Latinos
1668 3196 1916 3252 crimina

245 3283 442 3341 Grani
457 3282 913 3355 congessissent,
931 3283 1304 3354 probationes
1318 3282 1787 3339 ratiocinationes
1800 3300 1914 3355 que

249 3372 451 3430 Photii
492 3372 727 3444 penitus
755 3371 1119 3444 ignorabant,
1164 3389 1309 3445 quas
1341 3389 1528 3444 neque
1565 3372 1712 3429 alius
1744 3373 1914 3446 quis—

249 3478 441 3536 quam
472 3461 833 3527 Latinorum,
867 3478 1055 3535 neque
1099 3463 1226 3535 ipse
1254 3461 1522 3519 Nicolaus
1552 3463 1778 3518 videtur
1809 3479 1914 3518 no-

243 3553 414 3610 visse
440 3552 541 3623 (5),
574 3565 642 3607 ex
671 3551 844 3622 cujus
877 3551 1139 3624 epistolis
1169 3551 1256 3607 illi
1277 3568 1417 3608 suas
1449 3551 1686 3608 notitias
1708 3552 1915 3608 hause-

243 3644 412 3698 rant.
449 3643 806 3696 Ratramnus
853 3639 1005 3696 inter
1031 3640 1146 3696 alia
1193 3639 1397 3696 scribit
1445 3640 1567 3712 (lib.
1620 3658 1679 3697 ur
1709 3643 1912 3698 Contra

243 3729 577 3785 Graecorum
618 3728 884 3800 opposita,
917 3743 966 3784 c.
998 3729 1074 3798 6;
1108 3728 1321 3794 MIGNB,
1362 3733 1404 3784 t.
1439 3728 1625 3796 CXXI,
1661 3746 1715 3800 p.
1749 3730 1907 3802 303):

240 3839 274 3870 α
308 3817 466 3873 Cum
497 3817 656 3873 enim
689 3832 903 3890 negare
932 3817 1133 3874 volunt
1184 3818 1407 3890 (Graeci)
1445 3818 1726 3889 Spiritum
1774 3837 1909 3877 san-

238 3911 413 3963 ctum
444 3907 520 3962 de
550 3906 694 3963 Filio
725 3907 1056 3978 procedere,
1087 3906 1232 3964 unde
1266 3907 1415 3980 quod
1437 3907 1630 3963 dicunt
1657 3925 1909 3982 compro-

237 3997 402 4065 bent,
450 3996 668 4052 nullam
721 3997 807 4052 vel
851 3998 1333 4054 ratiocinationem
1389 3997 1473 4054 vel
1525 3998 1909 4056 auctoritatem

235 4085 587 4149 ostendunt;
621 4087 775 4144 unde
807 4087 1003 4160 potius
1023 4087 1277 4145 levitatis
1299 4105 1422 4146 esse
1445 4095 1638 4146 tumor
1659 4089 1906 4159 videtur,

235 4193 430 4250 quam
461 4176 787 4248 prudentia
817 4178 1087 4248 gravitas.
1115 4198 1140 4230 υ
1177 4177 1302 4236 Non
1341 4179 1527 4250 potuit
1553 4195 1695 4236 sane
1726 4180 1805 4236 ita
1831 4179 1910 4236 lo-

239 4267 378 4340 qui,
435 4267 538 4338 qui
587 4265 776 4322 Photii
837 4267 1192 4341 encyclicam
1236 4269 1426 4337 ipsam
1476 4268 1715 4341 legarat.
1765 4271 1907 4328 [lino

233 4359 528 4430 apertum
553 4359 661 4427 est,
686 4371 787 4412 cur
809 4362 1077 4413 accurata
1098 4357 1518 4415 Photianorum
1541 4359 1905 4433 syllogismo-

2060 592 2316 663 amplius
2365 597 2777 664 necessarium,
2834 597 2948 654 imo
2992 601 3338 672 imprudens
3376 605 3696 680 videbatur,

2055 683 2282 736 Graecos
2305 683 2623 738 universim
2650 685 2719 739 de
2742 686 2870 755 ejus
2892 690 3181 746 erroribus
3201 693 3532 766 objurgare,
3550 714 3699 771 quos

2055 771 2344 842 Ignatium
2379 773 2564 827 fovere
2605 773 2767 829 nulla
2814 780 2934 830 erat
2963 780 3250 850 suspicio;
3289 799 3476 855 neque
3525 787 3698 860 legati

2053 860 2124 915 ad
2157 860 2465 917 concilium
2498 869 2761 919 octavum
2797 865 2960 920 missi
2983 867 3118 936 quid
3151 871 3437 939 ejusmodi
3463 879 3518 931 in
3545 893 3706 933 man-

2053 948 2205 1003 datis
2237 948 2509 1006 habuere.
2554 951 2927 1008 Postmodum
2961 971 3090 1010 vero
3123 973 3252 1013 cum
3287 962 3512 1031 Ignatio
3545 981 3700 1021 mor-

2052 1039 2152 1091 tuo
2203 1037 2444 1094 Photius
2493 1040 2700 1097 iterum
2745 1042 3450 1118 Constantinopolitanam
3505 1055 3700 1111 sedem

2051 1135 2376 1198 occuparet,
2417 1145 2547 1200 pax,
2581 1129 2713 1185 licet
2753 1148 2866 1186 non
2900 1132 3196 1199 duratura,
3234 1136 3383 1210 [127]
3415 1139 3526 1195 fuit
3557 1142 3702 1200 inita

2050 1219 2107 1270 et
2137 1216 2195 1270 in
2227 1217 2446 1288 synodo
2494 1217 2602 1273 sub
2633 1218 2853 1274 Joanne
2897 1220 3020 1276 VIII
3052 1239 3103 1278 a.
3153 1223 3260 1277 879
3307 1227 3596 1286 celebrata
3626 1231 3697 1288 de

2049 1305 2144 1361 bis
2173 1311 2480 1364 tractatum
2525 1309 2706 1367 fuisse
2738 1311 2898 1368 nullo
2939 1315 3177 1386 vestigio
3223 1317 3695 1388 deprehenditur.

2048 1395 2172 1452 Non
2204 1396 2426 1468 ignoro,
2461 1398 2618 1454 haud
2670 1399 2944 1469 defuisse,
2988 1405 3089 1475 qui
3142 1406 3480 1464 Latinorum
3531 1412 3698 1468 addi-

2048 1485 2260 1542 tionem
2280 1487 2358 1542 ibi
2377 1487 2716 1544 solemniter
2737 1489 3086 1561 prohibitam
3103 1493 3285 1550 fuisse
3307 1497 3691 1572 afﬁrmariut;

2047 1590 2270 1641 verum,
2288 1592 2347 1631 re
2370 1577 2699 1633 accuratius
2719 1584 3036 1651 perspecta,
3060 1581 3115 1636 id
3141 1582 3371 1638 defendi
3391 1602 3503 1642 non
3520 1604 3694 1658 posse

2043 1661 2266 1736 liquido
2308 1670 2561 1733 constat,
2605 1671 2668 1722 ut
2710 1667 2874 1723 multi
2916 1669 3022 1724 viri
3076 1671 3224 1727 docti
3273 1675 3398 1746 jam
3449 1677 3691 1736 demon-

2041 1757 2323 1811 strarunt.
2375 1755 2613 1812 Photius
2643 1757 2767 1829 ipse
2809 1758 2864 1812 in
2899 1757 3048 1815 libro
3081 1765 3279 1818 nostro
3320 1767 3470 1836 (cap.
3501 1766 3595 1839 89)
3626 1783 3695 1824 ex

1963 1825 2008 1891 Β
2039 1842 2150 1898 hac
2179 1850 2424 1915 synodo,
2466 1846 2633 1916 cujus
2663 1846 2788 1918 ipse
2836 1848 3013 1903 veluti
3046 1850 3239 1906 anima
3270 1856 3324 1908 et
3357 1825 3693 1913 moderator

2037 1933 2358 2002 exstiterat,
2391 1933 2620 1990 nullum
2653 1935 2808 1992 aliud
2837 1953 2940 2008 pro
2973 1954 3146 1994 causa
3168 1957 3275 1996 sua
3305 1943 3491 2013 potuit
3514 1962 3691 2018 argu-

2037 2027 2303 2079 mentum
2349 2023 2639 2094 colligere,
2682 2025 2796 2080 nisi
2832 2026 2987 2097 quod
3020 2027 3262 2084 Joannis
3307 2047 3466 2103 papae
3510 2032 3687 2106 legati

2030 2112 2358 2184 symbolum
2392 2113 2582 2185 prisco
2617 2129 2772 2170 more
2813 2117 3158 2188 receperint,
3199 2119 3566 2177 recitaverint
3602 2123 3684 2178 ei-

2030 2217 2144 2273 que
2175 2201 2659 2274 subscripserint;
2695 2203 2973 2275 nulloque
3009 2215 3282 2274 praeterea
3318 2213 3475 2265 certo
3507 2226 3684 2282 argu-

2031 2297 2226 2348 mento
2266 2297 2517 2360 constat,
2558 2292 2746 2365 ipsam
2800 2299 2938 2351 tunc
2982 2294 3302 2352 Romanam
3355 2299 3676 2358 Ecclesiam

2027 2381 2359 2454 symbolum
2378 2381 2715 2440 solemniter
2732 2399 2865 2438 cum
2889 2383 2986 2440 illo
3011 2384 3410 2444 additamento
3434 2390 3681 2446 recitare

2026 2473 2418 2538 consuevisse,
2450 2475 2621 2543 cujus
2653 2479 2849 2529 tamen
2870 2475 3249 2532 additamenti
3280 2493 3522 2535 sensum
3558 2483 3682 2537 tota

2027 2565 2223 2618 mente
2247 2561 2729 2633 amplectebatur.
2763 2563 2898 2628 Qum
2930 2564 3172 2622 Photius
3201 2566 3262 2638 (1.
3298 2568 3374 2639 c.)
3408 2568 3476 2624 de
3497 2567 3679 2624 Joan-

2026 2666 2099 2706 ne
2126 2649 2252 2706 Vill
2294 2650 2518 2720 scribit,
2565 2667 2633 2708 ea
2675 2651 2736 2708 in
2792 2651 3040 2710 historia
3088 2670 3290 2712 eorum
3348 2661 3680 2730 temporum

2029 2741 2177 2796 haud
2211 2739 2406 2812 exigui
2436 2742 2715 2797 momenti
2745 2747 2922 2812 sunt;
2959 2760 3064 2800 nos
3094 2744 3326 2802 interim
3348 2745 3480 2803 Joh.
3513 2747 3680 2803 Becci

2026 2830 2198 2886 verba
2227 2831 2607 2898 adducemus,
2641 2848 2766 2902 quae
2801 2831 3104 2889 recitatum
3130 2834 3285 2890 hunc
3303 2839 3525 2891 textum
3549 2836 3680 2891 sub-

2023 2924 2370 2992 sequuntur.
2403 2942 2430 2970 «
2464 2924 2596 2975 Hac
2626 2936 2760 2976 cum
2791 2920 3084 2978 inveniant
3111 2923 3383 2980 Pbotium
3415 2924 3680 2982 scriben-

2025 3015 2141 3066 tem
2193 3009 2255 3064 hi
2307 3010 2658 3082 quibuscum
2708 3010 2876 3066 nobis
2940 3027 3132 3068 sermo
3177 3016 3283 3083 est,
3337 3013 3674 3086 opinantur,

2025 3100 2222 3172 ipsum
2245 3099 2584 3157 inimicitias
2602 3115 2734 3154 cum
2755 3115 2894 3172 pace
2914 3110 3325 3174 commutasse,
3346 3102 3500 3174 quod
3512 3121 3672 3176 papae

2025 3188 2269 3246 Joannis
2302 3190 2380 3262 pii
2412 3190 2603 3246 locum
2636 3194 2902 3246 tenentes
2933 3190 3156 3261 absque
3175 3193 3494 3262 additione,
3519 3193 3676 3265 quod

2023 3280 2175 3350 apud
2205 3296 2314 3335 nos
2349 3279 2566 3350 legitur
2593 3277 2925 3349 symbolum
2949 3279 3408 3352 subscripserint
3428 3290 3482 3336 et
3512 3282 3674 3337 obsi-

2021 3369 2326 3443 gnaverint
2355 3371 2458 3444 (6).
2508 3370 2626 3426 Hoc
2657 3385 2788 3426 vero
2821 3385 2986 3426 nemo
3027 3387 3095 3427 ex
3133 3372 3226 3437 iis,
3261 3372 3354 3442 qui
3397 3372 3470 3426 ad
3521 3371 3668 3428 bene

2022 3461 2472 3532 conjectandum
2517 3458 2710 3516 idonei
2757 3467 2914 3527 sunt,
2962 3459 3128 3517 facile
3158 3461 3268 3517 sibi
3303 3461 3664 3516 credendum

2021 3551 2410 3622 proposuerit,
2453 3565 2584 3608 cum
2616 3565 2788 3622 neque
2824 3549 3127 3620 dogmatica
3169 3551 3287 3606 ulla
3329 3550 3566 3622 quanio
3614 3552 3676 3605 in

2019 3655 2083 3696 ea
2109 3641 2336 3714 synodo,
2373 3657 2498 3712 quae
2529 3657 2630 3711 pro
2663 3656 2804 3712 pace
2851 3640 3168 3696 sancienda
3206 3645 3406 3697 coacta
3457 3643 3664 3709 fuerat,

2017 3731 2328 3802 reperiatur
2355 3734 2500 3787 mota
2522 3751 2541 3798 ,-
2563 3731 2662 3787 sed
2696 3746 2838 3787 verae
2869 3747 3063 3788 causae
3084 3729 3228 3786 illud
3260 3734 3384 3787 erat
3422 3731 3669 3788 occulta-

2019 3822 2116 3888 tio,
2141 3821 2462 3877 secundum
2487 3837 2661 3892 quam
2685 3836 2818 3875 cum
2843 3820 3112 3876 universa
3136 3820 3396 3878 Romana
3412 3823 3671 3880 Ecclesia

2017 3909 2338 3966 simultates
2402 3925 2467 3966 ac
2533 3907 2849 3965 inimicitiae
2899 3908 3098 3964 Photio
3145 3914 3355 3965 exortae
3417 3911 3672 3969 fuerant.

2015 4001 2160 4057 Cum
2192 3999 2350 4055 enim
2380 4004 2694 4064 vereretur,
2728 4013 2800 4052 ne
2839 3998 3103 4053 omnium
3155 3998 3671 4069 reprehensionem

2016 4091 2362 4159 incurreret,
2396 4090 2568 4160 quod,
2603 4105 2737 4144 cum
2761 4105 2906 4160 papa
2928 4087 3242 4144 Nicaulaus
3269 4103 3400 4144 eum
3428 4105 3543 4145 non
3567 4089 3672 4145 ad-

2017 4180 2290 4249 mitteret,
2327 4179 2478 4252 [128]
2512 4178 2834 4234 Romanam
2866 4176 3179 4234 Ecclesiam
3229 4177 3558 4234 uuiversam
3609 4178 3670 4234 in

2017 4270 2388 4326 Divinitatem
2440 4269 2740 4341 injuriam,
2793 4268 3038 4340 impiam
3079 4271 3136 4324 et
3177 4266 3373 4340 legum
3419 4266 3670 4326 maxime

2017 4358 2536 4430 praevaricatricem
2568 4361 2964 4431 nuncuparet;
2996 4359 3054 4413 et
3082 4372 3217 4413 cum
3251 4373 3400 4428 papa
3418 4357 3671 4414 Joannes

238 4463 384 4504 rum
413 4446 733 4502 confutatio
777 4446 847 4502 ab
877 4447 970 4504 his
1008 4448 1344 4504 auctoribus
1373 4448 1578 4504 confici
1618 4449 1774 4506 haud
1809 4469 1906 4524 po-
1940 4463 1984 4528 ι)
2015 4449 2143 4520 ejus
2173 4447 2230 4504 id
2261 4447 2708 4520 patriarchalem
2730 4448 3009 4505 thronum
3033 4447 3384 4503 restitutioni
3413 4462 3667 4504 consen-

232 4535 454 4602 tuerit;
484 4533 617 4592 illos
647 4536 706 4591 in
740 4535 1009 4593 Latinum
1033 4553 1343 4595 sermoncn
1390 4538 1706 4597 translatos
1737 4541 1912 4600 fuisse
2022 4555 2156 4595 sum
2189 4538 2541 4611 praebuisset,
2563 4539 2828 4595 eamdem
2853 4541 3119 4594 sanctam
3141 4540 3199 4593 et
3223 4535 3456 4608 pietatis
3482 4537 3668 4608 magi-

229 4625 478 4683 nnllum
507 4630 598 4714 est
617 4626 946 4698 vestigium.
972 4628 1226 4685 Rursum
1252 4628 1310 4684 in
1334 4629 1566 4686 Oriente
1589 4631 1910 4714 Ratramni,

225 4715 440 4772 Enen:
472 4713 839 4788 aliorumque
866 4715 1001 4773 libri
1032 4717 1125 4773 vix
1161 4717 1375 4791 cogniti
1408 4719 1593 4776 fuisse
1617 4713 1906 4778 videntur;

313 4885 398 4956 (2)
429 4886 486 4962 l_s
517 4883 850 4962 Vzalpertus
892 4885 1681 4962 fuisse_videtur,__adquem
1715 4905 1804 4962 ep.
1839 4891 1906 4947 48

227 4955 516 5031 Joannis
545 4955 671 5031 νηί
713 4956 918 5031 (Mansi
964 4957 1260 5031 XIII,H43,
1309 4960 1400 5031 44)
1447 4955 1665 5017 directa
1695 4955 1803 5018 fuit
1850 4966 1907 5018 et

230 5028 590 5104 cuiApariter
619 5029 1089 5104 inscriptumest
1122 5030 1349 5100 Fragm.
1383 5028 1488 5102 'ep.
1521 5033 1798 5104 Stephani
1830 5033 1896 5100 V,

227 5118 287 5156 ι.
327 5100 434 5154 891
471 5099 701 5173 (Missa,
729 5099 1075 5173 fthXXIX,
1109 5119 1162 5173 p.
1211 5099 1360 5170 805).
1407 5099 1545 5160 Vide
1575 5099 1642 5160 ns
1690 5099 1899 5162 Runsrs

227 5173 495 5245 Nonum.
526 5171 668 5245 Eccl.
699 5171 884 5245 Aquit.
908 5171 1121 5245 Venet.
1143 5175 1298 5242 1740,
1333 5191 1388 5245 p.
1422 5175 1545 5231 448.

309 5243 400 5314 (3)
434 5242 652 5300 Saecula
701 5242 898 5315 elapso
942 5244 1263 5311 Nicolaum,
1307 5242 1370 5300 u't
1400 5247 1543 5302 alios
1576 5247 1900 5315 pontiﬁces,

225 5331 362 5388 non
396 5315 593 5388 solum
623 5315 926 5388 acatholici
948 5317 1283 5388 scriptores,
1308 5334 1500 5373 verum
1533 5323 1590 5373 et
1633 5319 1898 5374 nonnulli

219 5387 392 5444 male
422 5386 691 5461 dispositi
723 5388 1014 5461 catholici,
1048 5386 1374 5461 interquos
1399 5390 1730 5461 (Fontanius
1761 5391 1898 5460 (Dis-

219 5465 384 5516 εει-ι.
561 5459 715 5534 P_hot.
773 5460 831 5516 in
890 5465 1025 5516 Nov.
1060 5457 1264 5534 erud:
1315 5460 1479 5534 delia.
1541 5461 1651 5534 vol.
1713 5457 1776 5534 I),
1838 5462 1897 5518 in

223 5529 476 5603 agendi
506 5529 730 5603 ratione
766 5536 968 5588 contra
1008 5531 1282 5589 Photium
1307 5533 1540 5603 injuste
1569 5529 1898 5603 vituperare

220 5601 626 5676 adamabant.
658 5601 864 5676 Longe
891 5603 1106 5660 rectius
1157 5605 1266 5660 hac
1300 5602 1359 5658 in
1385 5601 1461 5660 're
1483 5601 1768 5676 judicavit
1787 5622 1900 5660 saa-

220 5673 382 5732 culo
411 5677 612 5728 nostro
633 5672 923 5749 ‘Nean—‘dor
968 5676 1027 5733 in
1065 5678 1202 5733 Hist.
1249 5677 1374 5732 eccl.
1411 5672 1615 5749 (thV,
1667 5693 1720 5748 p.
1771 5677 1897 5746 607,

221 5752 504 5819 prasert.
535 5761 594 5800 n.
629 5745 659 5798 3
681 5752 736 5800 et
757 5744 944 5820 alias).

2022 4633 2202 4684 stram
2233 4629 2606 4702 praedicaret;
2641 4644 2740 4699 pro
2768 4643 2909 4700 pace
2937 4641 3071 4683 cum
3097 4627 3316 4682 Joanne
3340 4623 3486 4680 inita
3504 4625 3675 4696 quasi

2021 4717 2351 4791 apologiam
2401 4722 2730 4786 contexens,
2804 4732 2904 4789 per
2959 4731 3096 4772 suos
3153 4713 3347 4770 locum
3408 4717 3670 4771 tenentes

2088 4889 2166 4958 (4)
2203 4885 2380 4942 Aliter
2410 4885 2734 4942 Walchium
2756 4883 3459 4958 (Hist.contratadeproc.
3479 4879 3674 4952 Spirit.

2015 4952 2191 5015 sanet.
2226 4962 2392 5028 lenta,
2448 4959 2603 5026 1751,
2644 4972 2695 5014 c.
2747 4952 2866 5027 2,§
2921 4956 2974 5022 6,
3035 4953 3216 5027 p.35)
3263 4952 3540 5010 statuisse
3571 4970 3674 5025 ap-

2017 5035 2278 5174 pagtbf.
2340 5101 2635 5174 Hincmar.
2683 5099 2847 5174 item:
2909 5097 3079 5174 epist.
3135 5097 3225 5162 51,
3276 5103 3313 5153 t.
3349 5098 3421 5174 I_I,
3453 5113 3511 5174 p_.
3543 5096 3669 5164 809,

2019 5168 2110 5230 ed'.
2145 5168 2332 5230 Baluz.
2366 5171 2545 5228 Nicol.
2581 5173 2626 5238 Ι,
2658 5187 2750 5240 ep.
2781 5171 2851 5224 70
2881 5168 2954 5225 ad
2986 5169 3279 5225 Hincmar.
3316 5170 3406 5225 ed.
3454 5168 3668 5236 ΜισΝε,

2018 5246 2188 5318 epist.
2226 5246 2344 5318 152,
2379 5249 2421 5299 t.
2456 5243 2652 5318 exn},
2686 5243 2823 5318 uss
2852 5257 2976 5318 seq.

2087 5319 2165 5388 (6)
2200 5310 2548 5388 Lib.im,_ad
2580 5314 2799 5388 Theod.
2833 5331 2882 5388 ς.
2987 5312 3104 5381 (Gr.
3129 5313 3270 5388 ortlt.
3295 5312 3371 5388 Il,
3403 5310 3664 5388 p.‘i_3_9_):

2013 5380 2228 5442 oz'dv'm
2285 5393 2384 5453 τῆς
2437 5382 2637 5460 ἔχθρας
2693 5386 2760 5454 τὴ
2809 5380 3033 5460 εἰρήνην
3071 5383 3265 5460 ⁸αὐτὸν
3347 5380 3664 5460 ἀτέειλλάεαο

2004 5461 2148 5528 σθαι,
2183 5460 2240 5514 τὸ
2275 5449 2362 5512 ‘itit
2417 5449 2551 5518 τόῧέ
2601 5461 2695 5512 τοῦ
2750 5449 2932 5512 λεξάττῖ
2963 5449 3213 5528 Ἰωάννου
3255 5449 3527 5528 θεοσεϐεῖς
3568 5471 3663 5506 το-

2009 5525 2323 5605 ποτήρητὰς
2354 5531 2415 5587 τὸ
2457 5528 2717 5605 ὃίχαᾼτῆς
2766 5527 3080 5605 προᾳθῄκῃς
3129 5525 3661 5605 ᾁναγνινμρσχόμενογ

2008 5594 2166 5676 παρ”’
2193 5594 2328 5676 ἡμῖν
2377 5609 2477 5670 τῆς
2514 5594 2778 5662 ’ἶηὶστὲως
2810 5594 3114 5673 ’σύμϐολον
3148 5594 3454 5673 ὑπόγράψαι
3483 5594 3542 5650 ’ξε
3568 5594 3659 5648 καὶ

2009 5673 2509 5750 ἐπίσφραγίυποειι.
