4058 6216
335 412 455 480 407

1546 395 1811 460 PHOTII
1854 395 2300 456 PATRIARCH
2309 397 2380 456 1E
2420 397 2537 458 ΟΡ.

3622 402 3742 463 408

339 548 430 607 vel
463 544 790 617 colligenda
819 541 1113 616 provocat,
1151 536 1360 594 horum
1393 536 1696 601 traclatus,
1726 530 1834 586 etsi
1877 545 1990 585 non
2025 530 2078 597 Α
2107 530 2391 587 rationem
2423 529 2611 598 atl‘ert,
2636 529 2794 601 quod
2835 529 2977 588 liber
3009 532 3156 589 nihil
3198 534 3314 590 fere
3343 533 3645 592 contineat
3673 536 3748 592 de

341 655 412 696 ex
444 637 730 710 professo,
763 637 828 688 ut
860 631 972 687 diei
1008 629 1176 696 solet,
1209 627 1319 681 hac
1349 625 1418 680 de
1452 621 1696 678 materia
1733 622 1991 710 agentes,

341 708 538 801 specie
569 726 846 780 duntaxat
880 724 936 775 et
966 716 1193 774 silentio
1226 714 1416 787 potius
1434 728 1604 785 quam
1635 708 1844 781 apertis
1864 723 1990 801 ver-

339 797 432 873 bis
464 814 578 871 sibi
613 808 1047 885 quodammodo
1079 806 1334 862 faventes
1366 801 1708 874 respexisse.
1741 803 1890 854 Sane
1920 797 1991 853 de

341 905 509 962 libris
545 901 868 959 multorum
901 911 1173 953 versuum
1209 892 1465 967 (στίχων)
1489 887 1988 964 loquitur,quibus

343 993 552 1050 inserta
610 993 774 1048 erant
831 989 1194 1058 argumenta,
1223 999 1352 1055 qua:
1383 983 1454 1038 ad
1492 981 1728 1037 Latinos
1759 979 1991 1036 convin-

344 1081 557 1139 cendos
584 1079 793 1134 idonea
825 1074 1168 1147 reputabat;
1203 1089 1270 1127 ea
1305 1087 1430 1144 quae
1478 1071 1535 1125 in
1585 1067 1678 1125 his
1729 1069 1991 1139 dispersa

341 1173 526 1237 erant,
563 1168 834 1240 colligere
891 1170 948 1220 et
1005 1161 1303 1234 synoptice
1358 1159 1628 1217 exhibere
1673 1157 1988 1215 consilium

345 1263 616 1332 ceperat;
651 1255 894 1330 proinde
926 1253 985 1309 hi
1016 1252 1148 1310 libri
1183 1268 1298 1306 non
1327 1250 1385 1306 in
1409 1266 1524 1306 una
1555 1248 1652 1304 illa
1675 1246 1992 1320 quaestione

345 1345 857 1407 versabantur.Ad
879 1345 986 1400 hos
1016 1358 1146 1398 vero
1179 1343 1448 1411 provocat
1478 1337 1719 1395 Photius
1751 1337 1822 1394 ad
1841 1336 1988 1392 anti-

348 1440 630 1513 quitatem
663 1436 1186 1504 auctoritatemque
1208 1430 1328 1487 suis
1344 1429 1518 1485 dictis
1549 1428 1989 1494 couciliandam,

349 1529 614 1604 quamvis
629 1524 957 1584 fereomnia
979 1540 1105 1594 quae
1130 1521 1362 1594 profert,
1394 1520 1611 1593 proprii
1648 1519 1741 1574 sui
1775 1516 1992 1589 ingenii

350 1617 499 1676 fetus
529 1617 830 1672 exsistant.

422 1708 476 1763 8.
511 1707 663 1761 Tum
706 1703 895 1776 ipsius
925 1702 1059 1758 libri
1092 1701 1266 1756 verba
1295 1705 1422 1757 tum
1455 1700 1582 1756 cod.
1611 1697 1871 1754 Column.
1906 1695 1990 1750 in-

350 1794 588 1867 scriptio
609 1791 1084 1851 suadentlibrum
1100 1799 1362 1846 nostrum
1389 1805 1502 1846 non
1525 1805 1694 1846 secus
1716 1804 1781 1843 ac
1802 1786 1989 1855 illum,

2107 635 2195 685 eo,
2229 621 2382 692 quod
2405 619 2599 676 missio
2623 619 2880 691 Spiritus
2911 623 3098 678 sancti
3119 640 3220 696 per
3244 623 3456 680 Filium
3490 625 3568 682 sit
3601 626 3747 681 ratio

2106 727 2211 766 cur
2235 712 2362 768 Filii
2403 714 2625 770 dicatur
2673 712 2944 784 Spiritus,
2986 715 3143 787 quod
3200 719 3395 772 tamen
3445 716 3503 771 in
3571 715 3745 771 titulo

2097 799 2275 854 trium
2309 802 2575 861 codicum
2607 821 2948 880 expressum
2983 805 3214 861 esl.Scd
3243 809 3431 876 potest
3451 805 3509 860 in
3535 805 3746 877 primis

2098 887 2210 943 dici
2244 889 2476 948 titulum
2510 910 2625 951 non
2674 900 2889 964 totum,
2915 895 2996 951 uti
3025 898 3234 963 exstat,
3268 893 3340 949 ab
3369 894 3496 966 ipso
3535 893 3742 950 Photio

2097 976 2279 1034 fuisse
2310 984 2713 1054 praepositum;
2739 985 2946 1042 deinde
2968 989 3154 1057 potest
3183 988 3242 1039 et
3265 983 3404 1038 illud
3429 984 3738 1053 at‘firmari,

2097 1067 2206 1122 etsi
2237 1067 2474 1127 titulum
2524 1073 2649 1144 ipse
2706 1075 2981 1148 posuerit,
3017 1082 3208 1130 tamen
3251 1073 3540 1130 dictorum
3573 1073 3742 1145 copia

2097 1157 2402 1229 abreptum
2417 1159 2594 1234 hujus
2617 1165 2720 1234 rei,
2741 1181 2916 1237 quam
2933 1162 3296 1231 moliebatur,
3313 1163 3738 1236 expositionem

2096 1249 2363 1306 omisisse
2377 1249 2919 1326 pluraquefortasse
2936 1255 2992 1310 in
3020 1256 3212 1310 mente
3228 1251 3526 1318 habuisse,
3561 1269 3742 1324 quam

2098 1353 2158 1394 re
2190 1338 2318 1411 ipsa
2351 1343 2703 1411 tractaverit,
2737 1345 3060 1417 praesertim
3093 1343 3142 1398 si
3178 1341 3493 1399 intervallis
3525 1347 3744 1412 tempo-

2097 1447 2227 1486 rum
2261 1437 2447 1490 totum
2480 1452 2626 1507 opus
2671 1435 2925 1507 perfecit.
2958 1434 3020 1490 Si
3051 1432 3206 1505 apud
3237 1434 3539 1505 Hugonem
3571 1432 3745 1488 Ethe-

2097 1521 2325 1579 rianum
2351 1525 2416 1594 (Ι.
2453 1544 2514 1595 ιι,
2547 1543 2596 1582 c.
2629 1525 2721 1592 20,
2745 1541 2802 1597 p.
2841 1524 3000 1594 1235)
3039 1522 3254 1594 legitur
3284 1538 3298 1577 :
3338 1540 3359 1569 ι
3385 1521 3508 1577 Non
3532 1520 3750 1577 dicitur

2099 1611 2349 1683 Spiritus
2381 1615 2510 1671 Filii
2541 1622 2604 1672 ut
2635 1611 3130 1671 consubstantiale
3159 1615 3217 1668 et
3247 1610 3342 1683 qui
3370 1610 3620 1666 mittitur
3646 1626 3751 1682 per

2100 1703 2300 1774 ipsum,
2331 1715 2394 1762 ut
2442 1706 2628 1762 Photii
2671 1705 2914 1760 declarat
2970 1702 3346 1769 descriptio,»
3387 1700 3620 1758 videtur
3651 1701 3744 1756 hic

2099 1791 2382 1866 inscriptio
2430 1794 2830 1866 intelligenda,
2871 1807 3045 1863 quam
3087 1795 3144 1846 et
3183 1789 3346 1864 llugo
3391 1807 3508 1861 pris
3557 1790 3748 1847 oculis

352 1886 452 1958 qui
483 1885 554 1942 ad
604 1883 1032 1955 Aquileiensem
1086 1881 1394 1954 praesulem
1448 1881 1660 1937 missus
1719 1878 1845 1944 fuit,
1869 1877 1993 1950 epi-
2030 1883 2073 1945 Β
2106 1882 2390 1954 habuerit,
2424 1885 2521 1956 qui
2554 1887 2827 1957 praeterea
2865 1881 3013 1937 nihil
3051 1897 3119 1936 ex
3150 1879 3258 1936 hoc
3287 1895 3460 1952 opere
3506 1879 3746 1952 allegat,

351 1975 513 2032 stolae
545 1974 790 2030 formam
819 1989 931 2044 pra:
955 1989 1014 2028 se
1041 1971 1266 2040 tulisse,
1299 1988 1429 2042 quae
1459 1971 1529 2026 ad
1558 1969 1746 2025 varios
1773 1968 1992 2023 directa

351 2065 599 2122 videtur.
647 2062 784 2128 Quis
829 2063 980 2118 Beda
1019 2061 1324 2134 episcopus
1364 2060 1556 2128 fuerit,
1599 2059 1695 2115 cui
1725 2058 1852 2114 cod.
1885 2057 1994 2113 Co-

353 2153 568 2219 lumn.,
593 2152 726 2223 quis
757 2151 1065 2220 Eusebius,
1088 2151 1182 2206 cui
1204 2150 1423 2206 Beccus
1447 2150 1663 2206 librum
1696 2163 1994 2218 nuncupa-

350 2247 477 2301 tum
510 2241 672 2309 dicit,
704 2241 1067 2313 ignoramus.
1112 2241 1272 2305 Quod
1303 2240 1370 2296 ad
1399 2240 1716 2296 dictionem
1748 2241 1994 2311 spectat,

354 2333 526 2392 modo
578 2347 646 2387 ea
694 2329 1135 2387 dialecticorum
1185 2329 1373 2386 instar
1419 2329 1646 2386 concisa
1677 2337 1784 2398 est,
1826 2328 1996 2383 modo

354 2422 660 2480 rhetoricis
681 2425 882 2478 ornata
909 2421 1165 2489 ﬂoribus,
1191 2421 1484 2477 interdum
1508 2420 1764 2492 elegans,
1797 2418 1998 2474 rudior

356 2511 526 2583 alias,
559 2512 822 2567 affectata
851 2526 1026 2581 saepe,
1049 2511 1150 2565 sed
1179 2508 1515 2582 plerumque
1534 2509 1838 2580 perspicua
1858 2508 1994 2580 (11),

357 2615 659 2672 nunquam
691 2599 806 2655 fere
829 2599 978 2672 [135]
1019 2598 1246 2670 penitus
1274 2598 1395 2654 sale
1417 2597 1707 2654 destituta.
1733 2597 1998 2653 Ostendit

357 2693 674 2759 auctorem,
718 2687 820 2761 qui
862 2686 1047 2743 multa
1078 2686 1314 2758 legerat,
1366 2703 1432 2743 ex
1469 2686 1674 2744 multis
1705 2687 1996 2743 variorum

357 2781 689 2851 temporum
713 2777 1048 2834 auctoribus
1068 2775 1286 2850 stylum
1309 2777 1422 2832 sibi
1454 2777 1750 2834 formarat.
1775 2775 2000 2833 Acriter

360 2867 596 2924 omnino
629 2867 859 2923 Latinos
889 2867 1226 2923 insectatur.
1261 2869 1510 2923 Accusat
1539 2883 1637 2924 eos
1676 2872 1800 2923 tum
1837 2867 2000 2939 igno-

362 2957 585 3029 rantiaa,
625 2957 857 3026 erroris,
875 2957 1137 3024 stultitas,
1167 2957 1429 3026 insaniae,
1462 2958 1732 3027 vesaniae,
1763 2957 1998 3024 furoris,

361 3050 490 3103 tum
535 3046 904 3114 temeritatis,
933 3045 1622 3117 audacissﬁmpudentiaa,
1656 3052 1782 3102 tum
1816 3046 2006 3102 haere-

362 3151 514 3204 seos,
550 3135 941 3208 polytheismi,
975 3136 1324 3207 impietatis;
1363 3136 1650 3193 horrenda
1687 3137 1770 3192 eis
1801 3141 2006 3193 contra

2103 1974 2257 2044 quod
2281 1975 2349 2029 ad
2375 1973 2526 2029 hanc
2549 1973 2928 2046 quaestionem
2954 1971 3254 2026 referatur.
3274 1968 3747 2042 Theophylactus

2107 2064 2248 2132 (not.
2280 2064 2350 2118 32
2367 2064 2668 2136 adjcap.60
2690 2061 2931 2135 )aliique
2946 2058 3294 2131 posteriores
3320 2059 3499 2115 Graeci
3526 2065 3754 2115 utram-

2106 2166 2218 2222 que
2248 2153 2552 2221 rationem,
2583 2149 3242 2208 consubstantialitatem
3278 2166 3343 2204 ac
3377 2148 3748 2218 missionem,

2106 2241 2298 2297 solent
2327 2244 2681 2314 conjungere
2703 2245 2778 2309 et,
2803 2237 3142 2312 propositio,
3175 2253 3288 2309 qua
3317 2237 3572 2307 Spiritus
3616 2237 3748 2294 Filii

2104 2330 2351 2401 Spiritus
2381 2331 2521 2404 [136]
2545 2331 2654 2386 dici
2679 2331 2750 2386 ob
2784 2327 3121 2384 missionem
3143 2326 3753 2394 afﬁrmatur,minime

2105 2436 2138 2475 a
2167 2425 2358 2476 mente
2390 2419 2572 2476 Photii
2625 2419 2918 2488 abhorret,
2951 2416 3053 2490 qui
3087 2421 3236 2488 (cap.
3269 2416 3359 2486 91)
3395 2414 3754 2488 multiplices

2107 2510 2288 2581 hujus
2343 2511 2483 2568 dicti
2540 2510 2796 2567 rationes
2868 2509 3158 2582 assignari
3207 2525 3378 2581 posse
3422 2507 3626 2576 tradit,
3684 2523 3753 2564 ac

2105 2600 2179 2668 (c.
2211 2600 2304 2671 85)
2333 2601 2578 2655 breviter
2600 2603 2656 2655 et
2678 2598 2819 2654 illud
2852 2598 3060 2670 tangit.
3095 2597 3250 2669 quod
3279 2595 3458 2653 Filius
3489 2597 3754 2652 mittatur

2106 2707 2140 2747 a
2160 2690 2378 2762 Spiritu
2401 2693 2622 2747 sancto.

2179 2781 2266 2835 10.
2312 2781 2386 2836 De
2413 2780 2652 2852 Spiritus
2681 2777 2860 2835 sancti
2887 2776 3237 2851 mystagogia
3291 2777 3506 2833 librum
3537 2775 3756 2832 inscri-

2109 2874 2270 2942 ptum
2304 2869 2484 2926 voluit
2519 2869 2780 2926 Photius.
2813 2867 3178 2925 Vocabulum
3212 2867 3320 2923 hoc
3351 2866 3598 2922 maxime
3642 2863 3768 2936 ipsi

2113 2960 2397 3018 familiare
2428 2961 2564 3031 (12),
2624 2975 2740 3015 non
2782 2975 2950 3016 secus
3009 2975 3075 3014 ac
3123 2961 3487 3032 μυσταγωγεῖν
3543 2957 3659 3030 (13)
3699 2962 3764 3013 et

2117 3049 2464 3123 μυσταγωγός
2516 3047 2732 3105 Paulus
2790 3065 2842 3103 v.
2895 3064 2980 3119 gr.
3043 3046 3343 3118 apostolus
3416 3045 3620 3118 μύστης
3663 3044 3766 3101 καὶ

2124 3137 2482 3212 μυσταγωγός
2533 3138 2646 3210 ipsi
2707 3138 2920 3193 dicitur
2981 3138 3114 3208 (14).
3172 3137 3268 3192 Est
3313 3137 3541 3208 proprie
3603 3157 3776 3208 μυστ-

368 3203 852 3299 ﬁdemdmvpingit
875 3203 1152 3294 erimina;
1177 3227 1404 3284 artibus
1434 3227 1711 3284 omnibus
1737 3229 1917 3283 utitur
1937 3228 2006 3283 ad
2040 3203 2082 3270 C
2122 3203 2350 3305 ᾆγωγᾶξν
2383 3203 2482 3302 qui
2516 3203 2574 3283 in
2609 3228 2880 3301 mysteria
2903 3203 3088 3293 ducit,
3115 3226 3212 3297 qui
3267 3203 3378 3280 ritu
3421 3203 3782 3298 mysterioso

365 3333 466 3373 eos
495 3316 942 3373 confundendos
991 3321 1046 3372 et
1099 3316 1464 3374 refellendos.
1499 3317 1644 3372 Mira
1681 3322 1770 3373 est
1800 3318 2018 3391 ingenii

367 3405 718 3470 fecunditas,
735 3422 863 3472 qua:
894 3405 1062 3460 toties
1083 3406 1240 3462 dicta
1259 3404 1388 3461 aliis
1419 3411 1474 3462 et
1494 3406 1624 3463 aliis
1649 3407 1837 3463 modis
1860 3397 2020 3462 novit

373 3496 591 3561 denuo,
623 3493 788 3564 quasi
827 3510 1024 3550 revera
1058 3511 1204 3550 nova
1258 3496 1400 3561 sint,
1426 3497 1778 3568 producere;
1819 3496 2020 3567 iniqua

371 3584 488 3642 fere
529 3597 758 3654 semper
787 3588 878 3639 est
909 3599 1040 3638 cum
1070 3583 1417 3640 adversariis
1451 3585 1656 3656 agendi
1694 3586 1854 3654 ratio,
1881 3603 2017 3658 quo-

372 3691 500 3732 rum
537 3674 863 3732 doctrinam
922 3675 1208 3747 perversis
1247 3692 1361 3732 non
1393 3676 1582 3732 solum
1618 3677 2014 3745 consectariis,

374 3764 472 3821 sed
507 3763 683 3820 etiam
707 3763 1286 3836 interpretationibus
1312 3765 1634 3823 t'uadissimo
1655 3767 1762 3823 sub
1782 3773 2016 3840 aspectu

373 3855 680 3912 ostendere
719 3855 856 3910 totis
886 3853 1108 3912 viribus
1137 3854 1394 3911 anhelat.

443 3942 498 3997 9.
529 3942 734 4015 Operis
755 3943 1059 4000 authentia
1080 3943 1160 4000 ita
1190 3945 1499 4001 manifesta
1529 3950 1638 4008 est,
1674 3951 1738 4003 ut
1767 3946 1844 4004 sit
1866 3951 2018 4004 tem-

373 4049 485 4107 pus
539 4049 900 4101 consumere,
933 4032 1076 4090 velle
1127 4035 1252 4105 ejus
1291 4041 1633 4106 argumenta
1684 4053 2013 4109 congerere.

2125 3319 2340 3386 initiat,
2365 3322 2684 3386 consecrat,
2720 3320 2818 3388 qui
2852 3315 3126 3386 mysteria
3169 3315 3408 3387 perﬁcit,
3430 3315 3528 3386 qui
3563 3323 3777 3384 myste-

2126 3407 2214 3464 ria
2243 3408 2420 3462 tradit
2451 3424 2515 3463 ac
2534 3409 2698 3463 docet
2723 3407 2870 3477 (15);
2893 3406 3028 3462 hinc
3042 3406 3310 3461 sacerdos
3337 3421 3578 3477 quoque
3611 3425 3780 3479 μυστ-

2125 3496 2344 3572 αγωγὸς
2393 3503 2766 3567 nuncupatur
2799 3497 2943 3566 (16);
2984 3493 3344 3567 μυσταγωγία
3389 3498 3479 3549 est
3511 3495 3777 3565 initiatio,

2125 3586 2439 3649 immissio,
2487 3584 2749 3640 inductio
2817 3583 2878 3640 in
2923 3584 3217 3656 mysteria,
3263 3599 3428 3639 sacra
3458 3583 3775 3654 institutio,

2126 3675 2277 3731 sacri
2308 3674 2616 3746 cujuslibet
2665 3675 2812 3730 ritus
2845 3673 3119 3745 perfectio
3153 3673 3287 3743 (17).
3322 3673 3495 3730 Porro
3540 3691 3676 3731 cum
3712 3677 3773 3731 in

2125 3765 2519 3822 ecclesiastico
2539 3763 2816 3836 loquendi
2850 3779 2958 3819 usu
2975 3767 3096 3818 tam
3115 3768 3481 3819 sacramenta
3499 3765 3773 3838 sacrique

2126 3856 2275 3911 ritus
2299 3871 2476 3927 quam
2509 3857 2781 3926 dogmata
2811 3853 3155 3910 sublimiora
3196 3852 3554 3923 rationisque
3614 3856 3770 3911 vires

2126 3944 2463 4001 excedentia
2501 3943 2876 4001 nominentur
2906 3941 3194 4014 μυστήρια,
3246 3941 3590 4016 μυσταγωγία
3621 3960 3772 4016 quo-

2126 4051 2232 4107 que
2256 4035 2426 4090 modo
2449 4035 2520 4089 ad
2544 4041 2908 4090 sacramenta
2937 4031 3205 4087 Ecclesiae
3246 4031 3377 4103 (18),
3412 4049 3476 4088 ac
3521 4049 3767 4104 praeser-

372 4120 532 4186 Quod
591 4121 664 4176 ad
718 4121 848 4193 ejus
879 4121 1274 4195 integritatem
1333 4127 1574 4194 spectat,
1609 4139 1796 4195 neque
1840 4141 1910 4180 ea
1957 4125 2015 4180 in
2123 4123 2228 4178 tim
2254 4123 2322 4177 ad
2359 4121 2714 4194 baptismum
2749 4121 2864 4191 (19)
2915 4127 2970 4174 et
3010 4117 3442 4174 Eucharistiam
3493 4119 3627 4191 (20),
3666 4136 3771 4175 re-

373 4209 618 4266 dubium
649 4211 836 4268 vocari
877 4215 1083 4282 potest.
1109 4212 1171 4266 Id
1202 4216 1399 4268 tamen
1436 4211 1679 4268 fortasse
1710 4213 2018 4270 dubitandi
2127 4213 2324 4279 fertur,
2345 4229 2409 4269 ac
2441 4228 2588 4284 saepe
2617 4209 2675 4266 in
2721 4209 3022 4282 posteriori
3073 4207 3408 4279 acceptione
3435 4207 3578 4280 [137]
3611 4209 3770 4266 idem

445 4337 560 4413 (11)
594 4338 716 4413 Non
750 4340 949 4413 tamen
978 4335 1126 4389 male
1164 4336 1465 4413 ingenere
1497 4339 1557 4413 Α.
1591 4339 2000 4413 Scott_us(Pm.

2125 4339 2350 4413 subqh.
2375 4355 2437 4413 Av.
2475 4337 2772 4413 μυστήριον
2814 4333 2950 4409 ἄγει.
2985 4335 3066 4413 (_If.
3101 4333 3318 4413 Sqicer.
3353 4333 3552 4413 Thess.
3586 4333 3664 4413 ib:

376 4403 572 4483 ἰδέ.ἱρ
621 4406 959 4483 Αιηρὴξιοεή.
1022 4423 1119 4473 qu.
1181 4403 1285 4483 18,—
1327 4408 1580 4478 Neapoli,
1663 4403 2000 4483 1814,_‘p.vj

2197 4411 2309 4481 (16)
2369 4403 3104 4483 δαί-δειε-ίᾲίυᾳταῖτῳγόςη
3160 4403 3334 4483 ἱερεύς
3395 4405 3770 4483 '_Hesych.:

374 4479 682 4557 monebat:
717 4471 745 4526 ἐι
780 4471 1155 4557 Compertum
1181 4471 1336 4533 est...
1359 4471 1857 4557 _quantum‘med'ii
1881 4471 2000 4557 Sevi}

2127 4471 2503 4557 Μᾴστᾶγωγός
2531 4497 2543 4509 ·
2579 4478 2754 4557 ἱερεὺς
2785 4471 2974 4557 siet:
3003 4471 3402 4549 μύσταξᾶγων.
3435 4471 3599 4533 Βωλί
3633 4494 3774 4535 vero

372 4550 701 4619 scriptores,
721 4563 786 4626 ac
806 4546 1049 4626 Photius
1071 4546 1216 4626 ipse,
1243 4546 1444 4626 auctor
1462 4550 1677 4626 alioqui
1704 4553 2000 4626 disertissi‘

2135 4546 2432 4626 pse-.164
2463 4546 2731 4626 puotﬁpta
2762 4546 2986 4626 εἶ-δότες.

373 4617 547 4695 mus,
581 4636 615 4674 a
640 4619 859 4695 _prisca
916 4617 1203 4695 Atticismi
1243 4619 1538 4695 elegantia,
1562 4617 1928 4695 desciverint,
1961 4631 2019 4682 et
2135 4617 2145 4626 ’
2203 4626 2310 4694 (17)
2339 4617 2557 4679 Suicer.
2593 4617 2766 4678 Thes.
2802 4623 2859 4678 h.
2887 4638 2947 4695 _v.

373 4693 593 4767 quanta
624 4690 875 4762 denique
915 4691 1284 4767 obscuritate
1311 4690 1392 4767 _ex
1439 4693 1640 4767 eodem
1683 4690 2016 4767 scriptionis
2201 4690 2309 4766 (18)
2342 4697 2758 4767 Ilucspectant
2785 4693 2961 4767 verba
2999 4692 3134 4767 Eus.
3187 4693 3342 4767 βεδε.
3367 4693 3504 4746 Hist.
3551 4691 3684 4767 ccc].
3720 4692 3768 4767 _I,

375 4760 518 4837 vitio
551 4760 853 4837 sermones
883 4763 1204 4836 praesertim
1231 4763 1568 4837 didascalici
1615 4760 2011 4826 obvolvuntur.
2125 4768 2177 4834 2,
2210 4760 2268 4837 β.
2293 4760 2370 4822 ’24
2417 4760 2721 4823 ει1.Ἠθὶιι.
2759 4766 2913 4820 1829.
2967 4764 3063 4818 Ait
3107 4763 3286 4837 enim
3315 4765 3496 4837 Deum
3527 4762 3770 4837 AJudmis

370 4833 562 4911 Verba
590 4833 1062 4911 enimtechnica.
1093 4840 1150 4892 et
1188 4835 1430 4911 quidem,
1471 4838 1840 4909 scholastica,
1889 4858 2014 4910 quas
2127 4833 2229 4910 per
2260 4839 2489 4911 Moysen
2524 4839 2755 4911 dedisse
2788 4839 3006 4911 ﬁguras
3038 4851 3104 4911 ac
3143 4835 3426 4911 symbols,
3459 4833 3658 4911 trépwv
3707 4855 3768 4911 εςε

369 4909 513 4960 tunc
543 4907 1012 4984 percrebuerant,
1045 4902 1622 4984 argumentationum
1690 4902 2000 4968 cavillatio-

2123 4902 2374 4984 ?onu’ov'
2410 4909 2780 4984 θεωρημάτων
2827 4902 3194 4984 ίεῖσαγωγὰςξ
3235 4902 3361 4959 ἄλλ’
3419 4903 3518 4958 οὐκ
3600 4903 3768 4967 αὐτὲις

369 4992 630 5056 namque
670 4979 1039 5056 subtilitates,
1083 4981 1299 5052 quibus
1349 4982 1566 5056 ingenii
1603 4999 2000 5056 acumensesc

2125 4979 2360 5056 ἐναργεῖς
2390 4981 2483 5056 τὰς
2499 4979 2924 5056 ’μυσταγωγὶεφ

364 5049 644 5127 jactabat,
705 5067 770 5127 a_c
823 5049 1190 5127 pericdorum
1250 5050 1662 5127 μεγαλοκώλων
1718 5055 2015 5127 implicata
2144 5049 3603 5127 _('19)Cyrilll,Chrys.,'l‘heodoret_.apudKleein
3625 5051 3763 5127 (list.

370 5119 691 5195 prolixitas,
726 5122 786 5178 in
819 5119 934 5194 qua
984 5119 1632 5195 praacipuus'orationis
1656 5119 1846 5182 cultus
1876 5144 2011 5183 eon-
2121 5119 2355 5195 dogmat.
2381 5119 2450 5192 ll,
2485 5119 2672 5194 p.137
2697 5119 2722 5192 ξ
2745 5119 2912 5182 Pbot.
2946 5121 3187 5191 Amphil.
3222 5119 3278 5194 (ᾗ.
3310 5122 3410 5189 43;
3451 5119 3590 5176 Mai.
3616 5122 3769 5178 Nova

369 5193 741 5270 _stil‘uebatur,
764 5193 901 5250 sunt
932 5193 1196 5265 quadam
1222 5195 1401 5270 veluti
1425 5199 1863 5268 impedimenta,
1886 5217 2011 5270 quae
2123 5193 2418 5270 causam,
2448 5193 2509 5265 ιι,
2543 5214 2597 5268 p.
2639 5197 2730 5254 99.

369 5263 567 5346 lectori
599 5266 669 5320 ad
703 5263 1136 5323 sensum—recte
1175 5263 2012 5343 tenendumideutidem'obji-

369 5344 618 5392 ciunlur.
642 5357 668 5389 ι

440 5407 553 5481 (12)
594 5407 678 5481 Cf.
712 5406 772 5463 in
793 5426 884 5477 cp.
909 5413 1106 5466 nostro
1138 5425 1262 5481 cap.
1312 5411 1367 5478 5,
1389 5413 1480 5480 20,
1509 5413 1600 5481 23,
1631 5413 1724 5470 21.

438 5477 548 5556 (13)
579 5480 718 5556 cap.
747 5484 799 5548 2,
831 5481 924 5552 25,
954 5483 1053 5556 28,
1073 5483 1164 5550 9ο,
1195 5477 1252 5538 et
1275 5499 1448 5556 sape.

442 5550 554 5622 (14)
601 5551 798 5607 Contra
845 5550 1088 5610 Mante/1.
1128 5571 1188 5617 ιι,
1247 5557 1331 5619 11,
1360 5550 1646 5611 ’θαιιαῐιὼ
1699 5557 1840 5612 Bibl.
1897 5560 2008 5612 PP.

372 5621 762 5698 XIli,ﬂp._632
810 5624 893 5679 Cf.
927 5641 1018 5698 ep.
1077 5626 1202 5698 205,
1237 5643 1292 5697 p.
1324 5627 1430 5681 302
1453 5644 1467 5694 ;
1490 5643 1584 5698 cp.
1611 5633 1794 5683 nostr.
1837 5646 1886 5686 c.
1921 5631 2009 5685 48.

447 5694 828 5774 (15)_Su_idas
903 5694 1013 5774 sub
1089 5696 1169 5774 11..-
1200 5694 1255 5752 ν.
1303 5694 1680 5774 Megalia-{si
1742 5701 2011 5774 (595115910:

374 5761 629 5822 ἐπιτελεῖ·
682 5766 757 5830 ὡς
819 5769 1090 5842 μυστήρια
1143 5768 1258 5841 ἄγει
1309 5769 1342 5836 ἢ
1392 5761 2007 5843 ἔχει’δάᾶκει.Ἠεεδίὲὶ].

2193 5270 2304 5341 (20)
2337 5264 2630 5341 Chrysfin
2666 5272 2818 5341 Rom.
2853 5267 3061 5341 xv1_,_3;
3094 5265 3264 5336 Greg.
3292 5264 3568 5341 _lflyss.Az:rz_
3605 5265 3764 5341 cant.

2124 5337 2259 5396 Klee
2287 5337 2324 5395 l.
2359 5358 2433 5412 c.,
2565 5341 2696 5407 170;
2731 5340 2901 5412 Greg.
2936 5338 3072 5393 Naz.
3102 5341 3245 5412 orat.
3282 5337 3449 5412 17,‘p_.
3469 5337 3575 5412 213
3609 5353 3624 5390 :
3654 5337 3765 5412 Ἰςήν

2121 5412 2268 5487 ξςρὸιν
2316 5406 2563 5487 agi-avni
2603 5406 2876 5487 φὲρφυοςᾳξ
2920 5406 3320 5487 Ηυσταχῳγὶαν.
3364 5406 3446 5464 Cf.
3499 5407 3771 5487 Neander

2123 5480 2188 5540 Κ.
2213 5485 2278 5540 G.
2317 5485 2386 5550 ll,
2413 5500 2470 5554 p.
2502 5480 2629 5548 973',
2661 5480 2752 5539 ed.
2789 5483 2883 5538 Ill.
2920 5480 3542 5554 HincChrysostomus
3574 5481 3767 5551 quoad

2123 5552 2450 5627 utrumque
2473 5561 2905 5612 sacramentum
2941 5552 3154 5627 _tideles
3188 5567 3339 5622 saepe
3367 5555 3532 5627 vocat
3583 5570 3770 5627 pepo-

2122 5622 2605 5756 i‘twfmghpévgpc.
2659 5627 2795 5687 Vide
2825 5630 2883 5682 et
2930 5625 3260 5681 Casaubon.
3291 5622 3522 5679 exercit.
3580 5622 3669 5691 16,
3703 5624 3766 5679 in

2174 5717 2271 5754 1m.
2352 5715 2558 5754 Gron".

2174 5717 2271 5754 nn.
2307 5715 2558 5754 UGI‘OHH.
