4058 6216
254 394 364 454 409

980 385 1081 445 DE
1125 386 1188 447 S.
1240 385 1442 446 SPIB.
1491 378 2032 444 MYSTAGOGIA.
2077 415 2157 426 —
2199 382 2981 446 ANIMADVERSIONES.

3557 390 3676 451 MO

259 545 322 587 ac
355 520 671 598 λειτουργία
701 521 998 595 signiticet
1027 522 1163 593 (21),
1198 521 1368 577 modo
1400 520 1470 576 ad
1525 516 1913 589 theologicam
1945 516 1998 583 Α
2031 517 2408 576 constitutam
2440 519 2711 587 inveniri,
2746 537 2924 594 quam
2957 520 3169 578 saeculo
3201 539 3303 578 xm
3333 519 3433 578 illa
3469 501 3705 595 adepta.

260 616 700 676 institutionem
759 626 1103 683 sacramque
1160 608 1487 666 doctrinam
1525 605 1915 664 denotandam
2029 615 2153 677 est;
2187 608 2524 665 meminisse
2566 613 2813 681 oportet,
2844 626 2979 666 cum
3011 611 3262 683 ingenue
3296 613 3460 668 fateri
3491 627 3546 668 ei
3592 614 3676 668 vi.

261 707 606 770 adhibetur;
640 707 815 774 atque
853 701 995 757 adeo
1027 705 1150 756 tum
1182 695 1496 773 ἱερουργίαν
1523 701 1649 753 tum
1695 691 1913 769 ispoit'o-

260 794 380 871 γσαν
418 791 851 866 complectitur.
899 790 1247 860 Frequenter
1310 788 1550 844 Photius
1621 803 1916 858 μυσταγω-

260 881 381 958 γίαν
433 882 577 938 dicit
635 879 1067 936 institutionem
1125 877 1544 950 dogmaticam,
1587 875 1914 931 doctrinam

263 974 544 1030 divinitus
572 971 845 1027 traditam
871 989 886 1038 ;
911 968 996 1025 sic
1024 965 1282 1042 θεόσοφον
1326 963 1706 1040 μυσταγωγίαν
1750 967 1917 1020 vocat

261 1063 394 1120 fidei
424 1061 848 1134 expositionem
907 1074 974 1115 ex
1003 1058 1496 1115 cacumenicorum
1536 1055 1914 1112 conciliorum

259 1151 704 1210 deﬁnitionibus
735 1151 1108 1221 desumptam
1139 1149 1286 1220 ('22);
1318 1147 1404 1204 sic
1433 1147 1606 1202 verba
1631 1164 1914 1217 μυσταγω-

256 1247 396 1318 γεῖν,
439 1239 748 1315 θεολογεῖν,
777 1239 1083 1313 ἱερολογεῖν
1126 1238 1303 1296 veluti
1363 1253 1688 1311 synonyma
1735 1251 1912 1292 usur-

253 1338 350 1403 pat
381 1331 521 1403 ('23).
557 1331 626 1386 Et
655 1329 767 1386 hoc
797 1333 963 1402 pacto
997 1329 1057 1384 in
1089 1345 1258 1398 opere
1289 1332 1487 1384 nostro
1515 1344 1716 1384 vocem
1747 1326 1914 1383 intel-

253 1421 422 1494 ligit;
462 1420 683 1476 tradere
704 1417 824 1474 vult
857 1417 1178 1474 doctrinam
1212 1433 1441 1474 sacram
1469 1434 1536 1473 ac
1565 1415 1821 1472 divinam
1844 1415 1914 1472 de

252 1510 479 1582 Spiritu
513 1513 742 1576 sancto,
775 1524 908 1563 vera
936 1507 1214 1579 dogmata
1265 1506 1418 1562 circa
1456 1507 1686 1562 tertiam
1716 1503 1913 1561 Trini-

252 1599 392 1656 tatis
460 1613 792 1671 personam.
851 1596 1240 1668 IEquipollere
1327 1593 1704 1670 μυσταγωγίαν
1776 1611 1908 1650 cum

253 1689 522 1763 θεολογὶᾳ
570 1706 636 1744 ac
681 1683 986 1761 ἱερολογίᾳ,
1018 1693 1073 1742 et
1132 1689 1504 1760 μυσταγωγεῖν
1547 1701 1680 1741 cum
1721 1681 1914 1738 Θεολο-

251 1785 369 1856 7er
398 1797 460 1836 ac
502 1776 807 1854 ἱερολογεῖν
838 1779 1209 1849 promiscuus
1259 1777 1466 1833 harum
1509 1793 1716 1834 vocum
1773 1792 1914 1833 usus

254 1869 408 1926 satis
439 1869 780 1924 manifestat
806 1867 938 1940 (24).

331 1962 420 2013 ll.
482 1956 694 2023 Quanti
751 1956 1033 2014 momenti
1093 1956 1277 2014 Photii
1335 1956 1484 2013 liber
1539 1959 1618 2013 De
1664 1955 1910 2024 Spiritus

249 2050 440 2105 sancti
499 2048 837 2119 mystagogia
883 2047 981 2113 sit,
1011 2045 1069 2102 id
1101 2047 1160 2102 in
1201 2047 1409 2118 primis
1459 2050 1633 2118 patet,
1677 2045 1728 2101 si
1776 2062 1908 2101 eum

249 2157 392 2198 cum
453 2139 839 2212 posteriorum
887 2141 1216 2210 temporum
1260 2138 1524 2208 ejusdem
1576 2138 1910 2208 argumenti

248 2229 533 2302 operibus
566 2229 891 2284 Graecorum
921 2227 1313 2293 conferamus,
1340 2227 1493 2298 quod
1534 2226 1621 2282 vel
1653 2243 1722 2282 ex
1758 2227 1910 2282 notis

248 2319 384 2374 ideo
444 2317 603 2389 Operi
655 2335 690 2373 a
740 2317 906 2373 nobis
946 2317 1227 2388 appositis
1276 2315 1586 2372 constabit.
1632 2317 1798 2372 Patet
1849 2315 1908 2371 id

248 2425 491 2476 rursus,
546 2408 592 2462 si
633 2423 733 2462 eos
791 2406 1253 2472 consideramus,
1315 2406 1412 2478 qui
1464 2421 1567 2477 pro
1615 2405 1909 2461 catholica:

248 2495 528 2554 Ecclesiae
547 2495 819 2568 dogmate
841 2500 1039 2552 contra
1058 2493 1284 2550 Graecos
1299 2495 1582 2550 calamum
1605 2495 1909 2562 strinxere,

252 2586 408 2660 [l38]
463 2585 681 2656 quique
717 2601 829 2640 non
880 2600 1079 2656 parum
1126 2600 1261 2640 cum
1319 2584 1510 2639 Photii
1557 2585 1911 2657 syllogismis

260 2675 657 2732 decertarunt.
692 2674 778 2730 Ad
814 2673 1148 2730 Latinorum
1177 2689 1388 2729 manus
1422 2690 1524 2746 per
1553 2679 1661 2730 tria
1700 2676 1912 2731 sarcula

258 2765 358 2819 vix
385 2763 496 2819 hoc
543 2780 692 2836 opus
751 2764 1030 2836 pervenit.
1063 2763 1278 2820 Saeculo
1323 2764 1559 2820 demum
1609 2780 1710 2834 xu,
1746 2765 1910 2836 Hugo

257 2852 634 2920 Etherianus,
683 2853 784 2925 qui
830 2854 982 2926 apud
1045 2853 1378 2910 Manuslem
1431 2853 1452 2908 Ι
1498 2853 1910 2924 imperatorem

257 2943 544 3016 singulari
577 2943 873 2999 fruebatur
914 2944 1119 3014 gratia,
1152 2943 1291 2999 illud
1335 2961 1450 3015 pra
1497 2945 1768 3001 manibus
1799 2945 1906 3002 ha-

246 3035 376 3090 buit
396 3050 464 3088 ac
500 3032 558 3088 in
589 3033 706 3088 suis
729 3032 892 3089 libris
921 3033 991 3088 ad
1017 3032 1404 3089 Alexandrum
1439 3034 1514 3089 III
1537 3034 1736 3090 missis
1759 3052 1909 3092 non-

244 3123 414 3178 nulla
452 3122 582 3192 ejus
621 3120 812 3194 capita
853 3122 1168 3178 confutavit
1195 3123 1328 3194 (25).
1361 3124 1462 3180 Est
1490 3130 1682 3180 autem
1716 3125 1904 3198 Hugo,

250 3215 315 3267 ut
365 3211 600 3283 Opinor,
635 3210 1017 3267 nobilissimi
1068 3211 1352 3284 theologis
1401 3219 1902 3282 annumerandus,

249 3300 348 3371 qui
381 3299 442 3356 in
475 3316 541 3355 eo
568 3316 708 3356 sane
741 3317 852 3356 non
887 3301 1288 3373 imprudenter
1326 3304 1460 3376 egit,
1494 3305 1645 3374 quod
1677 3307 1902 3361 Graeco-

244 3407 378 3446 rum
436 3389 669 3446 Patrum
727 3390 974 3446 lectione
1038 3391 1297 3448 nutritus
1350 3393 1628 3464 loquendi
1681 3411 1901 3451 morem

240 3498 452 3539 eorum
501 3480 763 3537 studiose
807 3485 1045 3538 secutus
1094 3482 1468 3555 imitatusque
1497 3488 1586 3540 est
1631 3485 1767 3557 (26),
1792 3502 1903 3555 quo

229 3569 598 3636 faciliorem,
631 3578 913 3642 quantum
959 3575 1178 3642 posset,
1211 3573 1282 3628 ad
1315 3572 1697 3630 desideratam
1738 3576 1902 3632 unio-

243 3675 389 3716 nem
448 3662 733 3716 sterneret
791 3660 939 3715 viam
973 3680 988 3729 ;
1023 3661 1232 3732 quain
1285 3677 1367 3730 re,
1390 3661 1524 3718 licet
1572 3678 1726 3735 saepe
1758 3665 1905 3720 dura

235 3748 587 3806 Latinorum
609 3747 945 3820 theologicis
966 3751 1208 3806 auribus
1239 3750 1364 3820 ejus
1407 3751 1584 3808 dictio
1615 3753 1900 3815 videatur.

234 3836 585 3894 laudandus
615 3837 829 3910 potius,
862 3854 1035 3911 quam
1068 3839 1818 3910 culpandusest.Caaterum
1850 3847 1896 3902 si

235 3944 364 3985 non
398 3933 612 3983 cuncta
644 3932 913 3984 accurate
944 3930 1339 4001 pertractavit,
1373 3932 1711 3989 meminisse
1740 3951 1904 4005 opor-

232 4027 344 4088 tet,
370 4017 587 4074 saeculo
626 4035 706 4074 xu
739 4035 853 4075 non
893 4036 1022 4076 eam
1071 4019 1374 4094 theologia
1419 4015 1698 4094 ἀκρίϐειαν
1729 4025 1901 4096 [t39[,

307 4147 458 4231 (ξι)
480 4147 670 4231 (ἔρξαι.
721 4149 844 4231 Βίν.
894 4148 1402 4231 εςσζρικοοηίεηιρι.
1447 4149 1714 4231 (Ξαῌειῐιᾱ.
1746 4151 1901 4231 Xlll,

228 4235 289 4292 p.
320 4219 460 4294 209
493 4235 507 4286 ;
552 4219 735 4294 _Bo_na,
768 4221 903 4294 Rer.
927 4220 1032 4294 Lit.
1080 4219 1120 4276 l.
1157 4237 1234 4287 lt;
1289 4219 1897 4294 RaynaudLOizomast.

229 4289 506 4373 [incitam
621 4291 815 4373 Dajtis
837 4291 906 4373 ad
941 4293 1076 4346 dist.
1124 4295 1180 4360 2,
1217 4299 1292 4373 De
1320 4289 1898 4373 co'ztsecr.§elvaggio

225 4364 426 4444 Iusti}.
461 4364 638 4444 (ἔνιαι).
683 4361 984 4444 ΟΙιρΙηιι,
1018 4380 1072 4444 p_.
1109 4365 1312 4444 i_._c._6,
1335 4365 1444 4444 §_5,
1480 4382 1538 4420 n.
1571 4366 1654 4444 15ἶ

266 4434 439 4518 ,(22)
473 4435 640 4518 Ριῒιοίξ.
693 4435 859 4518 epist.
898 4438 948 4518 1“,
983 4435 1058 4490 ad
1117 4435 1288 4518 Mich.
1344 4437 1732 4518 BulgLnnJ‘Zt.
1766 4438 1897 4509 (An-

229 4505 386 4578 tiqu.
421 4506 541 4560 lect.
577 4505 751 4561 Canis
782 4506 871 4561 ed.
904 4505 1166 4579 Basnage
1199 4509 1271 4574 ΙΙ,
1303 4523 1364 4574 ιι,
1400 4505 1638 4579 ρῖ397.)
1775 4505 1784 4509 ⁷

299 4577 423 4648 (23)
469 4577 607 4633 Vide
664 4593 758 4647 op.
794 4581 979 4632 nostr.
1033 4593 1084 4633 c.
1139 4578 1249 4647 53;
1299 4578 1544 4648 Amphil.
1588 4580 1678 4648 28,
1740 4582 1896 4648 apud

286 4577 423 4648 ’(23)
469 4577 607 4633 Vide
664 4593 758 4647 op.
794 4581 979 4632 nostr.
1033 4577 1249 4647 c.'53;
1299 4577 1544 4652 Amphil.
1588 4580 1678 4648 28,
1740 4598 1852 4653 apu

225 4649 503 4720 Scottum
536 4665 594 4720 p.
624 4649 695 4703 26
725 4658 779 4704 et
811 4665 930 4718 seq.

303 4719 431 4791 (24)
477 4719 666 4802 Quam
713 4721 944 4802 (ξιιμ-20
1003 4725 1241 4802 vocarat
1289 4723 1556 4802 apetépav
1601 4743 1901 4802 μυσταγρ-

226 4790 675 4874 γίανίροὶὶὶοει
724 4790 1049 4848 doctrinam
1097 4810 1130 4848 a
1186 4790 1409 4850 Christo
1457 4790 1618 4850 Joan'.
1667 4813 1760 4866 xv,
1793 4790 1898 4867 '26,

229 4868 635 4921 enuntiatam.
683 4866 950 4919 eamdem
1008 4880 1130 4921 can.
1184 4866 1255 4921 23
1285 4866 1425 4921 dicit
1455 4864 1717 4921 προτέραν
1779 4868 1898 4921 θεο-

229 4866 635 4932 enuntiatam,
683 4866 950 4919 eamdem
1008 4880 1130 4936 cap.
1184 4866 1255 4921 23
1285 4866 1425 4921 dicit
1455 4866 1717 4940 προτέραν
1779 4866 1900 4922 0:04-

231 4930 456 5018 λργίαν.
491 4935 624 5006 Cap.
660 4936 728 4989 67
759 4936 837 4991 ait
879 4951 911 5018 ἐ
953 4936 1566 5018 Admirabileniillam
1607 4944 1896 5018 mystago-

229 5009 430 5090 giam,
481 5022 583 5087 per
637 5023 809 5090 quam
877 5007 1159 5090 Spiritum
1221 5025 1286 5090 ea
1349 5011 1521 5090 Patre
1587 5007 1899 5090 precedere

229 5075 570 5160 theologica
589 5075 809 5162 ratione
829 5075 1668 5162 praedicamus.(tleoltoycipév),
1701 5085 1899 5162 adver-

226 5153 428 5232 sarios
461 5157 783 5219 pervertere
809 5153 1061 5222 propriis
1077 5153 1199 5206 suis
1222 5153 1519 5224 figmentis
1541 5158 1598 5210 et
1619 5155 1899 5212 inventio-

225 5225 618 5375 Iflfzgoaog
646 5293 718 5375 ad
743 5291 1081 5375 versionem.
1099 5294 1409 5375 verborum
1443 5295 1896 5375 PhotiiAattinet,

221 5364 447 5439 durius
489 5366 719 5434 judicat
758 5364 1023 5439 Petavius
1062 5367 1162 5434 (De
1196 5368 1339 5422 Trin.
1394 5385 1489 5438 vn,
1541 5385 1591 5424 c.
1623 5369 1678 5437 2,
1711 5386 1768 5424 n.
1814 5364 1892 5439 4),

225 5435 821 5522 liugonem‘eaunon
854 5437 1068 5522 integre
1114 5435 1512 5522 transtulisse.
1542 5435 1766 5522 Verum.
1790 5435 1895 5496 Pe?-

223 5509 430 5564 tavius
459 5525 492 5563 e
521 5508 712 5564 Photii
745 5526 775 5563 ο
823 5509 1018 5564 eribus
1039 5511 1394 5580 encyclicam
1426 5515 1655 5568 tantum
1680 5512 1895 5582 episto-

224 5577 354 5634 lam
392 5579 488 5635 hic
518 5526 856 5653 praeocuris
900 5579 1175 5653 habuisse
1205 5582 1459 5649 videtur,
1489 5599 1595 5639 nec
1626 5589 1891 5641 nostrum

229 5601 354 5634 ιιω
392 5601 488 5635 DIC
518 5601 638 5653 pra:
669 5601 856 5637 OCUUS
900 5601 1175 5637 [18001886
1205 5601 1459 5649 γιαθιυιι,
1489 5601 1595 5639 nec
1626 5601 1891 5641 nostrum

229 5667 390 5778 εἴη
439 5651 718 5734 inspexit,
750 5668 779 5706 e
809 5668 924 5734 quo
956 5652 1074 5708 fere
1105 5654 1298 5710 omnia
1335 5653 1525 5711 Photii
1561 5657 1733 5712 verba
1763 5671 1890 5728 quas

317 5726 429 5779 ert.
464 5723 566 5779 ille
596 5724 947 5779 desumnmt.

308 5739 429 5791 ert,
464 5739 566 5779 me
596 5739 947 5794 desumpsit.

308 5794 423 5862 (26)
477 5795 574 5852 Sic
612 5811 790 5852 causae
837 5793 1094 5866 nomine,
1127 5813 1288 5871 aeque
1335 5813 1403 5857 ac
1442 5799 1618 5857 Greci
1656 5799 1894 5858 vocibus

1944 1842 1990 1908 Β

1935 3159 1976 3227 C

1927 4491 1976 4558 D

2028 701 2177 757 rium
2211 715 2451 755 suarum
2498 699 2752 772 inopiam
2798 707 2850 756 et
2882 700 3151 756 sublimis
3196 701 3467 769 materia,
3501 717 3674 772 quam

2031 790 2337 855 tractabat,
2397 789 2824 845 difficultatem.
2880 792 2946 845 In
2997 793 3214 861 prafat.
3251 791 3324 845 ab
3374 790 3473 845 lib.
3507 807 3570 846 ιιι
3601 793 3675 847 De

2027 880 2328 938 haeresibus
2385 895 2520 951 quas
2569 880 2742 935 Graeci
2782 880 2840 934 in
2885 879 3107 934 Latinos
3153 879 3445 934 devolrunt
3501 879 3671 950 (Bibl.

2025 973 2135 1027 PP.
2168 987 2318 1025 max.
2356 971 2532 1042 Ludg.
2569 968 2745 1038 XXII,
2781 986 2836 1039 p,
2873 969 3006 1023 1237
3038 985 3069 1024 c
3100 969 3138 1040 ),
3173 991 3200 1019 ‹‹
3234 968 3314 1024 De
3347 969 3454 1024 hac
3485 973 3673 1025 mate-

2027 1062 2134 1128 ria,
2167 1061 2379 1133 inquit,
2413 1060 2581 1116 edere
2627 1057 2847 1130 aliquid
2883 1057 3248 1112 formidabile
3278 1063 3402 1124 est;
3437 1074 3569 1113 nam
3611 1059 3672 1116 in

2025 1151 2119 1208 his
2151 1168 2265 1207 non
2306 1149 2497 1206 solum
2538 1149 2773 1204 infirma
2813 1147 3054 1202 facultas
3085 1146 3326 1203 rationis
3365 1147 3668 1202 orationis-

2026 1257 2161 1313 que,
2185 1255 2387 1296 verum
2407 1238 2764 1294 validissima
2794 1237 2886 1292 vix
2915 1251 2975 1292 se
2997 1253 3028 1290 a
3060 1236 3358 1292 mendacio
3391 1241 3672 1308 temperat

2024 1335 2080 1387 et
2110 1331 2182 1386 ab
2223 1329 2566 1387 inconsultis
2597 1328 2913 1383 erroribus.
2948 1348 2976 1377 »
3021 1326 3164 1381 Hinc
3210 1343 3314 1382 nos
3354 1326 3504 1382 inter
3549 1342 3666 1394 eos,

2025 1438 2169 1494 quos
2189 1421 2572 1494 sequentibus
2595 1418 2802 1474 harum
2831 1417 3384 1474 animadversionum
3408 1415 3668 1472 articulis

2024 1521 2224 1568 contra
2243 1512 2511 1567 Photium
2537 1505 3667 1580 disputantesinducemus,haudinfimo

2025 1601 2301 1658 subsellio
2326 1600 2703 1656 Etherianum
2730 1597 3137 1654 collocandum
3162 1612 3284 1651 esse
3305 1595 3411 1650 rati
3435 1611 3666 1652 sumus.

2024 1691 2217 1761 Neque
2241 1690 2509 1755 minoris,
2538 1688 2595 1744 in
2617 1687 2820 1744 multis
2841 1687 3016 1743 etiam
3041 1686 3281 1756 majoris
3303 1685 3668 1740 auctoritatis

2025 1785 2114 1836 est
2142 1780 2310 1836 Joau.
2349 1778 2807 1847 Beccus,virtute
2831 1792 2896 1833 ac
2910 1777 3173 1832 doctrina
3188 1790 3350 1846 atque
3369 1773 3670 1831 nobilissi-

2022 1886 2155 1927 mus
2204 1868 2654 1941 Byzantiuorum
2710 1865 3060 1938 patriarcha,
3094 1864 3195 1936 qui
3248 1879 3350 1936 pro
3397 1878 3531 1919 vero
3562 1865 3669 1920 do-

2021 1964 2238 2034 gmate,
2271 1958 2451 2015 semel
2483 1975 2547 2013 ac
2580 1956 2722 2011 illud
2755 1955 3044 2028 cognovit,
3065 1961 3301 2010 strenue
3331 1955 3662 2024 decertavit,

2021 2050 2118 2121 qui
2146 2054 2203 2105 et
2232 2049 2504 2121 operibus
2535 2054 2589 2103 et
2620 2045 2926 2117 discipulis
2952 2045 3075 2100 suis
3107 2044 3433 2100 Graecorum
3479 2045 3663 2100 natio-

2022 2156 2154 2198 nem
2172 2139 2315 2194 mire
2336 2137 2667 2192 illustravit.
2689 2135 2837 2190 Illud
2851 2139 3045 2190 tamen
3061 2133 3405 2198 notandum,
3419 2137 3662 2188 Beccum

2020 2230 2080 2286 in
2129 2233 2277 2286 orat.
2312 2229 2382 2283 de
2427 2243 2526 2282 un.
2571 2224 2720 2280 Eccl.
2773 2224 2968 2295 (Graec.
3014 2223 3154 2279 orlh.
3197 2225 3241 2288 l,
3274 2239 3328 2294 p.
3383 2222 3662 2294 154-180),

2021 2321 2162 2376 dum
2196 2318 2382 2375 Photii
2425 2322 2769 2388 argumenta
2799 2314 3067 2386 quaedam
3109 2312 3329 2385 profert
3373 2329 3438 2368 ac
3472 2311 3660 2379 solvit,

2021 2427 2138 2466 non
2169 2411 2436 2464 nostrum
2452 2422 2596 2479 opus
2626 2404 2897 2475 allegare,
2920 2403 3022 2458 sed
3051 2402 3396 2474 opusculum
3418 2400 3662 2458 alterum

2022 2499 2094 2557 ab
2125 2497 2432 2570 Euthymio
2461 2496 2759 2568 vulgatum
2785 2512 2800 2562 ;
2835 2493 2983 2549 libro
3014 2509 3145 2549 vero
3182 2509 3268 2559 ιιι,
3303 2493 3375 2547 ad
3405 2490 3665 2547 Theodo-

2022 2606 2153 2646 rum
2203 2588 2462 2660 Sugdaaaa
2510 2585 2848 2656 episcopum
2890 2582 3044 2654 (ibid.
3097 2581 3163 2650 ll,
3196 2599 3252 2653 p.
3288 2581 3390 2636 133
3421 2582 3570 2653 seq.)
3598 2596 3667 2636 ex

2020 2681 2120 2736 illo
2151 2679 2454 2736 manifeste
2475 2676 2756 2733 hausisse.
2780 2673 2913 2744 Alii,
2933 2673 3207 2746 quihunc
3244 2671 3432 2728 Photii
3451 2671 3664 2728 librum

2022 2769 2399 2828 refellendum
2433 2767 2544 2823 sibi
2576 2764 2957 2836 sumpserint,
2992 2763 3110 2819 noti
3161 2762 3270 2818 huc
3314 2777 3502 2833 usque
3549 2778 3663 2817 non

2021 2863 2202 2928 sunt;
2231 2858 2334 2914 sed
2393 2854 2586 2929 quoad
2633 2870 2752 2910 rem
2784 2855 2912 2925 ejus
2951 2857 3316 2924 argumenta,
3349 2868 3475 2922 qua
3506 2851 3663 2907 inse-

2018 2950 2318 3021 quentium
2371 2946 2716 3004 saeculorum
2773 2942 3161 2998 schismaticis
3226 2940 3400 2997 veluti
3479 2941 3663 2996 facem

2018 3038 2422 3112 praeferebant,
2453 3034 2690 3108 plurimi
2722 3032 2973 3104 theologi
3006 3030 3246 3087 feliciter
3292 3037 3663 3086 enervarunt.

2016 3128 2132 3185 Nos
2163 3129 2303 3184 dum
2359 3126 2548 3182 varios
2580 3129 2846 3180 auctores
2895 3122 2956 3176 in
2983 3121 3239 3176 medium
3294 3120 3662 3189 proferimus,

2015 3218 2150 3274 licet
2198 3216 2394 3273 selecti
2428 3215 2466 3270 ii
2523 3214 2662 3280 sint,
2714 3227 3080 3283 nequaquam
3121 3209 3465 3280 singulorum
3511 3207 3663 3262 dicta

2011 3310 2210 3364 nostra
2244 3307 2432 3361 facere
2454 3303 2836 3369 intendimus,
2870 3317 3071 3356 verum
3105 3299 3299 3370 potius
3340 3313 3454 3352 uno
3484 3296 3661 3352 veluti

2011 3402 2324 3468 conspectu
2375 3410 2443 3451 ea
2504 3392 2800 3460 exhibere,
2849 3407 2976 3462 quas
3021 3407 3054 3445 a
3118 3388 3381 3456 diversis,
3429 3386 3660 3442 diverso

2013 3494 2291 3558 tempore,
2324 3501 2389 3541 ac
2422 3500 2524 3556 pro
2570 3481 2724 3538 varia
2761 3479 2979 3552 ingenii
3028 3477 3536 3548 institutionisque
3566 3475 3663 3530 in-

2013 3577 2166 3647 dole,
2215 3584 2414 3633 contra
2457 3574 2721 3647 argutias
2759 3571 2890 3627 illas
2943 3569 3116 3626 modo
3173 3568 3416 3626 feliciori
3457 3570 3659 3634 marte,

2015 3669 2186 3724 modo
2211 3683 2326 3723 non
2357 3665 2497 3722 satis
2530 3663 2704 3730 felici,
2740 3678 2852 3718 non
2886 3665 3080 3717 tamen
3113 3659 3240 3716 sine
3290 3657 3404 3714 ullo
3455 3657 3662 3713 funda-

2013 3759 2250 3826 mento,
2276 3755 2737 3828 proferebantur.

2088 3847 2173 3900 12.
2207 3849 2272 3898 At
2303 3843 2598 3898 enimvero
2630 3842 2807 3912 hujus
2850 3840 3041 3912 operis
3101 3838 3342 3908 pretium
3377 3836 3661 3909 theologi-

2010 3951 2149 3992 cum
2196 3939 2253 3990 et
2301 3932 2536 3988 aliunde
2587 3935 2762 4001 patet.
2809 3930 2970 3993 Quod
3021 3928 3092 3985 ad
3151 3943 3357 3999 pugnas
3389 3926 3548 3981 illius
3588 3927 3658 3981 de

2011 4025 2267 4097 Spiritus
2298 4021 2484 4078 sancti
2525 4020 2674 4092 [140]
2716 4018 3086 4090 processione
3116 4017 3272 4072 varia
3306 4015 3490 4072 stadia
3519 4031 3658 4085 pro-

2011 4149 2186 4210 αἰτίας
2219 4153 2275 4206 et
2324 4149 2498 4223 ᾇρχῆς
2529 4145 2856 4223 promiscue
2903 4148 3176 4223 utuntur,
3197 4142 3413 4223 passim
3445 4140 3655 4223 princi-

2008 4226 2167 4296 pium
2197 4213 2508 4296 signiticet,
2529 4213 2684 4296 quod
2711 4216 2999 4296 posterius
3021 4213 3366 4296 vocabulum
3385 4213 3659 4296 gravissi-

2011 4285 2125 4351 mis
2153 4285 2308 4348 ducti
2343 4285 2671 4348 rationi-bus
2702 4285 2856 4362 (vide
2893 4290 3092 4343 Thom.
3127 4286 3279 4362 Sunt.
3312 4302 3369 4362 p.
3402 4302 3442 4351 ι,
3475 4285 3652 4362 q:_33,

2009 4385 2062 4421 a.
2099 4368 2124 4422 1
2159 4367 2230 4421 ad
2264 4367 2289 4420 1
2325 4371 2380 4420 et
2421 4365 2631 4434 Opusc.
2665 4357 2871 4434 centra
2901 4361 3082 4417 Graec.
3131 4359 3197 4434 ad
3235 4357 3443 4434 Urbau.
3481 4356 3568 4424 IV,
3601 4373 3652 4412 c.

2007 4440 2083 4510 7),
2119 4431 2510 4510 prtetulerunt
2538 4435 2748 4510 Latini.
2780 4433 2906 4488 Alia
2945 4431 3211 4501 exempla
3255 4431 3656 4510 in_tra_.sup‘pe-:

2007 4498 2371 4566 d't'ta'buntur.
2408 4507 2730 4563 Universim
2760 4522 2892 4560 vero
2940 4520 3087 4574 opus
3117 4498 3325 4557 nostri
3359 4498 3655 4574 ifl‘heologi

2008 4581 2200 4654 quoad
2231 4582 2509 4650 majorem
2543 4585 2764 4650 partem
2797 4578 2938 4633 adeo
2971 4571 3298 4632 Graecorum
3339 4571 3653 4626 dictionem

2008 4655 2246 4703 redolet.
2283 4657 2346 4703 ut
2369 4651 2509 4703 illud
2545 4651 2734 4703 notius
2763 4666 2794 4703 e
2835 4648 3029 4703 Graeco
3051 4647 3110 4701 in
3141 4645 3409 4700 Latinum
3442 4658 3652 4698 sermo«

2007 4651 2246 4720 redolet,
2283 4657 2346 4706 ut
2369 4651 2509 4706 illud
2545 4651 2734 4721 potius
2763 4666 2794 4704 e
2835 4651 3029 4704 Graeco
3051 4651 3110 4701 in
3141 4651 3409 4700 Latinum
3442 4658 3652 4698 sermo-

2007 4741 2140 4781 nem
2171 4723 2521 4798 translatum
2548 4723 2977 4798 diceres_,_quam
3005 4717 3213 4798 Latine.
3236 4715 3652 4797 conscriptum,

2008 4798 2120 4852 nisi
2152 4796 2389 4851 aliunde
2418 4803 2728 4859 constaret,
2763 4789 3060 4862 Hugonem
3094 4789 3294 4844 Latine
3326 4789 3652 4862 scripsisse.

2006 4868 2241 4923 Exstitit
2268 4870 2415 4922 teste
2443 4863 2674 4920 'Allatio
2717 4858 2829 4934 ’(De
2853 4858 3056 4918 Eccles.
3096 4859 3467 4934 consensione,
3507 4858 3546 4912 l.
3589 4874 3651 4934 n_,

2007 4955 2059 4995 c.
2088 4943 2143 5006 2,
2184 4957 2236 5008 p.
2295 4938 2430 5006 654)
2461 4929 2888 5008 Graecanliujus
2944 4934 3136 5008 operis
3183 4929 3393 5008 versio,
3425 4945 3556 5000 qua
3602 4931 3651 4985 si

2007 5003 2300 5080 publicata
2347 5003 2803 5080 foret.rrfacilius'
2862 5006 2933 5060 de
2979 5003 3090 5080 hac
3121 5020 3180 5058 re
3219 5003 3648 5080 judicaremus.

2006 5073 2147 5140 Mihi
2177 5099 2291 5137 non
2331 5078 2667 5135 incredibile
2703 5079 2932 5133 videtur
2980 5073 3282 5148 Hugonem
3315 5073 3652 5148 Constanti-

2006 5154 2201 5228 n0poli
2242 5153 2434 5209 Greece
2465 5149 2725 5222 quaedam
2777 5166 2880 5222 pro
2930 5146 3278 5220 imperatore
3317 5146 3648 5217 scripsisse,

2004 5227 2126 5282 haec
2184 5241 2315 5281 vero
2370 5224 2571 5279 Latino
2620 5222 2850 5282 eloquio
2891 5237 3095 5276 rursus
3135 5223 3475 5282 pertractata
3506 5216 3648 5272 etin

2005 5233 2126 5282 haec
2184 5241 2315 5281 vero
2370 5233 2571 5279 Latino
2620 5233 2850 5293 eloquio
2891 5237 3095 5276 rursus
3135 5233 3475 5290 pertractata
3506 5233 3560 5272 et
3588 5233 3649 5271 in

2002 5297 2314 5355 treslibros
2327 5299 2596 5370 congesta
2609 5293 2814 5370 amicis
2827 5291 3294 5370 occidentalibus
3314 5289 3650 5370 tradidisse.

2002 5370 2378 5426 Prtel‘atiunes
2408 5361 2693 5422 librorum
2738 5365 2999 5435 ejusdem
3032 5363 3244 5435 legenti
3275 5361 3485 5435 id__uon
3521 5361 3650 5435 sine

2004 5442 2383 5498 fundamento
2413 5438 2634 5495 dictum
2666 5431 2986 5508 apparebit.
3013 5431 3254 5508 Domum
3289 5432 3433 5488 mihi
3457 5440 3509 5488 et
3540 5431 3649 5508 hoc

2043 5528 2342 5568 ersuasum
2375 5503 2897 5582 est,quigHug'ouis
2931 5505 3505 5582 philosophcmataet
3528 5503 3650 5557 dia-

2026 5585 2237 5641 ecticos
2263 5575 2540 5638 excursus
2573 5575 2811 5637 uberius
2833 5575 3124 5635 scrutatus
3150 5575 3340 5645 fuerit,
3364 5575 3500 5630 inde
3529 5589 3645 5645 non

2001 5658 2240 5728 exiguos
2273 5656 2495 5710 fructus
2528 5669 2628 5723 pro
2655 5652 2898 5728 historia
2931 5650 3307 5721 philosophiae
3329 5644 3512 5702 medii
3542 5644 3644 5698 aevi

2001 5723 2134 5786 ante
2165 5729 2448 5785 Thomam
2483 5741 2617 5781 eum
2652 5723 3051 5780 collecturum.
