4058 6216
315 392 436 453 iis
1039 394 1143 454 DE
1187 392 1250 454 s.
1299 392 1494 454 SPIR.
1543 393 2079 456 MYSTAGOGIA.
2131 427 2202 438 —
2244 393 3021 462 ANIMADVERSIONES.
3599 365 3860 468 414V

3571 239 3648 288 \X‘

3639 291 3716 342 ap."

311 527 701 582 decertarunt.
732 527 1019 598 Attamen,
1046 530 1109 582 ut
1139 543 1332 600 pugna
1355 527 1567 584 Graecis
1590 544 1620 585 e
1648 535 1773 584 voto
1804 529 1963 585 cede-
1992 530 2046 597 Α
2077 528 2241 584 duxit
2271 529 2535 600 Photius,
2585 532 2684 586 sed
2728 536 2784 588 et
2825 533 3100 592 methodo
3150 537 3404 608 quadam
3433 541 3491 595 et
3520 542 3714 598 studio

309 619 416 683 ret,
457 619 618 671 certa
649 616 911 686 quaedam
945 617 1232 689 principia
1263 621 1426 673 erant
1449 617 1878 687 constituenda,
1907 623 1962 674 et

309 704 525 776 quibus
556 705 823 761 doctrina
857 705 1082 762 Latinis
1103 707 1391 763 contraria
1420 705 1797 777 stabiliretur,
1822 724 1962 778 quo-

307 810 560 866 rumque
594 811 703 866 ope
740 796 1152 851 auctoritatum
1185 796 1341 852 dicta
1368 813 1544 869 scopo
1566 798 1963 852 accommoda-

305 893 528 941 rentur.
565 885 633 940 Et
664 885 757 940 hic
788 885 897 940 fuit
927 885 1118 942 Photii
1149 885 1332 955 labor,
1367 887 1464 959 qui
1497 902 1600 958 pro
1629 885 1720 942 sui
1743 886 1960 955 ingenii

305 975 588 1031 facultate
637 990 705 1030 ea
754 975 978 1046 primus
1026 976 1224 1046 posuit
1275 976 1649 1032 fundamenta
1687 979 1743 1031 et
1773 975 1955 1031 facem

303 1065 561 1139 praetulit
583 1066 810 1121 cunctis
841 1067 1103 1137 ejusdem
1136 1067 1438 1122 sententia
1463 1067 1751 1139 patronis;
1788 1067 1956 1122 uber-

302 1155 520 1212 rimum
567 1155 695 1228 ipse
745 1156 961 1212 fontem
1012 1156 1262 1228 aperuit,
1305 1173 1374 1213 ex
1425 1173 1539 1228 quo
1591 1173 1694 1227 per
1743 1157 1956 1213 saecula

302 1245 674 1317 insequentia
702 1246 976 1318 pleraque
1017 1263 1122 1302 sua
1154 1245 1422 1312 hausere,
1458 1247 1795 1320 quicunque
1825 1247 1952 1316 Spi-

301 1335 452 1390 ritus
495 1334 685 1392 sancti
735 1351 803 1391 ex
853 1335 1002 1392 Filio
1029 1336 1465 1408 processionem
1507 1337 1950 1408 impugnarunt.

373 1424 463 1480 13.
500 1425 756 1480 Rationes
795 1424 1116 1493 theologica:
1151 1423 1656 1482 schismaticorum
1706 1441 1773 1481 ex
1805 1441 1952 1481 non-

302 1511 482 1570 nullis
513 1513 823 1586 principiis
854 1513 1109 1570 maxima
1139 1531 1207 1570 ex
1241 1518 1402 1587 parte
1424 1515 1678 1586 pendent
1698 1532 1728 1570 a
1751 1513 1951 1571 Photio

298 1602 418 1674 jam
450 1602 747 1659 stabilitis.
779 1603 910 1658 Haec
949 1605 1252 1674 axiomata,
1305 1605 1721 1660 struendorum
1754 1603 1952 1674 sophi-

303 1696 558 1749 smatum
594 1693 992 1761 fundamenta,
1027 1693 1124 1764 qui
1155 1694 1304 1748 bene
1353 1695 1734 1766 perspexerit,
1768 1692 1949 1748 artiﬁ-

2073 620 2348 676 acerrimo
2395 637 2526 676 cum
2575 627 2890 694 systemate
2921 625 3158 682 Patrum
3215 628 3537 701 theologico
3585 647 3711 688 eam

2071 716 2435 779 connectere,
2471 714 2664 768 sedem
2707 714 2759 768 ei
2808 721 3143 787 perpetuam
3191 719 3367 790 figere
3399 719 3457 775 in
3490 721 3713 779 Graeco-

2071 816 2198 856 rum
2231 801 2576 873 dogmaticis
2606 803 3090 873 institutionibus,
3135 825 3379 880 eamque
3412 811 3710 882 undequa-

2071 907 2180 962 que
2211 891 2438 946 munire
2467 907 2780 963 aggressus
2810 897 2918 949 est.
2952 894 3067 950 Nos
3115 896 3254 952 hinc
3303 898 3488 954 tribus
3528 901 3710 956 conti-

2070 984 2276 1036 nenter
2305 980 2570 1036 articulis
2601 987 2726 1038 tum
2760 991 3101 1054 argumenta
3149 1001 3217 1041 ex
3264 989 3610 1046 auctoritate
3638 991 3711 1046 ab

2069 1075 2318 1142 utraque
2350 1075 2508 1142 parte
2531 1071 2770 1144 prolata,
2795 1090 2917 1142 quae
2943 1074 2998 1128 in
3027 1074 3211 1130 Photii
3240 1076 3381 1133 libro
3404 1079 3708 1150 attingun-

2067 1163 2181 1227 tur,
2217 1159 2425 1216 deinde
2455 1160 2574 1216 haec
2608 1161 2735 1232 ipsa
2765 1161 3047 1218 Photiana
3069 1165 3379 1236 principia,
3413 1172 3706 1236 postremo

2066 1249 2288 1320 potiora
2313 1250 2570 1320 ejusdem
2595 1249 2954 1323 sophismata
2974 1251 3483 1324 perlustrabimus,
3506 1255 3706 1312 catho-

2063 1337 2309 1394 licorum
2344 1338 2744 1411 theologorum
2778 1339 3021 1397 selectae
3042 1343 3358 1398 sententias
3384 1345 3708 1417 responsio-

2063 1443 2287 1500 nesque
2318 1428 2724 1499 adjungentes.

2063 1533 2308 1614 [145111.
2342 1535 2764 1614 —-Arguv_menta
2817 1553 2886 1592 ex
2930 1539 3565 1614 auctoritateutrinque
3611 1558 3704 1614 pe-

2168 1611 2288 1674 tita,
2322 1621 2447 1677 quae
2475 1610 2695 1678 potiora
2726 1616 2875 1677 sunt,
2916 1611 3170 1665 examini
3204 1610 3596 1681 subjiciuntur.

2136 1697 2186 1749 1.
2220 1696 2381 1760 Quod
2431 1697 2500 1751 ad
2546 1703 2894 1770 argumenta
2969 1704 3190 1769 spectat
3241 1717 3309 1756 ex
3367 1703 3706 1758 auctoritate

303 1783 519 1839 ciosam
569 1781 802 1838 illorum
853 1782 1308 1854 disputationem
1355 1800 1423 1838 ex
1467 1784 1691 1854 integro
1740 1782 1952 1855 poterit
1979 1854 2013 1858 _
2062 1784 2261 1856 petita,
2296 1789 2460 1856 urget
2497 1785 2556 1841 in
2607 1787 2813 1857 primis
2846 1787 3088 1844 Photius
3120 1804 3168 1845 c.
3203 1790 3259 1858 2,
3291 1790 3463 1845 verba
3492 1791 3706 1848 Christi

301 1871 638 1942 dijudicare.
673 1870 914 1927 Photius
937 1877 1155 1942 autem,
1181 1877 1246 1929 ut
1270 1873 1385 1928 fere
1408 1871 1622 1944 ubique
1651 1871 1710 1926 in
1733 1854 1944 1928 talibus

2055 1875 2224 1930 Joan.
2271 1891 2360 1942 xv,
2420 1876 2534 1930 26:
2585 1877 2653 1931 Ὅ
2707 1874 2852 1950 παρᾶ
2908 1881 3003 1930 τοῦ
3063 1879 3272 1952 Πατρὸς
3330 1876 3704 1954 ἐκπορεύεται,

300 1976 406 2019 usu
439 1961 615 2026 venit,
649 1962 856 2016 miscet
884 1962 1025 2017 veris
1071 1961 1240 2034 falsa,
1285 1962 1531 2033 receptis
1560 1966 1618 2017 et
1647 1961 1940 2016 concessis

298 2053 602 2127 principiis
635 2069 930 2124 nunquam
963 2053 1323 2110 admittenda
1352 2069 1529 2124 eaque
1567 2053 1776 2109 callide
1805 2051 1944 2124 logi-

299 2161 376 2200 ca:
405 2142 831 2199 consecutionis
863 2142 960 2198 ﬁlo
991 2143 1141 2199 inter
1169 2159 1232 2199 se
1263 2143 1576 2199 connectit.
1622 2143 1784 2207 Quod
1809 2141 1949 2197 atti-

302 2238 397 2289 net
440 2234 510 2288 ad
561 2232 848 2305 principia
892 2232 1214 2304 theologica
1243 2232 1314 2288 ab
1355 2232 1624 2288 omnibus
1675 2230 1943 2300 admissa,

299 2322 394 2379 his
422 2321 796 2394 potissimum
829 2320 1007 2378 utitur
1036 2322 1278 2378 Photius
1304 2337 1316 2378 :
1352 2321 1395 2377 Ι.
1423 2321 1676 2378 Trinitas
1705 2325 1792 2377 est
1821 2336 1944 2376 om-

301 2411 436 2469 nino
507 2411 1084 2480 consubstantialis;
1147 2420 1262 2468 tres
1338 2428 1597 2484 personis
1679 2411 1945 2467 eamdem

296 2501 517 2558 habent
546 2500 787 2556 omnino
821 2505 1093 2558 naturam
1116 2507 1290 2574 atque
1312 2500 1653 2574 potentiam.
1679 2500 1747 2556 II.
1782 2500 1949 2556 Pater

298 2597 386 2649 est
416 2592 609 2664 prima
639 2608 836 2660 causa,
871 2593 1122 2665 primum
1168 2591 1540 2666 principium,
1575 2607 1640 2647 ex
1673 2608 1788 2664 quo
1819 2595 1946 2646 tum

295 2682 476 2739 Filius
510 2686 635 2737 tum
668 2682 920 2754 Spiritus
955 2686 1216 2753 sanctus,
1241 2684 1349 2740 etsi
1383 2698 1497 2738 non
1517 2682 1719 2737 eodem
1751 2681 1944 2748 modo,

300 2787 470 2828 suum
503 2787 630 2827 esse
661 2771 1037 2844 divinamque
1082 2773 1299 2830 habent
1351 2771 1685 2828 essentiam.
1719 2771 1816 2825 III.
1849 2771 1948 2826 Es-

296 2862 488 2917 sentia
516 2862 1003 2927 communicatur,
1035 2864 1134 2918 sed
1178 2861 1514 2934 personales
1566 2860 1948 2932 proprietates

291 2955 430 3008 sunt
462 2951 702 3006 omnino
733 2951 1342 3020 incummunicabiles,
1383 2951 1491 3020 vel,
1526 2957 1590 3007 ut
1630 2949 1948 3022 Gregorius

287 3041 690 3097 Nazianzenus
772 3040 1047 3112 loquitur,
1110 3041 1171 3095 τὸ
1220 3037 1362 3096 *ἰδιον
1421 3039 1646 3094 ἑκάστου
1719 3038 1949 3093 ἀκοινώ-

285 3149 478 3199 νητον.
514 3129 624 3201 (Cf.
657 3133 824 3185 Joan.
857 3129 1057 3187 'l‘heol.
1109 3147 1252 3188 sese.
1307 3133 1374 3186 18
1425 3129 1654 3187 concilii
1707 3128 1938 3186 Floren-
1971 3167 2023 3232 Ο

286 3221 421 3286 tini,
464 3219 642 3277 Hard.
675 3219 835 3276 Cone.
867 3225 1009 3276 tom.
1042 3221 1132 3293 IX,
1165 3240 1218 3290 p.
1249 3222 1407 3294 201.)
1434 3221 1529 3278 IV.
1555 3222 1850 3277 Servanda
1878 3221 1937 3276 in

287 3311 571 3366 omnibus
601 3314 690 3365 est
719 3309 915 3364 divina
947 3311 1308 3379 monarchia,
1337 3327 1454 3384 qua
1470 3310 1741 3380 Trinitas,
1767 3325 1939 3382 quam

285 3398 603 3456 Christiani
623 3399 887 3468 adorant,
911 3416 944 3454 a
967 3399 1300 3470 polyarchia
1345 3400 1718 3457 ethnicorum
1761 3415 1941 3456 secer-

286 3488 467 3544 nitur.
503 3486 648 3542 Cum
682 3487 774 3543 his
806 3486 916 3542 alia
947 3487 1114 3544 effata
1145 3494 1592 3557 connectuntur,
1625 3505 1752 3560 quae
1785 3489 1940 3561 apud

284 3577 588 3648 theologos
616 3581 673 3632 et
707 3578 859 3649 apud
893 3579 1091 3634 Patres
1123 3594 1238 3634 non
1273 3579 1468 3634 minus
1514 3584 1639 3634 rata
1668 3583 1724 3634 et
1753 3577 1941 3650 explo-

282 3673 410 3724 rata
433 3671 598 3724 sunt.
633 3667 744 3723 Sed
771 3665 1005 3739 propria
1044 3667 1233 3722 Photii
1281 3669 1572 3723 axiomata
1596 3668 1721 3739 jam
1761 3667 1943 3739 inspi-

285 3760 536 3814 ciamus.
575 3757 704 3812 Haac
736 3757 957 3828 potiora
990 3762 1166 3814 sunt:
1201 3759 1244 3813 Ι.
1271 3757 1410 3814 Filio
1431 3774 1666 3830 quoque
1687 3757 1943 3813 tribuere

282 3847 546 3920 Spiritus
599 3846 785 3902 sancti
839 3847 1219 3918 Spirationem
1273 3851 1362 3904 est
1408 3849 1514 3904 duo
1562 3848 1622 3902 in
1659 3847 1943 3903 Trinitate

280 3938 435 4011 [144]
489 3942 748 3992 statuere
792 3937 1096 4008 principia,
1145 3953 1329 4010 eaque
1377 3938 1530 3993 inter
1575 3954 1638 3995 se
1692 3937 1938 3993 diversa.

280 4025 355 4082 II.
390 4026 721 4082 Producere
768 4025 1050 4097 Spiritum
1099 4033 1364 4083 sanctum
1416 4027 1539 4082 sive
1589 4027 1812 4099 spirare
1851 4031 1942 4081 est

284 4113 641 4186 hypostatica
679 4115 867 4170 Patris
922 4117 1246 4187 proprietas.
1300 4116 1394 4172 III.
1446 4116 1612 4172 Pater
1653 4116 1938 4188 quidquid

282 4219 352 4262 ex
398 4219 464 4259 se
514 4209 582 4258 ut
629 4219 698 4260 ex
728 4219 907 4259 causa
947 4205 1235 4277 producit,
1266 4207 1482 4261 ratione
1518 4221 1780 4277 persona,
1829 4222 1938 4262 non

282 4298 488 4349 autem
533 4294 763 4348 ratione
803 4297 1048 4364 naturae,
1090 4295 1377 4366 producit.
1411 4295 1506 4350 IV.
1550 4294 1844 4365 Quidquid
1879 4297 1938 4350 in

281 4388 494 4440 sancta
525 4382 810 4438 Trinitate
836 4383 1184 4454 concipitur,
1216 4389 1313 4439 aut
1353 4386 1522 4440 trium
1554 4401 1936 4456 personarum

278 4486 575 4529 commune
605 4475 695 4527 est
722 4481 818 4526 aut
860 4490 1118 4544 persona:
1154 4475 1632 4546 uniusproprium.
1665 4473 1734 4530 V.
1784 4474 1938 4530 Nihil
1970 4493 2015 4559 D

280 4561 344 4618 in
373 4561 664 4618 Trinitate
696 4566 885 4632 potest
915 4579 1044 4619 esse
1090 4563 1300 4620 duabus
1345 4565 1591 4636 personis
1629 4581 1935 4621 commune.

279 4650 381 4706 VI.
415 4649 710 4721 Quidquid
744 4651 814 4706 de
843 4651 1125 4710 Triuitate
1173 4654 1404 4722 dicitur,
1447 4659 1542 4710 aut
1571 4655 1835 4710 naturate
1862 4659 1941 4710 est

279 4747 380 4794 aut
404 4739 812 4811 hypostaticum
862 4740 951 4812 (eo
1001 4742 1220 4798 scilicet
1267 4759 1443 4798 sensu
1487 4743 1939 4814 bypostaticum,

282 4844 401 4900 quo
435 4828 616 4884 unius
650 4846 908 4898 personae
941 4831 1478 4888 characteristicum
1510 4837 1566 4888 et
1597 4835 1938 4905 proprium).

280 4917 406 4975 VII.
445 4917 540 4973 Uti
576 4918 781 4984 Filius,
814 4921 895 4975 sic
921 4925 978 4976 et
1007 4921 1257 4992 Spiritus
1287 4927 1525 4978 sanctus
1553 4929 1640 4979 est
1669 4940 1732 4979 ex
1774 4927 1942 4978 Patre

281 5006 610 5064 immediate
631 5012 687 5064 et
713 5011 997 5088 proxime,
1032 5010 1190 5066 nullo
1224 5011 1416 5067 medio
1448 5013 1783 5068 exsistente.
1810 5013 1942 5068 Haec

278 5113 414 5154 vero
449 5097 746 5154 axiomata
777 5099 893 5155 fere
915 5099 1252 5170 omniajam
1274 5100 1698 5156 adduxitJoan.
1727 5102 1940 5157 Beccus

279 5192 404 5243 tum
441 5188 503 5243 in
536 5187 760 5244 Camat.
791 5189 1099 5246 Animadv.
1123 5189 1238 5261 (Gr.
1264 5192 1406 5246 orth.
1431 5192 1500 5259 II,
1537 5209 1591 5264 p.
1628 5191 1775 5259 191),
1809 5196 1937 5248 tum

279 5283 427 5333 orat.
462 5278 522 5345 2,
565 5279 634 5333 de
656 5279 1020 5351 depositione
1053 5278 1289 5350 injuste,
1341 5297 1390 5335 c.
1443 5281 1513 5334 54
1554 5281 1717 5348 (Ibid.
1751 5297 1807 5350 p.
1846 5281 1939 5350 '75)

278 5373 570 5438 tanquam
603 5384 636 5422 a
674 5368 882 5424 Photio
915 5369 1137 5424 invecta
1169 5375 1227 5425 et
1260 5375 1645 5442 propugnata.
1680 5370 1785 5426 Sec
1815 5369 1938 5426 haec

277 5455 340 5507 in
381 5453 528 5509 libro
574 5458 760 5509 nostro
795 5456 1018 5511 disertis
1062 5457 1240 5512 verbis
1290 5456 1684 5527 reperiuntur,
1714 5455 1772 5510 in
1823 5471 1937 5526 quo

278 5543 664 5612 potissimum
681 5543 1061 5615 theologicum
1073 5545 1202 5616 ejus
1216 5545 1463 5616 pretium
1481 5545 1940 5600 constituendum

277 5645 410 5688 esse
435 5648 776 5690 censemus.
811 5633 936 5690 Non
978 5635 1172 5691 solum
1223 5634 1548 5690 doctrinam
1583 5634 1652 5691 de
1683 5634 1937 5706 Spiritus

277 5722 471 5778 sancti
505 5737 578 5780 ex
597 5721 724 5780 solo
743 5722 914 5780 Patre
937 5723 1306 5797 processione
1327 5725 1482 5796 apud
1503 5724 1729 5781 Graecos
1749 5723 1938 5781 intro-

2055 1963 2367 2033 quasiinde
2385 1964 2565 2020 Filius
2579 1985 2608 2020 a
2621 1965 2872 2037 Spiritus
2887 1969 3071 2023 sancti
3087 1969 3403 2039 spiratione
3416 1969 3603 2027 activa
3614 1987 3714 2027 ex-

2054 2051 2386 2108 cluderetur
2415 2070 2594 2126 eaque
2615 2055 2718 2110 uni
2739 2056 2892 2111 Patri
2912 2057 3315 2112 vindicaretur.
3335 2058 3535 2115 Merito
3568 2077 3700 2116 cum

2051 2141 2216 2198 Petro
2251 2142 2657 2199 Mediolanensi
2678 2145 2773 2215 (De
2791 2159 2941 2215 proe.
2967 2145 3158 2216 Spirit.
3181 2157 3352 2202 sanet.
3380 2163 3426 2201 c.
3451 2150 3506 2214 6,
3531 2148 3697 2206 Grazc.

2051 2231 2262 2287 orthod.
2297 2232 2491 2287 Romae
2527 2234 2686 2298 1652,
2721 2241 2758 2288 t.
2792 2235 2835 2300 Ι,
2871 2251 2926 2306 p.
2960 2234 3085 2301 384,
3119 2235 3242 2306 385)
3296 2236 3406 2291 Leo
3455 2237 3699 2293 Allatius

2051 2319 2122 2391 (c.
2175 2319 2431 2392 Hotting.
2480 2340 2536 2394 p.
2583 2322 2707 2378 296.
2761 2322 2844 2378 Cf.
2897 2323 3117 2378 Enchir.
3171 2327 3248 2379 De
3291 2341 3438 2396 proc.
3493 2326 3684 2398 Spirit.

2051 2415 2225 2466 sanet.
2278 2411 2469 2466 Romae
2529 2412 2690 2477 1658,
2739 2429 2862 2482 cap.
2912 2413 2983 2485 γ’,
3037 2431 3093 2482 p.
3129 2413 3210 2485 ις’)
3248 2436 3268 2462 ι
3301 2415 3694 2471 criminantur

2051 2499 2408 2556 schismatici
2446 2500 2671 2556 Latinos
2711 2502 2864 2571 quod
2913 2503 3101 2557 verbis
3144 2502 3354 2558 Christi
3387 2503 3601 2560 addant
3630 2521 3700 2560 ea:

2050 2588 2212 2657 Filio,
2247 2604 2352 2646 nec
2383 2591 2737 2646 erubescunt
2775 2591 2888 2661 ipsi
2935 2592 3145 2647 addere
3184 2607 3255 2648 ea:
3283 2593 3418 2649 solo.
3451 2592 3703 2665 Utraque

2052 2681 2272 2738 additio
2304 2689 2430 2747 est;
2464 2683 2512 2738 si
2562 2687 2652 2738 est
2691 2683 3006 2755 culpanda,
3058 2701 3232 2756 quare
3279 2699 3391 2742 non
3439 2684 3497 2740 in
3547 2691 3703 2742 utro-

2051 2773 2211 2844 que?
2241 2792 2269 2820 »
2300 2771 2580 2827 Catholici
2629 2772 2886 2844 theologi
2941 2775 3294 2846 respondent
3349 2776 3700 2846 propositio-

2051 2878 2178 2917 nem
2213 2861 2382 2919 Joan.
2415 2879 2504 2928 xv,
2537 2863 2608 2916 26
2629 2879 2962 2934 expressam
2996 2880 3122 2920 esse
3154 2865 3559 2934 afﬁrmantem,
3587 2883 3699 2921 non

2049 2950 2452 3021 exeludentem,
2485 2969 2551 3007 ac
2585 2959 2862 3024 praeterea
2885 2952 3166 3024 implicita
3189 2954 3401 3009 Filium
3433 2954 3525 3010 hic
3549 2971 3701 3010 com-

2050 3042 2383 3108 memorari,
2414 3045 2537 3096 tum
2571 3058 2638 3096 ex
2671 3042 2862 3096 verbis
2892 3059 3024 3097 cum
3059 3043 3151 3097 his
3174 3043 3377 3098 intime
3398 3045 3695 3113 connexis,

2049 3134 2174 3185 tum
2235 3146 2304 3185 ex
2369 3131 2542 3186 certis
2596 3130 2938 3200 theologicis
3018 3131 3356 3202 principiis;
3407 3149 3510 3186 nec
3571 3133 3698 3187 sine

2052 3236 2249 3288 causa,
2310 3221 2424 3275 imo
2474 3236 2576 3292 pro
2629 3237 2784 3276 more
2835 3221 3268 3291 Scripturarurn
3329 3221 3699 3292 peculiariter

2049 3309 2200 3364 Patri
2231 3309 2413 3364 tribui
2443 3311 2819 3380 spirationem
2843 3329 2858 3378 ;
2884 3326 3071 3382 neque
3096 3311 3331 3366 demum
3357 3311 3692 3366 obfuturum

2049 3397 2231 3454 fuisse
2265 3398 2503 3467 Latinis,
2555 3398 2605 3454 si
2653 3399 2873 3454 dictum
2925 3404 3106 3455 esset:
3137 3400 3243 3464 Qui
3279 3417 3347 3455 ex
3376 3401 3488 3455 solo
3530 3399 3696 3455 Patre

2049 3487 2330 3559 procedit.
2380 3487 2606 3543 Etenim
2652 3488 3014 3562 regulariter,
3073 3493 3135 3544 ut
3193 3490 3272 3544 ait
3339 3489 3398 3545 S.
3449 3489 3703 3546 Thomas

2048 3576 2302 3646 (Summa
2348 3577 2513 3633 theol.
2549 3594 2603 3650 p.
2641 3579 2693 3647 1,
2743 3595 2800 3651 q.
2850 3578 2938 3648 36,
2990 3596 3041 3634 a.
3075 3581 3107 3632 2
3137 3579 3202 3633 ad
3258 3579 3333 3650 1),
3368 3601 3396 3628 ‹‹
3427 3579 3601 3634 etiam
3635 3578 3690 3632 in

2049 3683 2213 3723 sacra
2257 3667 2548 3738 Scriptura
2597 3669 2909 3724 tenendum
2959 3673 3066 3736 est,
3113 3669 3265 3740 quod
3314 3669 3372 3724 id
3423 3668 3576 3740 quod
3618 3669 3690 3723 de

2050 3756 2214 3811 Pater
2243 3757 2477 3828 dicitur,
2503 3763 2723 3830 oportet
2752 3757 2821 3814 de
2871 3758 3013 3814 Filio
3057 3758 3322 3826 intelligi,
3353 3759 3576 3814 etiamsi
3600 3758 3690 3812 di-

2047 3845 2153 3901 ctio
2183 3847 2459 3902 exclusiva
2480 3847 2735 3915 addatur,
2766 3847 2879 3902 nisi
2911 3848 3094 3902 solum
3143 3847 3199 3902 in
3240 3847 3355 3904 illis
3385 3848 3446 3904 in
3477 3847 3688 3917 quibus

2049 3934 2214 3991 Pater
2240 3941 2296 3990 et
2326 3935 2506 3992 Filius
2535 3937 2862 3991 secundum
2897 3936 3195 4007 oppositas
3228 3938 3538 3993 relationes
3570 3939 3692 3993 dis-

2048 4025 2422 4096 tinguuntur.
2452 4025 2596 4081 Cum
2626 4025 2782 4080 enim
2817 4026 3100 4080 Dominus
3152 4025 3355 4080 Matth.
3389 4043 3468 4094 x1,
3511 4026 3688 4081 dicit:

2049 4114 2212 4170 Nemo
2235 4113 2383 4168 novit
2411 4115 2613 4169 Filium
2645 4114 2755 4168 nisi
2791 4116 2964 4180 Pater,
3017 4130 3128 4168 non
3163 4113 3509 4180 excluditur,
3542 4115 3685 4186 quin

2050 4202 2230 4259 Filius
2257 4219 2318 4259 se
2351 4203 2544 4274 ipsum
2578 4209 2904 4275 cognoscat.
2942 4202 3253 4274 Sicigitur,
3286 4218 3418 4257 cum
3452 4203 3686 4272 dicitur,

2050 4296 2201 4366 quod
2245 4293 2499 4366 Spiritus
2548 4299 2784 4350 sanctus
2835 4311 2867 4348 a
2914 4293 3082 4348 Patre
3131 4292 3410 4364 procedit,
3463 4291 3692 4347 etiamsi

2050 4383 2363 4439 adderetur
2388 4381 2546 4456 quod
2576 4400 2610 4438 a
2640 4381 2762 4439 solo
2792 4386 2959 4437 Patre
3010 4381 3294 4453 procedit,
3342 4397 3457 4436 non
3498 4379 3692 4436 exclu-

2051 4473 2285 4528 deretur
2314 4475 2448 4529 inde
2497 4472 2704 4542 Filius,
2744 4473 2880 4545 quia
2929 4476 3214 4543 quantum
3260 4471 3330 4525 ad
3383 4469 3489 4525 hoc
3537 4470 3690 4541 quod

2049 4568 2140 4619 est
2168 4579 2292 4619 esse
2325 4563 2473 4636 [146]
2503 4562 2851 4632 principium
2878 4561 3128 4630 Spiritus
3153 4558 3360 4629 sancti,
3386 4575 3498 4615 non
3522 4575 3694 4630 oppo-

2053 4661 2272 4708 nuntur
2302 4653 2466 4708 Pater
2494 4658 2550 4708 et
2583 4652 2781 4717 Filius,
2815 4652 2914 4706 sed
2938 4649 3128 4705 solum
3165 4651 3450 4719 quantum
3483 4649 3555 4702 ad
3588 4647 3695 4703 hoc

2049 4747 2199 4817 quod
2235 4745 2328 4800 hic
2361 4750 2449 4800 est
2472 4745 2642 4800 Pater
2657 4749 2714 4799 et
2739 4743 2835 4797 ille
2862 4742 3060 4797 Filius.
3095 4763 3122 4790 »
3147 4739 3418 4795 Solemne
3438 4743 3527 4796 est
3548 4738 3691 4795 illud

2047 4834 2355 4904 Augustini
2387 4839 2574 4904 (tract.
2605 4834 2695 4896 99,
2720 4833 2778 4886 in
2797 4831 3030 4902 Joan.):
3069 4850 3094 4881 α
3120 4829 3178 4885 Si
3202 4845 3334 4897 ergo
3356 4830 3424 4884 de
3450 4829 3617 4885 Patre
3638 4834 3697 4884 et

2049 4924 2120 4979 de
2152 4922 2296 4978 Filio
2330 4923 2587 4992 procedit
2613 4920 2867 4992 Spiritus
2897 4923 3158 4984 sanctus,
3179 4934 3281 4974 cur
3303 4917 3482 4972 Filius
3508 4917 3690 4974 dixit:

2047 5013 2129 5068 De
2161 5015 2327 5066 Patre
2350 5009 2646 5080 procedit?
2667 5009 2798 5076 Cur,
2829 5012 3021 5079 putas,
3056 5006 3169 5063 nisi
3200 5007 3691 5079 quemadmodum

2047 5102 2118 5159 ad
2149 5117 2284 5156 eum
2315 5099 2460 5155 solet
2490 5099 2705 5154 referre
2735 5103 2792 5153 et
2823 5097 2977 5168 quod
3011 5097 3195 5167 ipsius
3235 5101 3342 5164 est,
3393 5096 3466 5152 de
3495 5113 3610 5168 quo
3641 5105 3694 5151 et

2046 5191 2172 5263 ipse
2225 5189 2356 5246 est?
2389 5188 2550 5244 Unde
2599 5187 2747 5242 illud
2793 5191 2879 5242 est
2923 5187 3077 5258 quod
3131 5185 3249 5240 ait:
3285 5186 3395 5242 Mea
3443 5185 3691 5241 doctrina

2043 5296 2152 5337 non
2174 5288 2249 5336 est
2279 5294 2421 5350 mea,
2445 5277 2538 5333 sed
2559 5277 2678 5348 ejus
2700 5279 2796 5350 qui
2832 5279 2983 5331 misit
3029 5292 3132 5331 me.
3167 5275 3224 5329 Si
3273 5275 3450 5348 igitur
3480 5275 3687 5330 intelli-

2043 5369 2201 5442 gitur
2259 5369 2350 5424 hic
2397 5368 2523 5438 ejus
2577 5367 2866 5433 doctrina,
2915 5381 3086 5437 quam
3133 5369 3325 5421 tamen
3387 5365 3531 5420 dixit
3578 5379 3688 5420 non

2042 5475 2222 5529 suam,
2255 5459 2354 5515 sed
2389 5457 2604 5512 Patris:
2639 5461 2854 5527 quanto
2891 5456 3075 5527 magis
3119 5453 3236 5509 illic
3267 5453 3693 5525 intelligendus

2042 5554 2133 5604 est
2162 5553 2217 5604 et
2251 5549 2319 5604 de
2351 5548 2478 5619 ipso
2532 5548 2842 5618 procedere
2876 5545 3124 5617 Spiritus
3176 5547 3436 5612 sanctus,
3477 5542 3577 5597 ubi
3608 5541 3690 5597 sic

2043 5637 2159 5693 ait:
2193 5639 2269 5693 De
2299 5638 2460 5692 Patre
2487 5635 2751 5708 procedit,
2807 5639 2870 5689 ut
2914 5650 3031 5689 non
3063 5633 3315 5689 diceret:
3350 5631 3423 5686 De
3460 5644 3544 5684 me
3579 5644 3685 5684 non

2043 5727 2336 5799 procedit?
2360 5748 2387 5776 »
2422 5725 2666 5782 Uberius
2692 5724 2842 5780 idem
2869 5729 3274 5796 argumentum
3298 5718 3563 5775 evolvunt
3585 5717 3688 5772 Pe-

4001 421 4022 538 Α
